4034 6180
166 317 254 369 941

1280 317 1534 374 GLOSSA
1573 316 1974 374 0RDINARIA.
2014 348 2083 358 ——
2125 317 2254 374 LIB.
2300 319 2537 375 PSALM.

3561 329 3665 382 942

223 438 380 491 Vens.
438 438 490 491 4.
546 467 615 476 ——
673 438 998 506 Epulentur.
1048 436 1244 506 (Cess.,
1295 439 1452 505 Anc.)
1502 440 1566 492 In
1615 438 1854 507 deliciis,
1885 441 1930 493 Α
1969 439 2230 509 credunt,
2258 440 2516 494 habitant
2547 441 2605 494 in
2659 442 3008 506 haereditate,
3046 443 3103 497 id
3149 449 3253 509 est,
3301 444 3360 499 in
3393 446 3659 503 Ecclesia.

155 542 273 596 qua
302 531 433 580 sunt
459 526 519 580 in
547 530 854 596 conspectu
881 526 996 579 Dei.
1035 529 1103 580 Et
1130 527 1475 593 delectentur,
1532 529 1636 581 hoc
1669 531 1856 598 potest

158 632 242 667 eos
274 615 579 682 delectare,
641 616 792 685 quod
823 615 934 668 laeti
987 620 1121 668 sunt
1159 615 1258 685 qui
1312 632 1429 668 non
1485 620 1569 669 est
1599 615 1852 669 ﬁnienda

158 720 356 756 eorum
387 703 605 757 latitia.

221 794 405 847 Vens.
442 795 492 845 5.
550 822 618 831 -
678 793 914 845 Cantate
963 795 1081 846 Deo.
1119 792 1303 862 (Acen)
1334 793 1623 846 Convertit
1675 810 1732 846 se
1780 792 1850 845 ad

153 897 261 944 eos,
300 881 510 951 quibus
559 886 778 933 tantam
805 896 965 950 spem
1006 881 1159 935 dedit
1216 887 1270 934 et
1301 883 1576 935 hortatur.
1622 883 1730 946 Qui
1762 896 1849 935 as-

150 969 345 1022 cendit.
381 970 502 1022 Non
526 969 678 1021 enim
721 969 966 1038 excipiet
1016 986 1161 1022 nova
1197 970 1328 1035 vita,
1385 969 1494 1022 nisi
1517 974 1678 1022 vetus
1711 969 1853 1022 occi-

150 1057 336 1124 derit;
371 1058 478 1122 vel,
526 1059 878 1127 resurgendo
933 1074 1126 1111 casum
1165 1059 1419 1127 corporis
1475 1058 1627 1111 vicit.
1681 1059 1852 1128 Super

149 1160 411 1199 occasum.
487 1145 656 1213 (Cas)
710 1147 950 1200 Occasus
1021 1147 1221 1200 mortis
1283 1146 1436 1199 cadit
1489 1146 1595 1212 illi,
1681 1163 1852 1216 super

150 1251 323 1304 quem
357 1235 437 1287 sol
463 1233 702 1304 justitia
732 1234 933 1287 oritur.
970 1235 1036 1287 Et
1068 1249 1138 1288 ne
1193 1234 1416 1288 dubites
1443 1235 1568 1304 quis
1624 1234 1728 1286 iste
1756 1234 1848 1300 sit,

145 1323 279 1393 quia
326 1325 575 1377 Dominus
634 1339 822 1376 nomen
850 1322 936 1375 illi
992 1322 1315 1383 essentiale,
1371 1339 1544 1392 quem
1575 1323 1757 1376 Judai
1787 1327 1852 1376 ut

148 1428 518 1465 communem
550 1411 843 1466 hominem
876 1410 1226 1465 occiderunt.
1265 1413 1326 1464 In
1361 1416 1659 1480 conspectu.
1701 1412 1849 1466 Con-

148 1499 420 1553 sideratio
452 1498 678 1569 pramii
709 1499 888 1552 futuri
917 1515 1203 1552 aerumnas
1231 1499 1474 1568 mitigat.

217 1588 381 1640 Vens.
435 1589 487 1640 6.
525 1618 594 1626 --
633 1588 1030 1656 Orphanorum.
1080 1587 1265 1657 (Aea)
1321 1587 1536 1650 Quibus
1587 1590 1849 1640 mortuus

145 1679 228 1726 est
288 1677 471 1744 pater,
534 1675 778 1728 mundus
823 1681 878 1728 et
909 1675 1190 1740 diabolus,
1252 1679 1305 1728 et
1365 1679 1547 1728 mater
1577 1675 1847 1745 concupi-

146 1763 388 1816 scentia.
458 1763 664 1828 Vidua,
721 1763 928 1833 quibus
981 1780 1141 1817 error
1197 1763 1432 1816 maritus
1481 1764 1753 1828 moritur;
1791 1763 1849 1816 in

144 1851 364 1921 quibus
396 1852 613 1905 habitat
642 1854 810 1918 Deus,
846 1869 990 1922 quos
1020 1853 1253 1922 colligit,
1303 1869 1444 1922 quos
1493 1852 1686 1917 trahit,
1721 1852 1857 1922 quia

149 1941 218 1993 de
243 1940 436 1994 viduis
468 1947 524 1994 et
545 1941 816 2011 orphanis
846 1941 980 1994 facit
1027 1939 1134 1994 sibi
1162 1943 1462 2011 templum,
1496 1941 1555 1993 in
1599 1957 1710 2010 quo
1750 1944 1850 1994 est.

221 2029 381 2082 Vens.
435 2034 487 2082 7.
538 2058 606 2068 —
651 2032 787 2082 Deus
837 2034 933 2098 qui
988 2030 1314 2081 inhabitare.
1364 2027 1581 2098 (Hiem)
1643 2029 1706 2080 In
1749 2029 1851 2080 He-

150 2116 311 2170 brao
344 2117 618 2170 habetur:
669 2119 926 2170 Dominus
977 2122 1156 2170 autem
1201 2117 1508 2170 inhabitare
1549 2117 1693 2181 facit
1743 2131 1852 2169 mo-

143 2207 355 2260 nachos
376 2209 435 2258 in
461 2206 634 2273 domo,
678 2206 736 2258 in
767 2205 973 2276 quibus
1024 2222 1142 2258 non
1194 2206 1483 2259 cohabitat
1529 2209 1847 2274 peccatum.

143 2295 323 2347 Unius
354 2292 540 2346 moris.
584 2293 769 2362 (Αυσ.)
807 2294 1127 2358 Unanimes,
1155 2309 1333 2346 unum
1358 2293 1686 2353 sentientes,
1719 2297 1848 2357 etc.,

139 2396 323 2451 usque
370 2382 446 2434 ad
521 2397 634 2434 non
711 2380 951 2449 meritis,
1028 2381 1180 2434 unde
1229 2381 1467 2434 subdit:
1515 2381 1619 2446 Qui
1672 2381 1851 2434 educit

135 2470 375 2524 vinctos.
438 2471 644 2524 Educit
715 2473 940 2524 vinctos.
1003 2470 1172 2538 (ΕΑΒ.)
1242 2471 1316 2522 De
1376 2469 1602 2522 inferno
1673 2469 1850 2538 ligato

140 2560 401 2613 diabolo.
436 2560 546 2624 Qui
593 2564 938 2628 exasperant.
993 2559 1354 2629 Blasphemos
1399 2558 1457 2610 in
1491 2559 1696 2611 Deum.
1753 2557 1847 2610 Vel

136 2648 551 2718 persequendo
582 2647 641 2701 in
671 2648 946 2717 sepulcris
977 2648 1033 2698 in
1048 2647 1368 2700 carnalibus
1399 2646 1586 2699 fetidis
1618 2645 1846 2714 sepulti,

143 2742 218 2789 ut
269 2753 368 2790 nec
421 2738 598 2790 velint
655 2753 759 2791 nec
817 2736 1038 2805 possint
1092 2736 1404 2789 ambulare.
1467 2737 1838 2803 Emaspeiant.

146 2825 338 2894 (Aea)
366 2824 982 2894 Resistendojustitia,
1033 2839 1162 2876 cum
1212 2823 1446 2876 omnino
1479 2824 1592 2876 sint
1638 2822 1849 2876 mortui

141 2911 207 2964 in
242 2913 513 2981 operibus
545 2912 785 2965 mortuis
817 2927 831 2978 ;
867 2911 1038 2964 vincti
1086 2927 1218 2964 vero
1283 2912 1482 2964 volunt
1549 2910 1845 2963 ambulare

1963 528 2098 591 Qua
2130 533 2264 581 sunt
2293 530 2563 584 animalia
2598 531 2852 599 exponit.
2911 534 3130 585 Parasti
3167 550 3179 587 :
3223 535 3660 603 pradestinatos

1964 617 2122 682 dicit,
2163 618 2298 687 quia
2329 618 2396 671 ab
2447 618 2669 687 origine
2717 620 2920 672 mundi
2979 623 3286 692 praeparati
3313 628 3446 676 sunt
3477 626 3662 690 (Ana)

1964 706 2079 772 Vel,
2167 721 2316 759 mons
2373 723 2407 760 a
2460 707 2599 772 facie
2686 710 2782 760 Dei
2855 710 3045 775 Israel,
3126 709 3366 763 subaudi
3424 712 3665 766 distilla-

1963 793 2060 857 vit,
2118 799 2246 858 etc.,
2306 811 2475 862 usque
2524 795 2598 848 ad
2661 795 2720 848 in
2772 812 2884 866 quo
2940 798 3424 866 superabundavit
3481 801 3665 870 gratia

1963 880 2131 944 (ΕΑΒ.)
2190 882 2318 934 Hac
2366 881 2621 950 mystice,
2683 883 2778 935 sed
2847 884 3156 936 secundum
3215 884 3478 954 figuram,
3519 891 3661 960 etc.,

1961 983 2128 1037 usque
2157 969 2232 1021 ad
2261 969 2434 1023 mittit
2467 986 2602 1040 ergo
2663 971 2732 1023 ad
2783 973 3135 1041 mysterium.
3189 976 3374 1038 (Αυδ.)
3415 974 3660 1037 Quidam

1962 1056 2092 1110 libri
2123 1074 2240 1110 non
2272 1059 2483 1111 habent
2514 1074 2680 1122 mons,
2712 1060 2806 1112 sed
2847 1076 2881 1112 a
2908 1063 3052 1126 facie
3107 1063 3202 1114 Dei
3255 1062 3393 1114 Sina
3443 1064 3611 1117 Israel
3649 1084 3663 1130 ;

1961 1145 2016 1198 id
2045 1150 2147 1211 est,
2193 1147 2291 1216 qui
2324 1147 2506 1216 legem
2551 1148 2706 1201 dedit
2749 1150 2961 1218 populo
3016 1150 3187 1203 Israel
3221 1166 3232 1202 :
3280 1149 3416 1220 quia
3446 1151 3545 1221 qui
3575 1152 3664 1205 le-

1960 1249 2088 1302 gem
2113 1234 2269 1287 dedit
2297 1251 2400 1304 per
2433 1236 2678 1304 Moysen,
2731 1251 2843 1306 qua
2896 1242 3159 1302 terreret,
3211 1237 3367 1291 dedit
3398 1243 3454 1290 et
3483 1238 3660 1294 bene-

1961 1321 2270 1375 dictionem
2326 1339 2427 1392 per
2465 1325 2781 1393 Apostolos,
2833 1341 2945 1394 qua
2989 1325 3212 1378 liberet.
3251 1328 3317 1379 In
3348 1327 3654 1382 dulcedine.

1961 1411 2131 1476 (Cas)
2201 1412 2435 1464 Dulcedo
2493 1417 2595 1477 est,
2657 1428 2770 1482 qua
2817 1413 3033 1467 bonum
3117 1414 3200 1480 ﬁt,
3265 1431 3378 1468 non
3452 1416 3660 1472 timore

1960 1513 2168 1568 pana,
2193 1498 2289 1551 sed
2321 1498 2971 1568 delectationejustitia.

2032 1586 2227 1641 Vens.
2301 1590 2381 1640 12.
2433 1616 2506 1627 —
2579 1591 2834 1642 Dominus
2885 1590 3041 1643 dabit
3115 1591 3355 1645 verbum.
3411 1592 3660 1648 Virtutes

1961 1675 2169 1727 multas
2197 1675 2716 1745 evangelizantibus
2747 1677 3003 1730 verbum.

2040 1764 2193 1816 Vens.
2231 1766 2314 1818 13.
2350 1794 2418 1804 —
2463 1766 2587 1818 Rea:
2636 1768 2917 1820 virtutum.
2982 1769 3192 1834 (linem)
3227 1769 3655 1838 Apostolorum,

1965 1852 2050 1904 vel
2086 1851 2296 1905 dilecti.
2331 1854 2500 1919 (CAS.)
2541 1855 2708 1908 Pater
2758 1861 2842 1908 est
2898 1872 2995 1909 rex
3044 1858 3396 1926 angelorum,
3453 1859 3659 1928 quibus

1963 1939 2212 2009 imperat
2231 1945 2286 1994 et
2317 1941 2438 2010 ipse
2466 1941 2726 1995 dilectus.
2764 1946 2948 2010 (Αυσ.)
3001 1947 3114 1998 Rea:
3158 1946 3423 1999 virtutum
3453 1947 3655 2001 dilecti.

1964 2027 2110 2092 Filii,
2133 2029 2188 2082 id
2217 2033 2318 2092 est,
2353 2033 2515 2098 pater
2553 2031 2638 2082 vel
2684 2047 2844 2084 more
2896 2033 3104 2085 veteris
3134 2033 3441 2104 Scriptura
3496 2036 3661 2089 Chri-

1961 2120 2079 2169 stus
2107 2132 2205 2169 νεα)
2224 2116 2490 2170 virtutum
2527 2138 2541 2183 ;
2605 2118 2834 2184 Christi,
2876 2119 2934 2172 id
2967 2125 3069 2184 est,
3126 2137 3380 2188 suarum,
3419 2127 3479 2176 ut
3526 2124 3661 2178 fecit

1963 2205 2194 2274 Moyses,
2245 2204 2390 2258 sicut
2445 2206 2713 2275 pracepit
2773 2207 3047 2260 Dominus
3071 2208 3265 2278 Moysi.
3303 2211 3495 2264 Dilecti
3521 2212 3659 2266 dile-

1958 2296 2049 2347 cti.
2087 2294 2262 2361 (ὼε.)
2297 2294 2576 2362 Repetitio
2608 2295 2790 2347 dilecti
2823 2295 2889 2348 ad
2917 2297 3474 2351 commendationem
3511 2315 3523 2364 ;
3559 2300 3655 2353 sed

1958 2397 2077 2433 non
2103 2386 2188 2435 est
2217 2381 2336 2435 hac
2365 2382 2634 2452 repetitio
2677 2383 2736 2434 in
2768 2383 3036 2436 omnibus
3061 2383 3241 2444 libris.
3292 2386 3390 2438 sed
3438 2386 3553 2440 sive
3586 2387 3660 2441 sit

1960 2469 2074 2523 sive
2105 2486 2240 2537 non,
2270 2470 2361 2523 hic
2415 2475 2500 2524 est
2554 2487 2767 2524 sensus.
2826 2471 3009 2524 dilecti
3045 2487 3160 2524 non
3207 2474 3391 2526 solum
3424 2474 3493 2528 ad
3523 2475 3656 2542 alia,

1958 2558 2054 2611 sed
2087 2559 2255 2612 etiam
2281 2559 2352 2612 ad
2385 2558 2689 2612 dividenda
2738 2559 2937 2639 spplia,
2980 2576 3107 2629 qua
3170 2560 3494 2628 dividendo,
3520 2579 3656 2632 spe-

1957 2646 2168 2699 ciosam
2194 2646 2327 2700 fecit
2351 2647 2669 2699 Ecclesiam.

2028 2735 2187 2787 Vens.
2253 2735 2334 2788 14.
2387 2765 2451 2772 -
2508 2736 2569 2790 Si
2607 2734 2912 2789 dormiatis.
2956 2737 3138 2802 (Ana)
3200 2738 3453 2791 Dormire
3513 2740 3654 2792 inter

1956 2822 2156 2876 medios
2187 2824 2350 2876 cleros
2373 2827 2455 2875 est
2480 2823 2536 2875 in
2587 2823 2922 2878 auctoritate
2972 2824 3221 2878 duorum
3252 2826 3653 2880 Testamento-

1957 2926 2085 2963 rum
2118 2911 2473 2981 requiescere
2519 2915 2573 2963 et
2603 2911 2834 2979 paciﬁce
2884 2912 3258 2982 acquiescere.
3319 2916 3512 2967 Pennae
3565 2929 3652 2968 co-

139 3017 256 3054 nec
279 3005 550 3070 possunt;
575 3001 635 3054 hi
684 3002 981 3055 solvuntur
1031 3016 1133 3070 per
1179 3000 1442 3070 gratiam,
1498 2998 1580 3052 illi
1620 2999 1850 3051 resusci-
1881 3005 1921 3059 C
1959 2999 2148 3054 lumbae
2180 3001 2562 3064 deargentata,
2601 2999 3004 3068 praedicatores
3064 3016 3311 3071 quorum
3373 3001 3653 3070 pradica-

135 3095 367 3143 tantur.

218 3178 388 3231 Vens.
424 3179 474 3232 8.
508 3205 580 3217 —
637 3179 796 3242 Deus,
829 3192 947 3230 cum
979 3174 1324 3244 egredereris.
1386 3174 1552 3243 (CAS.)
1586 3174 1848 3244 Diapsal-

133 3282 282 3320 mus
315 3266 384 3318 de
410 3265 582 3318 verbo
633 3265 922 3335 Evangelii
963 3280 1066 3334 per
1104 3280 1395 3334 egressum
1451 3263 1675 3317 Christi.
1710 3267 1848 3317 Deus

133 3371 272 3409 cum
292 3353 828 3423 egredereris.|Vere
886 3353 1096 3418 educis,
1150 3354 1286 3423 quia
1338 3351 1739 3423 praﬁguratus
1768 3355 1851 3405 est

136 3459 418 3514 egressus
448 3443 572 3512 ejus
617 3456 802 3496 coram
855 3442 1046 3506 Israel,
1083 3441 1219 3494 dum
1271 3441 1332 3493 in
1385 3441 1652 3493 columna
1682 3440 1851 3494 nubis

141 3536 208 3584 et
269 3531 421 3600 ignis
477 3529 744 3598 apparuit
790 3529 849 3582 in
905 3530 1150 3597 deserto,
1218 3534 1274 3582 et
1349 3543 1558 3582 manna
1605 3528 1847 3582 satiavit.

141 3620 344 3689 (AUG.)
399 3622 654 3685 Egressus
684 3619 820 3672 dum
864 3618 1128 3688 apparuit
1156 3616 1487 3671 hominibus
1517 3632 1620 3686 per
1648 3618 1851 3670 huma-

141 3708 419 3773 nitatem,
478 3709 566 3761 vel
616 3709 751 3761 dum
781 3707 989 3778 [educit
1044 3709 1273 3772 vinctos,
1324 3706 1380 3759 id
1437 3711 1538 3772 est,
1597 3706 1846 3760 suscitat.

135 3799 411 3852 Transiit
434 3799 491 3850 in
549 3798 836 3857 desertum,
893 3813 1020 3850 cum
1053 3797 1124 3850 ad
1170 3801 1368 3866 gentes
1417 3794 1589 3848 venit.
1626 3794 1851 3863 (ΒΑειι..)

133 3886 528 3953 Egredereris.
561 3885 728 3949 Quasi
760 3886 910 3938 dicat
937 3902 950 3938 :
987 3901 1117 3938 cum
1138 3884 1484 3938 transiturus
1540 3899 1689 3935 esses
1727 3882 1856 3935 soli-

135 3977 421 4029 tudinem
446 3974 623 4042 illam,
661 3991 788 4044 qua
821 3974 1075 4028 nondum
1107 3973 1249 4027 lucis
1298 3971 1659 4042 splendorem
1692 3987 1854 4024 acce-

129 4068 343 4136 perat,
397 4068 607 4117 terram
669 4063 902 4133 quidem
962 4061 1293 4116 concussisti
1350 4077 1414 4114 ac
1469 4059 1856 4114 commovistis

126 4153 384 4208 caelitus
413 4167 547 4206 vero
580 4152 779 4221 gratia
810 4157 924 4206 tua
951 4156 1140 4221 guttas
1166 4150 1470 4204 distillasti.

219 4244 398 4295 Vens.
429 4244 478 4294 9.
511 4272 578 4280 —
613 4241 780 4294 Terra
835 4244 978 4294 mola
1007 4244 1103 4294 est.
1153 4239 1296 4303 Quia
1344 4243 1477 4292 tunc
1523 4237 1737 4291 terreni
1768 4237 1856 4289 vi-

129 4330 352 4387 dendo
383 4333 538 4383 tanta
568 4329 853 4382 mirabilia
911 4328 1052 4382 moti
1095 4332 1245 4381 sunt.
1281 4328 1408 4383 Cwli
1461 4327 1862 4380 distillaverunt

129 4437 174 4474 α
211 4420 374 4486 facie
397 4418 503 4470 Dei
539 4419 795 4482 :Manna,
832 4418 969 4471 dum
1002 4417 1061 4469 in
1092 4414 1628 4480 modumstillicidii,
1651 4430 1864 4467 manna

130 4505 464 4563 descendit
493 4522 523 4558 a
551 4506 693 4560 facie
717 4506 837 4575 Dei,
873 4507 1034 4576 cujus
1063 4504 1370 4575 praesentia
1390 4519 1492 4573 per
1538 4502 1865 4557 columnam

130 4594 528 4651 noscebatur.
578 4594 764 4662 (Αυο.)
824 4596 980 4649 Mons
1025 4593 1161 4648 Sina
1191 4609 1223 4645 a
1261 4593 1401 4646 facie
1448 4591 1544 4645 Dei
1603 4590 1862 4657 fumavit,

129 4684 510 4755 (secundum
542 4682 713 4736 aliam
745 4682 1013 4752 litteram)
1055 4683 1287 4752 quando
1329 4682 1540 4751 Moyses
1570 4679 1649 4733 ibi
1680 4681 1865 4750 legem

128 4774 415 4844 accepit.

229 4865 404 4916 Vens.
441 4864 524 4916 10.
560 4893 627 4901 -
658 4863 916 4916 Pluviam.
972 4862 1087 4914 Hoc
1142 4865 1227 4914 est
1265 4859 1414 4930 quod
1471 4859 1599 4913 cali
1631 4858 1867 4913 distilla-

120 4957 375 5010 verunt
405 4967 636 5016 manna,
693 4952 1061 5005 voluntariam
1114 4966 1241 5019 qua
1276 4947 1624 5003 satisfaceret
1660 4947 1870 5000 volun-

121 5042 273 5100 tati
323 5041 475 5094 illius
511 5039 694 5109 gentis
752 5040 912 5093 avide
964 5037 1319 5092 comedendi.
1385 5037 1708 5104 Segregabis
1734 5039 1869 5088 Deus

121 5129 484 5188 haereditati
516 5133 633 5182 tua.
678 5126 821 5190 Quia
877 5143 991 5180 non
1025 5126 1149 5179 aliis
1203 5124 1469 5194 gentibus
1501 5123 1674 5189 dedit,
1716 5123 1868 5192 quod

118 5227 306 5276 tunc
337 5216 568 5270 Judais.
631 5215 941 5285 Inﬁrmata,
985 5217 1089 5267 etc.
1147 5213 1230 5267 Ad
1261 5217 1507 5282 tempus,
1542 5212 1678 5265 dum
1711 5210 1870 5265 Chri-

118 5313 258 5365 sto
290 5321 416 5359 non
454 5303 711 5357 credidit.
765 5304 936 5374 (Cas)
995 5304 1245 5368 Perfecit.
1302 5303 1450 5356 Deus
1479 5299 1873 5354 hareditatem

120 5411 364 5458 suam,
394 5394 532 5446 dum
564 5396 761 5462 gentes
790 5392 851 5446 in
885 5393 1347 5462 supplementum
1378 5389 1625 5444 admisit.
1675 5387 1878 5442 Subdit

125 5484 333 5543 unde
365 5481 623 5552 perfecit.

245 5574 416 5627 Vens.
473 5573 557 5625 11.
610 5597 680 5610 -—
721 5570 1021 5625 Animalia.
1078 5568 1142 5623 Id
1180 5570 1284 5636 est,
1326 5569 1523 5638 gentes
1569 5569 1707 5636 tua,
1738 5565 1878 5621 dum

1960 3089 2114 3143 tione
2160 3088 2220 3141 in
2279 3089 2483 3141 coelum
2543 3087 2722 3140 fertur
2779 3088 2961 3157 gloria
3017 3089 3301 3144 Ecclesia.
3359 3090 3645 3145 Columba.

1961 3180 2144 3244 (Ana,
2177 3179 2322 3242 (ΖΑΒ.)
2354 3177 2629 3230 Columba
2681 3177 2947 3246 Ecclesia,
2998 3183 3126 3244 etc.,
3178 3193 3346 3246 usque
3397 3179 3470 3232 ad
3499 3195 3649 3248 pra-

1962 3266 2242 3321 dicatione
2280 3267 2339 3319 in
2371 3266 2576 3319 calum
2599 3265 2798 3320 fertur.
2834 3269 2902 3320 Et
2947 3270 3258 3334 posteriora
3323 3270 3512 3334 (Ave)
3546 3266 3651 3321 Ubi

1959 3356 2176 3409 radices
2207 3355 2426 3408 alarum
2447 3359 2574 3416 etc.,
2597 3370 2767 3422 usque
2797 3354 2871 3407 ad
2900 3355 3062 3422 vigor
3091 3355 3389 3424 sapientia
3411 3358 3495 3408 est
3523 3355 3652 3408 cha-

1960 3443 2118 3496 ritas.
2162 3445 2305 3497 Inter
2334 3442 2536 3495 medios
2574 3442 2756 3495 cleros.
2781 3441 2969 3510 (Αυρ.)
3000 3441 3214 3495 Latina
3263 3441 3474 3512 lingua
3507 3446 3656 3496 esset

1961 3533 2110 3586 inter
2130 3532 2325 3594 cleros,
2360 3534 2489 3597 etc.,
2522 3546 2690 3599 usque
2708 3529 2781 3583 ad
2826 3530 2982 3584 vobis
3013 3534 3184 3584 erunt
3228 3546 3430 3601 penna
3457 3530 3647 3584 iambi-

1963 3637 2138 3691 gnum
2171 3625 2276 3675 est.

2036 3708 2197 3761 Vens.
2236 3710 2318 3760 15.
2351 3735 2423 3746 —
2464 3705 2633 3776 (Cas.)
2691 3705 3070 3774 Diapsalmus,
3122 3706 3251 3759 dum
3277 3706 3557 3774 discernit,
3587 3707 3655 3762 de

1965 3795 2366 3849 donationibus
2421 3793 2624 3848 Christi
2676 3794 3048 3855 ascendentis,
3080 3794 3181 3864 qui
3238 3795 3388 3848 solus
3443 3801 3655 3864 potest,

1966 3887 2020 3936 et
2047 3898 2161 3935 non
2193 3883 2354 3934 alius.
2389 3882 2572 3950 (Aea)
2609 3881 2751 3934 Dum
2789 3882 2970 3949 gratia
3001 3881 3245 3950 Spiritus
3279 3883 3457 3936 sancti
3496 3899 3658 3952 reges

1965 3971 2384 4034 discernuntur,
2441 3974 2569 4037 etc.,
2627 3984 2794 4037 usque
2845 3970 2921 4023 ad
2975 3970 3118 4023 etin
3173 3986 3305 4024 eum
3363 3971 3658 4026 credentes

1966 4062 2365 4131 proteguntur.

2037 4149 2203 4201 Vens.
2247 4150 2328 4202 17.
2360 4176 2428 4186 —
2457 4147 2607 4201 Mons
2663 4147 2758 4199 Dei
2812 4160 2960 4200 mons
3003 4147 3248 4215 pinguis.
3291 4147 3430 4217 (Ana
3461 4187 3475 4214 ,
3513 4147 3659 4218 Cas.)

1975 4234 2540 4291 Commendationem
2605 4234 2815 4288 montis
2882 4235 3095 4298 subdit,
3159 4241 3287 4300 etc.,
3365 4251 3533 4304 usque
3589 4236 3665 4290 ad

1976 4327 2073 4380 Hic
2103 4326 2256 4379 enim
2289 4330 2370 4379 est
2400 4341 2565 4378 mons
2586 4325 2685 4393 qui
2717 4323 2776 4376 in
2825 4324 3112 4378 Ezechiele
3169 4325 3432 4378 vulnerat
3465 4324 3665 4394 princi-

1973 4432 2102 4487 pem
2125 4414 2257 4484 Tyri
2326 4415 2725 4482 Beneplacitum
2755 4417 2830 4466 est
2871 4415 2993 4478 Deo,
3052 4417 3162 4467 etc.
3207 4412 3400 4482 (AUG.)
3452 4415 3666 4468 Etenim

1976 4505 2241 4557 Dominus
2295 4502 2563 4556 habitabit
2587 4517 2704 4554 eum
2751 4502 2810 4553 in
2834 4503 3010 4567 ﬁnem,
3045 4499 3100 4554 id
3125 4505 3211 4553 est
3239 4517 3418 4571 usque
3457 4502 3523 4554 al
3557 4507 3669 4554 ter-

1975 4592 2195 4645 minum
2228 4591 2539 4660 majestatis
2562 4606 2698 4655 sua,
2745 4588 2843 4659 qui
2876 4594 2960 4640 est
2989 4588 3118 4641 ﬁnis
3150 4587 3270 4642 sine
3298 4590 3430 4655 fine,
3461 4593 3515 4642 et
3544 4589 3666 4658 ple-

1976 4679 2177 4733 nitudo
2209 4679 2486 4732 omnium.
2549 4680 2760 4755 Etenim
2818 4678 3072 4730 Dominus
3132 4678 3419 4732 habitavit.
3471 4679 3669 4731 Nullus

1978 4773 2042 4822 ut
2068 4768 2191 4832 iste,
2225 4767 2355 4838 quia
2386 4767 2491 4820 iste
2535 4783 2724 4834 mons,
2783 4764 2994 4818 scilicet
3034 4765 3330 4829 Dominus,
3387 4765 3672 4819 habitabit

1978 4858 2104 4911 illos
2137 4863 2362 4910 montes
2411 4871 2708 4926 usquequo
2770 4855 2938 4908 ducat
2971 4857 3027 4906 in
3078 4856 3259 4921 ﬁnem,
3295 4855 3350 4907 id
3385 4859 3487 4920 est,
3521 4854 3578 4907 in
3611 4871 3670 4909 se

1983 4949 2160 5000 Deum
2210 4943 2734 5014 contemplandum.
2815 4942 2928 4997 Alii
2983 4947 3173 4995 autem
3233 4947 3459 4996 montes
3539 4947 3673 4996 sunt

1980 5050 2179 5088 currus
2199 5049 2303 5103 per
2341 5048 2484 5101 quos
2541 5031 2767 5083 vehitur
2827 5031 2972 5082 Deus
3022 5029 3080 5083 in
3128 5030 3456 5084 universum
3505 5047 3672 5084 mun-

1983 5124 2140 5178 dum.
2205 5123 2426 5184 Currus,
2515 5119 2650 5188 quia
2713 5117 3016 5170 unanimes
3075 5117 3323 5187 copulati
3377 5119 3673 5185 charitate,

1983 5228 2127 5282 quos
2186 5211 2253 5262 ad
2331 5207 2711 5261 ministerium
2769 5206 3078 5258 voluntatis
3148 5223 3263 5259 sua
3350 5206 3678 5261 moderatur

1986 5301 2151 5364 Deus,
2184 5298 2359 5351 decem
2389 5295 2647 5361 millibus,
2675 5294 2992 5347 innumeris
3044 5293 3300 5365 populis;
3368 5295 3677 5350 multitudo

1985 5391 2334 5441 sanctorum.

2057 5477 2118 5528 In
2146 5473 2324 5543 finem.
2350 5471 2494 5535 Quia
2549 5470 2931 5540 personaliter
2981 5470 3173 5524 unitus
3219 5474 3303 5524 est
3345 5471 3417 5536 ei,
3470 5470 3529 5524 in
3563 5487 3681 5542 quo

1986 5560 2263 5618 habitavit
2317 5562 2488 5616 omnis
2533 5559 2816 5630 plenitudo
2869 5559 3174 5614 divinitatis
3227 5560 3602 5627 corporaliter.
