4082 6184
398 333 503 386 943

1018 332 1412 386 WALAFRIDI
1451 331 1696 386 STRABI
1739 329 1943 386 FULD.
1987 306 2149 384 ΜὈΝ.
2192 329 2340 386 OPP.
2383 329 2557 384 PARS
2594 329 2636 383 1.
2677 357 2746 368 --
2784 327 3239 384 THEOLOGICA.
3790 330 3879 383 944

471 455 631 507 Vens.
665 456 746 508 18.
776 485 844 492 -
873 454 1052 508 Miltia
1099 451 1426 507 laetantium.
1461 453 1620 523 (Anc.
1657 453 1804 520 Cas.)
1828 454 2087 522 Magnam
2118 455 2164 507 A
2200 467 2303 505 nes
2377 468 2527 522 aqua.
2610 451 2947 518 lamberent,
3021 454 3304 504 trecentos
3381 455 3603 504 tantum
3672 455 3728 504 et
3778 466 3879 504 non

399 542 829 595 multitudinem
883 540 1167 611 signiﬁcat
1207 547 1555 603 sanctorum,
1620 547 1750 605 etc.,
1792 557 1961 609 usque
2019 541 2094 594 ad

400 635 455 685 et
483 631 610 683 ideo
656 631 945 682 laetantur.
993 631 1132 685 Sina
1160 632 1217 682 in
1261 635 1464 683 sancto.
1515 630 1688 699 (Cas)
1721 631 1814 683 Est
1842 645 2004 682 mons
2032 629 2092 682 in

398 735 513 790 quo
547 718 679 772 data
710 723 794 772 est
823 719 929 772 lex.
985 719 1197 772 Dicitur
1249 719 1584 771 mandatum
1631 719 1690 771 in
1730 734 1842 788 quo
1872 717 2093 788 requie-

399 808 501 860 scit
529 807 824 872 Dominus,
862 807 997 876 quia
1020 807 1078 859 in
1109 808 1318 860 sanctis
1347 807 1629 860 mandatis
1678 807 1800 876 ejus
1839 823 2092 877 praesen-

399 897 477 949 tia
517 897 659 949 solet
707 895 988 948 contueri.
1050 898 1110 949 In
1164 898 1314 951 Sina.
1364 895 1655 966 (H1enou.)
1709 895 1803 948 Vel
1854 897 1909 947 in
1958 894 2092 948 Sina

399 988 614 1049 sancto,
644 984 698 1037 id
734 989 837 1050 est,
871 985 971 1053 qui
998 984 1054 1036 in
1115 983 1246 1037 Sina
1280 991 1469 1036 monte
1520 984 1658 1036 olim
1697 983 1854 1036 dedit
1882 984 2085 1053 legem,

397 1075 520 1143 ipse
550 1073 703 1126 idem
748 1078 832 1125 est
887 1073 946 1125 in
1008 1077 1226 1139 sancto,
1278 1073 1336 1125 id
1387 1077 1490 1138 est,
1555 1072 1800 1137 Christo,
1860 1071 1960 1142 qui
2007 1075 2092 1124 est

397 1160 633 1215 Sanctus
663 1165 1010 1214 sanctorum.

472 1252 627 1302 Vens.
684 1253 766 1303 19.
820 1281 887 1288 -
931 1248 1258 1303 Ascendisti.
1325 1248 1508 1314 (AUG.)
1561 1248 1667 1312 Qui
1725 1253 1956 1319 propter
1985 1265 2092 1302 nos

398 1338 744 1392 erudiendos
792 1337 1103 1391 descendit.
1159 1339 1227 1390 In
1275 1339 1465 1391 altum.
1519 1337 1703 1406 Super
1745 1353 1945 1390 omnes
1977 1354 2089 1392 coe-

399 1428 502 1481 los.
563 1426 773 1494 Cepisti
831 1427 1224 1494 captivitatem.
1279 1424 1629 1494 (CAS.)Pl‘lUS
1683 1426 1836 1495 apud
1878 1425 2091 1479 inferos

397 1521 630 1584 captos:
675 1515 792 1568 haec
845 1519 975 1566 sunt
1028 1515 1230 1583 Spolia,
1282 1514 1596 1567 similitudo
1645 1515 1957 1583 triumphi;
1998 1531 2089 1568 ac-

399 1606 590 1672 cepisti
633 1603 773 1656 dona
814 1605 870 1655 in
909 1603 1211 1654 hominibus
1239 1620 1270 1654 a
1319 1607 1496 1671 patre,
1529 1602 1587 1655 id
1638 1607 1742 1664 est,
1787 1603 2075 1656 homines.

400 1693 495 1745 Vel
547 1691 767 1755 dedisti,
826 1691 1138 1743 secundum
1174 1691 1326 1760 quod
1377 1692 1539 1754 Deus,
1575 1691 1718 1745 dona
1762 1692 2085 1757 hominibus,

399 1781 554 1850 quod
586 1780 756 1833 etiam
784 1779 932 1832 litin
963 1779 1288 1848 triumphis.

470 1871 672 1936 Cepisti
719 1869 1106 1935 captivitatem.
1160 1865 1346 1935 (Αυρ.)
1405 1867 1561 1920 Unde
1638 1867 1844 1936 captivi
1894 1867 2090 1922 dicun-

396 1962 510 2022 tur,
551 1956 686 2027 quia
743 1955 894 2024 capti
960 1955 1174 2007 retibus
1228 1955 1398 2019 Petri,
1451 1960 1508 2008 et
1561 1955 1665 2009 sub
1718 1957 1836 2009 leve
1880 1957 2088 2026 jugum

396 2046 584 2099 missi:
635 2045 786 2098 unde
841 2044 900 2096 in
959 2045 1064 2096 hoc
1095 2059 1264 2097 curru
1313 2055 1447 2096 sunt
1501 2043 1684 2097 millia
1727 2046 2086 2110 laetantium;

397 2151 512 2188 non
535 2133 907 2203 plorantium.

493 2223 784 2289 Accepisti.
854 2221 1061 2273 Paulus
1127 2220 1434 2288 apostolica
1509 2221 1864 2288 auctoritate,
1951 2227 2088 2290 etc.,

395 2326 563 2378 usque
590 2311 662 2362 ad
695 2325 706 2362 :
742 2308 893 2375 Quod
921 2311 1017 2361 uni
1045 2324 1112 2361 ea:
1145 2311 1389 2361 minimis
1417 2311 1648 2375 fecistis,
1679 2310 1817 2362 mihi
1858 2312 2085 2375 fecistis.

467 2400 628 2452 Vens.
661 2400 756 2452 20.
796 2426 863 2436 -
903 2396 1155 2461 Quotidie
1203 2395 1394 2465 (lbid.)
1425 2395 1569 2458 Quia
1609 2395 1862 2466 quotidie
1911 2396 2088 2466 capti-

393 2490 486 2540 vat
513 2485 764 2556 captivos
803 2501 984 2554 usque
1023 2484 1082 2536 iu
1114 2483 1289 2536 ﬁnem
1339 2485 1551 2536 saeculi.
1586 2484 1653 2536 Et
1699 2484 1835 2554 quia
1857 2500 2089 2537 currum

393 2575 558 2628 illum
615 2574 770 2627 ducit
835 2575 894 2626 in
952 2572 1139 2640 finem,
1191 2571 1352 2624 addit
1423 2587 1745 2640 prosperum
1790 2577 1909 2626 iter.
1960 2574 2088 2628 Iter.

397 2665 636 2719 Cursum
662 2663 812 2727 vitae,
849 2677 974 2730 qua:
1005 2676 1135 2713 vere
1181 2660 1542 2729 prosperum,
1595 2676 1720 2714 cum
1757 2661 1868 2714 dux
1894 2661 1967 2714 sit
1996 2677 2092 2714 sa-

396 2752 616 2806 lutaris.

467 2842 627 2894 Vens.
660 2842 750 2892 21.
803 2867 872 2877 -
926 2840 1064 2891 Deus
1120 2842 1316 2891 noster.
1373 2836 1548 2904 (Cas)
1611 2837 1946 2908 Diapsalma.
1983 2838 2091 2890 Ex-

394 2929 557 3000 ponit
620 2926 1002 2996 operationes,
1056 2941 1184 2988 quae
1256 2941 1321 2978 ex
1397 2925 1732 2996 supradictis
1779 2927 2089 2980 eveniunt:

2201 541 2415 610 plures,
2459 541 2518 594 in
2549 541 2714 610 signo
2751 541 2933 595 crucis
2982 547 3216 610 propter
3244 540 3398 601 thau,
3455 556 3584 610 quae
3622 545 3880 593 trecentos

2203 630 2506 700 signiﬁcat.
2553 631 2644 682 Ab
2685 633 2823 698 ipso.
2881 629 3054 693 Quasi
3098 629 3145 682 si
3195 644 3419 699 quaeras
3481 628 3634 681 unde
3679 633 3878 682 tantum

2201 717 2440 786 bonum,
2502 724 2567 772 ut
2624 733 2780 772 canes
2856 720 2980 789 ejus
3037 723 3151 770 sxnt
3207 723 3370 770 erant
3443 716 3662 770 inimici
3711 717 3736 770 ?
3785 717 3876 770 ait:

2200 808 2287 861 Ab
2309 810 2446 876 ipso,
2479 807 2534 861 id
2565 811 2668 872 est,
2700 806 2824 876 ejus
2854 805 3056 876 gratia,
3089 821 3205 859 non
3245 822 3276 857 ει
3296 805 3515 874 seipsis.

2277 896 2432 948 Vens.
2467 897 2555 950 25.
2593 923 2662 933 -
2712 893 2974 948 Viderunt
3003 896 3060 946 in
3089 909 3303 962 gressus
3334 899 3473 962 tuos,
3501 893 3648 947 Deus
3708 892 3878 962 (Ibid)

2202 983 2297 1035 Vel
2329 983 2433 1037 visi
2490 988 2621 1036 sunt
2677 998 2904 1052 gressus
2954 982 3055 1047 tui,
3110 983 3275 1048 Deus,
3325 981 3537 1051 quibus
3592 980 3794 1034 venisti
3827 980 3880 1033 in

2201 1071 2503 1125 mundum.
2542 1072 2668 1124 Haec
2695 1072 2879 1140 gratia
2910 1070 3119 1124 latebat
3168 1069 3227 1123 in
3261 1069 3445 1123 Veteri
3500 1071 3877 1123 Testamento:

2203 1159 2368 1212 modo
2407 1163 2581 1228 patet,
2617 1175 2746 1212 cum
2774 1159 2982 1212 missus
3014 1158 3187 1212 Filius
3213 1157 3592 1211 annuntiatur
3623 1159 3685 1209 in
3705 1156 3881 1226 genti-

2199 1247 2325 1301 bus.
2359 1248 2481 1314 Qui.
2509 1249 2678 1302 Deus.
2704 1250 2805 1302 Est
2835 1251 2892 1300 in
2945 1253 3150 1305 sancto,
3211 1261 3473 1315 corpore,
3531 1245 3666 1298 licet
3695 1244 3880 1314 perﬁdi

2199 1351 2315 1388 non
2338 1335 2586 1401 videant,
2632 1336 2945 1389 secundum
2988 1334 3143 1405 quod
3185 1350 3400 1404 passus.
3467 1334 3531 1385 In
3562 1332 3670 1386 hoc
3701 1333 3882 1398 etiam,

2200 1424 2468 1493 patiendo
2499 1426 2586 1477 vel
2614 1425 2918 1487 credendo,
2941 1426 3317 1493 praevenerunt
3359 1438 3456 1475 eos
3477 1421 3786 1492 principes,
3809 1423 3881 1474 vel

2202 1519 2603 1581 praevenerunt
2630 1513 2702 1567 ad
2733 1520 2783 1566 te
2812 1513 3063 1566 laudem.

2277 1602 2435 1654 Vens.
2499 1604 2711 1680 26η-
2762 1604 3055 1670 Principes.
3118 1601 3346 1671 (BASIL.,
3403 1598 3688 1668 Eernvu.)
3743 1602 3884 1668 Apo-

2201 1691 2371 1742 stolos
2405 1692 2676 1758 Principes
2724 1691 2996 1760 appellat,
3048 1695 3180 1756 etc.,
3235 1703 3404 1756 usque
3435 1689 3510 1740 ad
3538 1693 3594 1740 et
3622 1688 3886 1757 praedica-

2205 1778 2357 1831 tione
2388 1779 2518 1830 illos
2543 1779 2829 1832 consecuti
2873 1785 3025 1831 sunt.
3061 1780 3118 1832 In
3170 1777 3363 1830 medio.
3397 1776 3642 1830 Ministri
3674 1791 3886 1845 praepo-

2197 1866 2290 1920 siti
2313 1883 2594 1920 novarum
2627 1866 2997 1920 ecclesiarum
3059 1867 3237 1919 Deum
3298 1864 3682 1929 laudantium,
3731 1879 3886 1916 carne

2196 1955 2415 2008 domita
2443 1960 2500 2008 et
2553 1956 2706 2009 corio
2750 1955 2956 2008 siccato
3008 1955 3076 2008 ab
3131 1955 3372 2008 humore
3427 1953 3666 2023 peccati,
3719 1958 3775 2006 et
3793 1969 3886 2007 ex-

2197 2047 2358 2096 tenso
2387 2062 2420 2096 a
2447 2059 2591 2112 ruga
2637 2043 3006 2114 duplicitatis.

2268 2132 2433 2186 Vens.
2494 2135 2583 2187 27.
2648 2162 2717 2172 -—
2759 2134 2820 2186 1n
2873 2133 3109 2186 ecclesiis
3158 2131 3468 2184 benedicite.
3529 2129 3712 2199 (αλδ.)
3777 2130 3886 2183 Dia-

2197 2219 2436 2289 psalma.
2465 2221 2734 2273 Precatur
2763 2225 2820 2274 et
2855 2219 3126 2286 afﬁrmat,
3181 2225 3241 2272 ut
3272 2219 3395 2272 Ιιδειο
3421 2218 3676 2288 inceptio
3700 2220 3880 2272 dilate-

2198 2315 2292 2361 tur
2317 2313 2373 2361 et
2401 2309 2791 2373 conﬁrmetur,
2835 2325 2938 2379 pro
2969 2325 3083 2379 qua
3113 2315 3170 2361 et
3219 2307 3474 2361 haeretici
3504 2307 3878 2361 destruantur.

2199 2396 2382 2464 (AUG.)
2431 2398 2503 2449 In
2555 2398 2809 2451 ecclesiis.
2869 2398 2997 2450 Hinc
3067 2401 3199 2450 sunt
3243 2396 3565 2466 juvenculas
3615 2396 3875 2466 tympani.

2197 2485 2372 2550 strias,
2396 2502 2468 2538 ne
2497 2486 2627 2556 quis
2652 2485 2957 2540 carnaliter
2985 2486 3189 2539 choros
3239 2485 3483 2539 luxuriae
3530 2485 3764 2555 cogitet.
3799 2485 3882 2538 Ec-

2198 2574 2385 2626 clestaa
2425 2575 2640 2644 quippe
2682 2579 2814 2628 sunt
2842 2575 3280 2628 adolescentulaa
3337 2589 3486 2627 nova
3516 2574 3707 2643 gratia
3739 2574 3889 2627 deco-

2200 2667 2356 2714 ratas.
2391 2663 2462 2714 In
2490 2663 2744 2727 ecclesiis,
2805 2679 2922 2716 non
2964 2663 3123 2727 alibi,
3176 2678 3297 2716 non
3329 2661 3391 2716 in
3447 2661 3575 2715 aliis
3603 2661 3890 2715 conventi-

2199 2750 2364 2805 culis.
2405 2753 2478 2804 De
2501 2753 2746 2815 fontibus
2797 2752 2984 2806 Israel.
3019 2745 3188 2821 (Cas)
3235 2751 3302 2805 Ut
3357 2749 3430 2804 ad
3468 2766 3670 2804 eorum
3716 2749 3892 2803 imita-

2200 2837 2419 2891 tionem
2466 2839 2802 2907 praadicetis,
2867 2855 2996 2909 quas
3028 2840 3218 2893 decet:
3279 2839 3418 2909 quia
3446 2844 3579 2891 sunt
3609 2838 3896 2907 principes

2201 2926 2355 2991 ﬁdei,
2378 2925 2501 2995 spei
2533 2931 2590 2979 et
2613 2926 2925 2996 charitatis,
2961 2933 3014 2982 et
3071 2943 3177 2996 per
3205 2927 3313 2981 hoc
3344 2926 3666 2997 Benjamin,
3701 2927 3758 2980 id
3796 2929 3892 2986 est,

393 3016 792 3089 conquassatio
820 3016 1206 3081 inimicorum,
1258 3014 1658 3068 conversiones
1677 3017 2038 3086 peccantium
2073 3033 2086 3081 ;
2121 3020 2160 3074 C
2197 3014 2351 3068 ﬁlius
2380 3014 2620 3069 dextrae.

337 3123 343 3129 '
394 3107 666 3178 martyria
713 3107 785 3159 ab
823 3109 1064 3175 utroque
1127 3119 1280 3157 sexu.
1335 3105 1524 3167 Salvos
1578 3105 1841 3169 faciendi.
1897 3104 2084 3174 (Αυσ.)

395 3195 766 3250 Commendat
822 3192 1087 3262 gratiam,
1155 3192 1292 3262 quia
1352 3194 1543 3245 nullus
1591 3195 1777 3245 salvus
1824 3193 1932 3263 nisi
1983 3209 2088 3263 per

397 3300 530 3336 eum
565 3300 578 3349 ;
610 3282 710 3335 sed
743 3299 811 3333 ne
843 3282 1012 3346 dicas,
1047 3282 1158 3334 Cur
1179 3297 1317 3349 ergo
1351 3280 2082 3348 morituri?patienterfer,

396 3377 452 3423 et
481 3375 725 3422 mortem
749 3385 864 3421 non
921 3367 1235 3436 indigneris
1279 3367 1415 3436 quia
1444 3371 1500 3419 et
1551 3367 1809 3432 Domini,
1833 3368 1931 3437 qui
1962 3368 2084 3421 sine

396 3462 624 3529 peccato
652 3456 777 3522 fuit,
831 3455 1012 3508 exitus
1068 3471 1180 3507 non
1214 3455 1379 3516 alius,
1431 3471 1604 3523 quam
1631 3455 1850 3521 mortis,
1892 3463 2086 3510 tamen

395 3546 706 3609 voluntate,
740 3559 812 3597 ne
852 3544 1022 3596 homo
1053 3542 1280 3595 timeret
1325 3549 1586 3595 mortem.
1628 3543 1836 3597 Emittis
1873 3546 2080 3598 mortis.

395 3634 569 3704 (Cas.)
626 3633 685 3686 Id
742 3637 845 3698 est,
904 3630 1265 3698 resurrectio,
1316 3646 1384 3683 ne
1441 3631 1698 3699 queraris
1753 3631 1821 3686 de
1874 3637 2079 3698 morte,

393 3721 528 3793 quia
575 3712 830 3775 Christus
875 3719 1007 3772 inde
1039 3718 1231 3785 exivit,
1274 3723 1331 3772 et
1386 3719 1519 3772 inde
1577 3719 1735 3773 exire
1791 3720 1964 3774 dedit.
2001 3721 2083 3776 Ne

391 3810 544 3865 mala
572 3808 952 3879 pertinacium
992 3808 1186 3860 credas
1243 3807 1549 3874 impunita,
1608 3809 1819 3877 subdit,
1855 3825 2081 3862 verum-

391 3904 587 3953 tamen
618 3897 843 3966 capita;
893 3894 1240 3965 superbiam,
1277 3895 1361 3947 vel
1417 3903 1676 3948 auctores
1708 3897 1956 3950 Judaicae
1987 3914 2081 3950 se-

391 3985 617 4050 ctionis,
651 3985 734 4036 vel
771 3983 1088 4049 seditionis,
1131 3983 1218 4036 vel
1250 3984 1500 4036 haeresis.

464 4075 622 4127 Vens.
684 4076 772 4126 22.
822 4102 890 4110 ——
955 4073 1212 4124 Verticem
1268 4073 1480 4140 capilli.
1563 4071 1741 4141 (lbid.)
1799 4073 2081 4126 Versutias

389 4158 652 4212 inanium
695 4157 1100 4227 quwstioniim,
1135 4174 1263 4227 quae
1320 4159 1462 4211 tales
1490 4146 1816 4211 inimicitias
1864 4161 2080 4212 calum-

393 4245 618 4299 niarum
650 4250 937 4315 quaerunt,
995 4251 1056 4298 ut
1085 4246 1320 4314 capillos
1371 4246 1667 4300 videantur
1711 4248 2073 4316 perscrutari.

463 4335 622 4388 Vens.
651 4336 739 4387 23.
775 4363 843 4371 —-
872 4335 960 4386 Ea:
983 4335 1182 4387 Basan.
1241 4333 1425 4404 (Auo.)
1457 4334 1514 4387 Id
1569 4339 1672 4398 est,
1729 4335 2082 4401 confusione,

388 4426 517 4488 etc.,
550 4436 720 4488 usque
757 4420 830 4474 ad
855 4421 925 4473 ad
960 4436 1073 4483 eos,
1109 4420 1208 4489 qui
1259 4425 1420 4474 erant
1450 4421 1910 4490 desperatissimi.

462 4510 619 4562 Vens.
663 4509 845 4564 24.-
894 4510 991 4562 Pes
1043 4515 1186 4562 tuus.
1246 4508 1511 4578 (Ibid.)ld
1543 4514 1648 4575 est,
1681 4515 1743 4563 ut
1787 4511 1888 4580 qui
1917 4511 2080 4580 prius

385 4603 550 4652 erant
606 4595 846 4661 inimici,
889 4596 1029 4649 ﬁant
1065 4611 1159 4664 pes
1191 4603 1333 4661 tuus,
1380 4597 1741 4667 praedicando
1788 4615 1970 4669 usque
2011 4601 2080 4654 ad

386 4685 750 4756 sanguinem,
821 4685 1054 4753 scilicet,
1122 4701 1301 4754 usque
1341 4685 1409 4738 ad
1466 4692 1707 4739 mortem
1743 4703 1754 4739 :
1788 4694 1844 4740 et
1899 4703 2077 4742 canes.

385 4792 490 4846 pro
527 4776 639 4828 Deo
675 4775 964 4834 latrantes,
1006 4773 1103 4841 qui
1131 4774 1296 4827 edunt
1346 4774 1410 4826 de
1465 4776 1643 4842 micis,
1669 4781 1774 4829 etc.
1806 4777 1902 4829 Pes
1933 4782 2077 4830 tuus.

386 4864 593 4917 lllisoli
622 4864 691 4916 ad
727 4862 981 4915 ofﬁcium
1022 4861 1321 4931 regiminis
1375 4862 1703 4916 assumendi
1762 4869 1914 4928 sunt,
1980 4866 2080 4936 qui

383 4952 540 5022 quod
566 4950 912 5021 percipiunt.
946 4949 1070 5003 aliis
1102 4951 1432 5020 praedicant,
1462 4951 1563 5020 qui
1602 4952 1867 5004 manibus
1898 4953 2078 5006 bono-

381 5056 509 5093 rum
533 5054 773 5108 operum
824 5045 1232 5106 exsequuntur,
1284 5041 1431 5106 quod
1469 5055 1564 5091 ore
1620 5039 1954 5108 praedicant,
1989 5041 2075 5094 vel

383 5127 803 5192 docent;unde
845 5126 908 5179 in
964 5125 1229 5179 Levitico.
1287 5126 1360 5180 Os
1413 5126 1654 5180 turturis
1711 5133 2078 5199 retorquetur

380 5219 453 5268 ad
484 5215 733 5268 ascellas.

449 5305 512 5356 In
572 5304 854 5370 sanguine.
906 5301 1132 5373 (ΒΑδιι.)
1186 5301 1468 5366 Quoniam
1544 5303 1792 5357 ostendit
1868 5304 2072 5370 Deum,

379 5394 508 5450 etc.,
543 5405 710 5459 usque
767 5389 842 5443 ad
873 5407 885 5443 :
921 5395 970 5443 et
1026 5406 1144 5444 cum
1197 5406 1280 5444 eos
1338 5395 1621 5459 vincerem,
1673 5406 1896 5460 aspersa
1941 5399 2074 5448 sunt

375 5478 693 5532 vestimenta
745 5493 883 5531 mea.
941 5481 1166 5532 Canum.
1229 5481 1409 5547 (Avo)
1465 5479 1525 5532 In
1583 5495 1792 5549 magno
1879 5497 2070 5536 sacra-

375 5569 574 5622 mento
623 5581 721 5622 eos
766 5566 973 5620 ducere
1019 5567 1212 5636 jussus
1259 5571 1343 5620 est
1398 5568 1648 5636 Gedeon,
1698 5569 1800 5640 qui
1856 5573 1920 5624 ut
1975 5587 2069 5625 ca-

2267 3103 2430 3156 Vnns.
2485 3104 2571 3156 28.
2620 3134 2686 3142 -
2755 3105 2837 3157 lbi
2902 3103 3208 3173 Benjamin,
3261 3110 3367 3157 etc.
3428 3106 3732 3172 Principes,
3795 3107 3895 3156 etc.

2194 3191 2391 3262 (Ibid.)
2435 3194 2541 3247 Per
2565 3193 2799 3248 nomina
2830 3195 3105 3258 tribuum,
3161 3195 3448 3248 Christum
3491 3199 3547 3247 et
3595 3194 3898 3264 Apostolos

2192 3279 2426 3334 indicat.
2485 3282 2594 3345 Ibi,
2647 3282 2863 3336 scilicet
2915 3282 2975 3336 in
3030 3281 3248 3352 templo
3310 3283 3634 3336 Jerusalem
3697 3283 3786 3336 vel
3845 3281 3903 3334 in

2194 3369 2456 3423 Ecclesia.
2493 3370 2891 3439 lnterpretatio
2923 3371 3095 3424 etiam
3133 3370 3433 3424 nominum
3464 3370 3736 3423 Ecclesiae
3770 3387 3900 3423 con-

2194 3457 2360 3510 venit.
2397 3457 2565 3527 (CAS.)
2624 3459 2836 3512 Forsan
2882 3475 2950 3512 ex
3007 3459 3096 3513 his
3152 3459 3413 3512 tribubus
3473 3458 3718 3513 fuerunt
3749 3462 3902 3528 Apo—

2190 3546 2314 3610 toli,
2339 3549 2470 3610 etc.,
2501 3562 2672 3616 usque
2701 3547 2776 3600 ad
2808 3564 2820 3600 :
2854 3547 3117 3613 confessio
3136 3547 3195 3600 in
3209 3546 3625 3613 ﬁde.fortitudo
3666 3548 3733 3600 in
3783 3563 3901 3616 spe,

2192 3633 2424 3687 latitudo
2500 3634 2561 3687 in
2618 3635 2911 3688 charitate.
2983 3637 3056 3688 In
3111 3637 3300 3689 mentis
3347 3637 3582 3701 emcelsu,
3649 3652 3777 3701 seu,
3823 3640 3900 3697 ut,

2191 3721 2422 3790 proprie
2446 3727 2532 3774 est
2561 3723 2748 3776 Graeca
2776 3723 2972 3789 dictio,
3007 3727 3113 3778 etc.
3149 3738 3318 3792 usque
3374 3723 3450 3777 ad
3498 3728 3561 3777 ut
3609 3723 3805 3778 ﬁdelis
3842 3738 3900 3777 ac

2191 3809 2443 3878 prudens
2477 3809 2839 3879 distributor,
2869 3811 3085 3866 divisit.

2265 3895 2421 3950 Vens.
2483 3897 2577 3952 29.
2637 3928 2705 3936 ——
2762 3899 3131 3954 MandaDeus
3182 3902 3406 3954 virtutis
3459 3904 3583 3953 tuae.
3622 3900 3829 3968 (Ibid.)
3861 3901 3900 3954 Ο

2192 3983 2359 4050 Deus,
2392 3985 2623 4038 notiﬁca
2655 3986 2882 4050 Filium,
2917 3987 3080 4056 quasi
3139 3987 3290 4057 quod
3312 3987 3550 4040 enuntio
3606 3987 3898 4052 futurum,

2189 4072 2418 4140 perﬁce.
2448 4074 2564 4141 Vel,
2596 4077 2794 4128 virtuti
2823 4079 2942 4136 tuae,
2969 4074 3028 4128 id
3058 4080 3162 4140 est,
3211 4075 3456 4129 fortibus
3482 4074 3598 4129 tuis
3630 4076 3898 4146 injunge,

2190 4165 2253 4212 ut
2284 4165 2338 4212 te
2395 4161 2752 4216 annuntient.
2806 4164 2925 4232 Vel,
2957 4180 2990 4216 ο
3052 4165 3240 4233 Pater,
3288 4163 3498 4217 manda
3553 4168 3730 4218 tuum
3759 4181 3898 4234 opus

2192 4250 2389 4302 virtuti
2417 4254 2542 4318 tuae,
2606 4251 2765 4319 Filio,
2827 4252 2913 4304 vel
2965 4251 3206 4322 Spiritui
3273 4256 3482 4307 sancto.
3521 4251 3894 4324 (Auc.)Com-

2191 4339 2410 4392 mendat
2439 4341 2580 4397 enim
2612 4341 2758 4394 Deus
2787 4341 3108 4396 charitatem
3131 4356 3286 4395 suam
3314 4344 3372 4396 in
3402 4342 3585 4408 nobis,
3611 4347 3891 4411 quoniam,

2191 4442 2311 4480 cum
2353 4433 2653 4496 peccatores
2699 4445 2950 4496 essemus,
3006 4431 3252 4486 Christus
3307 4446 3410 4500 pro
3465 4431 3628 4485 nobis
3651 4438 3893 4487 mortuus

2191 4521 2270 4569 est
2303 4531 2314 4568 :
2345 4517 2498 4586 quod
2551 4517 2698 4570 bene
2757 4523 2813 4572 et
2859 4517 3214 4572 conﬁdenter
3267 4524 3410 4573 orat.
3460 4521 3746 4588 Conﬁrma
3785 4522 3892 4582 hoc,

2190 4606 2348 4670 Deus,
2378 4604 2522 4672 quod
2558 4611 2811 4674 operatus
2850 4621 2924 4660 es.
2969 4605 3317 4676 Incipiendo.

2261 4693 2421 4746 Vens.
2452 4696 2538 4748 30.
2588 4722 2660 4735 —
2712 4696 2760 4748 A
2813 4696 3006 4763 temgilo
3045 4700 3133 4749 tuo
3166 4699 3224 4749 in
3259 4695 3591 4750 Jerusalem.
3646 4697 3794 4761 Qua:
3822 4701 3896 4750 est

2191 4779 2394 4847 libera,
2427 4784 2609 4834 mater
2640 4786 2854 4849 nostra,
2879 4798 3008 4852 qua:
3039 4787 3125 4836 est
3156 4782 3456 4852 templum,
3509 4799 3541 4836 a
3569 4799 3696 4853 quo
3731 4799 3896 4840 omne

2189 4867 2386 4921 datum
2416 4868 2699 4937 optimum
2728 4886 2742 4936 ;
2775 4868 2844 4922 ab
2903 4869 3002 4923 illo
3045 4886 3182 4940 ergo
3230 4871 3464 4940 templo.
3496 4873 3671 4938 Reges
3726 4879 3895 4927 terrae.

2191 4956 2282 5008 Vel
2317 4957 2587 5025 speciales
2616 4957 2721 5010 tibi
2758 4957 2999 5011 olferent
3056 4974 3314 5022 munera,
3347 4958 3408 5012 id
3462 4963 3564 5024 est,
3615 4960 3900 5014 sacriﬁcia

2189 5043 2388 5098 laudis.
2422 5044 2526 5099 Sed
2559 5045 2696 5116 quia
2720 5045 2854 5099 huic
2892 5045 3048 5100 laudi
3076 5045 3415 5116 obstrepunt
3469 5047 3766 5103 haeretici.

2260 5133 2417 5185 Vens.
2467 5136 2554 5187 31.
2595 5162 2668 5174 -
2716 5135 2950 5204 Increpa
3018 5137 3168 5200 feras
3224 5135 3540 5189 arundinis.
3607 5138 3760 5205 (Avo
3793 5138 3807 5206 )
3843 5136 3894 5190 Id

2185 5223 2288 5286 est,
2319 5236 2416 5274 eos
2461 5221 2562 5291 qui
2619 5227 2922 5277 m0ventur
2943 5222 3104 5279 omni
3160 5229 3329 5277 vento
3357 5223 3659 5279 doctrinae.
3697 5229 3767 5281 Ut
3807 5243 3893 5280 εετο

2185 5308 2409 5362 cludant
2445 5324 2530 5363 eos
2551 5313 2648 5378 qui
2689 5311 2910 5379 probati
2939 5316 3084 5366 sunt.
3129 5313 3245 5365 Hoc
3273 5317 3360 5366 est
3389 5312 3541 5382 quod
3587 5316 3888 5383 Apostolus

2185 5395 2300 5448 ait:
2331 5399 2437 5467 Qui
2466 5397 2690 5466 probati
2717 5404 2863 5466 sunt,
2893 5403 3175 5466 manifesti
3199 5404 3335 5469 ﬁant
3379 5402 3428 5471 (Ι
3461 5405 3583 5457 Cor.
3635 5406 3722 5471 ιι)
3758 5425 3774 5470 ;
3817 5401 3885 5456 vel

2183 5499 2217 5536 a
2244 5484 2424 5537 vaccis
2452 5486 2755 5541 excludant
2788 5488 3044 5558 probati.
3079 5490 3221 5543 Nam
3290 5489 3539 5555 stabiles,
3606 5489 3814 5558 fortes,
3844 5494 3890 5543 et

2182 5589 2379 5643 graves
2408 5590 2521 5628 non
2552 5574 2767 5632 habent
2790 5577 3059 5633 seducere
3099 5594 3114 5632 :
3145 5579 3209 5633 In
3221 5579 3424 5647 populo
3453 5580 3616 5645 gravi
3647 5579 3889 5634 laudabo
