4020 6184
167 274 265 326 945

1291 273 1536 329 GLOSSA
1578 273 1979 329 ORDINARIA.
2022 304 2089 315 -—-
2132 276 2255 330 LIB.
2303 277 2540 331 PSALM.

3562 285 3665 339 946

161 398 227 445 te.
261 394 506 463 Dissipa.
575 395 812 463 Increpa
877 393 1047 458 feras,
1081 399 1138 447 et
1194 394 1367 448 etiam
1396 395 1605 465 dissipa
1636 396 1855 449 dissen-
1894 397 1940 449 Α
1970 397 2153 451 forma
2213 398 2309 451 Dei
2345 399 2397 451 in
2431 399 2679 454 deterius
2709 401 2907 467 Adam,
2942 405 3072 465 etc.,
3106 417 3274 472 usque
3301 406 3375 457 ad
3426 407 3545 475 pati
3576 424 3661 462 se-

158 483 381 535 tientes.
434 484 629 536 Gentes
692 498 811 551 quae
841 482 979 536 bella
1020 484 1224 537 volunt.
1277 484 1581 537 Haereticos
1612 490 1667 538 et
1716 484 1856 537 alios

154 571 231 622 eis
253 570 701 637 consentientes,
735 586 879 640 quos
933 576 1133 640 gentes
1172 577 1353 637 vocat,
1387 578 1620 643 propter
1648 588 1858 641 genera

163 660 521 712 diversarum
575 665 878 724 sectarum,
937 675 1007 712 ne
1068 659 1149 713 ibi
1214 661 1387 713 series
1439 662 1856 715 successionum

162 747 463 801 conﬁrmet
489 763 766 801 errorem.

230 839 405 892 Vens.
440 841 527 892 3'2.
567 867 635 878 —-
687 839 784 891 Ea:
833 840 1085 906 Egppto,
1116 838 1413 907 Ethiopia.
1450 841 1652 907 (AUG.)
1684 839 1853 909 Egy-

151 929 231 996 pti
275 926 363 979 vel
394 925 695 995 Ethiopian
756 927 987 979 nomine
1053 926 1163 979 ﬁde
1194 926 1452 979 omnium
1486 929 1746 995 gentium
1776 928 1849 979 si-

154 1017 313 1081 gnat,
352 1028 385 1065 a
441 1016 603 1080 parte
633 1016 837 1064 totum.
876 1012 998 1064 Non
1047 1026 1183 1080 ergo
1236 1027 1302 1063 ex
1335 1012 1469 1064 solis
1494 1012 1721 1078 Judmis,
1756 1013 1849 1066 sed

151 1101 217 1153 de
282 1100 551 1169 gentibus
609 1114 901 1169 praecones
964 1099 1186 1153 futuros
1241 1100 1573 1168 prophetat.
1626 1102 1852 1170 (HIER)

149 1189 442 1259 :Ethiopia
495 1189 795 1244 Geutilitas
853 1188 1015 1259 nigra
1072 1188 1335 1257 peccatis,
1391 1188 1618 1242 festinat
1650 1205 1852 1243 manus

147 1276 283 1329 dare
336 1276 471 1329 Deo.
521 1274 850 1330 Similitudo
893 1291 927 1327 a
977 1274 1155 1340 victis,
1208 1274 1309 1345 qui
1360 1275 1530 1327 armis
1580 1274 1851 1344 depositis

145 1382 239 1417 eas
270 1364 413 1418 dant
470 1364 801 1427 victoribus,
852 1379 923 1416 ne
973 1363 1269 1417 intereant.
1333 1365 1627 1418 Praeveniet
1655 1380 1847 1417 manus

144 1455 279 1521 ejus.
338 1453 525 1522 (Ibid)
586 1452 643 1505 Id
676 1457 782 1519 est,
835 1451 1141 1506 vindictam
1199 1451 1340 1520 ejus,
1395 1468 1497 1523 per
1547 1451 1849 1505 confessio-

150 1557 308 1605 nem,
345 1556 415 1595 ne
448 1544 746 1594 manentes
774 1540 832 1594 in
854 1542 1098 1610 peccatis
1121 1541 1454 1611 puniantur.

1970 487 2220 540 cundum
2244 489 2485 541 Graecos.
2522 489 2694 555 (Cas)
2722 489 2963 553 Quartus
2979 492 3233 561 psalmus
3265 494 3363 563 qui
3394 494 3562 549 latius
3594 497 3664 553 de

1968 576 2248 646 passione,
2312 582 2369 630 et
2400 578 2832 630 resurrectione.
2872 580 3073 645 Agitur
3132 581 3198 633 de
3229 597 3397 635 causa
3428 599 3663 640 commu-

1967 666 2280 724 tationibus.
2316 665 2371 719 id
2399 670 2500 725 est,
2530 667 2790 735 passione
2824 666 3050 719 Christi.
3098 668 3194 721 Hic
3227 668 3481 737 loquitur
3511 668 3665 723 Chri-

1965 759 2083 807 stus
2105 758 2273 824 eaput
2305 760 2360 807 et
2389 770 2609 823 corpus.
2646 756 2867 809 Salvum
2891 771 2969 809 me
2998 757 3108 820 fac.
3147 756 3354 820 Primo,
3391 762 3662 825 precatur

1966 843 2151 895 salvus
2175 843 2318 908 ﬁeri,
2354 844 2485 915 quia
2522 846 2699 897 multa
2730 846 2957 913 patitur,
3025 849 3303 914 quantum
3338 846 3403 897 ad
3439 861 3496 897 se
3531 862 3657 913 gra-

1962 930 2056 996 tis,
2087 932 2182 985 sed
2210 932 2364 1003 quod
2394 933 2537 986 alius
2588 935 2798 1002 rapuit,
2849 933 2968 1002 ipse
3027 934 3209 986 solvit.
3246 935 3371 987 Haec
3416 938 3499 986 est
3556 950 3658 987 vox

1963 1020 2127 1091 grani
2167 1020 2379 1091 sinapis
2445 1022 2777 1089 contempti,
2839 1023 2974 1074 dum
3035 1022 3094 1075 in
3142 1023 3309 1075 horto
3371 1022 3654 1084 obruitur,

1962 1109 2116 1179 quod
2156 1109 2355 1163 crescit
2385 1109 2443 1162 in
2496 1126 2767 1178 magnum
2802 1110 2959 1163 olus:
2988 1111 3093 1163 hoc
3119 1111 3334 1163 fuscum
3370 1114 3423 1162 et
3472 1126 3655 1179 asper-

1959 1198 2148 1251 nabile
2171 1214 2417 1268 prorsus.
2458 1197 2546 1251 Sic
2577 1204 2631 1249 et
2658 1198 2932 1263 Christus,
2969 1198 3038 1250 de
3074 1215 3187 1268 quo
3218 1216 3229 1251 :
3264 1198 3509 1252 Vidimus
3538 1214 3656 1251 eum

1959 1301 2063 1339 non
2094 1286 2370 1339 habentem
2420 1288 2647 1355 speciem
2675 1302 2842 1353 net/ue
2890 1286 3149 1351 decorem,
3205 1286 3300 1339 sed
3336 1292 3527 1339 tamen
3560 1303 3652 1339 oc-

1959 1374 2189 1443 cupavit
2204 1374 2403 1427 faciem
2435 1379 2624 1438 terrm,
2659 1374 2837 1427 factus
2872 1390 3035 1426 mons
3068 1390 3330 1444 magnus.

2030 1464 2202 1529 Λαμιέων
2247 1477 2415 1529 usque
2475 1462 2548 1515 ad
2604 1465 2843 1515 animam
2898 1478 3094 1516 meam.
3163 1464 3348 1530 (Ana)
3416 1463 3475 1517 Id
3547 1468 3650 1531 est,

1957 1550 2159 1611 turbae,
2194 1555 2320 1615 etc.,
2360 1565 2528 1618 usi/ue
2580 1550 2653 1603 ad
2704 1553 2854 1605 ultra
2898 1568 3067 1622 quam
3123 1568 3238 1605 non
3274 1552 3485 1606 habent
3516 1553 3651 1606 mali

218 1631 387 1683 Vens.
440 1632 525 1684 33.
582 1658 650 1669 —
685 1632 785 1683 Deo
814 1645 996 1695 regna.
1075 1632 1139 1683 Ut
1198 1631 1309 1683 Deo
1341 1630 1412 1683 sit
1456 1629 1511 1682 in
1562 1628 1846 1699 principio
1890 1675 1931 1729 Β
1961 1639 2160 1709 quieis
2182 1638 2410 1693 faciant.

146 1716 441 1786 sequentis
470 1732 684 1770 versus.
719 1718 814 1771 Vel
862 1717 1043 1787 magis
1076 1717 1135 1770 in
1182 1717 1295 1771 ﬁne
1320 1717 1693 1787 praecedentis
1717 1733 1844 1770 ver-

150 1818 249 1858 sus
306 1809 410 1871 est,
474 1809 592 1860 Deo.
648 1806 1207 1875 Commendaturque
1273 1806 1412 1860 ﬁdes
1462 1806 1668 1876 (quasi,
1732 1821 1850 1858 non

146 1894 607 1964 praecedentibus
642 1894 911 1965 operibus
946 1895 1296 1964 jnstiticatur
1338 1896 1531 1957 homo)
1589 1910 1717 1964 qua:
1747 1910 1851 1963 per

149 1982 515 2036 dilectionem
558 1982 759 2052 incipit
813 1984 1067 2053 operari.
1136 1984 1336 2038 Credet
1369 1999 1511 2053 ergo
1564 1982 1850 2052 .Ethiopia

150 2072 287 2137 Deo,
322 2076 380 2125 et
423 2070 503 2123 sic
541 2073 833 2140 praeveniet
869 2088 1043 2142 Opera
1084 2072 1229 2141 ejus,
1274 2071 1331 2125 id
1365 2075 1470 2136 est,
1525 2071 1846 2140 Ethiopiaa,

146 2159 301 2230 quod
331 2160 389 2212 in
423 2160 615 2214 Graeco
650 2176 763 2212 non
795 2164 881 2212 est
911 2160 1269 2230 ambiguum,
1305 2160 1363 2213 id
1396 2165 1500 2225 est,
1557 2159 1848 2213 credendo

143 2247 204 2300 in
237 2249 439 2313 Deum,
480 2246 792 2316 praeveniet
812 2263 987 2315 opera
1016 2263 1135 2300 sua.
1165 2247 1259 2300 Vel
1304 2247 1421 2315 ejus
1450 2248 1673 2317 Egypti
1707 2249 1847 2313 Deo,

148 2335 207 2388 id
237 2340 343 2396 est,
388 2335 445 2388 in
496 2335 695 2388 Deum.
746 2336 939 2401 Regna
986 2340 1157 2397 terrm,
1218 2341 1433 2389 cantate
1488 2336 1617 2389 Deo.
1654 2336 1845 2405 (Ave)

149 2424 414 2477 Decursis
446 2424 735 2487 omnibus,
782 2440 911 2493 quae
935 2424 1058 2494 jam
1108 2423 1342 2493 impleta
1371 2424 1678 2487 cernimus,
1712 2423 1846 2475 hor-

144 2518 302 2567 tatur
327 2512 396 2565 ad
428 2512 655 2566 laudem
689 2512 917 2577 Christi,
979 2516 1035 2565 et
1072 2512 1329 2565 futurum
1390 2513 1511 2581 ejus
1540 2513 1845 2566 adventum

151 2602 524 2673 praenuntiat.

224 2692 461 2744 Psallite.
528 2689 733 2759 (Cass)
791 2689 1131 2759 Diapsaima.
1195 2690 1451 2744 Psallite:
1508 2688 1696 2742 veniet
1747 2687 1846 2759 qui

158 2778 428 2843 ascendit,
452 2778 551 2831 ubi
570 2783 795 2831 sanctos
821 2778 1268 2831 consummabit.

233 2867 384 2920 VERS.
436 2867 522 2921 34.
571 2895 644 2907 -
698 2866 982 2920 Ascendit.
1053 2866 1241 2933 (Ibid)
1310 2865 1625 2919 secundum
1688 2865 1842 2935 quod

155 2955 345 3008 homo.
400 2956 540 3008 Nam
594 2954 910 3008 secundum
968 2954 1121 3025 quod
1186 2955 1355 3019 Deus,
1401 2954 1552 3007 Patri
1586 2953 1844 3024 aequalis,
1876 2943 1917 2998 C

155 3060 329 3114 super
377 3044 586 3097 coelum
631 3044 779 3108 coeli,
833 3042 1163 3096 excelsiores
1210 3048 1520 3107 creaturas,
1581 3047 1647 3095 ut
1703 3042 1845 3094 nihil

152 3164 324 3218 supra
381 3164 439 3201 se
492 3147 752 3202 haberet.
815 3148 1027 3217 (HIER.,
1073 3147 1215 3213 CA8.)
1271 3148 1479 3202 Oriens.
1527 3148 1775 3200 Verbum
1814 3164 1845 3200 a

155 3240 319 3291 Patre
358 3237 631 3306 genitum.
682 3238 752 3291 Et
780 3236 1021 3289 ascendit
1049 3236 1117 3288 ab
1175 3238 1375 3289 oriente
1409 3235 1624 3288 Virtute
1654 3236 1842 3293 Verbi.

223 3325 319 3380 Ad
365 3328 637 3379 orientem.
703 3326 911 3378 Locum
980 3323 1276 3394 expressit,
1336 3323 1433 3376 ubi
1493 3324 1738 3376 surrexit
1794 3329 1848 3376 et

155 3414 312 3467 unde
338 3414 606 3467 ascendit.

226 3502 420 3571 (AUG.)
469 3501 561 3556 Ad
617 3503 892 3565 orientem,
953 3505 1165 3554 nostra;
1225 3500 1679 3554 illuminationis.
1752 3502 1844 3554 Vel

157 3590 295 3660 quia
318 3591 630 3644 Jerusalem
656 3594 735 3643 est
781 3590 842 3643 in
872 3589 1121 3644 Oriente.
1182 3590 1307 3643 Voci
1344 3604 1481 3642 suae.
1525 3589 1711 3657 (Ibid.)
1743 3590 1849 3653 Qui

157 3679 267 3733 fuit
312 3678 545 3731 humilis
589 3678 650 3731 in
692 3678 986 3747 passione:
1051 3677 1206 3731 dabit
1260 3693 1455 3730 vocem
1514 3677 1736 3730 virtutis
1790 3678 1849 3730 in

155 3767 451 3820 communi
494 3767 928 3821 resurrectione.
967 3767 1155 3821 Vocem
1200 3766 1442 3820 virtutis.
1505 3765 1676 3835 (Cas)
1710 3767 1850 3819 Etti—

152 3855 374 3909 caciam
390 3855 760 3909 resuscitandi
783 3870 980 3909 omnes
1008 3860 1279 3907 mortuos.

228 3945 394 3999 Vens.
437 3948 518 3999 35.
569 3974 638 3985 —-
684 3944 1095 4014 Magniﬁcentia
1134 3944 1250 4009 ejus
1305 3947 1355 3995 et
1411 3943 1612 3994 virtus.
1668 3942 1848 4008 (Αυα.)

161 4033 449 4097 Quoniam
471 4034 743 4102 jamtunc
764 4048 879 4085 non
906 4032 1015 4086 erit
1034 4031 1355 4084 commistio
1388 4030 1692 4092 malorum,
1720 4029 1853 4079 inde

156 4122 397 4175 evidens
427 4122 536 4175 erit
582 4120 1006 4190 magniﬁcentia
1052 4121 1172 4189 ejus
1208 4135 1379 4189 super
1426 4132 1621 4171 verum
1661 4116 1849 4169 Israel.

2032 1746 2190 1800 Vens.
2228 1750 2279 1801 3.
2342 1777 2407 1785 —
2458 1748 2521 1801 In
2568 1747 2712 1800 limo.
2758 1747 2945 1815 (AUG.)
3003 1748 3181 1800 Homo
3232 1747 3410 1800 factus
3457 1751 3541 1800 est
3581 1747 3651 1802 de

1958 1835 2096 1889 limo
2143 1840 2328 1901 terras,
2373 1840 2504 1901 etc.,
2535 1850 2701 1903 usque
2748 1835 2821 1889 ad
2871 1835 2927 1889 id
2952 1839 3056 1899 est,
3117 1834 3294 1888 virtus
3314 1835 3500 1888 carnis
3530 1851 3652 1889 eva-

1958 1916 2126 1971 dendi
2170 1920 2510 1989 passionem.
2573 1923 2910 1977 Substantia.
2951 1922 3228 1977 Dicuntur
3258 1923 3491 1989 divitiae,
3522 1929 3647 1990 etc.,

1956 2021 2123 2074 usque
2167 2007 2241 2060 ad
2288 2007 2344 2061 id
2392 2014 2494 2076 est,
2546 2026 2658 2062 non
2695 2010 2882 2063 inveni
2914 2010 2975 2063 in
3004 2010 3083 2063 eis
3114 2011 3264 2081 quod
3301 2010 3453 2065 fecit.
3494 2013 3645 2068 Veni.

1957 2095 2099 2159 Quia
2138 2102 2358 2167 sponte.
2392 2100 2454 2152 In
2505 2100 2868 2154 altitudinem.
2924 2100 3282 2155 Profundum
3330 2100 3520 2155 insani
3557 2118 3649 2171 po-

1958 2186 2101 2255 puli.

2028 2294 2189 2347 Vens.
2223 2292 2275 2346 4.
2328 2322 2394 2330 -
2450 2292 2743 2348 Laboravi.
2802 2292 2985 2359 (Auc.)
3050 2292 3154 2346 Diu
3205 2293 3502 2347 clamavit:
3560 2297 3653 2350 Vz

1954 2383 2135 2437 vobis!
2197 2381 2398 2437 Scriba:
2438 2386 2488 2433 et
2532 2381 2817 2447 Pharisaei,
2865 2384 2927 2433 ut
2967 2396 3169 2435 raucus
3234 2386 3518 2451 quantum
3577 2382 3649 2436 ad

1956 2470 2103 2536 illos,
2136 2469 2271 2540 quia
2299 2486 2417 2522 non
2449 2475 2534 2523 est
2585 2469 2653 2522 ab
2684 2469 2765 2523 eis
2794 2469 3143 2524 intellectus.
3201 2470 3488 2538 Clumans,
3538 2475 3646 2526 etc.

1958 2560 2131 2627 (Cas)
2194 2560 2456 2627 Laborat,
2516 2558 2676 2628 cujus
2734 2562 2929 2610 votum
2999 2574 3115 2612 non
3162 2558 3453 2627 impletur.
3497 2560 3651 2615 Oculi

1956 2650 2074 2702 mei.
2110 2648 2178 2702 Ut
2196 2648 2344 2701 oculi
2376 2648 2621 2700 duorum
2654 2662 2786 2699 eum
2818 2645 2877 2699 in
2908 2645 2998 2698 via
3043 2662 3154 2699 non
3189 2646 3648 2716 agnoscentium,

1957 2738 2165 2808 quibus
2196 2737 2406 2789 factum
2439 2739 2520 2787 est
2557 2739 2708 2787 extra
2741 2734 2894 2804 quod
2927 2738 3051 2787 erat
3082 2734 3252 2799 intra,
3305 2735 3361 2789 id
3403 2741 3507 2801 est,
3538 2751 3646 2790 caa-

1955 2827 2094 2879 citas
2125 2841 2252 2895 quae
2308 2825 2367 2877 in
2397 2824 2563 2877 corde
2617 2823 2763 2875 facta
2794 2828 2877 2876 est
2928 2828 2983 2876 et
3038 2823 3099 2875 in
3131 2824 3330 2877 oculis.
3372 2824 3648 2877 Dixerunt

1957 2915 2138 2968 enim:
2211 2912 2576 2982 Sperabamus
2644 2910 2789 2978 quod
2845 2910 3224 2979 redempturus
3273 2918 3407 2966 esset
3470 2914 3649 2966 Israel

1956 3006 2101 3073 (Luc.
2136 3002 2307 3070 xxxv.)
2356 2999 2546 3073 [Anc].
2582 2999 2692 3054 Sed
2740 3016 2899 3069 spem
2954 3000 3035 3053 eis
3079 3000 3352 3069 reddidit,
3398 3005 3529 3064 etc.,
3559 3016 3648 3055 us-

1954 3107 2054 3160 que
2101 3090 2175 3144 ad
2230 3088 2365 3159 quia
2439 3088 2647 3157 perditi
2714 3086 2978 3142 fuissent.
3042 3091 3179 3142 Dum
3246 3103 3417 3157 spero.
3481 3088 3644 3158 (Cas)

1955 3180 2134 3235 Causa
2161 3177 2444 3242 subditur,
2480 3176 2778 3246 prmstolor
2807 3174 3277 3241 misericordiam,
3333 3193 3447 3229 non
3474 3193 3646 3232 exoro

1955 3267 2296 3339 potentiam.

2027 3376 2187 3427 Vens.
2235 3376 2285 3425 5.
2332 3401 2402 3411 -
2456 3372 2831 3439 Multiplicuti.
2887 3372 3088 3438 Mue.)
3137 3370 3293 3435 Quod
3344 3370 3502 3441 prius
3557 3377 3644 3442 ty-

1956 3464 2100 3534 pice,
2163 3476 2315 3515 nunc
2360 3461 2419 3513 in
2470 3476 2530 3513 re
2559 3465 2755 3529 aperte
2814 3459 2966 3513 dicit.
3025 3460 3205 3527 Super
3257 3462 3502 3529 capillos.
3540 3463 3645 3514 Pro

1956 3552 2204 3615 inﬁnito,
2235 3550 2321 3603 vel
2362 3550 2550 3619 plures
2582 3553 2714 3601 sunt
2757 3548 2847 3601 his
2876 3549 2974 3618 qui
3006 3554 3140 3600 sunt
3172 3548 3418 3602 ornatui.
3442 3552 3641 3617 Rapui.

1958 3644 2178 3711 Rapere
2214 3640 2520 3692 voluerunt
2551 3636 2929 3699 divinitatem,
2981 3642 3037 3687 et
3066 3637 3437 3704 perdiderunt
3477 3636 3649 3690 felici-

1958 3735 2163 3783 tatem:
2218 3725 2405 3796 rapuit
2450 3725 2652 3789 Adam,
2714 3739 3089 3793 prmsumens,
3140 3730 3203 3777 ut
3251 3725 3529 3791 diabolus,
3579 3726 3648 3779 de

1960 3816 2275 3872 divinitate.

2033 3924 2191 3974 Vens.
2237 3924 2288 3973 6.
2350 3948 2416 3958 —
2466 3921 2601 3971 Deus
2660 3921 2717 3969 tu
2772 3918 2897 3968 scis.
2952 3914 3127 3983 (Cas)
3171 3916 3311 3979 Quia
3367 3932 3471 3985 pro
3524 3918 3651 3972 aliis

1962 4011 2144 4073 solvit,
2200 4013 2488 4077 precatur,
2520 4009 2884 4073 exspectantes
2926 4003 3212 4071 antiquos,
3246 4009 3299 4056 et
3360 4011 3651 4071 quaerentes

1965 4101 2121 4165 alios,
2176 4096 2405 4161 scilicet,
2460 4094 2779 4156 modernos,
2830 4093 2890 4144 in
2947 4108 3004 4143 se
3065 4108 3174 4144 non
3206 4092 3489 4159 frustrari,
3522 4109 3650 4147 cum

160 4212 231 4263 In
264 4210 515 4263 nubibus.
558 4209 700 4273 Quia
751 4225 864 4262 non
895 4208 1045 4261 solus
1075 4207 1260 4260 veniet
1311 4207 1381 4259 ad
1417 4205 1720 4276 judicium,
1754 4206 1849 4257 sed

2032 4193 2122 4240 uta
2142 4190 2255 4239 tam
2285 4182 2685 4253 wquanimiter
2712 4182 2872 4234 ferat.

157 4316 294 4354 cum
346 4298 666 4351 senioribus
708 4296 929 4367 populi,
972 4295 1071 4365 qui
1124 4300 1258 4348 sunt
1313 4296 1530 4347 nubes:
1592 4309 1732 4363 quas
1782 4308 1853 4345 ne

157 4386 330 4439 aliter
360 4384 660 4454 acciperes,
691 4384 873 4437 addit:
900 4383 1173 4439 Mirabilis
1202 4385 1259 4434 in
1286 4384 1507 4435 sanctis.

236 4475 528 4541 (Ευτιιγιί.)
583 4474 690 4526 Per
738 4472 928 4526 nubes.
988 4471 1091 4524 Hic
1150 4471 1306 4540 ipsos
1352 4470 1590 4538 Aposlos
1638 4468 1891 4521 intem—-

160 4562 266 4633 git,
294 4560 468 4613 veluti
531 4576 702 4629 supra
742 4559 1061 4623 existentes,
1108 4562 1279 4628 atque
1313 4557 1633 4610 eminentes
1674 4574 1705 4609 a
1736 4562 1856 4609 ter-

160 4649 321 4704 renis
370 4649 613 4718 negotiis
643 4665 708 4701 ac
736 4647 910 4701 veluti
941 4646 1224 4717 spirituali
1254 4661 1403 4715 aqua
1432 4646 1652 4715 plenos,
1686 4660 1857 4715 quam

162 4755 232 4792 ex
258 4738 438 4791 sancti
466 4737 709 4808 Spiritus
745 4736 1045 4806 profundis
1077 4735 1409 4801 hauserunt,
1445 4738 1507 4787 ut
1536 4733 1861 4786 animarum

162 4844 301 4881 arva
332 4843 396 4880 ac
444 4843 696 4897 campos,
740 4825 847 4879 hoc
880 4831 981 4889 est,
1034 4828 1097 4877 ut
1126 4822 1282 4892 ipsos
1311 4822 1627 4888 credentes,
1654 4821 1863 4891 irriga-

167 4920 318 4970 rent.

239 5004 402 5057 Vens.
464 5005 552 5056 36.
607 5032 676 5041 -
716 5004 832 5071 Ipse
882 5001 1037 5053 dabit
1088 5002 1347 5052 virtutem
1395 5002 1444 5053 et
1488 4996 1866 5063 fortitudinem

163 5092 318 5161 plebi
376 5106 485 5144 suae
542 5091 845 5145 benedictus
904 5092 1064 5144 Deus.
1119 5088 1288 5157 (Cas)
1341 5088 1539 5157 Magna
1583 5084 1867 5157 promisit,

165 5196 241 5233 ne
276 5178 406 5250 quis
438 5194 539 5248 pro
569 5179 822 5232 humana
858 5175 1194 5230 inﬁrmitate
1223 5176 1488 5245 desperet
1517 5190 1573 5227 se
1614 5174 1683 5227 ad
1712 5176 1869 5226 tanta

166 5267 414 5339 praemia
445 5266 763 5336 pervenire.

741 5409 959 5463 PSALM
970 5408 1048 5463 US
1091 5407 1313 5461 LXVIII.

248 5534 413 5587 Vens.
472 5536 519 5587 l.
561 5562 628 5573 —
677 5535 737 5587 In
769 5535 945 5601 ﬁnem.
993 5531 1179 5601 (Auc.)
1220 5531 1613 5586 Commutatus
1673 5534 1756 5581 est
1805 5545 1872 5581 ex

2032 4272 2651 4344 1nsipientiam.(AUG.)
2710 4271 2783 4323 Ex
2833 4268 3125 4323 membris.
3181 4270 3299 4335 Ve],
3347 4269 3493 4339 quod
3521 4272 3654 4324 stul-

1966 4370 2077 4420 tum
2102 4367 2181 4417 est
2233 4363 2349 4428 Dei,
2380 4361 2678 4427 sapientius
2722 4362 2800 4412 est
2860 4359 3183 4412 hominibus.
3235 4359 3394 4421 Quod
3453 4358 3511 4411 in
3565 4376 3657 4414 me

1965 4454 2292 4517 irriserunt,
2350 4450 2449 4519 qui
2489 4448 2595 4500 sibi
2658 4446 2945 4515 sapientes
2984 4446 3344 4516 videbantur,
3401 4453 3463 4501 tu
3507 4448 3659 4501 scisti

1969 4557 2144 4613 quare
2201 4539 2365 4593 ﬁeret
2420 4536 2634 4600 irrisio,
2686 4535 2917 4596 scilicet,
2984 4534 3112 4587 talis
3140 4541 3197 4587 et
3257 4551 3429 4588 mors.
3490 4538 3662 4603 (Cas)

1967 4631 2365 4697 Insipientiam.
2398 4625 2559 4687 Quod
2603 4624 2714 4676 mei
2745 4623 2933 4691 ignari
2965 4622 3083 4685 Dei,
3122 4622 3179 4676 hi
3228 4630 3361 4676 sunt
3386 4624 3484 4694 qui
3507 4639 3661 4677 com-

1973 4720 2265 4772 mutantur
2295 4714 2353 4768 in
2382 4713 2663 4782 sapientes
2687 4718 2743 4764 et
2767 4714 2969 4780 justos.

2043 4824 2189 4876 Vaas
2239 4826 2289 4874 7.
2319 4850 2386 4859 -——
2408 4823 2525 4875 Non
2546 4819 2873 4872 erubescant.
2911 4817 3093 4889 (Ibid)
3123 4818 3259 4882 Qum
3281 4818 3535 4887 solverit,
3566 4835 3661 4872 ex-

1974 4912 2163 4984 ponit;
2182 4911 2273 4964 hic
2293 4909 2544 4963 ostendit
2561 4907 2713 4977 quod
2740 4908 3003 4977 superius
3029 4908 3097 4961 de
3130 4906 3402 4961 membris
3421 4908 3661 4963 dixerat.

1973 5004 2159 5070 (Αιτῦ.)
2228 5002 2342 5053 Non
2394 4997 2723 5057 erubescant,
2782 4996 2834 5048 id
2870 5001 2972 5062 est,
3008 5012 3123 5050 non
3166 4996 3387 5049 dicatur
3416 4996 3531 5050 eis:
3563 4996 3668 5051 Ubi

1976 5094 2062 5143 est
2099 5087 2354 5143 Christus
2400 5086 2623 5137 vester?
2670 5085 2754 5137 vel
2815 5101 2926 5138 non
2962 5089 3256 5155 prematur
3306 5085 3573 5150 Ecclesia,
3607 5090 3670 5138 ut

1978 5176 2082 5230 ﬁlii
2140 5174 2496 5227 erubescant.
2558 5175 2663 5242 Qui
2716 5174 3257 5243 exspectant.(Cas.)
3316 5172 3477 5236 Quod
3527 5189 3665 5226 ocu-

1978 5265 2049 5319 lis
2080 5264 2269 5317 videre
2302 5278 2418 5314 non
2478 5266 2789 5332 potuerunt
2822 5262 3117 5331 propheta:
3148 5266 3203 5313 et
3235 5260 3395 5331 justi.
3423 5262 3502 5314 Ne
3534 5277 3669 5332 ergo

1982 5353 2145 5406 aliter
2190 5350 2415 5404 eveniat
2461 5364 2632 5418 quam
2673 5348 2919 5419 Spiritus
2959 5354 3184 5402 sanctus
3233 5365 3337 5418 per
3385 5364 3481 5401 eos
3529 5365 3673 5420 pra:-

1983 5438 2144 5502 dixit,
2178 5436 2466 5507 sequitur:
2505 5440 2639 5490 Deus
2668 5439 2950 5501 virtutum,
2985 5437 3077 5490 cui
3103 5437 3247 5491 nihil
3287 5440 3371 5491 est
3403 5435 3673 5507 impossi-

1984 5527 2113 5582 bile.
2147 5528 2290 5579 Deus
2339 5526 2524 5580 Israel.
2562 5526 2750 5595 (Auc.)
2812 5526 2880 5580 Ut
2930 5525 3028 5596 qui
3088 5526 3366 5581 Deitatem
3418 5526 3541 5597 ejus
3580 5526 3671 5580 in-
