4082 6184
356 247 458 303 947

958 243 1353 299 WALAFRIDI
1393 241 1642 297 STRABI
1681 239 1890 298 FULD.
1941 241 2107 296 non.
2150 239 2303 298 opp.
2347 240 2519 296 PARS
2556 240 2605 295 ι.
2654 270 2718 279 -
2758 225 3222 299 THEOLoeICA'.

3759 242 3865 295 948

353 367 509 424 tueri
551 371 812 440 possunt,
858 381 972 420 non
1003 365 1347 420 seducantur
1393 363 1727 418 inﬁrmitate
1758 365 1880 434 ejus
1933 379 2057 418 car-
2084 366 2131 418 Α
2170 363 2328 418 blicis
2385 365 2780 432 conventibus,
2830 366 2972 420 etin
3023 365 3298 421 conviviis
3347 367 3690 437 psallebant:
3738 367 3868 420 irri-

360 457 498 511 nali.

430 547 596 599 Vsus.
624 546 676 598 8.
735 572 804 582 —
833 544 1095 612 Quoniam
1113 544 1337 610 propter
1363 545 1410 594 te
1447 542 1687 595 sustinui
1742 540 2055 610 opprobria.

364 633 541 706 (Cas)
601 634 924 702 Congregat
967 631 1025 684 in
1058 645 1238 683 unum
1282 629 1465 683 multa
1515 645 1643 700 qua:
1689 628 1948 700 pertulit,
1989 628 2059 683 ad

363 722 639 778 invidiam
692 720 753 774 in
818 720 1044 774 Judaeos
1108 717 1497 784 excitandam;
1574 718 1941 787 opprobrium,
2001 716 2058 771 in

365 809 682 868 Beelzebub
726 807 880 880 ejicit
930 807 1238 874 dmmonia,
1297 810 1544 877 potator,
1591 821 1783 860 vorax.
1842 806 2059 877 (Matth.

360 895 464 965 ιι.)

436 985 680 1054 Operuit.
728 982 851 1058 'Hoc
883 981 1026 1034 solet
1067 980 1295 1034 evenire
1325 979 1384 1033 in
1423 979 1573 1034 bono
1621 978 1904 1045 laceratis,
1965 977 2066 1050 qui

367 1073 551 1126 solent
580 1075 738 1125 tanto
791 1069 1034 1142 amplius
1063 1069 1132 1122 ad
1169 1075 1393 1138 tempus
1446 1067 1594 1122 efﬁci
1635 1069 1823 1124 tristes
1852 1071 2066 1140 quanto

368 1166 726 1232 cognoscunt
757 1159 817 1212 in
847 1174 905 1213 se
927 1158 1124 1228 iniqua
1155 1157 1428 1227 conﬁngi.

442 1251 602 1304 Vnus.
634 1252 774 1305 6.-
803 1251 1143 1316 Peregrinus.
1179 1246 1274 1299 Vel
1304 1246 1531 1316 hospes,
1561 1245 1660 1316 qui
1689 1245 1748 1299 in
1778 1244 1948 1299 domo
1999 1244 2068 1299 ad

371 1344 601 1409 tempus
649 1336 960 1408 recipitur;
995 1351 1109 1390 non
1167 1339 1228 1388 ut
1277 1334 1452 1388 frater
1496 1333 1880 1402 charissimus,
1914 1333 2071 1404 quod

375 1443 553 1483 eram.

449 1513 613 1565 Vsus.
642 1511 725 1564 10.
760 1540 826 1548 -
883 1508 1034 1563 Zelus
1064 1507 1253 1562 domus
1285 1511 1388 1560 tux
1431 1505 1658 1560 comedit
1684 1521 1785 1561 me.
1835 1505 2072 1570 Quando

373 1598 630 1654 funiculo
664 1595 973 1650 vendentes
1015 1593 1202 1665 ejecit.
1242 1592 1387 1657 Quid
1439 1591 1612 1646 istum
1661 1592 1848 1646 zelum
1880 1592 2070 1664 sequi-

376 1693 493 1756 tur,
570 1684 901 1756 subjungit:
968 1687 1038 1740 Et
1115 1682 1407 1752 opprobria
1474 1681 1920 1751 exprobrantium
1978 1683 2079 1737 tibi

379 1774 682 1831 ceciderunt
706 1789 867 1843 super
914 1787 1014 1826 me.
1049 1771 1193 1836 Quia
1249 1768 1526 1840 increpati
1573 1769 1756 1824 Judaei
1805 1769 2077 1838 convicia,

381 1865 545 1935 quasi
576 1863 708 1927 tela,
772 1877 946 1932 super
1001 1877 1133 1916 eum
1191 1859 1494 1924 miserunt,
1527 1863 1626 1912 ut:
1685 1861 1806 1915 Non
1864 1860 1948 1913 hic
2004 1862 2082 1913 est

379 1955 525 2024 ﬁlius
555 1951 797 2022 Ioseph?
827 1953 977 2018 (Luc.
1039 1951 1139 2018 ιν.)
1171 1948 1639 2017 Exprobrentium
1679 1947 1798 2000 tibi.
1843 1945 2081 2010 Quando

381 2041 676 2095 dixerunt:
744 2037 1007 2109 Nunquid
1054 2041 1230 2107 potest
1286 2039 1422 2090 Deus
1479 2050 1683 2104 parare
1731 2049 1970 2089 mensam
2025 2035 2083 2086 in

379 2130 628 2183 deserto?
696 2127 880 2197 (Psal.
943 2127 1169 2193 Lxxvu.)
1240 2126 1351 2180 Isti
1414 2127 1542 2178 sunt
1600 2123 1683 2177 dii
1752 2124 1856 2191 tui,
1905 2123 2085 2176 Israel

386 2218 584 2287 (Exod.
621 2217 817 2288 xxxu).
870 2215 1027 2271 Unde
1074 2229 1228 2268 nunc
1275 2212 1410 2267 dicit
1455 2212 1656 2266 eadem
1697 2210 1951 2266 convicia
1991 2226 2083 2264 ca-

387 2306 521 2360 dere
579 2321 748 2376 super
795 2321 877 2368 se,
925 2319 1056 2375 quae
1115 2301 1252 2356 olim
1284 2300 1728 2372 exprobrabant,
1761 2305 1824 2354 ut
1852 2315 1918 2353 ex
1947 2315 2082 2352 con-

390 2393 693 2449 suetudine
744 2393 922 2463 impia
976 2391 1170 2446 videas
1217 2406 1315 2445 eos
1370 2395 1428 2445 et
1477 2406 1591 2445 non
1619 2389 1842 2444 noviter
1865 2389 1972 2445 hoc
1998 2389 2087 2444 fe-

391 2498 554 2538 61556.

461 2569 798 2629 Ceciderunt.
833 2568 1014 2640 (ὼε.)
1066 2569 1286 2624 Cadunt
1315 2582 1488 2638 super
1523 2583 1628 2621 nos
1655 2566 1826 2634 mala,
1860 2567 2089 2638 quando

389 2677 506 2718 nou
541 2675 850 2731 possumus
899 2658 1077 2712 vitare
1122 2658 1252 2712 illa:
1310 2657 1614 2712 ceciderunt
1667 2655 1866 2726 igitur,
1901 2656 1956 2710 id
1982 2661 2086 2724 est,

391 2751 655 2806 effectum
686 2749 1035 2803 habuerunt.

463 2839 626 2892 Vnus.
682 2839 766 2892 11.
826 2865 896 2876 —-
949 2838 1021 2890 Et
1075 2836 1264 2904 operui
1314 2835 1373 2888 in
1435 2833 1669 2903 jejunio,
1745 2837 1851 2889 etc.
1901 2833 2090 2904 (Auc.)

2169 453 2253 508 sio
2333 469 2462 509 mea
2523 457 2644 508 erat
2713 454 3071 524 psalterium.
3151 455 3259 520 Qui
3334 455 3586 509 bibebant
3659 456 3866 508 vinum.

2172 541 2355 607 (AUG.)
2417 541 2525 605 Qui
2595 540 2954 594 inebriantur
3013 541 3316 610 temporali
3363 543 3683 611 voluptate.
3753 542 3872 605 Vel,

2173 627 2300 699 (αλδ
2338 629 2359 698 )
2388 628 2444 683 in
2492 630 2670 683 Deum
2707 628 2989 697 probabili
3019 645 3192 700 opere
3242 629 3507 700 psallunt,
3542 630 3642 701 qui
3670 631 3867 684 vinum

2173 717 2469 788 spirituale
2501 717 2722 771 bibliht.

2246 807 2406 860 Vsus.
2436 807 2521 860 14.
2571 835 2633 845 -
2664 807 2788 875 Ego
2822 822 2961 860 vero.
2990 806 3164 877 (ολδ.)
3197 806 3485 860 Ρτωόὶοιίε
3509 807 3672 860 malis
3695 823 3878 877 oppo-

2175 894 2278 949 sita
2308 897 2394 948 est
2438 893 2619 948 oratio
2649 908 2755 964 pro
2784 899 2946 964 parte
2973 909 3096 962 sua,
3130 898 3195 947 ut
3246 894 3530 948 discamus
3584 911 3700 947 non
3731 896 3880 948 rixas

2177 983 2277 1038 sed
2305 982 2591 1037 orationes
2635 998 2927 1052 opponere
2979 981 3204 1052 jurgiis.
3243 985 3468 1052 Tempus
3520 983 3871 1051 beneplaciti.

2176 1073 2367 1142 (AUG.)
2391 1072 2522 1124 ldeo
2543 1086 2696 1124 nunc
2720 1073 2802 1123 est
2829 1074 3038 1138 tempus
3058 1070 3882 1139 beneplacitietreconciliatio-

2179 1161 2268 1215 nis
2295 1175 2395 1231 per
2425 1159 2898 1226 incarnationem,
2941 1175 3044 1229 per
3073 1159 3433 1229 sanguinem,
3464 1175 3565 1228 per
3606 1165 3883 1224 mortem;

2179 1248 2383 1303 deinde
2424 1247 2717 1317 quomodo
2770 1247 2878 1300 hoc
2928 1251 3155 1317 tempus
3214 1248 3558 1318 provenerit,
3611 1248 3885 1316 exponit:

2184 1340 2242 1393 1n
2298 1337 2646 1391 multitudine
2703 1336 3102 1408 misericordiae.
3165 1339 3228 1392 In
3282 1339 3534 1392 veritate.
3599 1335 3884 1390 Praemisit

2181 1425 2250 1480 de
2282 1422 2682 1490 misericordia,
2716 1437 2867 1476 nunc
2896 1422 3194 1493 subjungit
3221 1423 3290 1476 de
3318 1428 3559 1485 veritate.
3589 1422 3729 1492 quia
3759 1426 3887 1475 uni—

2181 1529 2348 1568 versa
2397 1515 2498 1568 viae
2548 1511 2923 1566 misericordia
2980 1516 3031 1566 et
3084 1515 3287 1566 veritas
3345 1511 3760 1577 misericordia,
3792 1511 3890 1565 di-

2185 1601 2467 1656 mittendo
2495 1604 2750 1671 peccata;
2785 1599 3011 1667 veritas,
3046 1601 3335 1656 reddendo
3365 1600 3670 1671 promissa.

2259 1690 2421 1744 Vnus.
2459 1691 2541 1743 15.
2595 1718 2657 1728 -
2693 1690 2760 1744 Ut
2806 1704 2914 1744 non
2968 1689 3190 1759 inﬁgar.
3238 1689 3425 1760 (Αυδ.)
3478 1691 3683 1757 Mente,
3719 1705 3895 1760 supra

2189 1777 2330 1832 dixit
2381 1777 2624 1832 infixum
2671 1793 2946 1848 corpore;
3009 1777 3218 1832 dicitur
3263 1780 3374 1832 hoc
3436 1784 3492 1832 et
3551 1778 3892 1833 infirmitate

2190 1866 2604 1922 membrorum.
2642 1867 2720 1920 De
2761 1867 2893 1933 luto,
2941 1865 3000 1920 id
3057 1872 3160 1930 est,
3217 1867 3420 1920 lutosis
3449 1867 3770 1920 desideriis.
3823 1870 3892 1921 De

2185 1955 2482 2026 profundis
2533 1970 2821 2023 aquarum.
2886 1954 3057 2024 (ϐίω.)
3104 1954 3288 2009 Judazi
3346 1955 3706 2025 malignitate
3755 1972 3892 2009 con-

2192 2043 2304 2097 silii
2333 2043 2605 2114 profundi
2639 2047 2794 2110 sunt,
2827 2042 3206 2097 seditionibus
3227 2043 3566 2097 turbulenti.

2263 2133 2423 2186 Vaas.
2506 2134 2588 2185 16.
2657 2161 2726 2170 —
2793 2131 3153 2198 Profundum.
3230 2132 3400 2199 (αλδ.)
3483 2132 3880 2196 Peccatorum,

2193 2220 2348 2290 quod
2372 2218 2617 2290 deglutit
2663 2218 2908 2286 animas;
2971 2219 3151 2273 unde:
3214 2220 3468 2273 Peccator
3518 2235 3642 2273 cum
3690 2223 3891 2274 venerit

2195 2312 2252 2363 in
2290 2308 2628 2378 profundum
2686 2311 3051 2376 peccatorum,
3124 2310 3413 2362 contemnit
3471 2309 3659 2373 (Prov.
3719 2309 3886 2368 xvm).

2197 2395 2325 2448 Haec
2363 2394 2618 2463 pericula
2646 2394 2918 2448 membris
2945 2395 3068 2465 ejus
3110 2395 3435 2450 imminent.
3468 2397 3654 2464 Neque
3706 2401 3893 2464 urgeat

2196 2497 2359 2552 super
2377 2498 2478 2549 me,
2510 2487 2614 2537 etc.
2675 2482 2862 2553 (AUG.)
2922 2484 2986 2537 Et
3018 2483 3064 2538 si
3099 2484 3368 2549 cecidisti,
3406 2501 3524 2539 non
3565 2484 3785 2538 claudit
3809 2501 3868 2537 su

2197 2587 2302 2641 per
2325 2575 2381 2624 te
2409 2576 2614 2640 puteus
2646 2587 2708 2624 os
2750 2587 2940 2637 suum,
2965 2571 3012 2625 si
3043 2589 3158 2625 non
3190 2572 3406 2626 claudis
3450 2589 3512 2624 os
3571 2579 3737 2626 tuum
3766 2589 3781 2638 ;
3807 2574 3899 2627 sed

2199 2658 2470 2714 conﬁtere
2510 2664 2566 2712 et
2612 2659 2732 2713 dic:
2767 2662 2842 2713 De
2895 2660 3194 2729 profundis
3231 2661 3489 2714 clamavit
3509 2660 3584 2714 ad
3611 2666 3683 2725 tc,
3723 2664 3902 2714 Domi-

2197 2763 2282 2813 ne,
2325 2753 2382 2801 et
2415 2747 2636 2802 evades.
2669 2747 2894 2802 Claudit
2923 2764 3094 2819 super
3144 2748 3329 2815 illum,
3388 2748 3489 2819 qui
3517 2748 3578 2803 in
3609 2749 3904 2818 profundo

2201 2835 2540 2906 contemnit,
2592 2853 2624 2891 a
2677 2852 2791 2907 quo
2847 2841 3095 2903 mortuo,
3145 2836 3300 2891 velut
3343 2836 3445 2908 qui
3476 2853 3589 2891 non
3630 2837 3725 2904 sit,
3756 2839 3915 2908 perit

393 2925 670 2996 Praaelegi
711 2925 975 2996 jejunare
1023 2923 1214 2995 potius
1262 2939 1437 2992 quam
1494 2922 1566 2976 fel
1599 2927 1656 2977 et
1691 2927 1916 2977 acetum
1947 2922 2089 2976 acci-
2122 2925 2164 2982 C
2200 2923 2496 2979 confessio.

394 3031 560 3088 pere;
589 3015 646 3069 id
678 3019 781 3082 est,
810 3017 1028 3068 veteres
1055 3016 1113 3066 et
1168 3028 1410 3079 amaros,
1469 3011 1568 3082 qui
1601 3027 1714 3066 non
1761 3011 1979 3066 intrant
2029 3011 2092 3066 in

395 3118 599 3174 corpus
640 3102 782 3173 ejus.
837 3101 1018 3172 (CAS.)
1065 3103 1136 3156 Et
1183 3103 1388 3170 operui.
1451 3101 1571 3154 Non
1603 3100 1829 3154 exercui
1885 3105 2090 3171 poten-

395 3191 538 3246 tiam
567 3190 930 3245 vindicando.
983 3192 1055 3244 Et
1081 3192 1288 3255 factum
1333 3193 1431 3256 est,
1465 3188 1618 3259 quod
1647 3188 1834 3259 patuit
1858 3188 1917 3242 in
1949 3203 2091 3258 spu-

395 3279 582 3346 tis,in
612 3279 984 3348 opprobrium.
1029 3277 1216 3346 (Auo.)
1279 3274 1712 3329 Detrahentium
1768 3281 1826 3330 et
1876 3276 2093 3331 deriso-

399 3381 530 3420 rum
543 3405 560 3421 .

473 3454 633 3507 Vsus.
671 3455 754 3506 12.
795 3482 864 3494 -
911 3454 982 3508 Et
1024 3453 1203 3522 posui.
1239 3450 1426 3522 (Aua.)
1482 3450 1598 3505 Illis
1631 3467 1860 3507 carnem
1919 3469 2096 3524 appo-

404 3540 515 3603 sui,
541 3541 600 3594 in
631 3556 801 3610 quam
832 3540 1118 3606 saevirent,
1161 3545 1216 3594 et
1247 3539 1469 3594 occului
1498 3540 1795 3595 Deitatem.
1825 3542 2091 3598 Ciliciam.

403 3629 599 3700 (AUG.,
654 3628 840 3700 Htsa.)
873 3629 1120 3684 Mortalis
1146 3645 1296 3696 caro,
1354 3633 1414 3682 ut
1443 3629 1512 3683 de
1538 3630 2099 3700 peccatodamnaret

401 3719 717 3789 peccatum.

477 3804 746 3870 Ciliciam,
784 3805 1044 3876 lugubris
1085 3822 1236 3873 caro,
1278 3811 1341 3860 ut
1371 3807 1600 3877 quando
1633 3805 1789 3862 ﬂevit
1811 3823 1984 3879 super
2007 3808 2097 3863 Je-

403 3894 653 3949 rusalem
680 3893 828 3966 (Luc.
855 3894 988 3965 XIX),
1015 3899 1071 3949 et
1091 3911 1194 3965 pro
1227 3895 1435 3949 Lazaro
1459 3897 1629 3959 (Joan.
1661 3898 1759 3963 xu).

478 3982 538 4036 In
578 3983 918 4051 parabolam.
952 3982 1139 4052 (Ave,
1180 3983 1373 4051 Hum.)
1408 3982 1740 4049 lrrisoriam,
1777 3986 1842 4038 ut
1869 3982 2104 4038 cuilibet

407 4069 818 4132 maledicendo,
889 4071 1182 4126 dicerent:
1257 4071 1348 4126 Sic
1425 4069 1719 4142 contingat
1787 4074 1852 4126 ut
1913 4071 2101 4126 cruci-

405 4156 542 4211 ﬁxo.
571 4158 690 4224 Vel,
726 4157 861 4229 quia
890 4159 1191 4229 parabolas
1240 4175 1337 4214 eos
1368 4159 1674 4226 docebam;
1716 4160 1895 4214 unde:
1934 4161 2097 4216 Vobis

407 4243 598 4299 datum
618 4250 697 4300 est
722 4261 875 4302 nosse
897 4250 1214 4316 mysterium
1269 4247 1433 4302 Verbi
1460 4249 1574 4315 Dei,
1600 4251 1808 4303 exteris
1834 4254 2013 4304 autem
2039 4252 2097 4305 in

401 4333 707 4404 parabolis.
736 4335 802 4387 Et
819 4338 955 4388 tunc
982 4334 1280 4388 adversum
1303 4350 1394 4388 me
1415 4334 1815 4404 loquebantur.

483 4421 644 4476 Vsus.
707 4424 792 4476 13.
847 4452 916 4461 —
968 4423 1076 4487 Qui
1126 4421 1406 4477 sedebant.
1467 4422 1642 4494 (CAS.)
1690 4423 1755 4477 In
1809 4429 1978 4496 porta
2017 4442 2104 4480 se-

410 4509 567 4576 dent,
627 4507 728 4580 qui
779 4509 1156 4564 conventibus
1195 4509 1493 4563 hominum
1537 4510 1733 4565 sedula
1777 4512 2104 4568 curiositate

412 4596 743 4652 miscentur.
806 4597 954 4652 Dicit
1000 4614 1136 4669 ergo
1187 4597 1511 4668 passionem
1567 4614 1731 4653 suam
1774 4600 2105 4656 Judeeorum

413 4701 533 4741 esse
565 4685 838 4754 fabulam,
890 4691 955 4740 ut
981 4687 1174 4740 nullus
1220 4686 1595 4756 exciperetur,
1633 4685 1734 4757 qui
1771 4686 2107 4759 hujusmodi

417 4773 722 4828 locutionis
751 4777 898 4828 esset
954 4774 1200 4840 alienus;
1251 4774 1404 4828 unde
1460 4773 1735 4844 Cleophas
1766 4775 1868 4830 ait:
1906 4779 1986 4831 Tu
2025 4793 2108 4834 so-

415 4863 498 4917 lus
519 4864 837 4932 peregrinus
869 4877 923 4918 es
967 4865 1027 4918 in
1063 4863 1391 4930 Jerusalem,
1423 4867 1474 4917 et
1521 4861 1762 4931 ignoras,
1815 4867 1919 4919 etc.
1953 4865 2102 4934 (Luc.

416 4951 654 5021 Lxxxiv).

487 5042 549 5095 In
571 5045 754 5110 porta.
801 5039 1076 5096 Civitatis:
1136 5039 1236 5095 ubi
1277 5039 1459 5094 solent
1503 5037 1727 5109 judices
1786 5041 1980 5097 sedere
2036 5043 2106 5098 ad

407 5127 746 5205 judicandas
775 5144 992 5197 causas,
1025 5128 1085 5182 id
1115 5132 1199 5182 est
1223 5127 1284 5182 in
1312 5127 1538 5199 publico
1561 5126 1796 5197 judicio.

483 5215 770 5288 (ΗιειιοΝ.)
829 5217 984 5273 Sicut
1017 5217 1226 5272 Scribee
1274 5221 1330 5271 et
1375 5213 1645 5270 Pharisaei
1684 5216 1958 5273 habentes
1993 5219 2104 5274 cla-

413 5321 541 5359 vem
571 5304 849 5361 scientias:
899 5306 1000 5362 sed
1053 5323 1157 5362 nec
1204 5306 1502 5372 intrantes,
1542 5321 1647 5360 nec
1691 5308 1835 5362 alios
1893 5307 2106 5364 intrare

416 5392 689 5448 sinentes.

482 5482 565 5538 Et
593 5484 653 5538 in
682 5499 764 5538 me
785 5485 1112 5555 psallebant.
1171 5484 1341 5557 (ωε.)
1394 5486 1473 5541 De
1510 5500 1603 5542 me
1645 5484 1877 5541 aiebant
1904 5483 1966 5541 in
1995 5502 2104 5558 pu-

2272 3015 2432 3068 Vsas.
2496 3017 2575 3068 l7.
2633 3041 2706 3055 —
2767 3012 3005 3067 Exaudi
3081 3029 3179 3077 me,
3231 3015 3466 3079 Domine,
3555 3017 3664 3067 etc.
3735 3014 3910 3081 (Cas.)

2204 3099 2476 3155 Periculis
2505 3099 2809 3153 hominum
2851 3098 3140 3170 expositis,
3174 3115 3306 3153 voce
3356 3115 3555 3153 eorum
3606 3107 3911 3170 precatur:

2204 3187 2428 3246 Exaudi
2467 3203 2568 3252 me,
2616 3188 2863 3255 Domine,
2923 3189 3058 3257 quia
3087 3187 3319 3255 benigna
3358 3188 3764 3255 misericordia,
3793 3205 3915 3242 non

2204 3279 2340 3350 quia
2395 3276 2599 3332 merui.
2657 3276 2929 3345 Benigno.
2993 3276 3178 3348 (AUG.)
3235 3276 3432 3332 Suavis
3488 3281 3574 3331 est
3629 3277 3916 3331 tribulato

2203 3365 2616 3432 misericordia,
2667 3370 2732 3418 ut
2786 3365 2952 3435 panis
3019 3365 3317 3419 esurienti.
3366 3365 3532 3419 Venit
3573 3365 3911 3431 tribulatio;

2201 3456 2391 3512 differt
2449 3455 2595 3508 Deus
2644 3453 2968 3520 subvenire,
3039 3457 3102 3506 ut
3153 3457 3376 3507 moveat
3422 3453 3792 3519 desiderium,
3852 3461 3917 3508 et

2204 3545 2278 3599 sit
2314 3543 2476 3598 dulce
2506 3542 2810 3610 auxilium;
2845 3543 3000 3614 quod
3053 3557 3184 3597 cum
3229 3541 3312 3608 fit,
3363 3542 3488 3614 jam
3518 3558 3632 3596 non
3675 3547 3760 3596 est
3791 3559 3913 3614 quo

2207 3633 2447 3690 differat.

2277 3723 2440 3777 Vens.
2480 3723 2564 3776 18.
2591 3751 2660 3761 —-
2692 3721 2742 3776 Α
2796 3735 2982 3790 puero,
3017 3723 3124 3775 etc.
3157 3718 3342 3790 (AUG.)
3389 3717 3642 3790 quolibet
3683 3722 3910 3786 sancto,

2207 3827 2403 3883 parvo,
2435 3825 2551 3864 non
2597 3809 2874 3880 superbo;
2927 3825 2958 3862 a
3005 3824 3118 3880 quo
3165 3806 3492 3878 superbiam
3549 3806 3700 3861 tollit
3744 3805 3913 3860 disci-

2210 3901 2369 3972 plina
2393 3897 2806 3954 tribulationis.

2280 3990 2440 4042 Vsas.
2469 3991 2552 4042 19.
2587 4017 2653 4026 -—
2693 3989 2917 4055 Propter
2973 3987 3239 4052 inimicos,
3288 3988 3396 4038 etc.
3435 3984 3614 4052 (Auo.)
3670 3985 3739 4038 Ut
3771 3999 3914 4038 cou-

2209 4074 2524 4129 fundantur
2563 4073 2897 4127 liberatione
2927 4089 3074 4141 mea,
3115 4078 3247 4141 etc°,
3295 4087 3466 4140 usque
3500 4071 3576 4126 ad
3605 4071 3759 4124 unde
3790 4072 3915 4142 ipse

2214 4161 2738 4217 Nabuchodonosor
2793 4176 3100 4215 conversus
3131 4162 3310 4214 Deum
3356 4159 3646 4230 praedicat.
3685 4161 3916 4228 Propter

2208 4253 2470 4306 inimicos.
2507 4249 2632 4322 (10.)
2684 4252 2799 4304 Hoc
2836 4250 2904 4304 ad
2945 4254 3222 4321 apertam,
3261 4253 3321 4302 ut
3371 4265 3502 4302 caro
3547 4254 3830 4318 resurgat,
3861 4254 3917 4302 et

2211 4339 2521 4393 ascendens
2587 4337 2852 4408 spiritum
2908 4337 3129 4404 mittat;
3163 4336 3319 4391 unde
3377 4335 3596 4390 inimici
3652 4338 3914 4391 conversi

2213 4432 2367 4494 sunt,
2391 4426 2601 4499 quibus
2648 4442 2766 4481 non
2797 4425 3070 4497 proderit,
3103 4424 3150 4479 si
3209 4425 3387 4479 solam
3420 4424 3673 4479 animam
3705 4425 3910 4480 libera-

2212 4516 2360 4571 veris
2372 4556 2388 4572 .

2284 4606 2444 4659 Vsus.
2479 4605 2568 4659 20.
2597 4633 2665 4646 —
2695 4608 2780 4659 Tu
2807 4607 2914 4659 scis
2944 4606 3362 4674 improperium.
3392 4602 3522 4674 (In)
3557 4603 3705 4668 Quia
3737 4619 3914 4675 quare

2214 4693 2329 4748 sint
2374 4693 2483 4748 ista
2511 4692 2673 4760 mihi,
2732 4697 2796 4748 tu
2825 4692 2998 4760 nosti,
3058 4692 3143 4746 illi
3204 4708 3317 4746 non
3359 4695 3595 4746 norunt.
3656 4693 3725 4746 Et
3780 4692 3915 4763 quia

2213 4782 2325 4854 ipsi
2351 4781 2409 4836 in
2439 4785 2748 4853 conspectu
2794 4785 2892 4836 tuo
2921 4784 3072 4846 sunt,
3103 4781 3210 4834 ista
3239 4780 3554 4834 nescientes
3583 4796 3702 4834 non
3747 4787 3914 4852 pote—

2215 4875 2352 4924 runt
2380 4869 2652 4924 confundi
2710 4869 2798 4924 vel
2855 4868 3083 4939 corrigi,
3124 4867 3237 4922 nisi
3286 4867 3585 4922 manifeste
3624 4883 3816 4922 eruas.
3852 4869 3916 4922 Et

2214 4957 2344 5014 ideo
2401 4957 2506 5012 ait:
2563 4960 2787 5028 Propter
2841 4960 3106 5012 inimicos.
3166 4957 3301 5027 (Ῑυ.)
3359 4959 3778 5026 lmproperium,
3829 4956 3914 5010 vel

2215 5045 2614 5116 opprobrium,
2646 5049 2776 5110 etc.,
2808 5061 2976 5114 usque
3022 5045 3096 5099 ad
3143 5045 3240 5100 sed
3268 5045 3589 5115 adjuvando
3635 5045 3912 5115 perﬁciat.

2217 5135 2600 5190 Reverentiam.
2659 5135 2779 5202 (Ιο.)
2820 5133 2933 5188 Alii
2982 5133 3381 5204 ignominiam,
3431 5137 3497 5186 ut
3549 5133 3768 5204 alapas,
3825 5136 3915 5188 ﬂa-

2213 5222 2384 5291 gella,
2417 5226 2474 5276 et
2501 5222 2653 5293 quod
2679 5221 2857 5276 Pilato
2898 5227 3172 5293 tanquam
3202 5237 3334 5276 reus
3357 5220 3603 5275 traditus
3639 5227 3755 5276 est:
3799 5222 3909 5276 haec

2214 5327 2330 5365 non
2377 5326 2483 5382 pro
2530 5326 2633 5364 suo
2681 5313 2860 5375 reatu,
2923 5309 3022 5364 sed
3072 5325 3179 5380 pro
3224 5308 3388 5363 nobis
3437 5308 3741 5378 sustinuit,
3774 5309 3906 5364 utin

2215 5399 2422 5454 talibus
2443 5415 2543 5453 uos
2567 5399 2902 5454 instrueret.

2284 5487 2446 5542 Vnus.
2477 5491 2566 5543 21.
2599 5517 2670 5527 —
2697 5488 2770 5544 In
2823 5490 3107 5559 conspectu
3153 5491 3263 5542 tuo.
3317 5485 3496 5558 (Cas)
3550 5487 3907 5544 lnvidiamex
