4020 6184
178 256 276 310 949
1271 255 1528 313 GLOSSA
1573 254 1982 313 ORDINABIA.
2029 286 2099 298 —
2144 257 2272 314 LIB.
2323 261 2563 317 PSALM.

3579 265 3688 320 950

175 378 308 432 citat
371 380 571 431 contra
626 392 744 444 eos,
792 380 857 431 ut
912 379 1137 432 tantum
1195 378 1378 433 scelus
1430 384 1711 450 praesente
1764 381 1877 434 Deo
1909 381 1956 434 Α
1995 381 2204 435 mentis
2235 382 2473 437 affectu:
2505 382 2576 436 ad
2608 382 2809 437 domos
2864 381 3132 451 habitare,
3195 382 3348 455 quod
3386 383 3453 439 fit
3481 399 3681 457 corpo-

175 467 622 522 committerent.

242 576 347 630 Cor
373 589 568 628 meum.
600 572 746 638 Quia
772 573 1067 628 voluntate
1105 573 1400 643 sustinuit,
1444 575 1759 629 secundum
1798 575 1876 629 il-

178 664 307 718 lud:
342 662 632 718 Desiderio
680 662 991 717 desideravi
1033 664 1129 718 hoc
1171 664 1379 733 pascha
1407 663 1740 718 manducare
1782 679 1869 718 vo-

178 753 398 808 biscum.

242 860 413 913 Vens.
460 862 549 912 21.
600 888 669 897 --—
711 858 819 923 Qui
854 858 1018 912 simul
1042 860 1474 924 contristaretur,
1511 863 1561 912 et
1588 874 1694 912 non
1722 861 1873 927 fuit;

178 952 226 1001 et
254 950 353 1016 qui
382 948 766 1012 consolaretur,
819 949 870 999 et
902 961 1007 1000 non
1064 948 1262 1001 inveni.
1298 947 1484 1017 (Αυσ.)
1544 947 1873 1002 Contristati

178 1041 311 1090 sunt
346 1035 608 1105 discipuli
660 1040 718 1089 et
775 1034 1065 1097 mulieres,
1112 1052 1239 1105 quae
1272 1052 1444 1107 super
1472 1052 1601 1089 eum
1637 1037 1870 1103 fiebant,

177 1125 269 1178 sed
302 1140 423 1177 non
471 1124 661 1177 simul.
708 1122 1024 1177 Carnaliter
1083 1124 1237 1177 enim
1292 1124 1772 1178 contristabantur
1802 1126 1873 1180 de

176 1212 290 1265 vita
343 1210 592 1276 mortali,
639 1226 767 1281 quae
823 1215 945 1263 erat
996 1212 1267 1265 mutanda
1299 1218 1501 1278 morte,
1538 1229 1666 1267 cum
1700 1214 1871 1267 debe-

175 1305 304 1354 rent
335 1316 465 1354 cum
496 1316 561 1353 eo
594 1298 917 1353 contristari
950 1300 1018 1354 de
1050 1301 1292 1367 caeteris,
1327 1302 1428 1373 qui
1456 1302 1742 1357 medicum
1772 1319 1872 1357 oc-

174 1389 464 1457 cidebant,
496 1388 652 1459 quod
680 1404 851 1442 nemo
880 1392 1018 1442 tunc
1056 1389 1205 1443 fecit.

242 1495 408 1547 Vens.
436 1523 506 1534 —
546 1496 641 1548 22.
689 1525 758 1532 —
810 1497 879 1549 Et
926 1494 1189 1549 dederunt
1227 1498 1285 1550 in
1327 1511 1500 1550 escam
1546 1512 1719 1550 meam
1773 1498 1869 1564 fel,

169 1588 218 1637 et
250 1585 310 1636 in
341 1585 438 1637 siti
481 1598 600 1637 mea
626 1586 951 1652 potaverunt
978 1599 1057 1636 me
1086 1588 1257 1637 aceto.
1317 1586 1503 1654 (Aea)
1535 1585 1697 1649 Quod
1752 1602 1869 1639 non

168 1671 364 1725 inveni
406 1671 577 1726 simul
630 1671 817 1725 tristes
875 1676 929 1725 et
983 1672 1362 1740 consolantes,
1405 1672 1513 1727 hoc
1562 1674 1669 1727 fuit
1722 1674 1866 1728 mihi

168 1760 239 1813 fel
274 1776 535 1813 amarum
566 1764 800 1830 propter
834 1758 1177 1814 maerorem.

237 1870 493 1933 Acetum,
528 1870 631 1921 etc.
688 1867 747 1921 Id
802 1872 906 1935 est,
952 1868 1201 1933 acidum,
1247 1872 1483 1940 propter
1531 1874 1870 1925 vetustatem

171 1971 395 2009 eorum.
434 1956 666 2027 Legitur
692 1956 753 2010 in
782 1956 1089 2027 Evangelio
1127 1958 1204 2012 fel
1247 1957 1299 2011 ei
1342 1958 1617 2023 oblatum,
1666 1959 1764 2013 sed
1811 1959 1871 2013 in

172 2050 335 2114 potu,
366 2059 483 2098 non
510 2044 570 2097 in
600 2060 743 2098 esca.
782 2044 1008 2115 Mystice
1036 2060 1174 2115 ergo
1204 2045 1433 2108 dicitur,
1473 2045 1531 2099 id
1562 2050 1668 2115 est,
1700 2062 1872 2117 super

173 2148 362 2186 escam
393 2148 626 2186 suavem
658 2148 831 2203 quam
887 2148 1018 2187 cum
1071 2132 1365 2203 discipulis
1397 2140 1707 2205 acceperat,
1741 2151 1870 2205 quae

172 2226 261 2274 est
291 2236 418 2274 esca
445 2221 676 2275 unitatis
714 2221 944 2287 Christi,
993 2221 1317 2291 injecerunt
1344 2222 1451 2277 fel:
1488 2223 1645 2294 quod
1688 2223 1871 2278 adhuc

172 2308 344 2363 hodie
387 2310 539 2375 facit,
595 2315 653 2365 et
700 2310 929 2381 gravius
984 2316 1180 2381 peccat
1221 2315 1580 2382 contemptor
1623 2312 1871 2366 sedentis

170 2398 234 2451 in
264 2398 428 2465 cmlo,
466 2414 639 2469 quam
692 2398 794 2469 qui
832 2398 1112 2453 cruciﬁxit
1155 2399 1544 2454 ambulantem
1596 2401 1655 2453 in
1695 2405 1864 2455 terra.

174 2488 321 2541 Dant
351 2486 665 2542 bibendum
713 2503 973 2541 amarum
1004 2492 1223 2559 potum,
1283 2488 1383 2558 qui
1437 2490 1585 2543 male
1629 2488 1869 2544 vivendo

172 2575 503 2629 scandalum
535 2575 755 2629 faciunt
787 2576 1069 2638 Ecclesiae,
1109 2580 1168 2629 ut
1200 2576 1475 2631 haeretici.

248 2682 500 2737 Gustavit
578 2681 874 2747 Dominus,
934 2682 1141 2737 docens
1201 2687 1259 2736 et
1334 2698 1438 2736 nos
1491 2688 1741 2753 gustare,
1813 2682 1870 2737 id

179 2772 279 2834 est,
310 2769 427 2839 pati
456 2770 599 2823 tales
624 2786 636 2823 :
675 2768 772 2823 sed
802 2784 918 2822 non
953 2768 1116 2834 bibit,
1150 2768 1287 2839 quia
1317 2785 1431 2823 non
1460 2776 1695 2840 possunt
1728 2770 1869 2823 tales

177 2855 239 2908 in
292 2871 515 2927 corpus,
565 2858 687 2927 ejus
730 2856 928 2927 recipi.
979 2856 1205 2926 Mystice
1266 2873 1403 2927 ergo
1448 2858 1555 2912 hoc
1610 2858 1869 2929 praedici-

173 2952 285 3012 tur,
318 2945 463 3000 sicut
488 2950 546 2999 et
576 2945 809 3016 mystice
835 2946 1047 3000 factum
1079 2951 1164 3000 est
1182 2946 1243 3000 in
1271 2946 1554 3016 passione.

245 3035 419 3104 (st.)
450 3035 530 3089 Et
564 3035 844 3089 dederunt.
894 3036 1023 3089 Haec
1071 3040 1159 3089 est
1199 3037 1614 3091 consummatio
1649 3037 1867 3107 passio-

172 3123 452 3189 nis;cum
482 3123 750 3193 dixisset:
786 3125 943 3189 Sitio,
994 3124 1071 3177 fel
1115 3140 1245 3177 cum
1298 3133 1455 3178 aceto
1514 3125 1864 3192 obtulerunt,

168 3211 282 3265 hoc
309 3211 460 3266 facto
492 3227 683 3265 mores
712 3227 842 3265 suos
862 3211 1251 3265 amarissimos
1279 3212 1614 3267 indicantes.

244 3318 431 3372 Vens.
460 3319 546 3371 23.
577 3346 646 3356 —
675 3319 797 3372 Fiat
824 3332 1027 3372 mensa.
1064 3317 1247 3387 (Cas.)
1305 3318 1614 3388 Prophetia
1670 3321 1868 3372 contra

170 3404 553 3459 adversarios.
596 3405 785 3476 (Αυδ.)
846 3407 980 3460 Fiat
1026 3421 1228 3461 mensa.
1282 3408 1489 3473 Mensa,
1539 3407 1864 3477 Scriptura:

171 3494 321 3547 hanc
339 3493 521 3548 Judaei
545 3494 892 3561 habuerunt,
916 3495 1055 3549 dum
1069 3496 1401 3549 mandatum
1419 3496 1518 3550 Dei
1534 3498 1863 3563 coluerunt;

171 3587 475 3653 postquam
510 3599 541 3635 a
572 3582 698 3650 lege
723 3583 909 3654 jejuni
941 3588 1095 3649 sunt,
1125 3584 1246 3637 hac
1284 3600 1482 3639 mensa
1504 3600 1699 3640 coram
1731 3585 1867 3656 ipsis

168 3670 437 3742 gentibus
467 3671 598 3726 data
629 3677 734 3741 est,
772 3676 839 3725 ut
867 3672 1094 3742 gravius
1124 3672 1402 3727 dolerent.

238 3781 305 3833 In
329 3780 598 3847 laqueum.
633 3779 703 3833 Ut
728 3778 829 3850 qui
878 3779 1070 3834 littera
1122 3779 1263 3850 legis
1295 3780 1439 3834 alios
1491 3779 1865 3850 stringebant,

164 3868 229 3922 in
278 3883 344 3921 ea
375 3866 613 3938 obligati
672 3868 954 3922 caderent.
1006 3871 1067 3923 In
1107 3869 1502 3922 retributiones.
1569 3869 1710 3932 Quia
1754 3868 1867 3921 illis

163 3957 378 4022 ablata,
417 3959 473 4009 et
526 3956 792 4027 gentibus
849 3957 997 4011 data.
1058 3958 1325 4011 Malorum
1378 3955 1486 4010 fuit
1542 3956 1862 4023 retributio,

164 4046 310 4100 dum
357 4045 618 4098 nolentes
655 4045 716 4098 in
754 4061 820 4099 ea
866 4046 1110 4115 epulari,
1148 4046 1219 4099 ab
1274 4060 1341 4098 ea
1377 4048 1509 4098 sunt
1537 4045 1768 4098 exclusi.
1802 4047 1865 4099 In

162 4133 516 4190 scandalum.
568 4133 713 4197 Quia
763 4134 1089 4187 deserentes
1156 4136 1312 4203 pacis
1364 4136 1672 4198 auctorem,
1718 4133 1863 4186 rixas

164 4222 281 4276 sibi
310 4227 367 4276 et
391 4238 564 4293 prava
592 4238 768 4292 opera
807 4222 1119 4276 concitant.

245 4330 406 4381 Vens.
459 4330 545 4383 24.
576 4358 645 4369 -
678 4330 850 4386 Oculi.
903 4328 1095 4399 (Auc.)
1138 4330 1402 4382 Doctores
1443 4326 1541 4398 qui
1572 4332 1857 4397 praeeunt.

163 4416 556 4482 Obscurentur,
591 4415 646 4469 id
675 4431 777 4482 εει,
816 4416 1011 4470 lumen
1044 4416 1290 4469 scientiae
1320 4415 1579 4486 perdant.
1630 4417 1699 4469 Et
1738 4415 1865 4468 dor-

160 4520 290 4558 sum
320 4518 521 4568 eorum,
577 4507 681 4558 etc.
734 4504 797 4559 Id
850 4510 954 4571 est,
990 4505 1258 4559 minores.
1296 4504 1437 4558 Cum
1466 4503 1618 4557 enim
1670 4504 1864 4557 lumen

159 4590 421 4645 scientia:
452 4591 700 4660 perdunt
724 4592 823 4662 qui
869 4596 1148 4662 praeeunt,
1183 4593 1253 4647 ad
1292 4592 1576 4663 portanda
1607 4596 1863 4662 peccato-

158 4694 299 4732 rum
331 4694 527 4744 onera,
562 4684 619 4731 et
650 4678 721 4732 ad
767 4680 1089 4750 appetenda
1132 4686 1360 4734 terrena
1388 4679 1739 4733 inclinantur
1772 4696 1865 4732 se-

158 4771 444 4838 quentes;
506 4758 616 4832 vel,
678 4768 917 4835 dorsum,
977 4785 1139 4823 mens
1210 4769 1569 4824 eorumdem.
1631 4768 1867 4839 Semper

157 4858 277 4911 hoc
305 4856 375 4909 de
405 4855 517 4909 illis
539 4855 639 4926 qui
670 4873 785 4911 non
815 4857 1116 4928 poeniteat.

239 4962 408 5015 Vens.
448 4964 537 5015 25.
569 4991 643 5003 —
681 4963 947 5032 Effunde,
990 4968 1095 5017 etc.
1158 4963 1355 5034 (Cass)
1413 4964 1480 5017 Ut
1533 4962 1595 5018 in
1643 4977 1865 5017 morem

157 5049 424 5105 fluminis
457 5050 530 5103 sit
548 5050 798 5121 copiosa.

237 5139 684 5208 Comprehendat.
729 5141 799 5195 Ut
829 5156 946 5194 non
975 5140 1138 5195 liceat
1166 5139 1437 5211 effugere.

235 5246 418 5299 Vens.
452 5247 541 5298 26.
575 5274 643 5284 —
676 5246 1101 5301 Fiathabitatio.
1153 5246 1339 5318 (Auc.)
1374 5247 1485 5300 Hoc
1507 5245 1629 5315 jam
1660 5244 1719 5299 in
1746 5260 1865 5299 ma-

160 5334 401 5399 nifesto,
437 5338 581 5397 etc.,
611 5349 779 5402 usque
832 5335 908 5389 ad
937 5335 999 5389 in
1054 5351 1168 5405 quo
1214 5334 1623 5405 superbierunt
1668 5338 1867 5387 contra

160 5424 375 5475 Deum.
423 5422 495 5473 In
558 5422 939 5477 tabernaculis.
993 5423 1165 5492 (Cas)
1209 5423 1446 5491 Temple
1478 5426 1535 5475 et
1567 5422 1726 5491 regio
1756 5438 1863 5491 pa-

156 5508 327 5563 latio.
387 5508 472 5561 Ad
512 5507 617 5563 hoc
684 5509 846 5579 ponit
900 5510 1228 5576 inhabitare,
1289 5509 1445 5580 quod
1522 5510 1587 5563 tit
1650 5509 1865 5563 devota:

1989 493 2086 531 rea
2124 478 2441 531 mansione.

2057 566 2216 621 Vens.
2250 568 2337 620 27.
2361 597 2431 606 —
2460 569 2537 621 Tu
2562 569 2897 637 percussisti.
2951 567 3123 637 (Cas)
3160 569 3282 622 Non
3324 584 3426 622 sua
3472 569 3678 640 culpa:

1982 654 2311 725 percussisti
2340 656 2626 725 passione,
2680 656 2748 709 ad
2796 656 3040 709 salutem
3089 657 3385 726 gentium;
3444 657 3552 713 hoc
3596 657 3681 713 illi

1982 742 2201 797 crudeli
2229 747 2360 797 voto
2383 743 2788 814 impleverunt.

2053 832 2123 885 Et
2151 845 2315 900 super
2369 831 2621 886 dolorem.
2680 832 2823 895 Quia
2880 838 3002 886 erat
3047 848 3153 902 pro
3212 831 3533 904 perditione
3580 850 3675 889 eo-

1984 934 2131 975 rum.

2051 1007 2422 1062 Addiderunt.
2484 1008 2697 1062 lnferre
2758 1013 3021 1063 mortem.
3065 1010 3162 1063 Vel
3208 1026 3379 1080 super
3416 1010 3676 1064 dolorem

1982 1096 2285 1151 vulnerum
2310 1112 2589 1162 meorum,
2613 1098 2671 1150 id
2693 1102 2795 1163 est,
2824 1114 2953 1169 quas
2998 1097 3142 1152 mihi
3166 1098 3430 1152 infixerat
3458 1100 3674 1161 lancea,

1982 1190 2039 1239 et
2070 1185 2258 1249 clavis,
2286 1184 2631 1239 addiderunt
2660 1187 2920 1240 custodes
2942 1186 3211 1256 sepulcri.
3240 1258 3243 1259 ν

2053 1276 2219 1329 Vens.
2244 1278 2332 1329 28.
2365 1306 2432 1313 --
2464 1278 2692 1344 Appone
2723 1278 3069 1343 iniquitatem
3115 1291 3277 1344 super
3306 1277 3673 1343 iniquitatem,

1982 1366 2085 1417 etc.
2118 1363 2306 1431 (Αυο.)
2344 1363 2619 1434 Iniquitas
2668 1379 2865 1417 eorum
2898 1364 3025 1433 fuit,
3085 1368 3146 1417 ut
3202 1363 3495 1417 hominem
3528 1363 3675 1417 occi-

1983 1450 2204 1515 derent,
2239 1457 2295 1505 et
2318 1468 2489 1521 super
2525 1452 2629 1504 hoc
2660 1452 2925 1521 apposuit
2960 1453 3127 1518 Deus,
3158 1456 3220 1506 ut
3270 1452 3475 1506 Filium
3506 1467 3675 1506 suum

1982 1538 2325 1605 occiderent,
2378 1542 2443 1592 ut
2500 1537 2645 1591 sicut
2698 1554 2889 1592 servos
2945 1538 3292 1607 praemissos,
3352 1538 3430 1592 ita
3484 1539 3673 1608 ipsum

1979 1626 2289 1681 heredem.

2052 1714 2229 1768 Vens.
2266 1716 2354 1767 29.
2386 1742 2455 1753 —
2482 1712 2787 1775 Deleantur,
2823 1716 2938 1767 etc.
2992 1711 3125 1782 (Ιυ.)
3158 1711 3300 1777 Quia
3330 1712 3568 1783 scriptos
3615 1727 3675 1767 se

1980 1805 2201 1871 putant,
2253 1805 2385 1866 etc.,
2431 1815 2600 1869 usque
2637 1799 2710 1853 ad
2758 1803 2813 1853 et
2863 1803 3105 1853 staturos
3142 1800 3215 1853 ad
3258 1801 3568 1855 dexteram.
3602 1803 3677 1855 De

1980 1890 2117 1944 libro
2146 1891 2461 1943 viventium.
2496 1893 2600 1942 ete.
2638 1887 2802 1957 (Cas.)
2835 1887 3047 1941 Notitia
3098 1888 3220 1954 Dei,
3276 1905 3403 1959 qum
3451 1889 3671 1959 prinde-

1978 1977 2212 2031 stinavit
2239 1993 2304 2031 ac
2332 1977 2529 2043 vitam,
2553 1993 2697 2047 quos
2726 1976 3014 2046 prmscivit
3033 1978 3355 2030 conformes
3383 1976 3509 2030 ﬁeri
3540 1976 3678 2029 ima-

1978 2065 2102 2137 gini
2128 2065 2256 2119 Filii
2287 2066 2394 2119 sui.
2436 2066 2559 2119 Non
2592 2065 2670 2118 sic
2724 2068 2916 2118 tamen
2966 2064 3358 2136 accipiendum
3409 2068 3513 2133 est,
3552 2070 3678 2119 tan-

1980 2170 2153 2225 quam
2186 2153 2245 2207 in
2273 2154 2382 2208 hoc
2412 2153 2559 2207 libro
2611 2152 2863 2223 aliquem
2905 2153 3112 2207 scribat
3140 2155 3311 2220 Deus,
3344 2168 3519 2223 quem
3546 2169 3677 2223 pos-

1978 2248 2069 2296 tea
2097 2243 2319 2297 deleat:
2354 2242 2453 2297 sed
2484 2241 2799 2296 secundum
2825 2257 2986 2311 spem
3019 2241 3273 2306 illorum,
3309 2242 3409 2311 qui
3439 2240 3679 2311 scriptos

1979 2348 2039 2385 se
2066 2335 2291 2401 putant.

2052 2421 2217 2475 Vens.
2284 2421 2371 2475 30.
2425 2450 2492 2457 -
2547 2421 2662 2487 Ego
2706 2432 2825 2473 sum
2876 2431 3109 2487 pauper,
3171 2420 3275 2470 etc.
3331 2416 3490 2487 (Cas)
3581 2414 3678 2495 Hic

1978 2508 2467 2579 dispensationem
2520 2506 2935 2561 incarnationis
2973 2511 3029 2561 et
3065 2505 3428 2560 sanctitatem
3472 2522 3678 2576 propo-

1978 2597 2074 2650 siti
2125 2596 2377 2667 exponit,
2430 2596 2669 2649 dicens:
2712 2595 2850 2660 Quis
2903 2594 3035 2649 ﬁnis
3078 2594 3355 2664 passionis
3382 2593 3409 2647 τ
3462 2596 3674 2649 Dolens.

1979 2684 2165 2754 (Aue.)
2224 2685 2336 2738 Hoc
2388 2684 2705 2738 secundum
2766 2688 2955 2753 caput,
3020 2698 3124 2752 pro
3170 2682 3437 2735 omnibus
3487 2681 3673 2735 dolet:

1980 2773 2168 2828 unde:
2201 2774 2415 2827 Dolores
2457 2777 2665 2828 nostros
2694 2775 2809 2841 ipse
2831 2774 3077 2842 portavit
3128 2770 3256 2841 (ΙεΑ.
3314 2770 3466 2841 Lm),
3520 2770 3675 2840 quod

1980 2862 2174 2916 nullus
2202 2862 2367 2915 alius.
2394 2862 2527 2915 Ideo
2554 2860 2691 2915 dicit
2719 2877 2732 2914 :

1903 2939 1943 2995 C
2054 2950 2215 3003 Vens.
2249 2952 2335 3004 32.
2369 2980 2437 2989 --
2494 2952 2564 3004 Et
2608 2950 2865 3018 placavit.
2926 2948 3107 3018 (Cas.)
3168 2947 3310 3001 Laus
3362 2945 3495 3017 puri
3549 2932 3674 3000 cor-

1977 3036 2062 3091 dis
2093 3038 2218 3107 plus
2259 3037 2445 3107 placet
2500 3052 2673 3106 quam
2733 3035 3002 3089 mactatio
3062 3034 3367 3104 pecudum.
3430 3034 3675 3089 Vitulum

1976 3124 2257 3178 novellum.
2301 3124 2491 3193 (AUG.)
2540 3124 2647 3176 Pro
2700 3121 2945 3193 peccatis
3003 3120 3349 3175 offerebatur
3416 3120 3675 3174 novellus

1976 3213 2209 3279 vitulus,
2244 3211 2344 3282 qui
2369 3211 2728 3282 signiﬁcabat
2774 3211 3083 3263 novitatem
3131 3213 3497 3275 secuturam;
3539 3225 3669 3280 quae

1977 3300 2365 3354 defensionem
2422 3300 2593 3354 habet
2648 3300 2708 3353 in
2733 3299 3020 3366 cornibus,
3050 3298 3348 3352 munimen
3366 3299 3583 3369 pedum
3610 3298 3673 3352 in

1978 3389 2207 3460 ungulis
2247 3392 2371 3459 (per
2418 3406 2560 3460 quas
2593 3404 2796 3459 aspera
2840 3387 3031 3442 saeculi
3080 3388 3297 3453 calcet).
3367 3387 3670 3457 producen-

1978 3484 2103 3547 tem,
2134 3478 2269 3549 quia
2300 3478 2486 3532 ﬁdelis
2518 3477 2776 3548 quotidie
2808 3477 3013 3531 virtute
3050 3477 3149 3531 Dei
3173 3481 3430 3548 augetur.
3465 3476 3670 3547 (Ana)

1976 3568 2198 3621 Vitulus
2224 3567 2461 3635 ungulis
2494 3572 2707 3621 terram
2763 3565 2986 3631 excitat,
3018 3565 3097 3619 sic
3145 3565 3246 3636 qui
3304 3582 3420 3619 non
3449 3570 3673 3619 contra-

1976 3656 2131 3721 dicit,
2191 3656 2289 3709 sed
2342 3659 2538 3709 tamen
2592 3659 2885 3707 terrenum
2941 3655 3157 3723 abjecte
3213 3655 3387 3724 sapit,
3441 3654 3672 3725 ungulis

1976 3743 2307 3797 excitandus
2339 3748 2423 3796 est
2454 3759 2466 3795 :
2497 3747 2554 3796 et
2581 3758 2753 3812 super
2772 3744 2943 3811 lhunc
2971 3742 3213 3795 vitulum
3238 3738 3241 3739 ⁷
3268 3742 3512 3812 placebit
3545 3743 3668 3796 lau-

1976 3833 2129 3886 datio
2152 3848 2281 3885 mea
2303 3846 2435 3884 cum
2465 3831 2708 3900 angelis,
2740 3830 2837 3883 ubi
2856 3845 2960 3882 nec
3006 3829 3362 3883 adversarius
3394 3830 3503 3883 erit
3532 3846 3664 3883 ven-

1976 3920 2241 3983 tilandus,
2280 3936 2383 3972 nee
2406 3919 2571 3989 piger
2602 3920 2671 3972 de
2702 3924 2849 3971 terra
2882 3916 3232 3970 excitandus.

2048 4010 2208 4062 Vens.
2278 4009 2364 4061 33.
2423 4036 2493 4045 —
2558 4006 2806 4062 Videant.
2864 4003 3037 4074 (CAS.)
3085 4004 3245 4067 Quod
3299 4004 3511 4058 oblatio
3546 4005 3668 4074 jam

1974 4101 2060 4151 est
2086 4096 2144 4150 in
2177 4102 2385 4157 mente,
2422 4110 2537 4147 non
2567 4094 2629 4147 in
2670 4094 2865 4161 rebus,
2899 4092 2995 4145 ubi
3026 4108 3249 4162 pauper
3289 4098 3553 4162 aequatur
3589 4094 3671 4146 di-

1974 4184 2092 4238 viti.
2132 4185 2210 4251 Et,
2245 4200 2278 4236 o
2308 4199 2609 4253 pauperes,
2628 4182 2734 4235 hoc
2764 4186 2956 4235 tamen
3003 4179 3267 4234 contuitu
3324 4180 3425 4234 Dei
3476 4180 3665 4247 facite,

1975 4274 2197 4342 quaerite
2222 4274 2525 4327 Dominum.
2576 4271 2696 4334 Vel,
2747 4274 2809 4323 ut
2861 4270 3119 4336 videatis,
3175 4268 3414 4339 quaerite
3464 4269 3665 4333 Deum,

1974 4377 2163 4414 escam
2197 4360 2429 4413 mentis.
2479 4362 2717 4414 Vinctos.
2758 4358 2950 4427 (AUG.)
3012 4357 3119 4421 Qui
3152 4358 3296 4410 ultra
3355 4355 3669 4410 necessaria

1974 4450 2197 4520 quaerit,
2260 4448 2564 4518 compedes
2611 4451 2844 4512 onerat;
2903 4446 2999 4500 sed
3048 4444 3259 4498 sufﬁcit
3305 4444 3418 4498 diei
3449 4444 3670 4497 malitia

1975 4555 2096 4592 sua.
2135 4540 2372 4594 Vinctos.
2407 4537 2539 4603 (Ιυ.)
2596 4536 2819 4589 Vinctos
2852 4533 3217 4599 mortalitate,
3251 4548 3365 4603 qua
3392 4532 3668 4586 Dominus

1974 4627 2221 4681 offensus
2250 4641 2439 4680 servos
2468 4622 2841 4695 compedivit:
2898 4622 2996 4675 sed
3026 4621 3159 4675 inde
3214 4620 3527 4673 clamantes
3565 4634 3665 4672 au-

1974 4716 2074 4771 dit.

2046 4803 2203 4857 Vens.
2238 4803 2323 4857 35.
2356 4831 2427 4843 —
2453 4802 2671 4865 Caelum,
2704 4804 2870 4863 terra,
2927 4813 3096 4852 mare.
3154 4796 3323 4866 (Cas.)
3374 4794 3461 4849 Ad
3517 4794 3666 4847 litte-

1974 4906 2118 4955 ram,
2152 4889 2209 4943 id
2240 4895 2347 4958 est,
2371 4886 2965 4955 coelestia,terrestria,
3000 4890 3057 4939 et
3086 4884 3363 4943 natantia,
3396 4883 3518 4936 haec
3548 4882 3667 4935 lau-

1973 4979 2127 5041 dant,
2156 4978 2294 5031 dum
2324 4994 2393 5031 ex
2422 4977 2504 5032 eis
2552 4976 2815 5030 laudatur
2840 4979 3081 5027 creator.
3116 4974 3248 5038 (Ιο.)
3283 4970 3502 5025 Divitiae
3532 4974 3667 5023 sunt

1972 5064 2244 5135 pauperis
2281 5065 2471 5119 videre
2502 5068 2709 5129 creata,
2751 5068 2809 5116 et
2854 5062 2986 5115 inde
3044 5060 3277 5115 laudare
3326 5063 3662 5112 creatorem.

1974 5154 2221 5209 Laudent
2272 5155 2447 5217 illum,
2497 5157 2603 5206 etc.
2648 5151 2782 5221 (Ιο.)
2841 5150 3002 5213 Quod
3049 5148 3208 5220 prius
3260 5146 3452 5213 simul,
3514 5161 3666 5200 nunc

1975 5241 2268 5312 sigillatim
2310 5245 2534 5307 monet;
2566 5239 2677 5307 vel,
2731 5238 2963 5293 laudent
3018 5235 3291 5303 caelestia,
3345 5234 3663 5301 terrestria,

1976 5329 2248 5384 natantia.
2308 5330 2391 5391 Et,
2440 5333 2503 5382 ut
2552 5326 2799 5398 perfecte
2852 5325 3047 5380 omnia
3103 5323 3418 5385 concludat,
3474 5323 3663 5378 addit:

1976 5420 2169 5475 Omnia
2198 5433 2316 5486 qua
2365 5419 2424 5470 in
2473 5418 2549 5471 eis
2578 5420 2705 5470 sunt
2738 5432 2750 5469 :
2783 5414 2862 5469 sic
2890 5414 3077 5469 omnis
3106 5418 3365 5467 creatura
3424 5412 3499 5467 ad
3544 5412 3666 5466 lau-

1976 5508 2074 5563 des
2129 5506 2421 5561 invitatur.
2473 5503 2677 5573 (Hien.,
2730 5503 2878 5575 Cas.)
2929 5505 3009 5559 Ac
3082 5502 3126 5557 si
3183 5501 3443 5557 diceret:
3498 5501 3669 5558 Omne
