4082 6184
363 268 461 320 951
993 262 1390 317 WALAFRIDI
1430 261 1672 316 STRABI
1713 261 1914 317 FULD.
1955 260 2116 317 “ON.
2157 259 2306 314 OPP.
2350 258 2546 313 PARS.
2595 259 2635 313 Ι.
2683 288 2752 297 -——
2789 258 3228 316 TIIEOLOGICA

3755 264 3862 316 932

364 401 505 453 genu
559 388 829 455 ﬂectatur,
873 385 1180 451 ca’lestium,
1229 387 1564 438 terrestrium
1627 388 1678 438 et
1716 386 2057 451 infc-rnorum
2093 383 2140 436 Α
2169 386 2288 436 stus
2336 382 2594 453 loquitur
2636 399 2670 435 a
2718 381 3004 452 principio
3049 381 3251 436 mundi
3299 399 3481 453 usque
3529 384 3598 437 ad
3641 384 3813 438 tinem
3853 401 3866 437 :

367 475 533 542 (Phil.
572 478 654 542 ιι).
691 477 759 530 Et
782 476 962 529 omnia
990 474 1210 542 reptilia
1238 475 1297 526 in
1323 475 1418 527 eis.
1449 471 1610 542 (Cas)
1643 472 1852 527 Omnes
1903 471 2063 527 modi

365 561 737 628 monstruosi,
760 561 821 615 in
851 561 1094 632 peccatis
1134 561 1417 614 hmrentes
1446 561 1705 614 terrenis.

437 653 597 705 Vens.
654 653 740 705 36.
792 680 862 690 —
913 649 1177 716 Quoniam
1232 652 1375 704 Deus
1426 650 1635 704 salvam
1683 651 1852 716 faciet
1907 651 2058 717 Sion,

367 745 473 794 etc.
506 738 694 810 (Αυο.)
749 739 812 792 In
850 754 950 808 spe
999 737 1182 791 ﬁdelis
1239 737 1435 808 populi
1485 737 1686 792 ﬁnitur
1717 738 2064 794 constructio

367 828 632 882 Ecclesiae
661 844 674 882 :
707 826 861 881 unde
889 826 1078 880 omnis
1106 833 1365 880 creatura
1399 827 1631 880 laudare
1666 832 1953 882 monetur.

438 918 598 972 Vens.
629 919 715 971 3‘7.
746 946 817 956 -—
845 919 917 970 Et
938 917 1034 984 qui
1077 915 1316 982 diligunt
1344 930 1533 969 nomen
1587 916 1726 984 ejus,
1759 920 1860 970 etc.
1896 915 2064 985 (ΟΜ.)

367 1004 512 1070 Quid
547 1019 650 1074 per
683 1003 949 1073 singula?
981 1018 1179 1055 omnes
1212 1002 1311 1072 qui
1342 1003 1587 1073 diligunt
1637 1018 1847 1056 nomen
1901 1009 2063 1056 tuum

370 1092 728 1148 habitabant.
785 1091 982 1160 (Avo)
1040 1090 1104 1143 lli
1161 1095 1293 1143 sunt
1351 1105 1544 1144 semen
1592 1107 1905 1145 servorum.
1958 1091 2065 1145 Iste

371 1182 522 1236 enim
560 1196 751 1234 versus
783 1181 1018 1249 exponit
1057 1178 1496 1249 prmcedentem.

954 1319 1263 1374 PSALMUS
1307 1320 1480 1375 LXIX.

448 1452 607 1506 V’Ens.
671 1455 720 1505 t.
770 1478 838 1490 —
891 1451 959 1506 In
1019 1452 1475 1504 rememoratione.
1533 1449 1705 1519 (Cas)
1796 1451 2071 1505 Memoria

374 1542 598 1597 duobus
628 1539 829 1602 modis,
867 1544 998 1604 etc.,
1031 1553 1198 1607 usque
1245 1538 1318 1591 ad
1347 1541 1401 1591 et
1447 1553 1606 1607 spem
1637 1539 2070 1592 resurrectionis

375 1633 694 1684 assumunt.
729 1627 911 1698 (Auo.)
947 1628 1058 1679 Vox
1090 1625 1492 1679 tribulatorum
1524 1640 1627 1695 pro
1667 1624 1906 1690 Christo,
1933 1631 2064 1692 etc.,
2100 1657 2140 1712 Β

375 1733 544 1786 usque
591 1715 664 1770 ad
707 1715 895 1786 primo
944 1718 1203 1786 petentes
1260 1730 1318 1766 se
1367 1713 1645 1784 adjuvari,
1695 1714 1878 1768 malos
1934 1731 2064 1768 eru-

377 1807 624 1862 bescere.

450 1895 611 1948 Vens.
642 1894 694 1946 2.
749 1922 820 1931 -—
849 1893 985 1945 Deus
1024 1893 1083 1944 in
1125 1889 1482 1959 adjutorium.
1534 1891 1725 1944 Monet
1754 1893 1817 1944 ut
1845 1889 1905 1943 in
1933 1891 2067 1957 Deo,

382 1981 585 2037 nonin
639 1980 824 2047 nobis,
886 1978 1218 2050 gloriemur.
1263 1979 1428 2049 (Cas)
1481 1977 1580 2032 Hic
1626 1978 1818 2034 omnis
1870 1978 2070 2049 petitio

380 2068 686 2124 afﬁrmatio
717 2073 821 2130 est.
856 2068 1010 2122 unde
1043 2084 1155 2121 non
1188 2072 1320 2121 sunt
1358 2066 1625 2121 timcndae
1651 2067 2067 2122 tribulationes.

381 2158 480 2214 Hic
510 2157 819 2211 versiculus
836 2161 966 2210 ante
999 2171 1198 2209 omnes
1232 2156 1398 2209 horas
1430 2156 1491 2208 in
1521 2154 1688 2209 initio
1714 2155 2068 2226 praedicitur,

380 2245 536 2317 quia,
560 2260 687 2298 cum
743 2258 906 2298 orare
955 2242 1227 2309 solemus,
1290 2241 1536 2296 maxime
1592 2246 1815 2297 tentare
1869 2243 2091 2297 nititur'

383 2332 666 2399 diabolus,
716 2337 780 2386 ut
825 2347 1036 2386 muscas
1087 2331 1400 2385 morientes
1445 2331 1692 2402 perdant
1735 2331 2072 2386 suavitatem

379 2421 679 2493 unguenti.

451 2511 610 2564 Vens.
675 2511 728 2564 3.
793 2537 863 2549 —
922 2507 1365 2575 Confundantur.
1432 2505 1606 2578 (Cas)
1649 2506 1960 2574 Coufundi,
1990 2511 2073 2562 est

380 2597 451 2652 de
507 2596 873 2669 perversitate
927 2596 1160 2650 turbari.
1216 2595 1604 2662 Revereantur,
1671 2611 1743 2650 ne
1797 2596 1988 2667 proles
2041 2613 2074 2650 a

375 2687 593 2757 justitia
616 2703 783 2757 poena
811 2689 1106 2756 sequatur.
1139 2684 1243 2750 Qui
1273 2689 1540 2752 quaerunt,
1596 2687 1702 2738 etc.
1748 2683 1932 2754 (Αυθ.)
1988 2684 2075 2738 Di-

382 2792 540 2830 versa
565 2778 696 2828 sunt
727 2779 989 2844 tempora
1015 2772 1074 2826 in
1107 2773 1386 2826 Ecclesia:
1424 2773 1634 2842 primo,
1663 2771 1772 2826 fuit
1825 2771 2074 2842 impetus

383 2862 876 2935 persequentium,
911 2863 1088 2928 unde,
1122 2863 1218 2930 qui
1247 2865 1496 2930 quaerunt
1529 2860 1759 2929 ;modo,
1797 2861 2074 2916 remansit

384 2951 785 3008 malevolentia
813 2950 1208 3021 cogitantium,
1237 2949 1405 3012 unde,
1442 2951 1539 3018 qui
1589 2949 1791 3003 volunt.
1835 2950 1966 3017 (In)

457 3043 620 3094 Vens.
643 3042 695 3094 4.
726 3071 794 3079 -
826 3043 1185 3093 Aves-tantur.
1237 3039 1372 3106 (10.)
1403 3038 1524 3092 Duo
1547 3053 1760 3108 genera
1787 3042 1920 3092 sunt
1951 3054 2075 3109 per-

384 3129 772 3201 sequentium,
821 3133 946 3196 etc.,
992 3143 1161 3196 usque
1201 3127 1276 3181 ad
1303 3127 1419 3180 exit
1459 3126 1702 3198 integer,
1743 3127 1841 3198 qui
1873 3130 2075 3182 neutro

384 3219 624 3290 capitur.

454 3307 596 3360 Vens
661 3308 712 3359 5.
739 3335 808 3346 ——
839 3305 1127 3362 Ersultent
1153 3309 1203 3358 et
1232 3303 1478 3358 laetentur
1505 3305 1562 3357 in
1595 3307 1642 3358 te
1676 3318 1871 3358 omnes.
1905 3303 2074 3371 (Cas)

385 3395 572 3448 Monet
607 3393 789 3447 laetari
816 3393 1020 3454 bonos,
1063 3408 1206 3462 quos
1236 3407 1448 3461 egenos
1483 3393 1632 3445 Deus
1660 3391 1892 3462 adjuvat
1920 3397 1976 3446 et
2006 3393 2073 3446 li-

386 3483 574 3536 berat.
636 3483 876 3550 Semper.
923 3479 1070 3543 Quia
1108 3495 1224 3533 non
1267 3495 1520 3549 unquam
1574 3479 1742 3534 debet
1783 3495 2001 3535 cessare
2044 3496 2075 3534 a

387 3569 553 3624 laude
611 3569 752 3639 ejus.
799 3569 1178 3636 Magniﬁcetur
1225 3567 1390 3621 Deus.
1442 3566 1611 3634 (CAS.)
1660 3568 1860 3622 Nostro
1917 3585 2075 3624 more

386 3657 623 3726 dictum,
672 3656 770 3710 ubi
813 3657 940 3727 quis
969 3655 1231 3709 laudibus
1275 3655 1511 3722 crescit;
1558 3656 1710 3727 quod
1745 3670 1861 3710 non
1908 3657 2074 3725 Deus,

386 3745 485 3800 sed
517 3762 618 3799 nos
648 3745 930 3799 laudando
959 3743 1311 3814 proﬁcimus.

455 3834 613 3887 Vens.
654 3836 705 3887 6.
755 3863 824 3872 —
865 3833 988 3901 Ego
1023 3847 1150 3885 vero
1179 3846 1391 3900 egenus.
1443 3831 1612 3900 (CAS.)
1659 3831 1819 3896 Quod
1852 3833 2073 3901 hortor,

385 3921 552 3984 facio,
596 3926 729 3989 etc.,
778 3936 948 3990 usque
997 3920 1070 3974 ad
1117 3919 1212 3973 ubi
1251 3925 1336 3973 est
1381 3920 1556 3982 dives,
1604 3937 1830 3991 semper
1876 3922 2076 3991 ambit,

387 4010 671 4064 desiderat
716 4014 772 4064 et
810 4009 1031 4080 accipit.
1065 4011 1143 4064 Ne
1179 4012 1422 4063 moreris.
1469 4010 1594 4077 (10.)
1637 4009 1885 4063 Tardum
1918 4011 2075 4065 vide-

385 4102 500 4165 tur,
531 4098 685 4169 quod
718 4114 927 4169 magno
958 4096 1238 4151 desiderio
1271 4097 1569 4168 quaeritur.
1603 4100 1790 4169 (AUG.)
1823 4099 1901 4153 Ne
1936 4098 2078 4152 mihi

386 4186 606 4240 tardius
662 4185 937 4252 videatur,
989 4184 1137 4255 quod
1197 4190 1470 4238 venturus
1525 4201 1605 4251 es,
1664 4185 1818 4256 quod
1869 4186 1934 4240 ﬁt
1975 4203 2078 4258 per

386 4273 750 4345 patientiam;
811 4289 924 4344 qua
976 4272 1076 4343 qui
1118 4277 1286 4336 caret,
1336 4273 1563 4326 tardum
1621 4272 1672 4326 ei
1723 4273 1968 4341 videtur,
2022 4279 2079 4328 et

387 4362 706 4416 deﬂectitur
754 4361 825 4416 ab
867 4377 934 4414 eo
969 4376 982 4414 :
1036 4367 1098 4414 ut
1145 4376 1283 4413 uxor
1334 4361 1453 4426 Lot,
1498 4377 1628 4430 quae
1663 4360 1730 4415 ﬁt
1770 4367 1955 4416 statua
1983 4378 2080 4416 sa-

387 4449 476 4516 lis,
522 4455 587 4503 ut
622 4454 679 4505 te
734 4448 960 4505 condiat
994 4464 1006 4502 :
1051 4448 1310 4518 exemplo
1353 4448 1507 4502 enim
1554 4448 1658 4503 tibi
1687 4454 1774 4505 est
1812 4466 1883 4504 ne
1928 4455 2080 4506 retro

385 4555 644 4610 asp1c1as.

986 4651 1299 4706 PSALMUS
1333 4652 1472 4706 LXX.

456 4795 620 4850 Vens.
671 4798 721 4849 1.
769 4825 836 4835 -
880 4795 948 4850 In
981 4794 1168 4867 finem.
1217 4794 1406 4863 (Ana)
1460 4794 1535 4848 De
1581 4794 2079 4850 commendatione

387 4884 608 4956 gratias,
642 4887 785 4950 etc.,
814 4897 985 4952 usque
1026 4882 1102 4936 ad
1126 4882 1242 4936 fere
1273 4882 1512 4953 singulis
1533 4882 1762 4953 syllabis
1788 4899 2077 4939 commen-

387 4973 556 5027 datur
583 4971 786 5044 gratia.

455 5061 719 5116 Filiorum
783 5058 1063 5114 Jonadab.
1125 5059 1251 5127 (Ιυ.)
1319 5058 1474 5114 Filiis
1537 5059 1884 5130 spontaneis,
1947 5063 2074 5125 etc.,

385 5165 554 5219 usque
581 5149 657 5204 ad
687 5147 787 5219 qui
815 5163 882 5202 ex
911 5163 970 5201 se
1000 5147 1157 5201 mali.

459 5235 629 5307 (Cas)
677 5237 774 5290 Vel
821 5235 922 5302 ita,
967 5251 1274 5290 monemur
1310 5235 1368 5290 in
1418 5234 1587 5289 titulo
1644 5234 1854 5289 habere
1902 5234 2080 5290 devo-

389 5323 606 5378 tionem
656 5323 906 5378 ﬁliorum
962 5323 1242 5391 Jonadab,
1289 5328 1421 5384 etc.,
1469 5339 1639 5392 usque
1683 5323 1758 5377 ad
1805 5323 1888 5377 illi
1945 5339 2080 5378 vero

388 5415 659 5466 consueta
687 5410 906 5465 malitia
934 5410 993 5465 in
1026 5410 1410 5466 obstinatione
1441 5417 1895 5483 permanserunt.

461 5499 622 5554 Vens.
652 5501 705 5553 2.
738 5527 808 5540 —
851 5501 917 5554 In
965 5505 1035 5570 te,
1079 5501 1326 5568 Domine,
1373 5503 1612 5570 speravi.
1657 5501 1947 5557 Geueralis
1984 5501 2078 5572 ju-

2170 475 2349 526 totam
2397 486 2558 540 spem
2591 470 2649 524 in
2690 472 2806 525 Deo
2834 486 3080 541 ponens,
3128 469 3368 541 gratiam
3400 471 3523 542 ejus
3566 487 3868 526 commen-

2171 559 2285 623 dat,
2317 575 2389 612 ne
2416 558 2557 612 falsa
2587 559 2645 612 iu
2675 559 2842 613 nobis
2861 575 3301 629 praesumamus.

2245 646 2408 715 (Cas)
2464 646 2558 699 Vel
2610 646 2831 716 priores
2877 647 3080 716 captivi
3133 652 3265 702 sunt.
3310 647 3368 700 in
3423 649 3660 714 mundo,
3711 649 3868 702 unde

2171 733 2334 787 evadi
2376 739 2603 804 potest:
2653 733 2885 786 scr-:ndi
2944 734 3002 788 in
3050 735 3291 788 inferno.
3341 735 3454 797 Vel,
3501 740 3764 804 priorum,
3806 738 3867 791 id

2171 827 2280 888 est,
2327 838 2525 876 eorum
2577 822 2676 893 qui
2705 830 2836 877 ante
2877 823 3024 892 cupii
3054 822 3225 885 vitiis,
3270 840 3438 894 quam
3487 825 3587 878 lilii
3634 826 3864 880 Christi.

2171 911 2348 965 Totus
2396 911 2488 964 hic
2521 912 2777 981 psalmus
2814 912 3054 982 gratiam
3106 912 3227 978 Dei,
3281 928 3409 982 quin
3458 912 3634 983 gratis
3677 915 3869 982 datur,

2173 1015 2399 1053 summa
2427 998 2744 1053 intentione
2775 1000 3158 1053 commendat.

2242 1087 2402 1140 Vens.
2445 1090 2497 1142 3.
2545 1118 2614 1127 —
2653 1089 2782 1144 Esto
2815 1089 2954 1142 mihi
2994 1091 3050 1142 in
3097 1092 3261 1143 Deum
3300 1093 3670 1157 protectorem,
3718 1095 3768 1143 et
3813 1093 3872 1144 in

2174 1176 2343 1230 locum
2373 1177 2662 1241 munitum,
2695 1183 2798 1229 etc.
2837 1178 2958 1230 Duo
2991 1177 3272 1246 promisit,
3307 1178 3420 1230 duo
3454 1179 3566 1230 alia
3597 1178 3798 1232 reddit.

2249 1265 2415 1318 Vens.
2466 1266 2515 1318 4.
2565 1294 2636 1304 -
2683 1267 3004 1320 Peccatoris.
3061 1265 3252 1336 (Αυο.)
3299 1267 3419 1318 Duo
3477 1271 3611 1319 sunt
3657 1283 3873 1336 genera

2175 1359 2586 1422 peccatorum:
2652 1353 2750 1407 alii
2803 1354 2989 1424 legem
3043 1359 3403 1424 acceperunt,
3463 1359 3526 1407 ut
3579 1355 3762 1408 Judaei
3815 1361 3874 1409 et

2177 1439 2511 1507 Christiani;
2546 1440 2640 1494 alii
2672 1457 2813 1509 non,
2845 1447 2906 1496 ut
2937 1443 3166 1513 pagani.

2245 1529 2407 1584 Vens.
2456 1533 2506 1582 5.
2560 1561 2627 1568 —
2675 1531 2720 1584 A
2759 1531 3058 1600 juventute.
3105 1531 3266 1600 (CAs.)
3324 1532 3386 1584 Id
3436 1535 3539 1598 est,
3573 1547 3872 1586 aconver-

2177 1619 2356 1683 sione,
2406 1618 2492 1671 vel
2545 1629 2774 1689 exauo
2818 1623 3014 1673 contra
3057 1619 3350 1673 diabolum
3397 1620 3541 1690 cmpi
3589 1636 3873 1690 pugnare.

2179 1707 2359 1775 (Ana)
2404 1705 2446 1760 A
2495 1706 2797 1776 juventute,
2831 1724 2893 1762 ex
2929 1724 3042 1779 quo
3091 1707 3235 1778 coepi
3279 1725 3506 1779 sperare
3540 1709 3596 1762 in
3630 1715 3705 1775 te,
3744 1715 3875 1777 etc.,

2176 1810 2346 1863 usque
2370 1793 2443 1848 ad
2468 1793 2696 1864 juvenis
2731 1800 2971 1866 pugnat,
3005 1796 3102 1850 sed
3126 1796 3294 1864 cadit,
3328 1796 3434 1850 nisi
3462 1797 3536 1850 sit
3565 1798 3716 1850 Deus
3749 1815 3877 1869 spes

2179 1884 2320 1954 ejus.

2250 1973 2426 2026 Vens.
2461 1976 2511 2025 ’7.
2548 2002 2612 2011 -
2639 1974 2707 2027 In
2745 1977 2794 2026 te
2836 1974 3092 2026 cantatio.
3143 1971 3309 2042 ((ἶΑς.)
3369 1973 3746 2027 Delectationi
3796 1978 3877 2027 est

2180 2059 2322 2114 mihi
2364 2075 2484 2113 esse
2512 2059 2571 2114 in
2603 2065 2678 2114 te.
2710 2061 2950 2130 Semper.
2997 2062 3066 2114 Ut
3103 2061 3370 2114 continua
3403 2061 3517 2114 sint
3566 2061 3868 2114 beneﬁcia.

2180 2147 2416 2216 Semper.
2453 2147 2643 2217 (Auo.)
2683 2148 2748 2202 Et
2778 2147 2836 2200 in
2877 2147 3164 2218 presenti,
3197 2153 3328 2214 etc.,
3359 2164 3528 2218 usque
3574 2149 3650 2202 ad
3680 2155 3874 2204 contra

2181 2250 2354 2306 quam
2386 2235 2465 2288 nil
2493 2239 2622 2288 stat.

2248 2325 2430 2378 Vens.
2487 2325 2538 2377 8.
2595 2354 2659 2362 —
2708 2325 2998 2394 Repleatur
3042 2340 3099 2379 os
3145 2340 3337 2380 meum.
3390 2325 3562 2395 (Cas)
3603 2326 3758 2380 Dixit
3784 2327 3871 2380 be-

2181 2411 2403 2479 neficia,
2445 2428 2597 2465 nunc
2634 2412 2778 2482 petit
2817 2419 2882 2466 ut
2924 2414 3136 2483 gratias
3183 2429 3352 2484 agere
3396 2415 3588 2484 possit.
3641 2415 3782 2469 Nam
3832 2415 3870 2467 si

2183 2501 2332 2554 Deus
2362 2517 2424 2554 os
2454 2517 2567 2554 non
2599 2501 2800 2571 replet,
2849 2517 2965 2554 nou
3014 2502 3175 2556 ardet
3207 2502 3574 2557 desiderium.
3615 2507 3753 2558 Tota
3794 2505 3874 2557 die

2179 2589 2612 2657 magnitudinem
2661 2594 2835 2644 tuam.
2897 2591 3084 2660 (Anc)
3133 2591 3190 2644 ld
3250 2595 3352 2658 est,
3414 2590 3537 2644 sine
3595 2591 3876 2644 intermis-

2181 2677 2362 2739 sione,
2429 2682 2558 2742 etc.,
2623 2692 2793 2746 usque
2850 2679 2924 2733 ad
2979 2679 3213 2733 nomine
3267 2695 3404 2750 ergo
3462 2681 3878 2750 magnitudinis

2181 2765 2378 2818 omnia
2409 2765 2670 2819 includit.

2253 2855 2420 2908 Vens.
2479 2857 2529 2908 9.
2591 2884 2660 2895 —
2715 2857 2795 2910 Ne
2854 2857 3120 2925 projicias
3171 2872 3270 2911 me.
3341 2856 3506 2927 (Cas)
3565 2859 3643 2912 De
3695 2859 3880 2928 gratia

2113 2944 2154 3000 Ο
2183 2943 2443 3010 tempore
2491 2941 2797 2996 senectutis
2825 2949 2882 2996 et
2907 2943 3052 2997 senii
3079 2945 3282 3000 danda.
3331 2947 3645 3001 Senectutis.
3682 2948 3882 3017 (Auo.)

2183 3031 2455 3086 Senectus
2486 3030 2547 3084 in
2578 3031 2820 3095 Christo,
2855 3033 2991 3086 dum
3023 3033 3353 3104 prodigium
3383 3019 3566 3088 factus
3595 3038 3700 3098 est,
3737 3036 3876 3090 dum

2183 3119 2507 3173 inﬁrmatus
2538 3119 2595 3173 in
2623 3136 2788 3174 cruce
2814 3126 2871 3174 et
2897 3121 3131 3189 irrisus;
3166 3123 3322 3194 quod
3353 3123 3563 3177 dicitur
3590 3131 3880 3189 senectus,

2185 3207 2316 3277 quia
2373 3223 2440 3261 ex
2499 3211 2776 3262 vetustate
2840 3209 3166 3279 assumpsit,
3248 3211 3442 3265 unde:
3506 3213 3668 3265 Vetus
3723 3214 3882 3267 homo

2181 3301 2361 3350 noster
2389 3297 2552 3350 simul
2576 3299 2865 3366 cruciﬁams
2894 3303 2972 3352 est
3005 3297 3176 3368 (Rom.
3213 3301 3310 3368 v1).

2254 3386 2412 3440 Vens.
2453 3387 2535 3439 10.
2568 3415 2637 3426 —
2684 3386 2946 3452 Quoniam
2990 3386 3251 3442 dixerunt
3287 3389 3499 3442 inimici
3532 3390 3656 3442 mei.
3695 3389 3883 3458 (Αῠο.)

2188 3472 2405 3528 Dicitur
2435 3474 2542 3528 hoc
2583 3473 2652 3528 de
2693 3474 2940 3543 Christo,
2970 3475 3071 3546 qui
3098 3474 3251 3530 inter
3276 3492 3481 3530 manus
3511 3476 3883 3532 inimicorum

2185 3561 2452 3616 inﬁrmus
2484 3562 2662 3616 factus
2693 3567 2798 3628 est,
2830 3567 2888 3616 et
2917 3563 3078 3633 quasi
3106 3564 3250 3618 nihil
3274 3569 3464 3634 posset
3492 3566 3882 3634 comprehen-

2184 3667 2297 3704 sus.
2353 3650 2461 3705 Sed
2509 3651 2600 3704 hic
2632 3651 2702 3705 de
2751 3651 3023 3705 membris
3079 3653 3201 3723 ejus
3241 3653 3450 3708 dicitur
3496 3654 3624 3720 hoc,
3657 3654 3796 3725 quia
3824 3660 3884 3709 et

2184 3738 2283 3792 illa
2305 3738 2442 3793 talia
2471 3755 2539 3792 ex
2569 3743 2764 3793 nostra
2796 3755 3039 3810 persona
3069 3740 3287 3795 habuit.

2255 3828 2422 3881 Vens.
2477 3830 2560 3882 tl.
2613 3859 2683 3866 —
2741 3831 2878 3882 Deus
2934 3829 3224 3899 dereliquit
3276 3846 3414 3884 eum.
3475 3829 3675 3900 (Auo.)
3719 3831 3881 3885 Unde

2187 3914 2359 3969 alibi:
2409 3917 2586 3983 Quare
2623 3931 2705 3969 me
2758 3916 3138 3987 dereliquisti?
3169 3918 3224 3971 id
3273 3924 3378 3984 est,
3411 3934 3588 3988 quare
3631 3935 3722 3973 me
3777 3919 3878 3972 de-

2186 4003 2446 4057 relictum
2477 4009 2682 4074 putant
2712 4005 2862 4058 malo
2893 4021 3019 4060 suo.
3058 4007 3119 4060 Si
3146 4008 3288 4059 enim
3317 4008 3702 4073 cognovissent,
3734 4023 3882 4060 nun-

2185 4107 2348 4159 quam
2379 4093 2658 4145 Dominum
2683 4092 2869 4160 gloria
2893 4095 3304 4161 crucz‘ﬁmissent.

2258 4180 2417 4234 Vens.
2477 4183 2557 4233 l2.
2617 4210 2685 4220 —
2745 4182 2825 4235 Ne
2882 4181 3142 4248 elongeris
3200 4198 3232 4234 a
3290 4198 3390 4236 me.
3445 4183 3626 4250 (αλδ.)
3687 4183 3884 4254 Longe

2187 4271 2407 4338 putant,
2468 4266 2606 4321 dum
2663 4268 2890 4334 tardat;
2946 4285 3012 4323 ne
3065 4271 3345 4341 elongeris,
3403 4276 3467 4324 ut
3521 4270 3883 4342 gravioribus

2187 4360 2451 4426 exponat.

2258 4445 2416 4498 Vens.
2474 4445 2556 4498 t3.
2601 4473 2670 4484 —-
2701 4445 3142 4511 Confundantur,
3193 4451 3297 4500 etc.
3348 4446 3527 4518 (αλδ.)
3571 4447 3718 4512 Quia
3759 4448 3883 4501 dis-

2186 4531 2372 4602 posita
2416 4531 2516 4586 Dei
2570 4547 2685 4585 non
2733 4535 3046 4587 mutantur.
3105 4533 3452 4588 Detrahentes
3497 4537 3695 4590 anim
3734 4551 3879 4590 mea.

2186 4619 2356 4685 Alias,
2415 4620 2835 4674 committentes
2883 4621 3135 4674 animam
3183 4638 3387 4675 meam.
3443 4623 3628 4694 (Λυσι.)
3687 4624 3747 4678 Id
3802 4628 3884 4676 est

2186 4713 2560 4779 provocantes
2607 4725 2708 4762 nos
2741 4714 2803 4763 ut
2837 4711 2950 4763 Deo
2993 4710 3342 4777 resistamus,
3384 4711 3537 4783 quod
3572 4717 3658 4765 est
3688 4718 3883 4767 contra

2190 4797 2367 4850 Deum
2414 4797 2772 4852 committere
2803 4798 3018 4853 bellum
3044 4815 3057 4864 ;
3086 4804 3150 4852 ut
3178 4799 3261 4852 illi
3290 4800 3508 4853 faciunt
3528 4800 3741 4872 quibus
3770 4817 3881 4855 non

2187 4885 2374 4954 placet
2421 4887 2568 4940 Deus
2610 4886 2669 4939 in
2717 4886 2834 4940 suis
2881 4887 3150 4953 adversis,
3198 4888 3351 4958 quod
3397 4892 3482 4941 est
3509 4905 3642 4942 cum
3675 4890 3883 4943 habere

2188 4972 2485 5042 injustum.
2537 4974 2925 5027 Committitur
2970 4975 3140 5028 etiam
3191 4975 3402 5041 anima,
3453 4976 3500 5029 si
3548 4976 3672 5030 odit
3714 4992 3818 5030 eos
3854 4992 3885 5030 a

2189 5061 2399 5131 quibus
2438 5060 2673 5130 patitur.
2715 5062 2820 5127 Qui
2855 5069 3122 5131 quarunt.
3167 5062 3287 5132 (lu.)
3322 5065 3390 5118 Ut
3419 5062 3551 5117 fecit
3583 5081 3734 5118 uxor
3755 5065 3879 5127 Job,

2188 5164 2318 5218 quae
2347 5149 2426 5203 ait
2457 5165 2470 5202 :
2515 5153 2609 5204 Dic
2647 5150 2864 5218 aliquid
2891 5153 2948 5204 in
2979 5153 3145 5206 Deum
3170 5155 3219 5204 et
3247 5167 3450 5205 morere
3479 5150 3628 5222 (Job.
3663 5155 3780 5222 vu).
3820 5153 3881 5206 Ut

2189 5237 2364 5292 etiam
2408 5242 2464 5292 et
2503 5254 2648 5292 uxor
2691 5238 2927 5293 Tobias:
2982 5239 3085 5294 Ubi
3128 5244 3254 5294 sunt
3285 5240 3524 5308 justitiae
3553 5244 3702 5295 tuae?
3730 5241 3872 5309 (Tob.

2187 5342 2262 5391 IV,
2289 5325 2368 5396 2.)
2399 5327 2515 5381 Hoc
2547 5326 2769 5381 dicebat
2795 5332 2861 5380 ut
2887 5327 3213 5397 displiceret
3240 5327 3322 5380 illi
3355 5328 3523 5382 Deus.

2261 5415 2418 5469 Vens.
2468 5415 2552 5468 14.
2581 5443 2654 5456 -
2702 5419 2771 5470 Et
2809 5415 3092 5484 adjiciam.
3145 5415 3327 5484 (Avo)
3386 5414 3640 5486 Adjectio
3699 5416 3871 5470 laudis

2189 5506 2291 5570 est,
2324 5507 2456 5572 post
2479 5503 2827 5559 creationem
2875 5504 3136 5558 omnium
3185 5518 3399 5571 rerum,
3425 5503 3550 5558 laus
3587 5503 3660 5558 de
3692 5504 3872 5559 incar-
