4020 6184
174 288 273 339 953

1302 281 1560 338 GLOSSA
1597 281 2006 337 0RDINABIA.
2045 307 2117 320 —
2158 279 2286 334 LIB.
2333 277 2576 334 PSALM.

3574 280 3679 332 954

178 404 407 459 natione
430 408 487 457 et
518 401 952 469 resurrectione,
987 402 1139 472 quod
1193 400 1463 454 inferiora
1494 401 1715 455 docent.
1751 402 1873 456 Om-
1903 402 1948 453 Α
1988 398 2127 452 dum
2176 402 2479 469 utramque
2544 403 2829 451 naturam.
2899 397 3069 467 (Cas)
3126 399 3368 463 Quartus
3430 400 3680 469 psalmus

171 510 313 548 nem.
346 491 535 562 (Ana)
558 490 701 554 Quia
732 490 781 543 si
828 491 1093 544 laudatus
1148 490 1209 543 in
1259 489 1524 543 omnibus
1555 490 1700 555 aliis,
1728 504 1875 543 non-

175 584 309 636 dum
340 582 397 634 in
455 595 523 634 eo
555 579 709 651 quod
742 578 1033 633 suscitavit
1083 593 1312 631 carnem
1343 582 1601 630 nostram
1634 577 1690 629 in
1724 577 1873 630 viam

175 677 468 734 aiternam,
518 684 649 739 quae
701 674 785 721 est
837 668 962 721 laus
1037 667 1259 737 adjecta
1317 682 1418 735 pro
1462 666 1874 719 resurrectione

174 757 399 813 Christi.
428 756 525 811 Vel
556 756 743 810 omnis
788 757 908 809 laus
941 761 1109 821 esset,
1145 760 1203 808 et
1252 754 1393 808 nihil
1447 754 1600 808 laudi
1633 755 1871 820 deesset,

173 848 212 899 si
246 848 552 900 damnaret
605 850 924 914 peccantes.
963 844 1096 914 quia
1143 842 1365 912 justitia
1399 846 1579 907 esset;
1610 844 1704 895 sed
1738 842 1875 912 quia

170 936 355 989 ethos
384 934 627 987 liberas:
663 933 945 1001 Adjiciam
1000 947 1163 1001 super
1209 946 1414 986 omnem
1458 931 1671 984 laudem
1702 935 1869 985 tuam.

239 1023 403 1076 Vens.
441 1024 524 1075 15.
558 1052 625 1061 -
648 1022 716 1077 Os
768 1036 940 1075 meum
989 1021 1342 1074 annuntiabit
1363 1021 1661 1088 justitiam.
1694 1019 1873 1089 [Chri-

174 1119 349 1179 stum,
380 1111 477 1164 sed
518 1126 587 1163 ne
615 1109 781 1163 aliter
810 1109 1111 1179 acciperes,
1134 1109 1291 1163 addit
1324 1125 1337 1163 :
1363 1110 1615 1165 Salutare
1645 1110 1829 1173 Quare
1849 1110 1878 1161 ‘l

173 1201 312 1271 quia
359 1215 475 1252 non
525 1198 872 1268 approbatur
919 1214 986 1250 ex
1054 1198 1322 1268 operibus
1377 1198 1518 1267 legis
1574 1196 1876 1268 justiﬁcari

172 1301 549 1358 quemquam.
585 1286 649 1339 Et
702 1285 807 1338 hoc
842 1290 968 1339 est:
1011 1288 1275 1356 Quoniam
1326 1302 1432 1340 non
1487 1287 1876 1354 cognocilitte-

168 1383 441 1442 raturam,
476 1375 531 1428 id
584 1378 689 1439 est,
720 1374 935 1443 ﬁguras
966 1374 1109 1443 legis
1157 1390 1260 1444 per
1291 1374 1439 1445 quod
1485 1375 1620 1427 ﬁam
1652 1379 1871 1444 potens.

173 1468 308 1518 Tota
335 1465 438 1517 die.
475 1463 658 1533 (Λυσ.)
684 1464 778 1516 Vel
818 1463 917 1521 ita.
952 1467 1092 1524 etc.,
1158 1478 1327 1531 usque
1371 1463 1445 1516 ad
1471 1462 1710 1533 justitiaa
1758 1479 1873 1515 ser-

172 1554 309 1606 viat.
346 1554 615 1618 Quoniam
651 1568 758 1606 non
794 1554 1016 1619 cognovi
1064 1553 1447 1605 litteraturam.
1483 1552 1620 1621 (11).)
1672 1550 1877 1605 Praedi-

170 1641 313 1694 cabo
370 1640 609 1693 salutem
671 1643 828 1692 tuam
874 1645 996 1692 tota
1051 1638 1165 1704 die,
1208 1644 1339 1704 etc.,
1400 1654 1569 1707 usque
1607 1638 1680 1692 ad
1740 1638 1945 1727 quiaB

170 1729 372 1783 habitu
407 1728 672 1781 inventus
718 1732 802 1780 est
847 1732 909 1781 ut
964 1728 1135 1781 homo
1189 1726 1408 1798 (Philip.
1468 1727 1549 1797 ιι),
1610 1730 1666 1780 et
1689 1726 1872 1797 surgit

173 1822 456 1872 mortuus.

258 1906 423 1958 Vens.
480 1907 565 1970 17,
611 1906 693 1958 18.
748 1905 1107 1958 —-Docuisti.
1162 1902 1334 1973 (Cas)
1395 1904 1499 1955 Per
1544 1902 1743 1970 libros,
1784 1903 1869 1955 vel

172 1993 510 2064 inspirando
534 2008 713 2063 usque
739 2007 891 2046 nunc
918 2008 930 2045 :
967 2008 1072 2061 per
1119 1992 1301 2063 spatia
1341 1996 1665 2060 temporum
1698 1990 1872 2044 crevit

173 2083 455 2137 doctrina.
491 2081 791 2135 Mirabilia.
835 2081 997 2144 Quod
1044 2081 1113 2135 de
1158 2080 1359 2151 iniquo
1398 2080 1607 2149 justus.
1652 2080 1875 2134 Mirabi-

173 2174 272 2226 lia.
299 2170 491 2240 (Auo.)
522 2169 668 2234 Quid
701 2168 1021 2223 mirabilius
1060 2184 1233 2239 quam
1260 2171 1518 2221 mortuos
1551 2168 1823 2221 suscitare
1845 2167 1874 2222 ?

173 2264 309 2320 etc.,
342 2273 511 2326 usque
564 2257 638 2311 ad
680 2258 787 2311 hoc
840 2260 922 2310 est
950 2274 982 2310 a
1034 2256 1332 2324 juventute
1365 2261 1421 2309 et
1472 2272 1642 2310 nunc.
1674 2259 1873 2310 Juven-

175 2351 315 2401 tute.
349 2346 471 2414 (11).)
523 2346 715 2416 Aliqui
765 2350 965 2399 notant
1010 2349 1257 2415 quatuor
1293 2350 1555 2414 tempora
1597 2345 1874 2410 Ecclesiai,

176 2434 363 2505 aliqui
402 2439 622 2488 tantum
657 2435 766 2488 tria
804 2434 1101 2505 distingui,
1153 2434 1305 2487 idem
1357 2434 1739 2505 signiﬁcantes
1776 2450 1881 2503 per

176 2539 322 2578 nunc
354 2526 409 2576 et
439 2528 722 2578 senectam.
758 2522 1196 2592 Undejuventus
1233 2521 1488 2575 Ecclesiae
1519 2521 1625 2575 fuit
1649 2521 1879 2591 quando

181 2610 364 2664 virtus
461 2615 778 2681 martyrum
846 2610 1155 2664 dimicavit.
1246 2610 1412 2681 (Cas)
1506 2609 1882 2679 Progrediens

189 2714 321 2751 vero
352 2704 601 2769 tempus,
638 2714 810 2764 nunc,
844 2715 973 2752 cum
1008 2698 1148 2752 ﬁdes
1190 2714 1294 2768 per
1324 2697 1597 2752 Ecclesias
1634 2697 1879 2767 proﬁcit.

191 2786 386 2858 (Αυα.)
419 2788 677 2851 Senecta,
728 2786 785 2841 id
815 2792 919 2854 est,
971 2786 1155 2855 gravis
1186 2791 1343 2853 setas,
1391 2787 1619 2857 quando
1648 2785 1884 2856 incipiet

190 2878 489 2946 frigescere
532 2876 776 2930 charitas
824 2876 1163 2941 multorum,
1212 2891 1338 2929 cum
1383 2874 1581 2928 mundi
1623 2880 1883 2945 tempora

1987 487 2055 540 de
2078 488 2297 541 duabus
2328 487 2552 541 naturis
2575 485 2780 541 Christi
2830 492 3029 539 monet
3067 490 3129 539 ut
3173 486 3456 540 Christum
3484 502 3678 539 verum

1989 577 2168 629 Deum
2215 580 2271 627 et
2308 590 2507 629 verum
2560 574 2855 627 hominem
2904 590 3096 643 regem
3151 574 3472 641 credamus,
3523 578 3682 628 etest

1986 663 2291 734 prophetia
2312 663 2381 716 de
2412 662 2655 717 Christo.

2058 754 2217 805 Vens.
2283 755 2333 805 2.
2411 752 2634 804 —Deus
2684 750 2977 819 judicium.
3041 750 3214 819 (αλδ.)
3295 752 3372 804 De
3440 750 3675 820 judicio,

1984 839 2235 908 aptando
2260 838 2401 892 illud
2434 838 2557 891 dari
2608 838 2764 892 Filio.
2816 841 3097 892 Justitiam
3143 844 3310 905 tuam,
3341 844 3444 891 etc.
3484 838 3625 906 (Avo
3658 837 3674 907 )

1987 928 2130 980 Nota
2160 925 2528 997 repetitiones
2548 926 2824 995 ejusdem,
2884 926 2973 979 vel
3006 926 3133 979 aliis
3190 926 3395 992 verbis,
3430 926 3675 980 multum

1984 1015 2389 1068 commendant
2449 1014 2639 1069 divina
2688 1013 2936 1084 eloquia,
2994 1030 3122 1084 quae
3172 1014 3415 1068 maxime
3457 1014 3678 1068 suntin

1986 1104 2260 1173 psalmis:
2312 1107 2367 1156 et
2421 1102 2481 1155 in
2540 1119 2607 1155 eo
2666 1119 2875 1173 genere
2938 1104 3235 1165 sermonis,
3287 1120 3400 1174 quo
3450 1102 3682 1156 allectus

1987 1192 2167 1245 animi
2197 1196 2279 1245 est
2308 1192 2644 1245 movendus.

2048 1281 2209 1333 Vens.
2247 1282 2296 1334 3.
2352 1308 2421 1319 --
2473 1282 2695 1334 Montes.
2748 1281 2943 1349 (AUG.)
3008 1280 3330 1351 Prophette,
3399 1278 3682 1350 Apostolis

1986 1368 2086 1439 qui
2116 1368 2256 1421 caelo
2301 1368 2601 1421 altitudine
2655 1369 3024 1438 proximant;
3062 1384 3249 1437 pacem
3301 1368 3681 1422 nuntiandam

1986 1457 2200 1526 populo
2234 1455 2408 1519 tideli,
2472 1455 2778 1509 Christum.
2830 1459 2899 1509 Et
2938 1458 3112 1510 colles.
3172 1456 3680 1526 Suscipiantjusti-

1987 1549 2140 1611 tiam,
2168 1545 2226 1599 id
2256 1549 2360 1609 est,
2394 1544 2707 1611 Christum,
2740 1545 2823 1597 vel
2870 1550 3071 1598 montes
3130 1560 3313 1614 pacem
3354 1546 3596 1613 papula:
3628 1549 3684 1598 et

1985 1637 2143 1691 colles
2187 1635 2255 1689 de
2311 1634 2568 1703 utrisque
2618 1632 3085 1704 pradicatoribus
3132 1632 3585 1702 praecedentibus
3626 1635 3684 1685 et

1984 1723 2359 1795 sequentibus
2416 1722 2571 1777 dicit.
2641 1722 2738 1775 Vel
2795 1724 3101 1790 suscipiant
3165 1726 3387 1787 montes,
3467 1721 3524 1774 id
3577 1726 3681 1789 est,

1978 1814 2244 1883 majores.

2050 1901 2265 1954 Pacem.
2329 1901 2577 1954 Verbum
2634 1900 3138 1968 reconciliationis,
3180 1899 3393 1953 scilicet
3449 1898 3682 1951 verbum

1984 1990 2293 2058 Evangelii,
2336 1990 2404 2043 ad
2434 1990 2543 2043 hoc
2574 1994 2637 2043 ut
2665 1990 2939 2043 nuntient
2963 1990 3200 2060 populo.

2053 2079 2133 2131 Et
2161 2079 2335 2132 colles.
2372 2078 2429 2131 Id
2481 2079 2584 2139 est,
2642 2077 2934 2143 minores;
2962 2068 3269 2148 justitiam,
3320 2076 3377 2130 id
3409 2080 3514 2143 est,
3547 2076 3682 2130 obe-

1981 2165 2278 2231 dientiam,
2309 2169 2373 2219 ut
2393 2164 2663 2219 obediant
2693 2166 2965 2218 doctrinae
2992 2166 3264 2219 veritatis.

2059 2257 2231 2309 Tuum
2261 2258 2317 2307 et
2372 2259 2487 2307 tuos
2546 2253 2806 2319 dicendo,
2850 2254 3101 2308 ostendit
3140 2253 3335 2308 omnia
3388 2269 3517 2325 quae
3554 2255 3687 2307 sunt

1987 2342 2167 2399 Patris
2188 2358 2310 2395 esse
2329 2346 2386 2395 et
2416 2341 2556 2403 Filii,
2589 2346 2642 2394 et
2670 2358 2699 2395 e
2730 2357 3025 2396 converso.

2062 2433 2219 2486 Vens.
2256 2434 2307 2485 4.
2341 2460 2409 2470 ——
2436 2431 2728 2484 Judicabit
2745 2445 3013 2500 pauperes
3041 2431 3248 2499 populi.
3311 2428 3476 2499 (Cas)
3526 2429 3686 2483 Idem

1990 2519 2111 2590 agit
2140 2521 2208 2572 de
2243 2519 2445 2573 eodem
2485 2518 2699 2589 judicio
2731 2516 3093 2572 afﬁrmando.
3144 2520 3275 2572 Post
3304 2517 3683 2588 optationem,

1990 2609 2201 2661 virtute
2287 2607 2629 2677 prephetiaé,
2715 2606 2849 2660 dicit
2905 2622 3033 2677 quae
3124 2605 3368 2659 adventu
3454 2604 3685 2658 Domini

1991 2695 2335 2768 priestanda.
2394 2696 2584 2765 (AUG.)
2632 2695 2727 2747 Vel
2795 2694 3110 2748 secundum
3153 2694 3324 2747 aliam
3396 2693 3683 2747 litteram:

1992 2788 2219 2841 Iustitia
2259 2784 2534 2854 judicabit
2572 2799 2886 2853 pauperem.
2927 2783 3037 2837 Sed
3080 2783 3305 2837 codices
3349 2781 3448 2852 qui
3478 2781 3691 2839 habent

1994 2875 2055 2928 in
2121 2874 2308 2927 littera
2368 2872 2551 2942 magis
2594 2871 2998 2943 approbantur.
3062 2873 3326 2941 Pauperes
3372 2871 3579 2940 populi.
3626 2869 3686 2923 Id

186 2966 538 3018 decrescunt.
587 2966 825 3019 Senium.
880 2964 1050 3034 (Cas)
1108 2963 1415 3018 Occiduum
1468 2967 1715 3032 tempus,
1752 2967 1879 3026 etc.,
1915 2948 1955 3003 ε
1995 2966 2097 3028 est,
2131 2978 2227 3015 eos
2248 2961 2347 3032 qui
2379 2976 2659 3031 pauperes
2690 2959 2748 3012 in
2779 2959 3009 3030 populo,
3047 2959 3108 3012 in
3135 2975 3247 3030 quo
3278 2957 3412 3013 boni
3436 2958 3687 3030 malique

184 3069 355 3123 usque
374 3054 448 3106 ad
484 3058 678 3106 contra
705 3069 848 3123 quos
876 3052 1150 3106 Dominus
1178 3068 1190 3105 :
1233 3052 1516 3107 Vobiscum
1568 3066 1685 3105 sum
1714 3066 1883 3118 usque

182 3143 258 3194 ait
304 3144 809 3196 consummationem
856 3142 1057 3207 saeculi,
1112 3144 1221 3194 etc.
1246 3141 1441 3209 (Matth
1484 3141 1619 3210 xxi).
1670 3170 1737 3177 -—-
1779 3142 1879 3193 Do-

182 3248 276 3286 nec
305 3233 619 3285 annuntiem
667 3230 947 3283 brachium
996 3234 1155 3283 tuun.
1224 3228 1400 3298 (Cia)
1436 3230 1579 3281 Dum
1644 3244 1745 3298 per
1792 3228 1881 3281 iu-

180 3316 573 3370 carnationem
634 3317 883 3388 captivos
930 3316 1152 3371 liberat.
1214 3318 1280 3370 Et
1313 3316 1595 3387 justitiam
1647 3316 1879 3386 j..dicii,

187 3405 467 3475 puniendi
521 3406 734 3459 scilicet
788 3422 901 3476 qua
980 3404 1277 3459 hominem
1335 3410 1666 3475 peccantem
1726 3405 1881 3475 justo

176 3493 391 3566 judicio
421 3495 672 3549 damnat.

254 3584 521 3649 Veas.19,
563 3584 742 3636 20.-—
799 3583 976 3651 Usque
1037 3583 1096 3635 in
1152 3583 1441 3636 altissima.
1500 3583 1564 3636 Et
1620 3599 1690 3635 ne
1722 3586 1886 3652 putes

190 3671 343 3742 quod
374 3672 527 3724 solus
553 3670 725 3724 homo
753 3676 919 3742 egeat
947 3669 1151 3741 gratia,
1209 3674 1338 3736 etc.,
1384 3685 1553 3739 usque
1591 3671 1665 3724 ad
1703 3670 1883 3724 conti—

189 3764 289 3813 net
308 3759 368 3812 in
395 3774 464 3812 eo
495 3759 645 3830 quod
674 3764 829 3812 sunt.

259 3849 436 3916 Usque
482 3850 541 3900 in
598 3848 890 3901 altissima.
939 3846 1077 3911 Quia
1142 3846 1315 3900 homo
1370 3847 1516 3900 Deus
1596 3845 1759 3899 sedet
1814 3845 1885 3899 ad

194 3936 486 3988 dexteram
516 3934 698 3987 Patris
744 3950 993 4005 regnans
1047 3949 1176 3987 cum
1227 3951 1313 3987 eo.
1354 3938 1480 4002 Quae
1531 3935 1713 4000 fecisti
1761 3948 1882 3987 ma-

191 4024 400 4088 gnalia.
435 4023 752 4093 Utrumque
796 4021 1074 4087 mirabile,
1104 4038 1207 4092 per
1249 4021 1491 4091 gratiam
1552 4020 1756 4074 redimi
1785 4021 1886 4074 ho-

191 4111 430 4174 minem,
466 4110 565 4180 qui
586 4126 688 4180 per
716 4110 996 4179 justitiam
1017 4110 1330 4164 damnatus
1358 4113 1503 4163 erat.

260 4202 401 4253 Deus
432 4200 557 4267 quis
587 4200 787 4252 similis
822 4199 922 4252 tibi
956 4200 985 4251 ?
1014 4199 1256 4264 Quantas
1292 4198 1575 4252 ostendisti
1616 4199 1756 4251 mihi
1784 4199 1886 4251 tri-
1916 4235 1957 4288 Β

187 4288 491 4340 bulationes
520 4288 719 4340 multas
737 4290 788 4339 et
814 4287 1008 4353 malas,
1060 4290 1111 4340 et
1130 4301 1411 4341 conversus
1437 4287 1729 4355 civi/icasti
1782 4301 1885 4351 me,

187 4379 237 4426 et
292 4372 590 4439 deabyssis
612 4376 786 4436 terrze,
821 4378 927 4425 etc.
971 4372 1073 4427 Cni
1106 4388 1364 4443 personas
1398 4389 1527 4443 quae
1578 4372 1760 4441 gratia
1791 4372 1886 4439 sit,

186 4460 429 4531 captivas
459 4460 691 4526 scilicet,
726 4465 966 4531 utraque
1015 4461 1356 4515 resurrectio
1409 4460 1617 4515 mentis
1672 4466 1727 4514 et
1757 4476 1890 4513 cor-

190 4548 347 4619 poris
376 4549 566 4613 ;unde
597 4549 879 4619 promittit
909 4548 1140 4621 gratias.

259 4638 427 4691 Vens.
460 4641 547 4692 22.
578 4667 647 4677 —-
680 4640 743 4692 In
768 4640 917 4691 vasis
943 4639 1163 4707 psalmi.
1194 4638 1365 4710 (ΕΑΒ.)
1398 4639 1461 4692 ιιι
1510 4637 1891 4692 viviﬁcatione

185 4726 426 4796 spiritus
458 4724 545 4780 vel
574 4726 1018 4793 contemplativa
1046 4727 1178 4779 vita.

256 4814 425 4867 Vsus.
460 4813 642 4868 23,—
698 4816 908 4867 Anima
949 4829 1067 4867 mea
1125 4828 1296 4882 quam
1339 4815 1632 4869 redemisti.
1704 4812 1888 4885 (Αυρ.)

192 4902 335 4971 Ipsis
362 4900 603 4955 internis
623 4901 789 4954 labiis
820 4902 1029 4971 quibus
1062 4901 1230 4955 tacite
1258 4903 1464 4956 clamat
1494 4904 1692 4956 Deum.

259 4991 429 5043 Vens.
465 4991 553 5044 24.
580 4991 809 5046 —Cum
852 4992 1066 5056 confusi
1110 4995 1161 5045 et
1205 4993 1428 5045 reveriti
1473 4994 1700 5057 fuerint.
1733 4992 1891 5045 Tunc

183 5080 347 5133 locus
375 5082 461 5131 est
506 5094 657 5132 verae
686 5083 742 5131 et
786 5094 1000 5132 securas
1043 5079 1425 5148 exaltationis,
1458 5095 1587 5133 cum
1619 5096 1734 5133 non
1760 5079 1892 5133 licet

183 5166 385 5237 impiis
412 5166 715 5221 dominari.
1694 5178 1695 5181 ‘

821 5308 1043 5365 PSALM
1054 5309 1133 5365 US
1164 5310 1333 5367 LXXI.

263 5433 428 5486 Vens.
462 5434 510 5485 1.
541 5460 612 5473 -
640 5434 702 5486 In
732 5433 1086 5495 Salomonem,
1142 5437 1249 5487 etc.
1310 5433 1500 5504 (Auc.)
1556 5434 1762 5488 Verum
1794 5449 1891 5504 pa-

168 5521 444 5587 ciﬁcum,
478 5524 610 5586 etc.,
636 5534 808 5591 usque
862 5520 937 5574 ad
965 5520 1065 5591 qui
1115 5519 1210 5575 hic
1240 5522 1676 5577 commendatur
1696 5537 1891 5575 secun-

1993 3049 2303 3103 commisti.
2393 3048 2718 3102 Humiliabit
2796 3048 3256 3101 calumniatorem.
3333 3048 3477 3101 Dum
3533 3047 3688 3101 enim

1994 3137 2177 3208 gratia
2218 3154 2321 3190 sua
2378 3136 2629 3206 adjuvat,
2687 3140 2817 3199 etc.,
2881 3149 3050 3203 usque
3088 3136 3162 3188 ad
3206 3135 3305 3206 qui
3352 3136 3687 3190 innocentes

1994 3226 2200 3280 nititur
2228 3225 2453 3279 trahere
2478 3225 2540 3277 in
2584 3225 2831 3294 culpam.
2892 3223 3181 3294 (HIERON.,
3217 3224 3377 3295 A03.)
3431 3226 3550 3281 Vel.
3588 3226 3689 3279 hu-

1991 3314 2249 3380 miliabit;
2278 3318 2352 3375 et,
2386 3313 2530 3366 victo
2555 3312 2805 3374 diabolo,
2836 3314 3173 3381 permanebit
3196 3330 3315 3367 cum
3358 3315 3465 3367 sole
3495 3314 3689 3383 splen-

1996 3403 2137 3468 dor;
2180 3403 2238 3457 id
2291 3406 2394 3466 est,
2439 3401 2615 3455 Filius
2663 3416 2791 3454 cum
2819 3403 3008 3465 Patre,
3064 3401 3267 3455 sedens
3299 3401 3364 3454 ad
3399 3401 3688 3455 dexteram

1995 3492 2177 3548 Patris
2213 3492 2271 3544 in
2327 3496 2627 3557 internum,
2676 3491 2782 3544 hoc
2839 3494 2923 3543 est
2970 3496 3093 3544 ante
3153 3492 3356 3556 lunam,
3407 3490 3465 3542 in
3524 3505 3692 3559 gene-

1993 3582 2217 3636 ratione
2240 3584 2295 3633 et
2324 3579 2780 3651 generationem.

2064 3671 2226 3723 Veas.
2255 3674 2307 3722 7.
2358 3698 2419 3708 —
2459 3667 2747 3722 Descendet
2770 3669 2910 3722 sicut
2955 3668 3165 3735 pluvia,
3217 3669 3321 3719 etc.
3347 3664 3522 3735 (Cas)
3556 3667 3691 3719 Ecce

1995 3757 2127 3829 quis
2174 3760 2229 3810 et
2289 3755 2474 3826 qualis
2505 3756 2602 3808 ille
2635 3771 2751 3809 rex.
2786 3754 2883 3825 qui
2930 3753 3293 3823 judicaturus
3349 3758 3450 3806 est.
3496 3754 3692 3823 (Aua.)

1996 3845 2216 3900 Alludit
2282 3844 2431 3898 facto
2485 3842 2784 3909 Gedeonis,
2847 3847 2978 3907 etc.,
3035 3857 3205 3909 usque
3259 3841 3334 3895 ad
3386 3846 3443 3893 et
3494 3847 3693 3910 postea

1995 3933 2425 4003 complueretur
2438 3931 2727 4001 gentilitas
2756 3930 2905 3984 sicco
2926 3929 3133 3982 vellere
3148 3928 3498 3982 Iudaeorum.
3522 3928 3693 3999 (Cas)

1998 4020 2313 4076 Descendet
2371 4019 2645 4085 Christus,
2707 4024 2836 4084 etc.,
2868 4032 3037 4085 usque
3092 4016 3167 4069 ad
3218 4016 3345 4087 quis
3396 4032 3531 4085 ergo
3563 4022 3692 4084 post

1996 4114 2114 4163 tam
2146 4112 2369 4178 apertas
2395 4106 2798 4162 similitudines
2828 4105 3051 4159 dubitet
3079 4103 3150 4157 de
3196 4107 3363 4174 partu
3398 4102 3645 4172 Virginis
3664 4105 3691 4158 ?

1996 4201 2060 4253 In
2080 4198 2266 4264 vellus,
2316 4202 2367 4249 et
2410 4198 2548 4249 sicut
2605 4194 2909 4248 stillicidia.
2971 4192 3156 4262 (Auo.)
3221 4191 3423 4257 Velius,
3472 4191 3689 4255 .ludaaa,

1997 4302 2127 4357 qua:
2157 4284 2493 4338 auctoritate
2553 4282 2825 4336 doctrinae
2868 4281 3235 4353 exspolianda
3288 4285 3426 4346 erat,
3480 4284 3542 4333 ut
3571 4279 3692 4333 ovis

1996 4376 2232 4429 vellere:
2264 4373 2372 4439 vel,
2404 4371 2541 4444 quia
2561 4371 2837 4426 doctrinae
2877 4371 3132 4441 pluviam
3166 4370 3473 4427 detinebat.
3516 4385 3691 4439 quam

1999 4460 2232 4517 nolebat
2258 4461 2522 4531 gentibus
2550 4460 2879 4530 prmdicare.

2068 4551 2230 4603 Vsus.
2278 4552 2329 4603 8.
2386 4576 2449 4588 ——-
2487 4551 2553 4602 Et
2594 4548 2965 4602 dominabitur
2997 4564 3031 4602 a
3060 4548 3206 4601 mari
3224 4562 3393 4616 usque
3425 4546 3500 4600 ad
3519 4562 3687 4601 mare.

2000 4638 2179 4709 (Cas)
2214 4635 2472 4691 Ostendit
2511 4652 2641 4706 quae
2672 4636 2744 4689 sit
2782 4636 3099 4705 amplitudo
3130 4634 3316 4704 regni.
3352 4635 3396 4688 A
3424 4634 3687 4703 ﬂumine.

1996 4726 2253 4798 (AUG.)A
2281 4725 2543 4791 Iordane,
2579 4725 2676 4778 ubi
2723 4740 2823 4777 vox
2870 4741 2907 4777 :.
2970 4726 3068 4778 Hic
3122 4728 3201 4778 est
3232 4724 3411 4777 Filius
3441 4738 3586 4778 meus
3605 4723 3691 4777 di-

1997 4817 2181 4869 lectus.
2213 4813 2349 4866 Inde
2394 4828 2530 4881 ergo
2587 4810 2845 4864 doctrina
2899 4811 3023 4880 ejus
3070 4810 3269 4881 coepit:
3332 4811 3465 4864 inde
3495 4816 3691 4865 aucto-

1995 4903 2134 4957 ritas
2188 4901 2447 4971 magistri
2504 4900 2776 4955 dilatatur
2827 4914 3007 4967 usque
3069 4898 3135 4951 ad
3191 4898 3466 4950 terminos
3538 4897 3694 4950 orbis

1995 4997 2180 5055 terrae,
2256 4989 2567 5060 prmdicato
2616 4986 2920 5055 Evangelio
2959 4986 3143 5056 regni.
3212 4986 3372 5054 (CAS.)
3417 4986 3553 5040 Inde
3601 5000 3689 5039 re-

1986 5080 2132 5151 gula
2186 5078 2455 5149 baptismi
2518 5092 2622 5147 per
2677 5081 2859 5129 totum
2915 5074 3115 5127 orbem
3168 5073 3437 5127 manavit.
3496 5072 3693 5127 Paucis

1998 5167 2187 5223 verbis
2211 5183 2420 5236 magna
2451 5166 2613 5220 docet
2641 5166 3014 5217 sacramenta.

2067 5257 2239 5310 Vens.
2275 5259 2359 5309 10.
2390 5285 2458 5295 ——
2512 5257 2677 5321 Reges
2725 5254 2952 5307 Tharsis
2980 5257 3032 5305 et
3071 5252 3262 5305 insulae
3302 5264 3526 5304 munera
3555 5249 3693 5317 offe-

1994 5348 2141 5399 rent.
2183 5342 2354 5413 (Css)
2403 5340 2721 5395 Pertinaces
2767 5339 3036 5394 dicuntur
3063 5338 3303 5407 inimici,
3354 5344 3485 5405 etc.,
3524 5353 3695 5408 usque

1997 5433 2071 5486 ad
2124 5432 2234 5499 vel,
2280 5428 2653 5483 historialiter
2707 5432 2894 5498 potest
2947 5426 3125 5497 accipi
3180 5427 3250 5482 de
3306 5427 3536 5497 regibus
3591 5429 3691 5498 qui

1997 5524 2286 5575 venerunt
2312 5518 2548 5572 adorare
2577 5515 2884 5570 Christum.
