4082 6184
359 252 462 304 955

999 250 1392 306 WALAFRIDI
1431 251 1678 308 STRABI
1720 252 1920 309 FULD.
1964 251 2125 307 MON.
2163 250 2314 306 OPP.
2357 253 2535 308 PARS
2572 252 2613 306 Ι.
2654 282 2723 292 -—
2763 252 3216 310 THEOLOGICA.

3754 258 3858 310 956

432 372 599 426 Vens.
657 374 741 426 12.
801 402 869 411 -
900 371 1040 437 Quia
1088 372 1342 427 liberabit
1390 388 1683 443 pauperem
1728 391 1763 429 a
1812 380 2047 446 potente,
2077 376 2125 429 A
2162 375 2332 430 Israel
2382 380 2637 447 tempore
2683 377 2902 432 Veteris
2954 379 3303 434 Testamenti
3359 378 3421 434 in
3469 396 3585 451 quo
3638 381 3858 436 Novum

355 463 461 515 etc.
500 458 695 530 (Cass)
732 462 807 515 De
856 460 1128 531 cperibus
1184 461 1308 532 ejus
1337 461 1475 533 agit,
1509 458 1638 529 etc.,
1674 478 1843 535 usque
1885 466 1960 519 ad
1988 464 2050 519 in

354 548 792 620 participatione
825 548 1079 619 justitiaa.

429 636 588 689 Vens.
651 636 730 688 14.
765 666 831 674 —
878 638 965 689 Ea:
1015 638 1217 689 usuris.
1290 635 1478 706 (Ana)
1542 639 1743 704 Usum,
1795 642 2047 708 peccata,

357 729 489 789 etc.,
520 738 687 792 usque
730 722 805 775 ad
829 723 1081 792 juvando
1131 740 1235 794 per
1288 726 1533 795 gratiam
1564 726 1633 780 ad
1662 727 1945 796 justitiam
1963 728 2049 782 fa-

355 811 643 865 ciendam.
700 811 818 877 Vel,
874 827 942 865 ea:
990 814 1194 879 usuris,
1227 813 1297 867 de
1353 814 1567 881 futuro,
1628 815 1683 869 id
1725 821 1827 880 est,
1862 817 2049 885 pcenis

357 898 587 954 aeternis
612 918 636 964 ί
669 905 725 953 et
746 901 1051 968 iniquitate,
1097 901 1156 955 id
1187 906 1293 969 est,
1350 907 1577 973 peccato
1628 904 1774 974 ipso,
1799 921 1903 975 pro
1935 922 2049 976 quo

357 1004 525 1059 paena
564 987 899 1042 debebatur.
940 992 1161 1047 Nomen.
1236 992 1641 1048 Christianum.
1695 995 1888 1049 Coram
1934 995 2047 1048 illo.

354 1077 498 1141 Quia
530 1077 590 1131 in
612 1077 735 1148 ejus
775 1093 955 1147 regno
988 1084 1121 1133 ante
1161 1079 1352 1149 ipsum
1385 1081 1588 1135 victuri
1618 1088 1769 1136 sunt.

428 1169 585 1221 Vens.
622 1171 712 1222 15.
773 1197 844 1208 -
881 1171 951 1223 Et
976 1172 1137 1236 vivet,
1187 1174 1235 1224 et
1285 1170 1510 1225 dabitur
1560 1174 1611 1225 ei
1634 1172 1699 1226 de
1729 1188 1885 1241 auro,
1943 1177 2048 1227 etc.

356 1258 528 1329 (Cas.)
575 1259 652 1312 De
700 1258 1138 1313 honoriﬁcentia
1190 1261 1361 1331 regis.
1410 1262 1657 1317 Arabiae.
1702 1264 1890 1333 (Auc.)
1950 1265 2052 1318 Per

355 1348 642 1413 Arabiam,
684 1351 919 1418 gentes;
979 1365 1083 1418 per
1131 1366 1356 1415 aurum,
1391 1351 1755 1420 sapientiam,
1788 1369 1918 1422 quae
1955 1368 2051 1406 ex-

355 1436 508 1490 cellit
537 1437 688 1490 inter
710 1436 1015 1492 doctrinas.
1056 1439 1134 1491 De
1188 1440 1306 1508 ipso
1329 1454 1559 1508 semper.
1602 1440 1726 1510 (Ιυ.)
1779 1441 2054 1511 Multipli-

356 1525 560 1591 cando,
621 1525 711 1579 vel
758 1527 1180 1597 consequendo,
1234 1528 1318 1581 vel
1381 1528 1451 1582 de
1497 1529 1618 1600 ejus
1674 1529 2049 1597 institutione,

357 1613 493 1686 quia
512 1614 633 1684 ipse
661 1629 825 1668 orare
856 1615 1067 1669 docuit.

429 1702 597 1756 Vens.
656 1705 739 1758 16.
788 1732 861 1744 -
911 1705 1356 1759 Firmamentum.
1406 1706 1589 1777 (Αυο.)
1630 1708 2049 1778 Prophetarum

357 1792 462 1855 est,
520 1788 656 1859 quia
701 1791 855 1859 quod
901 1791 1312 1859 praedixerunt,
1370 1792 1654 1863 implevit.
1708 1797 1771 1849 In
1822 1799 2050 1854 summis

355 1880 643 1932 montium.
708 1878 826 1948 (ln.)
881 1883 1152 1933 Auctores
1196 1880 1616 1951 Scripturarum
1667 1884 1964 1955 Prophetas
1995 1889 2052 1939 et

354 1966 616 2035 Apostoli
643 1983 656 2033 ;
691 1983 835 2038 quos
864 1967 1070 2034 ﬁrmat,
1124 1969 1260 2040 quia
1290 1971 1483 2024 omnia
1533 1972 1604 2026 ab
1636 1973 1748 2027 Illis
1776 1974 2051 2044 prmdicta

355 2054 417 2108 in
436 2054 534 2108 illo
571 2061 707 2109 sunt
734 2055 989 2127 impleta.

426 2144 491 2198 In
541 2146 704 2198 terra.
765 2144 911 2208 Quia
972 2150 1209 2217 propter
1283 2162 1381 2201 eos
1437 2148 1537 2219 qui
1580 2148 1639 2202 in
1688 2153 1841 2204 terra
1896 2155 2049 2217 sunt,

357 2231 554 2285 omnia
582 2232 791 2303 scripta
835 2238 989 2288 sunt.
1023 2235 1183 2289 Unde
1213 2239 1268 2290 ct
1297 2236 1420 2306 ipse
1452 2237 1508 2291 in
1552 2242 1763 2292 terram
1791 2239 1966 2307 venit,
1987 2244 2054 2294 ut

357 2334 426 2373 ea
455 2319 745 2389 impleret.

448 2401 623 2478 super
676 2411 959 2466 Libanum.
1037 2412 1221 2483 (Αῡα.)
1268 2412 1420 2467 Sicut
1478 2412 1725 2469 Libanus
1788 2432 2053 2486 proceras

356 2497 557 2552 cedros
598 2499 881 2568 producit,
956 2499 1036 2554 sic
1089 2501 1344 2555 Christus
1396 2507 1620 2556 sanctos
1676 2503 1745 2557 ad
1822 2506 2049 2561 caelum.

2160 468 2300 532 erat,
2357 466 2457 520 sed
2504 461 2827 521 occultum:
2880 465 3026 521 sicut
3073 472 3130 522 et
3189 467 3446 523 Christus
3493 468 3555 523 in
3606 469 3782 523 David
3804 474 3863 523 et

2159 551 2220 606 in
2250 553 2556 621 Abraham,
2593 554 2692 610 sed
2747 555 3022 624 occultus,
3055 560 3119 610 ut
3145 555 3362 610 fructus
3406 559 3491 610 est
3532 557 3594 611 in
3644 557 3857 623 radice,

2160 642 2254 696 sed
2279 659 2393 697 non
2426 648 2679 715 apparet.
2716 645 3005 700 Noverunt
3036 650 3226 701 autem
3278 646 3447 717 pauci
3476 648 3777 718 Propheta
3803 652 3861 701 et

2161 731 2472 798 Christum,
2522 737 2579 787 et
2648 733 2868 787 Novum
2913 734 3359 803 Testamentum,
3406 736 3618 789 scilicet
3659 736 3723 790 in
3764 752 3859 789 oc-

2160 821 2334 887 culto,
2372 826 2428 876 et
2451 822 2992 893 pronuntiaverunt.
3017 824 3411 878 revelandum.
3431 825 3533 877 Illo
3549 839 3685 893 ergo
3717 828 3857 876 tem-

2159 925 2319 979 pore,
2353 926 2458 979 pro
2505 927 2683 980 regno
2716 911 2837 973 illo,
2885 911 2984 966 ubi
3013 911 3275 981 regnavit
3304 912 3475 965 homo
3497 911 3651 965 ﬁlius
3676 912 3855 977 Iesse,

2159 998 2617 1074 prothujusmodi
2661 998 2984 1053 carnalibus
3031 1000 3271 1053 carnalis
3303 999 3550 1070 populus
3584 999 3857 1053 laudabat

2161 1088 2363 1141 Deum.
2405 1087 2511 1142 Sed
2542 1103 2723 1157 regno
2752 1088 2851 1142 illo
2883 1093 2937 1142 et
2967 1089 3185 1141 caeteris
3214 1088 3542 1158 liujusmodi
3582 1087 3857 1141 deﬁcien-

2159 1175 2330 1243 tibus,
2363 1175 2556 1230 deﬁcit
2592 1177 2736 1242 laus,
2775 1193 2893 1231 non
2928 1176 3053 1231 Filii
3096 1177 3215 1243 Dei,
3270 1177 3367 1230 sed
3408 1178 3514 1245 ﬁlii
3540 1178 3714 1231 Jesse.
3760 1177 3859 1229 llis

2162 1269 2357 1319 autem
2403 1263 2803 1319 deﬁcientibus
2850 1282 2980 1336 quae
3021 1267 3172 1320 Deus
3218 1266 3494 1325 subtraxit
3534 1270 3597 1319 ut
3625 1282 3856 1336 quaere-

2162 1358 2362 1407 rentur
2408 1368 2474 1407 ea
2506 1370 2636 1423 quae
2672 1355 2889 1408 occulta
2927 1353 2988 1407 in
3044 1354 3157 1408 illis
3200 1354 3557 1425 tegebantur,
3598 1354 3861 1424 loquitur

2162 1441 2374 1510 Asaph,
2406 1442 2465 1495 id
2492 1448 2577 1497 est
2604 1442 2924 1513 Synagoga,
2977 1443 3077 1497 sed
3127 1442 3334 1510 ﬁdelis,
3373 1458 3502 1512 quae
3542 1440 3636 1512 pie
3675 1443 3859 1495 Deum

2163 1529 2356 1592 coluit,
2384 1530 2517 1585 licet
2545 1536 2783 1601 propter
2827 1534 3071 1595 terrena,
3128 1546 3255 1601 quae
3284 1547 3317 1584 a
3361 1532 3496 1595 Deo,
3545 1546 3663 1584 non
3684 1547 3717 1583 a
3740 1529 3858 1583 dee-

2162 1617 2449 1685 monibus,
2502 1624 2568 1673 ut
2618 1623 2832 1690 gentes,
2912 1619 3223 1690 quaerebat.
3289 1618 3605 1672 Attendens
3666 1623 3864 1671 autem

2160 1704 2525 1775 blasphemas
2584 1706 2674 1761 his
2740 1707 3053 1769 abundare,
3114 1723 3218 1778 pro
3278 1707 3487 1776 quibus
3552 1706 3862 1774 serviebat,

2159 1794 2332 1865 coepit
2378 1799 2605 1862 nutare,
2672 1796 2932 1850 nesciens
2970 1796 3106 1866 quid
3148 1796 3207 1850 in
3255 1797 3345 1851 his
3390 1795 3590 1865 ﬁguris
3629 1796 3860 1862 lateret,

2160 1883 2324 1954 quasi
2374 1900 2487 1938 non
2533 1891 2681 1938 esset
2727 1884 2948 1955 aliquid
2998 1885 3202 1939 melius
3242 1885 3396 1956 quod
3449 1886 3598 1938 Deus
3646 1883 3856 1937 daret:

2159 1972 2255 2027 sed
2277 1971 2609 2026 admonitus
2657 1989 2761 2044 per
2807 1973 2928 2028 hac
2976 1972 3084 2028 sibi
3142 1973 3430 2029 subtracta
3480 1988 3743 2043 quaerere
3792 1987 3859 2025 ea

2159 2077 2289 2132 quae
2317 2077 2433 2115 non
2465 2060 2637 2115 habet
2677 2078 2807 2115 cum
2849 2060 3016 2115 malis
3071 2061 3420 2129 communia,
3479 2062 3767 2130 castigans
3802 2076 3860 2113 se

2158 2166 2288 2205 cum
2333 2150 2734 2215 admiratione,
2780 2149 2919 2205 dicit
2969 2165 2982 2206 :
3032 2151 3204 2217 Quam
3258 2151 3425 2205 bonus
3486 2150 3701 2203 Israel!
3752 2148 3858 2204 Sed

2159 2236 2369 2307 quibus
2390 2234 2613 2291 ‘?Rectis
2643 2235 2817 2289 corde.
2853 2235 3043 2289 Primo
3078 2251 3215 2304 ergo
3272 2234 3597 2288 describens
3649 2232 3857 2302 nequi-

2159 2325 2297 2380 tiam
2366 2325 2675 2389 malorum,
2740 2324 2876 2377 dicit
2922 2341 2980 2378 se
3034 2324 3245 2377 zelasse
3301 2338 3577 2394 prospera
3635 2338 3849 2389 eorum,

2160 2418 2356 2468 tamen
2386 2413 2521 2467 inde
2552 2417 2889 2479 correctum,
2923 2417 2979 2468 et
3023 2416 3310 2467 correctus
3339 2412 3482 2466 alios
3506 2411 3759 2482 corrigit.

2162 2501 2330 2572 (Cas)
2394 2501 2492 2555 Hic
2550 2501 2760 2572 agitur,
2822 2501 2975 2571 quod
3037 2501 3223 2556 laudes
3287 2501 3648 2567 defecerunt:
3724 2498 3856 2570 quia

357 2586 511 2641 Sicut
554 2588 759 2653 fenum.
819 2588 990 2658 (Cas)
1064 2590 1190 2643 Non
1245 2594 1381 2643 tetas
1453 2591 1576 2644 seni
1646 2592 1745 2646 sed
1798 2592 2053 2647 viriditas
2156 2590 2274 2661 jam
2309 2605 2427 2643 non
2474 2590 2570 2644 dat
2615 2591 2762 2644 Deus
2806 2590 3037 2657 blanda,
3070 2594 3133 2644 ut
3168 2588 3364 2660 pueris
3393 2590 3460 2644 ad
3494 2587 3857 2643 serviendum

357 2674 565 2729 sanctis
594 2683 985 2746 comparatur.
1027 2678 1170 2732 Boni
1198 2678 1267 2732 de
1303 2677 1410 2732 ista
1454 2679 1681 2734 civitate
1727 2681 2047 2750 praesentis.

355 2763 622 2818 Ecclesiae
676 2764 991 2835 migrantes
1048 2766 1108 2820 in
1162 2767 1260 2821 illa
1326 2767 1679 2823 beatitudine
1742 2770 2048 2825 ﬂorebunt.

357 2853 538 2924 (Αυθ.)
569 2855 634 2908 In
675 2854 877 2908 Genesi
926 2856 1044 2922 feni
1082 2857 1315 2910 nomine
1344 2862 1401 2910 et
1456 2857 1808 2913 frumentum
1838 2858 2053 2914 intelli-

357 2941 528 3012 gitur,
561 2947 671 2997 etc.
689 2983 703 3008 ,
735 2958 903 3011 usque
932 2944 1008 2998 ad
1036 2950 1091 2999 et
1111 2946 1507 3016 corparabitur
1530 2947 1661 3002 feno
1684 2951 1850 3003 terra).
1877 2949 2053 3020 quid-
2084 2940 2125 2996 C

357 3030 498 3101 quid
524 3047 628 3102 pro
659 3047 869 3102 magno
905 3032 1151 3087 habetur
1183 3034 1241 3087 in
1269 3037 1493 3091 saeculo.

429 3118 590 3173 Vens.
653 3122 744 3174 l7.
817 3150 885 3158 -—
949 3122 1040 3176 Sit
1087 3136 1278 3175 nomen
1345 3123 1462 3192 ejus
1547 3123 1898 3185 benedictum,
1942 3128 2046 3180 etc.

357 3206 529 3276 (ολδ.)
580 3207 767 3261 Monet
815 3223 1015 3263 omnes
1068 3209 1265 3263 laudes
1307 3210 1360 3264 ei
1406 3211 1615 3277 dicere,
1677 3212 1812 3282 quia
1853 3229 2053 3267 omnes

358 3295 417 3349 in
452 3310 519 3348 eo
578 3294 1011 3352 benedicentur.
1086 3301 1234 3352 Ante
1266 3300 1446 3353 solem.
1497 3300 1622 3369 (Io.)
1677 3300 1740 3353 Id
1786 3305 1888 3366 est,
1920 3306 2052 3356 ante

359 3397 591 3436 omnem
623 3386 964 3449 creaturam,
995 3400 1067 3437 ne
1096 3390 1261 3455 putes
1282 3388 1661 3456 temporalem
1692 3388 1792 3441 Dei
1823 3389 2048 3443 Filium.

360 3472 549 3526 Omnes
580 3476 786 3538 gentes.
826 3471 1013 3542 (Ana)
1069 3472 1148 3527 Ne
1180 3474 1363 3528 tribus
1427 3475 1727 3529 duodecim
1786 3476 2049 3547 accipias,

359 3558 520 3612 addit
546 3574 722 3613 omnes
747 3565 956 3630 gentes.

432 3648 590 3702 Vens.
627 3650 710 3703 18.
740 3678 811 3687 -
840 3649 1155 3705 Benedictus
1202 3652 1459 3706 Dominus
1510 3655 1649 3707 Deus
1706 3655 1897 3721 Israel,
1932 3659 2044 3709 etc.

360 3731 622 3802 (AUG.)A
670 3740 831 3805 parte
873 3753 977 3791 sua
1004 3739 1214 3793 laudat.
1261 3740 1397 3793 Nota
1454 3743 1917 3797 exclamatoriam
1946 3745 2053 3799 be—

361 3820 766 3889 nedictionem,
807 3840 936 3878 cum
995 3826 1386 3881 admonitione
1435 3832 1491 3882 et
1541 3831 1860 3900 prophetia.
1902 3834 2050 3898 Fiat,

356 3909 482 3976 ﬁat,
516 3915 627 3965 etc.
668 3911 839 3983 (Cas.)
867 3914 1226 3983 Magniﬁcum
1261 3922 1365 3978 est,
1399 3917 1550 3987 quod
1604 3918 1684 3972 sic
1729 3920 2049 3974 concludit:

363 3998 623 4067 Optantis
646 4004 731 4053 est
759 4001 935 4055 semel
963 4002 1173 4072 dicere,
1206 4004 1450 4058 nimium
1481 4005 1858 4061 desiderantis
1884 4024 2052 4077 repe-

361 4091 508 4142 tere.
547 4088 717 4152 Quasi
763 4089 950 4145 dicat:
1008 4091 1171 4155 Quod
1198 4093 1437 4163 jussisti,
1482 4095 1745 4158 Domine,
1798 4096 1879 4151 ita
1926 4098 2048 4164 ﬁat,

362 4174 483 4240 ﬁat,
513 4176 695 4231 donec
722 4178 871 4246 quod
901 4180 1072 4250 coepit
1100 4197 1130 4233 a
1156 4180 1394 4235 ﬂumine
1446 4183 1741 4252 perveniat
1771 4200 1954 4255 usque
1980 4185 2051 4240 ad

2162 2676 2500 2744 alliciendis,
2525 2683 2583 2731 et
2610 2678 2719 2732 hoc
2747 2676 2884 2731 dicit
2918 2678 3222 2749 Synagoga
3253 2693 3381 2748 quae
3430 2678 3547 2748 jam
3596 2675 3704 2729 sibi
3731 2690 3863 2728 con-

2161 2769 2251 2819 tra
2303 2766 2413 2819 hoc
2474 2765 2624 2835 quod
2684 2764 2844 2836 prius
2893 2765 3101 2836 agebat
3168 2768 3429 2831 testatur,
3502 2768 3565 2818 ut
3602 2761 3861 2816 credibi-

2161 2852 2273 2909 lius
2294 2853 2383 2908 sit.

2764 2995 3073 3051 PSALMUS
3103 2995 3305 3051 LXXII.

2232 3121 2390 3174 Vens.
2456 3124 2500 3174 l.
2560 3151 2631 3161 —
2689 3121 2864 3185 Quam
2934 3120 3119 3174 bonus.
3165 3119 3336 3190 (Cas)
3391 3120 3580 3173 Monet
3623 3121 3687 3171 ut
3746 3133 3863 3172 non

2160 3225 2267 3280 pro
2298 3208 2733 3280 temporalibus,
2759 3209 2856 3263 sed
2894 3208 3124 3264 aeternis
3155 3210 3335 3263 Deum
3364 3208 3679 3262 laudemus.

2232 3298 2397 3353 Vens.
2452 3301 2505 3353 2.
2556 3327 2626 3339 —
2681 3298 2864 3353 Pedes.
2932 3296 3101 3368 (Cas)
3159 3299 3268 3351 Pro
3322 3296 3558 3350 arbitrio
3623 3295 3859 3360 mentis,

2162 3387 2369 3456 quoda
2419 3386 2655 3441 veritate
2704 3386 3083 3457 discrepabat.
3135 3386 3377 3453 Gressus,
3436 3389 3593 3439 actus
3647 3383 3863 3454 praeci-

2163 3473 2329 3544 pitati
2362 3491 2375 3541 ;
2402 3490 2559 3543 pene,
2585 3473 2722 3545 quia
2752 3473 2863 3528 cito
2893 3473 3078 3527 rediit.

2232 3562 2557 3627 Vaas.3,4.
2607 3591 2677 3603 —
2721 3564 2913 3617 Pacem
2948 3566 3303 3630 peccatorum.
3373 3560 3555 3631 (Aue.)
3609 3561 3860 3629 Tempo-

2161 3651 2360 3717 ralem,
2410 3651 2642 3718 ﬂuxam,
2703 3651 2999 3704 caducam.
3068 3651 3295 3707 Videris.
3360 3651 3482 3704 Non
3529 3648 3862 3719 intelligens

2162 3738 2308 3803 Quia
2353 3739 2477 3793 haec
2531 3754 2642 3808 pax
2720 3737 2970 3805 videtur,
3049 3754 3165 3792 non
3240 3738 3604 3808 intelligitur,
3658 3738 3855 3790 oculos

2162 3827 2362 3894 eludit,
2396 3831 2480 3882 est
2500 3826 2654 3881 enim
2684 3826 2835 3880 ﬂuxa
2864 3830 2919 3880 et
2954 3826 3186 3881 caduca.
3223 3825 3393 3897 (Cas)
3430 3828 3619 3881 Pacem
3664 3841 3858 3894 pecca-

2163 3920 2339 3970 torum
2383 3917 2516 3985 quia
2566 3930 2672 3969 non
2713 3918 2791 3969 est
2846 3914 3136 3969 declinatio
3190 3917 3356 3968 morti
3409 3930 3609 3968 eorum.
3651 3914 3709 3968 ld
3752 3922 3861 3981 est,

2164 4020 2279 4058 non
2310 4004 2423 4058 cito
2454 4003 2804 4071 moriuntur,
2839 4002 2931 4057 sed
2956 4002 3054 4056 diu
3086 4003 3324 4070 vivunt;
3380 4003 3487 4056 etsi
3532 4003 3706 4072 plaga
3763 4004 3869 4056 ali-

2163 4091 2392 4161 quando
2422 4106 2541 4144 non
2594 4089 2784 4159 ﬁrma,
2836 4094 2904 4144 ut
2947 4091 3115 4143 durat
3144 4090 3436 4159 ﬂagellum
3476 4089 3863 4143 correctionis.

2163 4182 2233 4235 Et
2254 4180 2661 4247 ﬁrmamentum
2682 4179 2741 4231 in
2768 4178 2936 4246 plaga
2955 4192 3160 4231 eorum.
3204 4178 3327 4231 Non
3378 4176 3681 4231 miseretur
3712 4178 3867 4232 Deus

361 4263 640 4319 terminos
688 4265 841 4320 orbis
886 4272 1073 4322 terrae.
1131 4268 1339 4341 (Ηιεει.)
1397 4270 1702 4325 Sciendum
1727 4273 1880 4342 quod
1919 4290 2046 4344 sep-
2076 4295 2121 4348 Β
2160 4266 2568 4321 consolidando
2600 4266 2797 4335 plagas
2823 4281 3025 4319 eorum
3059 4280 3073 4318 :
3106 4265 3215 4331 vel,
3246 4281 3278 4317 a
3308 4256 3479 4318 simili
3506 4264 3861 4325 incurabilis,

362 4354 714 4424 tuagesimus
744 4355 964 4426 primus
1013 4359 1268 4427 psalmus
1298 4359 1534 4413 secundi
1596 4360 1728 4415 libri
1760 4361 1890 4415 ﬁnis
1919 4368 2004 4417 est
2036 4379 2051 4417 :

363 4442 515 4496 unde
564 4448 620 4497 et
662 4443 723 4497 in
770 4449 1025 4500 extremo
1075 4446 1283 4500 habet:
1336 4448 1485 4515 Fiat,
1535 4449 1673 4517 ﬁat,
1712 4466 1817 4520 pro
1847 4467 1962 4522 quo
1991 4451 2054 4505 in

308 4516 315 4523 ’
367 4530 599 4585 Hebraeo
631 4531 877 4588 dicitur:
909 4536 1099 4602 Amen,
1132 4552 1306 4590 amen.

434 4619 600 4673 Vaas.
642 4622 709 4674 20
800 4652 869 4661 —-—
922 4626 1234 4690 Defecerunt
1290 4624 1494 4679 laudes.
1555 4624 1679 4696 (10.)
1740 4626 1925 4681 Etiam
1950 4628 2057 4681 hoc

322 4718 323 4721 ‘
364 4706 696 4779 diligentius
728 4709 1143 4767 observandum
1175 4717 1278 4773 est,
1311 4713 1464 4784 quod
1488 4713 1630 4768 illud
1663 4730 1677 4768 :
1735 4716 2056 4782 Defecerunt

365 4795 554 4864 hymni
588 4798 770 4852 David
786 4798 907 4866 ﬁlii
931 4802 1094 4867 Iesse,
1124 4801 1194 4855 ad
1227 4801 1400 4855 ﬁnem
1442 4803 1854 4873 septuagesimi
1880 4802 2058 4875 primi

363 4884 569 4955 psalmi
604 4886 904 4955 pertineat.
970 4888 1029 4941 Id
1084 4904 1215 4943 vero
1266 4889 1418 4960 quod
1469 4890 1729 4965 sequitur
1762 4907 1776 4946 :
1809 4893 2056 4947 Psalmus

362 4975 583 5043 Asaph,
606 4974 837 5029 initium
867 4976 939 5030 sit
967 4977 1281 5047 sequentis.

437 5064 693 5133 Hymnus
742 5063 854 5118 tria
910 5064 1120 5119 habet:
1177 5064 1403 5119 laudem
1455 5064 1555 5119 Dei
1609 5082 1739 5120 cum
1796 5066 2053 5121 cantico:

364 5151 475 5206 nisi
498 5152 651 5206 enim
682 5157 946 5208 cantetur
981 5154 1261 5221 hilariter,
1296 5172 1413 5210 non
1467 5161 1554 5209 est
1608 5155 1894 5227 hymnus:
1939 5172 2058 5211 non

364 5245 556 5296 cantat
582 5246 772 5297 autem
794 5242 896 5313 qui
941 5258 1058 5297 non
1110 5248 1287 5301 amat.
1336 5243 1394 5298 Si
1424 5244 1498 5298 sit
1526 5244 1667 5311 laus,
1718 5248 1773 5299 et
1826 5260 1944 5298 non
1974 5248 2059 5299 est

366 5328 488 5395 Dei,
528 5345 642 5383 non
672 5333 757 5383 est
783 5330 1028 5400 hymnus
1053 5350 1069 5385 :
1095 5336 1150 5385 et
1178 5331 1225 5385 si
1267 5332 1343 5386 sit
1372 5331 1494 5400 Dei,
1525 5337 1581 5387 et
1613 5348 1730 5386 non
1761 5345 1891 5387 cum
1921 5346 2055 5386 can-

365 5415 498 5484 tico,
528 5433 645 5471 non
676 5418 939 5489 hymnus.
960 5422 1169 5474 Praeter
1197 5420 1427 5475 solitum
1459 5421 1649 5475 addit:
1700 5422 1833 5476 Filii
1857 5421 2052 5486 Jesse;

368 5504 541 5559 David
573 5506 724 5559 enim
767 5506 961 5575 homo,
993 5506 1228 5579 quidam
1285 5508 1437 5562 ﬁlius
1491 5509 1664 5575 Iesse,
1710 5507 1968 5579 regnavit
1994 5506 2058 5562 in

2161 4354 2254 4409 cui
2294 4354 2436 4408 nihil
2462 4353 2819 4425 prohibetur.

2232 4444 2388 4497 Vsus.
2419 4446 2477 4496 6.
2515 4472 2587 4484 —
2616 4444 2807 4512 Operti
2842 4446 2969 4496 sunt
3009 4443 3302 4510 iniquitate
3338 4446 3388 4496 et
3435 4444 3714 4511 impietate
3736 4457 3859 4497 sua.

2164 4532 2333 4601 (Cas)
2364 4531 2441 4585 Ne
2487 4530 2824 4601 resipiscant
2859 4545 2871 4583 :
2904 4546 3022 4583 non
3071 4529 3285 4597 amicti,
3341 4536 3406 4584 ut
3465 4532 3551 4583 vel
3613 4530 3861 4585 liberum

2162 4625 2334 4690 caput
2371 4619 2667 4683 baberent,
2696 4618 2793 4673 sed
2822 4617 2927 4672 toti
2958 4617 3163 4688 operti.

2236 4709 2396 4762 Vaas.
2421 4712 2474 4761 7.
2507 4739 2575 4746 —
2600 4707 2814 4762 Prodiit
2843 4710 3023 4776 quasi,
3064 4711 3171 4760 etc.
3227 4707 3409 4777 (Αυθ.)
3452 4707 3598 4761 Sunt
3625 4708 3863 4778 quidam

2163 4796 2301 4852 mali
2332 4813 2396 4850 ex
2427 4796 2630 4859 macie,
2665 4796 2720 4850 id
2752 4801 2855 4863 est,
2902 4796 3236 4851 necessitate
3267 4813 3280 4850 :
3314 4795 3411 4850 alii
3458 4812 3525 4850 ex
3564 4797 3866 4851 abundan-

2162 4886 2263 4951 tia,
2295 4889 2358 4939 ut
2384 4899 2605 4955 pauper
2633 4888 2881 4955 egestate
2914 4884 3156 4950 furatur,
3220 4884 3377 4937 dives
3430 4900 3496 4938 ex
3525 4884 3861 4955 cupiditate.

2166 4976 2533 5031 Transierunt.
2555 4974 2721 5043 (Cas.)
2754 4972 2924 5037 Quasi
2954 4989 2986 5026 a
3012 4972 3178 5027 rectis
3207 4972 3442 5027 semitis.

2235 5064 2399 5118 Vens.
2460 5064 2514 5117 8.
2566 5063 2741 5115 —In
2795 5062 3014 5116 excelso.
3070 5060 3248 5130 (Auc.)
3301 5061 3496 5115 Palam
3545 5061 3608 5115 in
3679 5062 3869 5116 mani-

2162 5153 2305 5208 festo
2335 5170 2347 5207 :
2390 5152 2477 5206 vel
2508 5156 2706 5206 contra
2737 5153 2885 5205 Deus
2907 5150 3284 5221 blasphemat.

2224 5242 2385 5296 Vens.
2419 5244 2471 5295 9.
2515 5271 2581 5281 —
2610 5243 2682 5294 In
2714 5242 2919 5294 calum.
2976 5240 3098 5311 (Ιυ.)
3132 5241 3209 5293 Ac
3266 5239 3313 5292 si
3344 5238 3425 5293 dii
3473 5242 3699 5304 essent;
3754 5239 3861 5305 vel,

2164 5335 2362 5385 contra
2392 5330 2595 5397 Deum,
2653 5342 2826 5400 quem
2879 5328 3295 5399 blasphemant,
3355 5326 3644 5381 dicentes:
3682 5328 3859 5381 Deum

2162 5419 2251 5473 vel
2280 5418 2496 5472 nescire
2528 5434 2630 5473 sua
2659 5418 2826 5482 mala,
2861 5417 2949 5471 vel
2993 5432 3109 5470 non
3158 5415 3387 5486 punire.
3432 5416 3650 5482 Lingua
3683 5420 3855 5469 trans-

2162 5508 2265 5563 ivit
2291 5521 2453 5576 super
2480 5511 2700 5574 terram,
2723 5509 2830 5560 etc.
2874 5503 2996 5575 (Ιυ.)
3030 5504 3168 5569 Quae
3218 5503 3369 5557 ultra
3395 5518 3729 5557 mensuram
3757 5504 3859 5559 bu-
