4082 6184
235 252 339 303 957

1338 250 1593 306 GLOSSA
1633 250 2029 306 0RDINARIA.
2074 279 2142 290 —
2190 250 2318 305 LIB.
2366 250 2610 304 [’SALM.

3649 251 3752 304 958

236 370 531 426 manitatis
555 370 833 443 loquitur,
888 376 1019 438 etc.,
1069 386 1237 441 usque
1265 372 1340 425 ad
1385 373 1484 427 sed
1516 372 1717 427 transit
1746 372 1942 443 lingua
1964 374 2009 427 A
2047 373 2105 427 in
2136 373 2250 429 ﬁne
2277 373 2347 427 ab
2380 373 2649 428 omnibus
2677 372 3045 439 deserendas;
3074 389 3108 427 a
3137 388 3253 444 quo
3274 373 3426 427 malo
3456 373 3575 444 ipse
3598 373 3741 429 libe-

238 476 443 515 eorum
470 460 786 514 humanam
819 460 1209 531 fragilitatem.

310 550 470 603 Vens.
528 579 598 588 —
652 552 736 603 l0.
798 550 921 604 Ideo
997 553 1354 604 convertatur.
1412 549 1585 618 (Cas)
1644 551 1938 620 Exponens

237 639 451 709 Asaph,
486 642 622 707 etc.,
653 653 822 707 usque
855 639 931 693 ad
959 644 1275 693 revertetur
1305 639 1376 693 ad
1406 654 1552 692 eam.
1588 641 1707 693 Hic.
1757 638 1938 708 (Auo.)

242 730 304 782 In
334 728 441 781 bac
471 726 754 781 sententia
784 726 846 780 in
885 743 999 797 qua
1048 728 1219 781 modo
1276 742 1430 781 sum.
1472 729 1593 781 Dies
1620 728 1769 796 pleni
1797 730 1941 781 inve-

237 817 459 868 nientur
489 817 547 868 in
602 816 698 869 eis.
773 814 1055 882 (Ηιειιοκ.)
1096 816 1335 870 Perfecti
1391 816 1783 885 inveniuntur,
1838 816 1941 870 etsi

243 904 414 957 modo
467 919 581 957 non
634 909 927 973 appareat.
976 904 1148 973 (Cas)
1201 905 1319 970 Vel,
1392 904 1505 959 dies
1576 903 1727 973 pleni
1785 909 1937 970 sunt,

239 992 474 1063 quando
507 991 763 1046 Christus
797 991 951 1047 venit
994 1009 1007 1046 :
1042 992 1101 1047 hi
1141 1009 1277 1064 ergo
1314 997 1446 1047 sunt
1488 992 1547 1047 in
1578 992 1808 1063 Judaais,
1842 992 1943 1064 qui

241 1081 533 1136 Christum
564 1085 865 1134 noverunt.

313 1170 479 1222 Vens.
526 1172 608 1223 ll.
645 1198 711 1208 —-
748 1172 819 1223 Et
847 1169 1125 1223 dixerunt.
1171 1168 1365 1239 (Ana.)
1413 1170 1571 1225 Unde
1602 1174 1943 1225 converten-

241 1256 381 1311 tur?
410 1261 553 1323 etc.,
604 1272 773 1325 usque
799 1257 873 1311 ad
917 1258 1023 1311 hoc
1056 1262 1140 1311 est
1171 1274 1347 1328 quare
1390 1258 1696 1313 videbatur
1728 1259 1808 1313 eis
1836 1275 1945 1313 ne-

241 1346 388 1399 scire
443 1346 571 1399 hoc.
615 1345 883 1411 Quomodo
912 1348 1034 1399 scit.
1082 1346 1207 1415 (lo.)
1242 1347 1368 1399 Non
1399 1346 1553 1413 dicit,
1577 1346 1759 1401 nescit
1788 1363 1800 1400 :
1844 1347 1943 1402 sed

246 1437 434 1491 adhuc
460 1436 686 1490 hazsitat
715 1442 772 1491 et
803 1452 981 1506 prope
1012 1442 1097 1491 est
1131 1438 1361 1491 sanitati
1394 1454 1406 1491 ε
1442 1443 1497 1492 et
1522 1438 1591 1491 de
1635 1443 1751 1492 tam
1786 1436 1944 1508 gravi

246 1525 586 1579 inﬁrmitate
614 1524 856 1579 vicinior
907 1530 992 1580 est
1045 1528 1216 1588 salus,
1280 1525 1426 1581 sicut
1472 1526 1657 1581 vicina
1704 1526 1945 1580 sanitate

246 1613 435 1683 magis
468 1617 715 1668 aestuant
744 1612 903 1683 aegri.

320 1704 491 1756 Vens.
531 1705 616 1757 13.
669 1733 737 1741 -
768 1703 847 1756 Et
905 1702 1066 1757 dixi:
1125 1705 1272 1771 Ergo
1300 1706 1416 1759 sine
1447 1720 1611 1759 causa
1634 1706 1943 1774 justiﬁcavi

242 1807 338 1845 cor
359 1806 555 1855 meum,
617 1794 725 1845 etc.
769 1790 942 1861 (Cas)
1002 1794 1128 1845 Haec
1158 1792 1444 1859 dixerunt,
1498 1794 1706 1864 quibus
1747 1794 1947 1848 confu-

247 1880 436 1934 tandis
460 1879 582 1933 haec
611 1896 717 1950 ego
750 1896 763 1934 :
798 1881 887 1933 vel
918 1880 1101 1935 adhuc
1127 1898 1191 1935 ex
1225 1898 1469 1951 persona
1490 1882 1820 1949 dubitantis,
1846 1884 1948 1937 Fa-

241 1969 361 2023 tuis
393 1968 837 2037 cogitationibus
897 1986 955 2022 se
986 1970 1125 2024 dicit
1146 1969 1402 2037 illusum,
1436 1978 1499 2025 ut
1541 1988 1673 2025 cum
1706 1972 1828 2026 haec
1856 1988 1947 2028 re-

242 2056 598 2128 pudiaverit,
630 2056 836 2110 melius
867 2073 971 2110 nos
1004 2059 1414 2129 procuraverit.

324 2146 489 2199 Vens.
525 2146 613 2199 14.
663 2175 733 2185 -
760 2146 841 2200 Et
869 2148 1177 2215 castigatio.
1210 2147 1363 2201 Alias
1416 2152 1473 2201 et
1523 2147 1687 2203 index
1717 2164 1861 2203 meus
1890 2150 1950 2203 in

242 2236 537 2289 matutino.
588 2234 755 2303 (Cas)
847 2236 981 2288 Ecce
1052 2236 1176 2305 jam
1256 2236 1602 2306 remedium,
1691 2237 1947 2291 Christus

244 2323 444 2386 index,
481 2322 578 2393 qui
616 2322 766 2376 viam
795 2322 1049 2377 veritatis
1070 2324 1359 2387 indicavit,
1384 2328 1457 2390 et,
1494 2340 1660 2379 mane
1687 2339 1947 2395 surgens,

247 2425 415 2481 spem
446 2417 699 2464 nostram
725 2411 793 2464 de
822 2411 1035 2464 mundo
1065 2412 1132 2465 ad
1155 2413 1324 2467 caelos
1354 2413 1660 2467 transtulit.

329 2499 489 2552 Vens.
521 2501 604 2552 l5.
633 2529 703 2538 —
728 2497 795 2553 Si
825 2499 1089 2553 dicebam.
1123 2499 1252 2571 (ln.)
1325 2502 1459 2554 Ecce
1510 2501 1629 2571 jam
1688 2518 1746 2554 se
1775 2500 1951 2570 repri-

246 2586 357 2641 mit
389 2590 723 2642 auctoritate
763 2593 1110 2657 sanctornm,
1144 2594 1196 2643 et
1224 2589 1342 2660 jam
1376 2589 1559 2643 vicina
1590 2590 1824 2644 veritate
1853 2590 1947 2643 dc-

252 2676 460 2730 liberat
484 2676 597 2730 sic:
651 2678 713 2733 Si
742 2677 1004 2732 dicebam.
1042 2681 1171 2732 Ecce
1225 2682 1496 2734 nationem
1536 2681 1723 2749 (Aua.)
1780 2679 1951 2733 Aliud

251 2764 661 2819 inconveniens
741 2765 943 2835 incipit
990 2766 1229 2820 solvere.
1284 2768 1631 2836 Reprobavi;
1691 2765 1945 2837 judicavi

255 2855 412 2925 quod
443 2870 560 2907 non
592 2858 697 2908 est.
733 2855 1158 2923 Existimabam,
1199 2872 1303 2927 per
1356 2856 1627 2927 praedicta
1658 2857 1783 2909 volo
1817 2872 1948 2927 pro-

2044 467 2200 516 ratus
2231 468 2338 527 est,
2368 462 2467 534 qui
2489 466 2546 517 et
2574 466 2802 516 terrena
2836 462 3115 532 quaesivit,
3176 462 3271 516 sed
3305 479 3334 514 a
3368 463 3484 515 Deo
3511 479 3524 528 ;
3555 462 3649 517 hic
3670 462 3750 517 di-

2045 550 2139 617 cit,
2163 551 2224 604 in
2245 551 2349 605 hoc
2379 551 2596 604 mundo
2634 550 2810 604 malos
2840 566 2956 603 non
2987 566 3110 603 esse
3141 550 3429 604 immunes
3469 554 3524 604 et
3552 550 3749 621 impu-

2046 638 2233 706 nitos;
2266 639 2400 709 quia
2428 639 2533 693 etsi
2564 638 2779 706 felices,
2809 643 3002 692 tamen
3052 642 3272 692 reatum
3296 643 3523 709 gestant
3547 643 3604 692 et
3632 639 3751 692 fre-

2046 733 2288 798 quenter
2318 727 2851 781 ruinasincurrunt.
2899 729 3292 793 Verumtamen,
3371 727 3428 781 id
3464 731 3569 793 est,
3604 726 3703 782 sed
3733 744 3747 781 :

2045 821 2104 869 et
2132 817 2223 870 hic
2255 816 2496 887 posuisti
2526 817 2607 869 eis
2664 817 2819 870 hunc
2843 815 3046 869 ﬂorem
3079 820 3134 869 et
3176 815 3399 886 copiam
3456 820 3749 886 tempora-

2048 906 2213 971 lium,
2240 911 2464 975 propter
2482 905 2650 971 dolos,
2681 909 2794 959 etc.

2120 999 2345 1064 Propter
2376 995 2540 1049 dolos.
2596 995 2776 1063 (Aua.)
2809 994 2924 1057 Vel,
2953 994 3121 1063 juxta
3156 992 3459 1047 lubricum.
3529 992 3700 1056 Quasi
3734 1008 3746 1047 :

2049 1083 2213 1138 Modo
2237 1084 2433 1137 doloso
2452 1082 2631 1136 fecisti
2652 1082 2752 1144 eis,
2778 1083 2883 1136 sub
2905 1082 3091 1152 specie
3112 1082 3246 1134 boni
3271 1082 3410 1134 dans
3434 1081 3601 1135 mala.
3628 1082 3750 1149 Vel,

2044 1173 2207 1243 juxta
2236 1172 2542 1240 lubricum,
2572 1177 2637 1225 ut
2666 1176 2800 1224 sunt
2830 1170 3169 1241 temporalia
3211 1186 3225 1223 :
3262 1170 3355 1223 ubi
3389 1170 3619 1235 cadunt,
3652 1169 3752 1240 qui

2047 1278 2241 1316 amore
2270 1265 2405 1315 sunt
2444 1261 2645 1330 juxta;
2681 1260 2821 1314 dum
2850 1261 3004 1313 enim
3036 1260 3266 1313 dolosus
3296 1258 3473 1313 alium
3490 1259 3614 1312 vult
3643 1258 3745 1313 de-

2045 1350 2243 1421 jicere,
2263 1350 2425 1419 juxta
2448 1348 2729 1403 lubricum
2762 1365 2893 1402 eum
2934 1348 3116 1417 ponit.

2123 1438 2283 1491 Vens.
2316 1468 2383 1476 —
2414 1440 2501 1491 20.
2545 1437 2701 1493 Velut
2757 1439 3045 1491 somnium.
3100 1436 3221 1505 (10.)
3255 1438 3463 1505 Aperta
3516 1451 3749 1506 compa-

2054 1525 2219 1579 ratio.
2255 1525 2471 1579 Clausis
2509 1526 2711 1592 oculis,
2744 1526 3001 1579 videmus
3034 1526 3183 1579 bona
3215 1541 3344 1596 quas
3389 1541 3483 1579 mo
3522 1524 3735 1595 apertis

2054 1628 2170 1667 non
2195 1612 2547 1680 invenimus;
2599 1614 2659 1667 in
2690 1614 2805 1668 vita
2858 1614 3193 1668 somnium:
3247 1614 3308 1668 in
3358 1618 3541 1668 morte
3573 1611 3747 1682 evigi-

2055 1700 2195 1768 lant,
2229 1700 2468 1755 scientes
2506 1700 2641 1771 quid
2665 1704 2765 1754 est.
2800 1704 2863 1755 In
2891 1704 3132 1757 civitate.
3160 1701 3228 1753 In
3257 1700 3518 1754 contuitu
3549 1697 3751 1770 populi

2054 1789 2160 1855 tui,
2188 1790 2296 1856 vel,
2329 1790 2465 1844 dum
2493 1789 2861 1844 constituitur
2919 1795 3015 1843 tua
3045 1790 3260 1843 civitas.
3326 1792 3527 1856 (HIER.)
3559 1790 3658 1843 Vel
3688 1789 3751 1844 in

2056 1878 2263 1933 caelesti
2296 1879 2608 1933 Jerusalem
2633 1879 2946 1949 imaginem
2978 1894 3199 1944 eorum,
3232 1878 3451 1949 efﬁgies
3480 1878 3750 1932 deformi-

2057 1970 2240 2021 tatum
2274 1984 2415 2038 quas
2448 1967 2555 2022 sibi
2601 1968 2857 2022 faciunt:
2910 1968 3057 2022 alius
3108 1968 3199 2021 leo
3256 1967 3573 2035 ferocitate,
3604 1967 3750 2021 alius

2058 2073 2195 2128 aper
2224 2056 2387 2110 sorde
2436 2055 2720 2110 libidinis.
2783 2056 2954 2125 (Cas)
3006 2057 3105 2111 Vel
3158 2056 3404 2127 gloriam
3458 2054 3754 2126 temporis,

2057 2162 2186 2216 quae
2216 2161 2333 2199 non
2363 2161 2515 2211 vera,
2550 2145 2647 2199 sed
2705 2144 3020 2199 similitudo
3051 2146 3249 2215 gloriae
3281 2161 3293 2198 :
3329 2145 3462 2215 quia
3494 2160 3623 2198 cum
3653 2143 3750 2198 de-

2058 2235 2165 2288 erit
2194 2234 2400 2288 veritas
2426 2234 2530 2303 eis,
2554 2233 2765 2303 peribit
2784 2233 3005 2303 imago;
3032 2250 3137 2287 nec
3160 2232 3600 2287 similitudinem
3622 2232 3756 2286 reti-

2057 2323 2296 2388 nebunt,
2329 2322 2429 2393 qui
2458 2323 2527 2377 de
2566 2322 2921 2376 beatitudine
2950 2322 3030 2375 nil
3050 2322 3361 2388 habebunt,
3397 2321 3527 2375 ideo
3551 2320 3756 2393 perdes

2056 2428 2172 2475 eos,
2206 2411 2341 2483 quia
2377 2427 2481 2482 per
2506 2427 2624 2465 eos.

2130 2500 2293 2554 Vens.
2326 2503 2415 2554 2t.
2471 2528 2528 2541 -ι
2580 2500 2989 2567 Inﬂammatum
3045 2502 3123 2553 est
3166 2513 3257 2553 cor
3286 2514 3478 2553 meum.
3530 2496 3593 2551 Id
3651 2500 3753 2565 est,

2059 2588 2235 2643 invidi
2256 2588 2535 2642 felicibus.
2568 2590 2639 2642 Et
2661 2602 2811 2641 renes
2857 2590 2961 2641 mei
2989 2590 3303 2641 commutati
3351 2592 3495 2642 sunt.
3539 2586 3753 2650 Quibus

2060 2682 2261 2743 status,
2289 2677 2346 2731 id
2378 2681 2481 2743 est,
2504 2676 2824 2730 constantia
2854 2676 3062 2730 mentis
3112 2677 3357 2730 resoluta
3387 2680 3492 2739 est,
3526 2678 3589 2729 ut
3616 2691 3753 2746 pro-

2057 2782 2229 2837 spera
2258 2782 2548 2831 amarem;
2610 2764 2797 2836 gravis
2825 2765 2991 2834 culpa
3042 2764 3298 2834 praebere
3346 2764 3469 2818 aliis
3501 2764 3754 2817 occasio-

2060 2870 2193 2908 nem
2224 2853 2513 2924 peccandi.
2575 2854 2671 2907 Ad
2706 2853 2944 2907 nihilum
2977 2854 3228 2908 redactus
3256 2869 3394 2908 sum.
3433 2852 3602 2906 Vanis
3630 2851 3756 2905 has-

248 2943 388 2996 bare
425 2936 600 2997 Deum
634 2959 751 2996 non
797 2944 1050 3013 justum;
1103 2944 1199 2997 sed
1253 2944 1361 2997 hoc
1390 2944 1561 2999 modo
1590 2943 1800 3014 cogito,
1831 2960 1946 2997 non
1980 2950 2021 3005 ρ
2058 2959 2211 3009 rens,
2236 2942 2483 3012 injurius
2509 2942 2836 2995 Deofactus.
2862 2944 3092 3000 Nescivi.
3117 2943 3384 3013 Magnaet
3400 2945 3455 2995 et
3474 2940 3755 3011 profunda

250 3031 511 3087 absolvo.
552 3032 698 3086 Ante
724 3048 821 3095 me,
850 3032 906 3086 id
930 3036 1035 3102 est,
1058 3036 1341 3104 quantum
1371 3034 1439 3087 ad
1468 3033 1803 3104 praesentia;
1839 3034 1945 3095 vel,

250 3121 443 3189 major
471 3136 578 3183 me,
618 3135 707 3173 me
725 3136 1021 3189 superans,
1056 3120 1167 3173 nisi
1210 3123 1357 3175 Deus
1388 3122 1630 3192 aperiat.
1670 3122 1788 3188 Vel,
1824 3138 1950 3176 ccce

249 3208 413 3263 natio
446 3208 699 3262 ﬁliorum
730 3213 983 3274 tuorum,
1007 3208 1098 3263 cui
1127 3209 1404 3281 disposui,
1433 3215 1487 3263 et
1516 3209 1802 3279 concinui,
1824 3211 1951 3265 sub-

254 3297 443 3363 audis,
494 3297 742 3351 occurrit
792 3302 848 3351 et
898 3297 1064 3351 obvia
1090 3297 1250 3359 mihi,
1286 3296 1342 3351 id
1374 3302 1476 3364 est,
1511 3299 1761 3353 occurrit
1809 3299 1952 3353 mihi

255 3384 421 3455 prior
446 3384 796 3453 praedicatio,
828 3402 1000 3456 quam
1029 3385 1299 3439 Israelitis
1341 3387 1469 3452 feci,
1504 3391 1563 3441 ut
1595 3389 1771 3441 Deum
1800 3388 1951 3441 cole-

258 3477 411 3537 rent,
444 3473 543 3544 qui
575 3472 770 3526 omnia
798 3472 1029 3539 creavit,
1058 3477 1113 3527 et
1140 3473 1408 3527 omnibus
1439 3475 1750 3528 secundum
1781 3491 1955 3545 opera

260 3578 365 3615 sua
394 3560 678 3615 restituit:
711 3560 901 3614 obviat
933 3560 1075 3614 mihi
1136 3560 1417 3629 doctrina,
1462 3562 1554 3615 cui
1606 3562 1864 3632 congrui,
1898 3566 1956 3616 et

260 3649 721 3703 accommodatus
743 3666 891 3704 sum.
924 3649 1029 3704 Sed
1055 3665 1125 3703 ne
1148 3666 1253 3720 ego
1276 3650 1640 3721 reprobarem
1661 3650 1953 3704 nationem

156 3776 159 3777 ν
263 3738 523 3808 priorum
552 3742 803 3808 patrum,
837 3738 924 3792 vel
956 3737 1134 3810 priori
1186 3738 1463 3792 doctrinas
1496 3754 1637 3793 meas
1668 3738 1953 3793 contradi-

257 3842 451 3881 cerem
483 3843 495 3879 :
524 3828 725 3893 Existi,
752 3832 856 3881 etc.

329 3916 595 3969 Filiorum
628 3920 858 3969 tuorum.
894 3915 1104 3969 Omnes
1131 3914 1307 3982 enim,
1340 3914 1625 3969 Abraham
1658 3920 1712 3969 et
1740 3915 1950 3979 caeteri,

252 4005 428 4058 aliter
449 4003 673 4067 docent,
707 4004 913 4074 quibus
935 4004 1167 4057 credere
1189 4004 1368 4058 debeo
1404 4020 1556 4058 :non
1589 4004 1743 4057 enim
1773 4003 1951 4058 omni—

248 4094 367 4147 bus
399 4092 760 4161 prudentior.
806 4092 911 4146 Sed
970 4108 1043 4146 ne
1085 4092 1449 4162 reprobarem
1476 4108 1488 4145 :
1518 4093 1951 4161 Existimabam,

246 4180 372 4245 vel,
402 4179 619 4248 suscepi
653 4194 1029 4249 cognoscere;
1080 4180 1195 4250 jam
1230 4185 1525 4233 revocatur
1573 4197 1604 4234 a
1636 4181 1818 4251 lapsu,
1853 4180 1951 4251 qui

249 4284 381 4322 non
414 4267 713 4337 praesumit
744 4283 801 4320 se
831 4266 1103 4321 scientem
1134 4272 1332 4321 contra
1362 4272 1604 4322 sanctos.
1648 4270 1718 4323 l’t
1748 4284 1953 4340 cogno-

250 4372 482 4411 scerem
515 4356 685 4426 hujus
710 4355 795 4409 rei
822 4356 1141 4423 veritatem,
1177 4357 1327 4426 quod
1359 4372 1475 4410 non
1525 4362 1674 4423 ante,
1700 4358 1838 4412 dum
1869 4357 1954 4412 di-

249 4445 430 4500 cebat
485 4446 664 4499 Deum
694 4445 817 4499 haec
868 4461 984 4499 non
1028 4461 1247 4499 curare.
1284 4445 1610 4515 Cogitabam
1649 4452 1709 4499 ut
1751 4446 1955 4501 scirem

247 4534 413 4589 hoc:
466 4532 624 4603 prior
681 4532 891 4603 gradus
949 4532 1227 4601 scientias,
1262 4532 1397 4586 dum
1448 4532 1550 4586 scit
1603 4533 1817 4586 nescire
1873 4551 1953 4601 se,

246 4622 422 4694 quod
456 4622 616 4692 prius
645 4621 944 4675 videbatur
968 4620 1110 4674 scire
1139 4637 1152 4674 :
1180 4620 1447 4692 repudiat
1489 4625 1680 4675 autem
1704 4621 1954 4692 priorem

246 4726 521 4776 sensum,
556 4710 693 4764 dum
726 4710 933 4780 quaerit
955 4709 1149 4763 alium.

331 4800 497 4854 Vnus.
535 4802 619 4854 16.
676 4828 745 4838 -
772 4798 951 4853 Labor
974 4802 1052 4852 est
1083 4802 1209 4851 ante
1260 4813 1361 4851 me.
1414 4796 1594 4867 (Auo.)
1635 4798 1803 4863 Quasi
1832 4815 1957 4853 mu-

243 4905 360 4957 rus
392 4888 533 4942 mihi
560 4888 766 4953 obstat,
818 4892 943 4948 etc.,
995 4902 1164 4956 usque
1210 4886 1460 4941 advidet
1486 4887 1544 4940 in
1585 4888 1799 4957 judicio
1830 4888 1957 4943 illos

238 4979 586 5035 damnatos.

325 5067 492 5119 Vens.
531 5069 620 5121 l7.
657 5094 725 5105 --
774 5066 1179 5121 Sanctuarium.
1219 5065 1404 5135 (ΑΜ.)
1440 5065 1716 5133 Christus,
1745 5064 1845 5135 qui
1892 5069 1958 5121 ut

240 5159 413 5211 Deus
442 5153 806 5223 singulorum
838 5152 1045 5208 merita
1075 5154 1375 5224 dignoscit.
1421 5154 1519 5207 Vel
1557 5157 1953 5222 sanctuarium,

232 5245 464 5299 Sancta
494 5244 846 5307 sanctorum,
899 5240 959 5295 id
990 5243 1095 5307 est,
1147 5246 1431 5295 secretum
1468 5240 1674 5295 divinae
1706 5240 1955 5311 disposi-

234 5330 451 5388 tionis.

324 5419 495 5474 νειμ.
532 5422 615 5473 17.
645 5447 717 5459 -
769 5419 1127 5473 Veruntamen
1174 5392 1577 5486 (Avo.,'Cass.)
1628 5418 1762 5473 Ecce
1815 5416 1954 5488 quid

230 5506 467 5567 didicit
496 5506 601 5563 iste
631 5506 693 5562 in
740 5506 1064 5567 sanctuario
1097 5522 1111 5561 ε
1165 5506 1347 5567 malos
1376 5504 1467 5561 hic
1509 5505 1717 5577 decipi,
1756 5510 1955 5579 postea

2060 3032 2386 3102 ignorantia
2438 3031 2657 3085 nescire
2706 3030 2860 3101 quod
2902 3046 3118 3101 pecces.
3185 3031 3361 3100 (0.43.)
3408 3029 3478 3084 In
3528 3030 3756 3084 civitate

2063 3124 2157 3174 tua
2186 3122 2495 3187 imaginem.
2528 3120 2626 3173 Vel
2655 3118 2722 3173 de
2739 3119 3023 3173 haereticis
3041 3124 3233 3189 potest
3250 3119 3358 3173 hoc
3388 3118 3589 3189 accipi,
3623 3121 3751 3185 etc.,

2060 3222 2230 3276 usque
2257 3208 2331 3261 ad
2357 3208 2442 3260 vel
2463 3208 2523 3261 in
2557 3223 2729 3278 super
2784 3207 2997 3261 caelesti
3029 3207 3289 3261 Ecclesia.
3352 3208 3495 3272 Quia
3536 3208 3755 3274 inﬂam-

2060 3302 2293 3352 matum.
2347 3296 2529 3367 (Λυσι.)
2592 3299 2726 3351 Ecce
2779 3297 3072 3351 conversio
3124 3298 3298 3368 hujus
3344 3296 3556 3367 Asaph,
3621 3300 3753 3360 etc.,

2061 3401 2227 3454 usque
2256 3386 2331 3440 ad
2361 3390 2724 3439 commutata:
2745 3390 2880 3439 sunt
2908 3385 2966 3439 in
2995 3386 3341 3454 spirituales.

2134 3476 2288 3529 Vens.
2319 3474 2405 3528 24.
2435 3503 2505 3515 -
2535 3476 2685 3535 Cum,
2718 3478 2824 3527 etc.
2851 3474 2975 3545 (lo.)
3011 3474 3157 3539 Quia
3185 3473 3346 3543 prius
3405 3472 3473 3527 ad
3508 3471 3752 3526 nihilum

2063 3564 2324 3618 redactus
2344 3579 2490 3627 sum,
2524 3562 2582 3616 id
2608 3566 2713 3629 est,
2748 3562 2817 3616 ad
2853 3578 2919 3616 ea
2949 3578 3076 3633 qua:
3106 3562 3250 3616 nihil
3275 3566 3408 3615 sunt
3438 3560 3705 3615 descendi
3740 3576 3752 3613 :

2063 3652 2165 3724 qui
2215 3651 2425 3706 nescivi
2456 3651 2601 3705 nihil
2656 3666 2797 3717 esse,
2831 3655 2886 3705 et
2914 3656 3043 3721 post
3097 3655 3161 3705 ut
3209 3652 3540 3720 jumentum
3592 3665 3756 3703 man-

2064 3745 2257 3795 suetus
2289 3740 2468 3794 factus
2498 3755 2624 3793 sum
2655 3738 2892 3793 ferendo
2943 3739 3125 3803 oneri,
3160 3744 3218 3793 et
3267 3754 3495 3809 semper
3542 3753 3640 3791 ero
3674 3742 3757 3791 te-

2065 3844 2214 3884 cum.

2133 3918 2454 3969 Iumentum.
2522 3914 2695 3984 (CAS.)
2770 3914 2935 3984 Apud
3012 3915 3219 3978 Deum,
3266 3914 3388 3967 vice
3472 3913 3757 3983 pecudum

2064 4009 2218 4070 sunt,
2252 4003 2350 4074 qui
2372 4007 2566 4057 contra
2605 4004 2787 4057 Deum
2808 4002 3063 4057 sentiunt
3097 4018 3111 4056 :
3144 4006 3200 4055 et
3228 4006 3421 4056 tamen
3453 4003 3513 4055 in
3542 4001 3629 4055 his
3666 4017 3759 4055 er-

2062 4108 2213 4159 rans,
2242 4091 2495 4146 nesciens
2512 4091 2727 4161 judicia
2760 4092 2879 4155 Dei,
2913 4106 3140 4161 semper
3154 4090 3235 4144 fui
3263 4095 3445 4144 tecum
3477 4089 3758 4160 quodam-

2064 4181 2261 4249 modo,
2284 4180 2355 4235 ab
2377 4179 2545 4234 idolis
2567 4180 2809 4246 alienus,
2837 4185 2893 4233 et
2924 4180 3021 4233 tibi
3042 4180 3297 4247 credens,
3332 4184 3388 4233 et
3408 4183 3469 4233 tu
3499 4178 3756 4233 tenuisti.

2140 4270 2386 4323 Tenuisti
2438 4284 2679 4323 manum.
2742 4268 2935 4339 (Auo.)
2988 4268 3131 4333 Quia
3159 4268 3291 4323 licet
3318 4284 3486 4339 pecus
3517 4284 3631 4322 non
3663 4284 3757 4322 re-

2066 4357 2234 4412 cessit
2262 4373 2296 4411 a
2325 4359 2466 4411 Deo.
2506 4359 2748 4413 Tenuisti
2775 4374 3011 4423 manum,
3038 4357 3095 4412 id
3143 4362 3229 4413 est
3254 4360 3591 4429 potestatem
3623 4356 3759 4410 dex-

2064 4450 2219 4512 teras,
2257 4446 2313 4500 id
2362 4451 2463 4513 est,
2497 4446 2702 4510 texisti,
2738 4447 2891 4517 quod
2923 4462 3149 4517 semper
3177 4450 3382 4511 tccnm,
3406 4445 3555 4516 quod
3586 4444 3757 4499 ﬁlius.

2066 4535 2234 4590 Dedit
2285 4534 2437 4589 enim
2458 4538 2776 4604 potestatem
2816 4536 2956 4605 ﬁlios
2995 4537 3091 4589 Dei
3109 4535 3243 4605 fieri
3273 4536 3358 4589 his
3402 4537 3498 4604 qui
3536 4533 3762 4588 credunt

2062 4626 2119 4678 in
2156 4626 2368 4678 nomine
2388 4624 2524 4693 ejus.
2548 4625 2610 4678 In
2639 4626 2888 4689 sinistra,
2922 4639 3113 4694 pecus,
3146 4639 3345 4677 amans
3376 4624 3498 4678 haec
3534 4628 3758 4693 tempo-

2063 4712 2225 4766 ralia.
2249 4712 2347 4766 Vel
2386 4728 2622 4766 manum
2651 4712 2952 4766 dexteram.

2134 4799 2309 4869 (Cas)
2341 4800 2464 4853 Non
2521 4799 2829 4853 sinistram.
2885 4801 3061 4854 Tenet
3090 4800 3392 4853 'dexteram
3426 4800 3593 4865 Deus,
3621 4798 3757 4852 dum

2064 4888 2133 4942 ad
2164 4888 2318 4942 bona
2338 4904 2513 4958 opera
2541 4888 2756 4959 dirigit,
2782 4894 2838 4941 et
2862 4904 2933 4941 ne
2966 4904 3296 4959 mergamur
3323 4888 3546 4955 liberat,
3580 4891 3642 4940 ut
3664 4887 3760 4941 Pe-

2063 4980 2235 5031 trum.
2270 4975 2396 5046 (1ο.)
2439 4976 2568 5030 Viso
2600 4977 2751 5031 malo
2806 4976 3149 5047 impiorum,
3182 4977 3445 5047 bonoque
3491 4992 3619 5044 suo,
3678 4991 3762 5029 ar-

2063 5066 2189 5136 guit
2220 5082 2279 5120 se
2308 5066 2376 5121 de
2399 5065 2710 5136 prioribus,
2744 5066 2898 5136 quod
2930 5070 3157 5120 terrena
3178 5083 3211 5119 a
3242 5066 3359 5120 Deo
3387 5064 3669 5135 quaesivit,
3704 5069 3758 5119 et

2062 5153 2269 5208 invitat
2300 5153 2359 5208 in
2390 5153 2766 5208 contrarium.

2136 5242 2320 5312 (Auo.)
2353 5242 2658 5311 Comparat
2702 5246 2946 5296 terrenae
2978 5240 3255 5313 voluptati
3310 5257 3427 5296 snas
3458 5242 3761 5313 praemium

2064 5330 2309 5395 cmleste,
2328 5334 2384 5383 et
2407 5345 2465 5383 se
2487 5329 2697 5400 arguit.

2140 5420 2211 5473 In
2236 5423 2511 5485 aeternum,
2543 5423 2649 5474 etc.
2678 5419 2761 5473 Ab
2793 5435 2861 5473 eo
2894 5435 3193 5490 nunquam
3243 5421 3393 5473 ultra
3430 5421 3759 5491 separabor.

2139 5508 2248 5575 Qui
2270 5509 2625 5576 fornicantur
2656 5508 2755 5562 abs
2786 5512 2858 5574 te,
2924 5512 3028 5563 etc.
3065 5508 3204 5563 Huic
3233 5507 3594 5565 fornicationi
3632 5525 3765 5566 con-
