4082 6184
369 265 472 319 959

1033 259 1430 316 WALAFRIDI
1466 261 1710 316 STRABI
1743 261 1948 316 FULD.
1975 260 2141 317 MON.
2165 261 2316 318 OPP.
2353 262 2528 317 PARS
2558 263 2598 316 Ι.
2638 291 2708 302 --
2736 259 3200 318 THEOLOGICA.

3767 267 3874 318 960

371 384 579 438 trarius
600 388 686 437 est
721 388 906 437 castus
937 383 1127 448 timor,
1175 381 1273 452 qui
1328 381 1506 451 gratis
1561 380 1753 451 ipsum
1796 385 1968 447 amat,
2001 382 2059 435 in
2091 385 2138 436 A
2249 385 2405 438 Vens.
2445 386 2498 438 4.
2533 414 2600 424 -
2641 385 2881 438 Gloriati
2898 388 3045 439 sunt.
3090 384 3275 455 (Ano.,
3309 384 3496 453 Cass.)
3532 386 3610 439 De
3641 386 3877 439 victoria

368 490 484 544 quo
504 473 676 527 habet
706 471 921 526 omnia.

440 562 600 616 Vens.
622 564 711 615 28.
738 590 805 602 —
843 562 911 614 In
952 561 1128 629 portis
1147 559 1274 627 ﬁliae
1319 560 1472 614 Sion.
1508 561 1692 630 (Ana)
1726 560 1790 612 In
1812 558 2063 630 publica,

365 651 449 703 vel
483 650 544 703 in
567 648 872 702 concordia
901 649 1330 716 Apostolorum,
1365 648 1465 718 qui
1496 652 1630 701 sunt
1660 652 1839 718 portas
1872 648 2060 700 Eccleo

369 738 487 791 site.
520 737 663 800 Quia
705 735 1053 806 praedicatio,
1089 752 1218 807 quas
1250 741 1335 789 est
1382 741 1592 806 praeter
1646 737 1925 789 unitatem
1979 737 2070 789 Ec-

367 826 576 893 clesiae,
626 825 812 878 inanis
861 829 963 878 est.
1029 826 1144 891 Vel,
1178 825 1503 879 virtutibus.
1566 825 1807 878 Ecclesia
1839 829 1924 878 est
1950 824 2069 878 ﬁlia

366 914 521 979 Sion,
555 912 612 967 id
642 918 726 967 est
747 913 1176 984 speculationis.

929 1002 1241 1057 PSALMUS
1273 1003 1502 1057 LXXIII.

434 1089 596 1144 Vens.
627 1093 678 1144 1.
698 1119 766 1130 -
783 1091 1091 1145 Intellectus
1118 1092 1337 1160 Asaph.
1369 1089 1550 1160 (Αυα.)
1575 1091 1913 1162 Synagogze,
1936 1095 2069 1159 etc.,

362 1193 530 1246 usque
557 1177 631 1231 ad
663 1183 723 1232 ut
755 1178 985 1232 duritia.
1018 1178 1349 1232 Judzeornm
1394 1179 1479 1231 vel
1502 1178 1925 1232 calamitatibus
1957 1183 2070 1233 ter-

364 1271 602 1330 reretur,
634 1267 724 1320 vel
757 1267 1098 1321 molliretur.
1155 1267 1321 1338 (Cas)
1354 1268 1558 1329 Monet,
1590 1267 1802 1321 relictis
1833 1267 2060 1337 ﬁguris,

369 1354 612 1408 transire
639 1355 710 1408 ad
743 1356 1063 1409 veritatem.

442 1445 509 1498 Ut
535 1443 672 1512 quid
719 1447 880 1499 Deus.
925 1445 1048 1512 (11).)
1085 1445 1417 1499 Describens
1443 1444 1799 1498 eversionem
1829 1446 2059 1498 Jerusa-

369 1529 482 1586 lem
504 1531 962 1602 irreparabilem,
986 1535 1193 1602 quaerit
1222 1549 1470 1592 causam,
1496 1548 1671 1603 quare
1695 1533 1985 1586 admirans
2005 1539 2061 1587 et

363 1636 753 1691 conquerens;
789 1624 844 1674 et
871 1626 1136 1691 precatur
1165 1638 1268 1690 pro
1301 1622 1528 1692 repulso
1550 1623 1784 1692 populo,
1818 1626 1876 1675 et
1903 1621 2069 1676 ultio-

367 1725 496 1763 nem
547 1709 608 1763 in
641 1709 1044 1776 destructores,
1096 1727 1224 1779 qua:
1279 1709 1513 1780 quidem
1571 1710 1654 1763 eis
1684 1711 1838 1763 utilis
1869 1715 1974 1774 est,
2008 1715 2065 1764 et

361 1798 482 1869 jam
513 1798 659 1852 facta
707 1802 812 1852 est.
845 1797 1111 1868 Repulisti
1137 1814 1248 1853 nos.
1299 1799 1422 1870 (ln.)
1455 1799 1626 1863 Quasi
1657 1799 1875 1853 alienos
1907 1817 1938 1852 a
1968 1805 2067 1854 tua

363 1886 713 1941 defensione.
749 1889 816 1940 In
862 1887 1059 1955 ﬁnem.
1101 1888 1211 1941 Nec
1264 1888 1478 1956 templo
1540 1887 1810 1958 parcitur.
1878 1891 2063 1942 Inter-

365 1975 513 2029 itum
539 1979 596 2028 et
622 1974 1008 2045 captivitatem
1043 1975 1343 2046 signiﬁcat,
1385 1992 1514 2046 quae
1556 1991 1587 2028 a
1615 1975 1738 2030 Tito
1771 1981 1827 2030 et
1856 1978 2065 2047 Vespa-

366 2063 546 2116 siano.
581 2063 723 2117 Oves
779 2063 1059 2130 nominat,
1088 2070 1150 2118 ut
1207 2065 1288 2135 pii
1320 2063 1561 2134 pastoris
1612 2063 2062 2119 misericordiam

363 2154 740 2204 commoveat.
789 2153 930 2206 Tuae.
985 2152 1046 2205 In
1104 2169 1202 2206 eos
1248 2153 1662 2222 temperantius
1689 2154 2064 2221 vindicamus,

368 2254 511 2310 quos
535 2239 841 2310 aliquando
872 2239 1044 2294 fuisse
1075 2245 1302 2294 nostros
1325 2241 1714 2295 meminimus.

438 2328 601 2382 Vens.
661 2330 715 2380 2.
774 2358 844 2368 -—-
888 2328 1201 2383 Possedisti.
1253 2329 1446 2398 (Cass)
1501 2329 1619 2396 Vel,
1681 2329 1904 2392 creasti,
1959 2327 2068 2383 etsi

367 2431 571 2468 omnes
604 2421 755 2470 creat
815 2420 872 2469 et
917 2416 1189 2488 disponit,
1238 2418 1461 2471 Judzeos
1494 2422 1686 2471 tamen
1718 2417 2062 2488 specialiter,

364 2503 578 2573 quibus
626 2504 812 2574 legem
859 2509 915 2559 et
953 2506 1268 2576 Prophetas
1300 2505 1476 2561 dedit.
1516 2507 1813 2562 Redemisti
1864 2508 2063 2576 (then)

365 2592 439 2644 Te
468 2591 672 2661 pretio,
723 2592 778 2646 id
811 2597 918 2658 est,
946 2609 1048 2664 per
1078 2598 1134 2648 te
1183 2594 1452 2664 pretium.
1479 2597 1650 2648 Mons.
1696 2595 1880 2665 (AUG.)
1913 2587 2064 2648 Emi-

370 2680 585 2748 nentia,
618 2680 752 2735 Sion
779 2683 1092 2751 speculatio
1141 2685 1240 2743 est,
1301 2682 1362 2736 in
1399 2699 1537 2753 quo,
1570 2682 1628 2735 in
1661 2699 1776 2754 qua
1807 2700 1864 2737 re
1896 2683 2062 2736 habi-

367 2768 519 2822 tasti.
559 2769 656 2822 Vel
705 2773 864 2823 vacat
894 2771 954 2824 in
1009 2787 1100 2825 eo.
1133 2771 1338 2842 (HIER.)
1398 2773 1646 2828 Montem
1720 2773 1808 2827 vel
1853 2773 2066 2827 montis

368 2855 526 2920 Sion,
556 2855 670 2910 sive
719 2857 779 2910 in
813 2873 902 2910 eo.
956 2860 1260 2929 Hucusque
1317 2861 1438 2913 veri
1498 2861 1850 2915 Testamenti
1897 2862 2062 2923 facta,

369 2960 501 3015 quae
527 2945 804 3015 sequitur,
828 2946 1032 3000 veritas
1061 2947 1360 3016 promissa.
1414 2950 1521 3003 Per
1553 2949 1706 3015 Sion,
1747 2949 2060 3004 Jerusalem
2094 2948 2135 3004 C

368 3032 576 3102 signat,
610 3031 669 3086 in
696 3050 809 3104 qua
846 3035 1154 3104 praesentia
1185 3036 1390 3090 Christi
1425 3036 1717 3104 habitavit,
1748 3043 1807 3092 et
1833 3037 1960 3092 ideo
1990 3054 2062 3092 ne

370 3121 530 3175 daret
583 3137 710 3176 eam
771 3123 1022 3178 vastitati
1073 3125 1377 3194 supplicat.
1443 3127 1670 3192 Virgam
1703 3127 2059 3182 hereditatis.

369 3208 559 3279 (Ano.)
609 3211 738 3280 Ipsa
805 3213 1197 3282 congregatio,
1245 3214 1407 3284 virga
1457 3214 1810 3269 hereditatis
1854 3215 1991 3269 dicit
2045 3232 2058 3269 :

369 3315 546 3368 quam
576 3299 773 3353 volens
825 3301 1114 3371 possidere
1140 3301 1358 3372 virgam
1395 3303 1571 3373 Moysi
1627 3304 1686 3357 in
1737 3310 2063 3374 serpentem

369 3386 558 3450 vertit,
588 3387 686 3440 sed
714 3389 1070 3458 apprehensa
1094 3390 1275 3443 cauda
1309 3390 1479 3444 rediit
1503 3391 1561 3443 in
1585 3391 1822 3461 virgam.
1859 3392 2065 3461 (HIER.)

370 3473 513 3536 Quia
544 3489 699 3527 mors
723 3491 890 3528 suasu
914 3478 1194 3547 serpentis
1227 3479 1462 3533 intravit
1489 3479 1549 3532 in
1578 3481 1877 3547 mundum,
1905 3481 2066 3553 virga

369 3562 431 3615 in
464 3567 748 3632 serpente,
797 3563 1054 3618 Christus
1099 3564 1161 3619 in
1190 3571 1395 3621 morte.
1451 3568 1607 3622 Unde
1633 3573 1689 3622 et
1717 3568 1816 3640 qui
1877 3570 2064 3625 intue-

373 3650 542 3704 batur
569 3656 912 3721 serpentem,
969 3653 1026 3708 id
1060 3659 1160 3719 est,
1219 3655 1508 3710 Christum
1543 3663 1837 3712 mortuum
1865 3661 2064 3729 credit,

373 3743 609 3792 sanatur
646 3757 679 3794 a
708 3741 1090 3811 serpentibus,
1125 3743 1181 3798 id
1212 3748 1318 3810 est,
1351 3762 1385 3798 a
1407 3753 1586 3800 morte
1617 3751 1852 3802 aeterna.
1888 3750 2064 3820 Expa-

371 3826 451 3881 vit
479 3828 692 3898 Moyses
724 3834 780 3883 et
830 3830 997 3902 fugit,
1052 3831 1132 3886 sic
1185 3834 1442 3903 Apostoli
1474 3835 1754 3890 moriente
1816 3837 2062 3894 Christo.

374 3917 614 3970 Retenta
643 3917 842 3982 cauda,
875 3919 935 3978 id
961 3925 1061 3984 est,
1114 3921 1552 3991 posterioribus,
1601 3925 1664 3977 ﬁt
1717 3925 1893 3995 virga,
1931 3927 2067 3996 quia

372 4005 560 4073 primo
583 4005 820 4073 occisus,
850 4012 1049 4079 postea
1078 4011 1341 4064 surrexit.
1381 4012 1566 4065 Cauda
1595 4012 1768 4066 etiam
1819 4019 1904 4068 est
1933 4015 2066 4069 ﬁnis

373 4094 587 4155 saeculi,
620 4093 680 4148 in
711 4112 825 4166 quo
856 4097 1108 4152 redimus
1141 4099 1212 4153 ad
1244 4115 1477 4153 manum
1497 4101 1618 4165 Dei,
1650 4107 1706 4155 et
1743 4103 2068 4158 stabilimur

375 4182 472 4251 qui
495 4198 600 4251 per
629 4187 874 4237 mortem
901 4187 1061 4256 quasi
1084 4203 1187 4256 per
1207 4194 1528 4258 serpentem
1559 4190 1846 4245 ﬂeximus.
1874 4193 2060 4264 (Αυσ.)

370 4269 474 4324 Sed
509 4270 643 4340 quia
682 4271 802 4326 haec
827 4277 882 4326 et
913 4274 982 4328 de
1032 4276 1299 4344 gentibus
1333 4293 1346 4329 :
1390 4277 1679 4347 exprimit,
1733 4280 1800 4333 de
1855 4281 2064 4351 quibus

375 4357 546 4425 dicat,
578 4361 728 4414 Mons
757 4361 906 4416 Sion.
939 4362 998 4416 Id
1029 4367 1134 4429 est,
1161 4380 1273 4417 non
1303 4365 1374 4418 de
1404 4365 1690 4435 gentibus.
1745 4369 1842 4421 Vel
1904 4385 2065 4423 mon-

373 4452 491 4501 tem
520 4448 654 4502 Sion
683 4449 882 4519 istum,
914 4467 1084 4521 quem
1137 4453 1467 4507 inhabitasti
1496 4455 1557 4508 in
1585 4455 1710 4525 ipso
1736 4471 1748 4511 :
1770 4459 1914 4511 Leva
1949 4475 2067 4512 ma-

375 4544 505 4590 num
557 4541 705 4592 tuam
746 4541 806 4592 in
843 4541 1125 4610 superbius
1181 4557 1381 4608 eorum,
1409 4560 1440 4596 a
1469 4544 1678 4615 quibus
1734 4562 1928 4601 eversa
1983 4552 2071 4601 est

373 4625 710 4691 Jerusalem,
746 4626 800 4680 id
821 4633 924 4694 est,
954 4629 1186 4699 regibus
1216 4630 1497 4700 gentium.
1549 4635 1611 4687 In
1640 4635 1822 4704 ﬁnem,
1851 4635 1985 4706 quia
2015 4641 2072 4690 et

375 4713 484 4783 ipsi
512 4713 798 4770 Christum
823 4717 947 4788 jam
985 4725 1286 4774 noverunt.

448 4801 612 4855 Vens.
653 4803 705 4856 3.
759 4833 828 4842 —
859 4805 1020 4858 Leva.
1054 4805 1228 4875 (Cas)
1277 4807 1622 4874 Potentiam,
1652 4813 1719 4863 ut
1742 4811 2070 4880 superbiam

377 4904 576 4944 eorum
605 4894 788 4944 vertas
819 4891 888 4945 ad
941 4893 1346 4960 humilitatem,
1404 4894 1619 4948 ducens
1657 4911 1750 4949 θος
1782 4895 1838 4948 in
1871 4896 2068 4962 ﬁnem,

377 4975 435 5030 id
468 4983 571 5046 est,
614 4979 918 5033 Christum
965 4981 1118 5052 quod
1142 4987 1199 5035 et
1230 4983 1532 5053 impletum
1578 4987 1682 5050 est,
1713 4983 1848 5053 quia
1878 4984 2072 5039 Romae

378 5064 698 5120 Christiana
727 5067 932 5138 religio
955 5069 1230 5124 efﬂoruit.
1261 5072 1422 5136 Leva,
1453 5070 1589 5141 quia
1609 5087 1678 5125 ex
1707 5072 1952 5125 multum
1976 5089 2071 5126 su-

376 5153 700 5221 perstitiosa
733 5155 879 5210 facta
935 5161 1018 5212 est
1060 5158 1433 5213 sanctissima.
1483 5159 1698 5225 Quanta
1739 5161 2072 5226 malignatus

376 5245 472 5307 est,
507 5248 612 5296 etc.
653 5244 831 5313 (Auo.)
852 5244 1181 5300 Sacerdotes
1211 5255 1269 5302 et
1303 5247 1614 5302 ministeria
1646 5249 1847 5318 templi
1871 5250 2064 5319 praada

377 5329 626 5386 fuerunt.
656 5333 797 5386 Tota
839 5349 1001 5404 gens,
1049 5335 1136 5390 vel
1191 5335 1375 5390 occisa
1415 5337 1503 5390 vel
1533 5336 1832 5406 captivata.
1881 5339 2072 5392 Inimi-

376 5432 490 5484 cus,
516 5419 808 5474 Romanus
837 5423 1138 5489 exercitus,
1173 5425 1242 5480 ad
1301 5425 1408 5480 hoc
1436 5441 1543 5496 per
1570 5425 1886 5496 prolepsim
1917 5443 2072 5498 (ιι-ω-

377 5505 535 5562 misit
563 5523 770 5563 eorum.

2178 489 2298 527 sua.
2335 475 2470 527 Ecce
2500 472 2650 543 quod
2674 489 2786 526 non
2805 473 2958 526 bono
2991 474 3111 526 zelo
3134 473 3416 528 fecerunt.
3457 474 3711 542 Gloria'i,
3745 491 3876 529 cum

2178 561 2360 616 scelus
2389 562 2569 615 soleat
2597 560 2761 632 sequi
2782 561 3102 631 pcenitudo,
3131 562 3192 615 hi
3243 563 3310 616 ad
3343 563 3588 631 gloriam
3617 568 3874 629 vertunt;

2178 650 2277 717 qui
2305 652 2353 703 te
2407 649 2653 715 oderunt,
2683 651 2831 703 servi
2862 653 3210 714 daemonum,
3242 651 3344 722 qui
3389 653 3717 705 nullatenus
3743 657 3880 706 sunt

2177 737 2477 792 tolerandi.
2511 739 2574 792 In
2602 740 2776 792 medio
2804 740 3160 794 solemnitatis
3210 745 3330 794 tuae.
3368 741 3487 794 Non
3521 740 3577 793 in
3620 745 3877 794 extremo

2178 826 2325 892 loco,
2356 826 2453 881 sed
2483 826 2540 880 in
2577 827 2762 880 medio
2791 828 2954 882 atrio.
2987 829 3110 882 Alia
3140 828 3348 894 littera,
3382 829 3682 899 sacrilegia
3711 845 3874 882 com-

2178 915 2478 969 miserunt.
2541 918 2604 970 In
2628 923 2812 970 sancto
2870 917 3041 988 (Cas)
3090 920 3155 971 ln
3215 918 3540 972 sanctuario
3583 934 3689 988 per
3745 934 3878 971 con-

2176 1007 2438 1074 tempum
2469 1006 2648 1058 sancti
2679 1007 2900 1075 templi,
2933 1006 3030 1060 ubi
3068 1007 3258 1061 Deitas
3295 1007 3520 1060 videtur
3547 1006 3784 1076 despici,
3816 1007 3879 1060 in

2178 1098 2627 1164 przesumptores
2666 1094 2910 1148 concitat
2971 1095 3268 1148 invidiam.
3331 1097 3502 1164 Signa
3559 1100 3615 1148 et
3679 1096 3880 1164 (Ana)

2176 1181 2433 1252 Aquilas,
2463 1187 2592 1248 etc.,
2620 1198 2788 1252 usque
2809 1183 2882 1237 ad
2919 1183 2974 1237 id
3007 1188 3111 1248 est,
3149 1200 3253 1254 per
3280 1184 3432 1237 edita
3457 1184 3597 1238 loca.

2249 1272 2418 1325 Vens.
2451 1274 2502 1324 5.
2544 1301 2614 1312 —-
2641 1273 2708 1326 In
2737 1274 2908 1326 exitu.
2962 1272 3131 1342 (Cas)
3193 1274 3288 1326 Vel
3349 1272 3493 1326 sicut
3545 1272 3602 1325 in
3645 1289 3878 1342 egressu

2178 1361 2446 1430 desuper,
2478 1360 2536 1414 id
2561 1365 2666 1426 est,
2695 1377 2812 1413 non
2855 1366 3267 1431 cognoverunt,
3295 1367 3450 1431 quod
3500 1363 3618 1414 haec
3649 1361 3878 1413 licentia

2179 1467 2212 1504 a
2244 1451 2358 1502 Deo
2389 1449 2775 1518 egrederetur,
2810 1452 2980 1516 Quasi
3005 1451 3062 1502 in
3108 1451 3269 1517 silva,
3301 1454 3404 1503 etc.
3468 1450 3664 1515 (Cass)
3706 1452 3876 1503 Ante-

2179 1555 2352 1609 quam
2384 1542 2834 1601 construeretur,
2880 1538 3186 1608 prophetat
3263 1538 3613 1592 eversionem
3653 1537 3876 1608 templi.

2250 1630 2314 1682 In
2342 1629 2517 1681 securi
2561 1632 2611 1682 et
2667 1629 2817 1681 ascia
2862 1628 3170 1696 polluerunt
3202 1627 3604 1681 tabernaculum
3644 1630 3879 1681 nominis

2174 1719 2272 1783 tui,
2303 1720 2407 1770 etc.
2443 1716 2627 1786 (Ana)
2651 1716 2864 1771 Securis
2890 1715 3055 1769 caedit
3085 1715 3276 1769 trabes
3308 1731 3321 1769 :
3385 1719 3537 1770 ascia
3590 1715 3879 1769 minutius

2172 1804 2555 1877 persequitur.
2595 1805 2700 1858 Per
2729 1805 2835 1858 hoc
2861 1820 3019 1874 ergo,
3041 1808 3096 1858 et
3135 1820 3373 1874 magnas
3403 1820 3493 1858 res
3524 1809 3580 1857 et
3602 1803 3878 1857 minimas

2174 1893 2312 1948 dicit
2341 1893 2608 1964 dejectas,
2644 1897 2704 1946 ut
2735 1892 2934 1947 civitas
2961 1893 3222 1947 funditus
3248 1894 3322 1946 sit
3375 1893 3690 1958 devastata,
3713 1893 3876 1963 prius

2171 1981 2371 2049 incisa,
2401 1986 2531 2052 post
2549 1981 2699 2052 ignis
2728 1985 2922 2036 omnia
2937 1983 3168 2036 voravit.

2244 2089 2402 2144 Vens.
2438 2093 2487 2142 7.
2525 2119 2594 2127 —
2622 2090 2684 2142 In
2715 2093 2882 2154 terra,
2916 2091 3024 2141 etc.
3058 2089 3246 2159 Usque
3285 2089 3356 2142 ad
3405 2091 3620 2141 terram
3649 2087 3868 2157 dejece-

2172 2181 2310 2232 runt
2334 2177 2675 2231 culminaad
2731 2177 2960 2230 laudem
3019 2176 3118 2230 Dei
3167 2180 3372 2230 erecta.
3430 2179 3618 2246 Auget
3663 2177 3866 2238 scelus,

2171 2270 2238 2320 ut
2284 2266 2528 2320 atrocius
2558 2264 2898 2319 vindicetur.
2929 2264 3097 2334 (Cas)
3148 2266 3244 2318 Vel
3301 2269 3488 2335 potest
3525 2269 3712 2318 totum
3757 2265 3868 2334 legi

2173 2370 2240 2408 ex
2272 2370 2519 2424 persona
2579 2353 3006 2424 desperantium
3053 2353 3407 2420 Judzeorum,
3442 2357 3573 2418 etc.,
3604 2368 3777 2420 usque
3802 2352 3869 2405 ad

2173 2441 2272 2512 qui
2321 2441 2472 2496 inter
2524 2442 2645 2496 haec
2679 2457 2792 2494 non
2835 2441 3131 2512 paenitent.
3184 2440 3369 2511 (Anc)
3421 2442 3551 2494 Haec
3583 2440 3866 2508 dixerunt,

2174 2531 2268 2584 sed
2333 2547 2634 2601 usquequo
2682 2530 2895 2600 pateris
2945 2529 3254 2601 opprobria
3283 2531 3605 2584 Iudaeorum
3673 2546 3686 2582 :
3750 2531 3868 2582 Non

2173 2619 2280 2673 hoc
2338 2619 2502 2684 dixit,
2562 2623 2624 2672 ut
2669 2635 2763 2673 eos
2803 2618 2937 2672 velit
2989 2618 3171 2689 perdi,
3230 2619 3330 2671 sed
3385 2617 3751 2672 commutari.
3812 2620 3871 2671 In

2168 2708 2334 2776 finem
2368 2708 2590 2776 mundi,
2637 2723 2931 2780 vesperam
2981 2707 3209 2774 scilicet,
3260 2707 3489 2779 quando
3516 2707 3865 2762 Judaeicon-

2175 2802 2491 2852 vertentur.

2245 2905 2413 2958 Vens.
2448 2907 2498 2958 9.
2519 2934 2587 2943 —
2623 2904 2800 2971 Signa
2828 2909 3015 2959 nostra
3042 2920 3149 2959 non
3181 2903 3436 2958 vidimus.
3479 2903 3672 2974 (Ano.,
3695 2903 3870 2970 Cass.)

2172 2989 2341 3054 Quasi
2371 2989 2657 3043 dicerent:
2690 2990 2882 3044 Merito
2930 2990 3050 3044 hzec
3110 2991 3260 3043 mala
3288 2989 3453 3043 nobis
3479 2989 3868 3059 contigerunt,

2173 3075 2317 3140 Quia
2354 3093 2469 3131 non
2498 3077 2744 3131 vidimus
2769 3077 2961 3148 signa;
3014 3078 3175 3148 quasi
3219 3078 3344 3133 dica
3376 3095 3390 3133 :
3437 3078 3715 3143 Vidimus,
3771 3077 3870 3131 sed

2173 3165 2690 3220 nonintclleximns
2724 3182 2738 3221 :
2766 3175 2823 3221 et
2855 3183 2983 3222 vere
3009 3167 3270 3230 vidimus,
3305 3168 3440 3238 quia
3473 3168 3579 3221 hoc
3613 3167 3866 3237 signum,

2175 3254 2312 3326 quia
2358 3272 2478 3309 non
2533 3260 2617 3310 est
2670 3256 2982 3325 Propheta,
3030 3257 3118 3310 vel
3175 3257 3456 3321 sacerdos,
3497 3255 3585 3309 vel
3642 3255 3868 3319 unctio;

2173 3344 2330 3397 unde
2364 3361 2376 3398 :
2411 3345 2553 3397 Cum
2581 3347 2784 3398 venerit
2804 3345 3036 3398 Sanctus
3066 3349 3398 3411 sanctorum,
3427 3345 3658 3398 cessabit
3688 3346 3871 3397 unctio

2175 3432 2339 3503 (Dan.
2372 3433 2445 3498 ix)
2477 3437 2680 3485 vestra.
2723 3435 2792 3486 Et
2821 3448 2917 3487 nos
2945 3448 3052 3486 non
3099 3437 3372 3501 cognoscet
3426 3433 3687 3502 amplius.
3740 3434 3872 3486 Pro-

2173 3520 2348 3592 pheta
2379 3520 2605 3591 aliquis,
2638 3520 2725 3573 vel
2754 3521 2902 3574 Deus
2949 3537 3053 3590 per
3103 3521 3482 3591 Prophetam;
3529 3521 3587 3574 id
3617 3525 3723 3588 est,
3754 3537 3873 3575 non

2174 3608 2538 3662 aununtiabit
2592 3607 2879 3662 Christum
2930 3614 3256 3672 venturum,
3317 3610 3453 3680 quia
3501 3609 3626 3680 jam
3691 3609 3868 3663 venit.

2173 3697 2446 3766 Amplius.
2483 3697 2605 3768 (11).)
2669 3697 2764 3750 Vel
2815 3713 2928 3750 non
2977 3702 3280 3768 cognoscet
3308 3698 3514 3763 adhuc,
3548 3698 3731 3751 donec
3761 3698 3869 3750 sci-

2175 3785 2308 3839 licet
2335 3784 2568 3840 Judaaus
2598 3789 2870 3855 agnoscat
2899 3801 3052 3840 eum.

2245 3893 2409 3946 Vens.
2447 3892 2528 3945 tO.
2563 3920 2632 3931 —
2691 3892 3020 3961 Usquequo?
3059 3895 3172 3947 etc.
3212 3891 3385 3961 (Cas)
3446 3893 3511 3946 Et
3547 3891 3713 3962 quasi
3774 3909 3868 3944 su-

2175 3979 2293 4034 bito
2323 3979 2670 4050 cognoverit.
2727 3982 3006 4051 Usquequo
3057 3981 3382 4050 supposuit,
3425 3982 3615 4034 irritat
3664 3980 3864 4034 adver-

2175 4069 2392 4123 sarius?
2423 4068 2588 4137 quasi
2610 4068 2824 4122 diceret
2852 4085 2864 4123 :
2901 4069 3118 4123 Tandiu
3142 4069 3580 4140 improperabit,
3603 4070 3866 4140 quandiu

2176 4156 2554 4221 adversarius,
2616 4157 2671 4210 id
2703 4162 2810 4221 est,
2865 4158 3123 4225 Judaeus,
3173 4158 3359 4212 irritat
3414 4174 3627 4212 nomen
3671 4163 3862 4213 tuum.

2095 4233 2138 4287 Π
2180 4248 2246 4300 Ut
2272 4245 2408 4315 quid
2436 4248 2655 4300 avertis.
2705 4245 2890 4316 (Auo.)
2941 4248 3073 4300 Post
3099 4246 3329 4317 signum
3360 4247 3552 4317 virgie,
3605 4247 3866 4301 additum

2175 4339 2261 4389 est
2306 4333 2538 4403 signum
2568 4349 2772 4387 manus
2817 4334 3012 4405 Moysi,
3041 4334 3133 4388 hic
3181 4339 3265 4388 est
3293 4335 3540 4404 populus
3574 4335 3670 4388 Dei
3705 4352 3718 4388 :
3769 4337 3868 4406 qui

2175 4423 2326 4477 foras
2349 4421 2419 4475 ab
2445 4437 2513 4474 eo
2537 4421 2744 4474 missus
2783 4422 3119 4476 immundus
3144 4427 3249 4486 est,
3273 4423 3371 4476 sed
3401 4427 3698 4476 revocatus
3724 4424 3872 4478 redit

2175 4510 2239 4564 in
2262 4526 2432 4563 suum
2460 4509 2730 4563 colorem.
2759 4511 2904 4564 Dicit
2929 4527 3066 4580 ergo
3098 4527 3110 4565 :
3134 4511 3443 4581 Quousque
3474 4527 3593 4565 non
3639 4528 3872 4565 revocas

2179 4614 2436 4664 manum,
2469 4603 2536 4652 ut
2559 4604 2831 4668 agnoscat
2897 4599 3266 4654 Salvatorem.
3319 4600 3553 4654 Manum
3619 4604 3770 4654 tuam
3824 4604 3872 4654 et

2179 4685 2484 4753 dexteram,
2514 4685 2568 4739 id
2598 4691 2703 4750 est,
2735 4685 2980 4740 Judteos.

2248 4793 2413 4847 Vens.
2477 4795 2559 4846 l2.
2605 4821 2674 4833 —
2722 4795 2858 4847 Deus
2910 4797 3089 4847 autem
3138 4809 3238 4847 res:
3295 4797 3489 4847 noster.
3538 4794 3714 4862 (Cas)
3769 4794 3872 4848 De-

2179 4881 2411 4934 structis
2441 4881 2640 4948 signis,
2675 4881 2923 4934 ostendit
2979 4897 3100 4935 rem
3151 4880 3354 4951 ipsam,
3411 4881 3646 4948 scilicet,
3691 4882 3752 4934 in
3779 4882 3875 4936 ad-

2177 4974 2350 5022 ventu
2379 4969 2587 5023 Christi
2639 4969 2882 5023 salutem
2935 4969 3148 5040 ubique
3205 4969 3431 5023 factam.
3481 4969 3668 5038 (ΑΕΘ.)
3721 4973 3870 5035 Deus,

2179 5061 2380 5113 autem.
2408 5057 2556 5112 Dicit
2583 5057 2770 5126 Asaph
2805 5055 3156 5127 intelligens,
3203 5061 3326 5122 etc.,
3350 5071 3492 5126 uque
3542 5057 3620 5110 ad
3646 5057 3697 5111 si
3741 5072 3877 5127 ergo

2183 5161 2299 5199 non
2321 5145 2630 5215 praecessit,
2663 5145 2867 5198 saltem
2898 5148 3187 5214 sequatur.

2249 5235 2317 5288 In
2362 5233 2536 5288 medio
2583 5239 2763 5288 ten-az.
2833 5232 2999 5299 (Cas)
3071 5234 3251 5286 Homo
3313 5231 3515 5298 factus,
3561 5233 3877 5288 Jerusalem

2179 5321 2388 5376 dicitur
2408 5338 2526 5376 esse
2551 5321 2609 5376 in
2639 5320 2849 5376 medio.

2251 5430 2422 5484 Vens.
2494 5431 2577 5484 t3.
2625 5459 2694 5469 —
2747 5432 2830 5483 Tu
2885 5429 3234 5493 conﬁrmasti.
3269 5427 3459 5498 (Ana.)
3492 5429 3709 5497 Lapsus
3765 5445 3872 5484 ma-

2181 5516 2261 5571 ris
2318 5515 2497 5572 Rubri
2547 5517 2814 5586 ﬁrmavit,
2869 5521 2936 5572 ut
3007 5523 3156 5572 esset
3201 5517 3352 5571 inter
3415 5515 3650 5570 siccum.
3709 5519 3877 5589 Cujus
