4020 6184
184 296 280 349 961

1313 297 1567 352 GLOSSA
1604 296 2004 353 ORDINARIA.
2042 326 2111 335 —
2156 298 2276 351 LIB.
2323 297 2568 353 PSALM.

3592 306 3695 359 96'2

184 418 520 488 mysterium
572 417 782 484 subdit,
829 419 982 488 quod
1040 419 1097 473 in
1155 419 1319 490 aquis
1366 419 1634 491 baptismi
1704 420 1889 491 capita
1918 422 1965 474 Α
2001 435 2119 474 sam
2147 424 2313 474 tuam.
2345 421 2478 473 Post
2515 419 2729 485 omnia,
2763 419 2897 473 facit
2927 436 3159 474 causam
3205 420 3439 491 judicis,
3472 425 3565 479 cui
3596 443 3690 481 ne.

182 507 618 561 immundorum
673 506 978 577 spirituum
1019 509 1377 563 annihilavit.

254 596 417 649 Vens.
457 597 537 649 14.
562 626 630 635 -
660 600 873 650 Escam.
908 597 1092 667 (Avo)
1142 598 1396 652 Christus
1448 605 1535 652 est
1564 615 1707 663 esca,
1746 604 1876 663 etc.,

182 698 353 750 usque
381 684 456 736 ad
495 684 578 737 vel
629 684 817 754 ipsum
872 687 1135 739 mordent
1181 688 1674 756 reprehendendo,
1723 704 1883 741 accu-

182 771 383 825 sando.
434 774 600 840 (Cas)
653 774 750 826 Vel
794 774 930 826 dum
972 778 1173 838 tentat,
1230 792 1356 828 esca
1410 781 1509 841 est,
1558 775 1694 846 quia
1750 776 1880 829 inde

181 859 502 929 proﬁcitur.
566 860 682 921 Vel,
742 860 969 930 populis
1017 862 1374 931 Aithiopum.
1439 862 1724 932 (Hmaom)
1771 864 1881 916 No-

180 948 438 1001 lentibus
467 949 721 1002 converti
772 948 981 1002 dedisti
1040 965 1174 1003 eum
1223 966 1433 1016 escam,
1497 950 1555 1004 in
1586 967 1703 1021 quo
1735 952 1885 1005 dele-

183 1040 432 1089 ctentur.

254 1127 418 1180 Vens.
453 1129 536 1180 15.
574 1126 857 1180 ——Fontes
892 1132 944 1182 et
992 1133 1270 1183 torrentes.
1324 1126 1512 1198 (Auo.)
1562 1129 1623 1183 In
1654 1128 1779 1183 aliis
1820 1130 1885 1184 ﬁt

180 1216 448 1282 verbum,
482 1221 612 1282 etc,
643 1231 812 1283 usque
860 1216 936 1270 ad
987 1222 1044 1271 et
1075 1222 1236 1270 notat
1287 1218 1701 1271 abundantiam
1733 1236 1886 1289 pra-

179 1304 501 1358 dicationis.
553 1304 719 1372 (ὼε.)
777 1306 873 1359 Vel
926 1311 1111 1359 totum
1143 1306 1213 1360 de
1250 1307 1435 1359 malis.
1491 1309 1702 1374 Fontes,
1732 1324 1884 1378 quo-

178 1410 313 1447 rum
356 1393 505 1447 mala
547 1394 767 1462 jugiter
817 1394 1171 1448 inﬂuebant:
1212 1394 1489 1449 To-rrentes
1548 1397 1647 1466 qui
1696 1397 1884 1451 subito

179 1488 236 1536 et
294 1481 494 1551 rapide
554 1486 839 1551 peccant:
891 1484 995 1536 hos
1048 1484 1197 1536 Deus
1254 1484 1533 1553 dirumpit
1580 1490 1635 1538 et
1692 1485 1881 1553 siccat,

180 1574 361 1625 Fluvii
383 1571 582 1625 Ethan.
618 1571 1025 1624 Inundatiunes
1057 1576 1112 1625 et
1137 1571 1376 1625 consilia
1406 1572 1640 1627 diaboli.

257 1662 401 1714 Tuus
456 1664 535 1713 est
586 1659 700 1712 dies
738 1664 787 1713 et
828 1665 922 1713 tua
978 1665 1058 1713 est
1108 1676 1237 1714 now.
1296 1660 1480 1730 (AUG.)
1544 1662 1706 1715 Diem
1758 1663 1884 1716 illu-

150 1740 327 1802 strat
396 1748 495 1800 sed
551 1748 1039 1801 incommutabilis
1094 1749 1411 1819 sapientia.
1473 1751 1706 1803 Noctem
1764 1768 1887 1804 con-

179 1839 403 1890 Sulatur
453 1837 609 1889 luna.
662 1836 717 1888 id
766 1842 867 1902 est,
929 1837 1114 1890 carnis
1169 1838 1601 1892 manifestatio:
1653 1840 1885 1895 Verbum

179 1941 308 1979 caro
348 1926 558 1991 factum
617 1930 695 1977 est
735 1930 786 1978 et
841 1925 1111 1979 habitavit
1166 1928 1225 1979 in
1270 1927 1424 1980 nobis
1477 1926 1656 1997 (Joan.
1693 1934 1748 1993 ι).
1819 1930 1885 1984 Et

176 2011 361 2064 item:
425 2014 544 2067 Non:
597 2014 741 2066 nocti
816 2012 1027 2066 indicat
1082 2016 1363 2067 scientiam
1423 2016 1594 2083 (Psat.
1670 2018 1878 2085 xxvnl).

175 2101 459 2154 Auroram
487 2105 538 2153 et
582 2101 763 2153 sotem.
817 2100 1003 2169 (Αυο.)
1056 2103 1147 2155 Vel
1180 2104 1387 2167 lunam,
1441 2104 1497 2156 id
1551 2110 1636 2157 est
1691 2121 1885 2158 carna-

182 2190 321 2253 lem,
356 2188 455 2256 qui
490 2193 551 2240 ut
591 2188 745 2254 luna,
772 2195 1043 2254 mutatur,
1076 2190 1176 2260 qui
1231 2174 1427 2244 tamen
1475 2208 1592 2245 non
1622 2191 1885 2245 deseren-

178 2278 310 2330 dus.
344 2276 438 2329 Vel
494 2292 750 2331 auroram
803 2283 852 2331 et
898 2280 1081 2345 solem,
1138 2279 1195 2333 id
1252 2283 1339 2332 est
1390 2278 1623 2334 initium
1653 2286 1710 2334 et
1748 2297 1881 2351 pro-

177 2365 395 2419 fectum
424 2365 717 2434 sapientia
737 2365 1076 2436 insipientes
1114 2372 1170 2420 et
1200 2367 1501 2436 perfectos.

253 2455 410 2507 Vsus.
477 2458 557 2507 t7.
618 2482 692 2494 —
745 2454 827 2508 Tu
876 2457 1059 2520 fecisti
1106 2471 1301 2511 omnes.
1340 2456 1518 2526 (Cas.)
1557 2458 1651 2510 Vel
1684 2458 1882 2511 omnia

178 2541 551 2595 historialiter
601 2543 671 2595 ab
702 2543 809 2596 hoc
858 2543 1024 2597 loco:
1083 2546 1226 2598 Tuus
1285 2552 1363 2599 est
1413 2545 1547 2599 dies.
1606 2548 1882 2601 Terminos

184 2636 360 2695 terra,
392 2636 497 2683 etc.
557 2631 732 2700 (0.13.)
794 2632 1043 2701 Apostoli
1095 2637 1151 2685 et
1200 2633 1496 2702 Propheta
1553 2638 1615 2687 ut
1655 2635 1885 2689 termini

186 2718 328 2772 ﬁnes
356 2719 739 2789 distinguunt,
790 2720 870 2772 ita
921 2720 982 2773 hi
1038 2720 1174 2774 ﬁdei
1222 2722 1355 2792 jura
1386 2724 1759 2777 custodiunt:
1796 2724 1880 2777 vel

190 2807 382 2860 omnia
410 2807 696 2860 historice.

257 2896 414 2949 Vsus.
452 2898 542 2949 18.
572 2926 642 2934 ——
681 2898 879 2949 Memor
906 2901 1033 2950 esto.
1080 2896 1248 2966 (Cas)
1304 2898 1427 2951 Jam
1480 2898 1630 2967 quod
1667 2898 1881 2969 ubique

1991 511 2132 580 gotii
2164 511 2251 563 sui
2308 509 2554 579 qualitas
2606 509 2924 563 intimatur.
2988 510 3218 565 Causam
3268 516 3438 579 tuam,
3499 520 3695 569 contra

1990 598 2139 664 illos,
2173 598 2275 668 qui
2304 598 2767 663 obmurmurant,
2821 601 2879 650 ut
2923 595 3228 651 manifesta
3270 600 3508 654 veritate
3542 618 3695 670 pra-

1992 686 2183 741 dicent
2213 686 2367 757 quod
2401 686 2570 739 stulte
2627 685 2973 738 abnuebant.
3013 687 3147 739 Tota
3203 685 3309 739 die.
3346 685 3527 756 (AUG.)
3561 687 3694 742 Ideo

1993 775 2150 841 dicit,
2184 781 2247 829 ut
2302 774 2426 845 ipsa
2480 774 2831 845 continuatio
2871 774 3376 827 mansuetudinem
3422 775 3695 844 patientis

1986 863 2196 934 judicis
2226 864 2507 918 incitaret.

2062 953 2223 1005 Vens.
2306 954 2394 1005 23.
2464 980 2533 992 —
2599 950 2868 1020 Superbia
2922 965 3105 1004 eorum
3169 952 3267 1018 qui
3337 954 3385 1004 te
3439 950 3689 1009 oderunt.
3742 988 3747 991 ι

1996 1039 2161 1110 (αλδ.)
2193 1041 2256 1094 ln
2296 1040 2409 1094 ﬁne
2438 1040 2601 1111 ponit
2642 1038 2986 1094 exsecrabile
3034 1039 3273 1106 malum,
3305 1039 3458 1110 quod
3484 1045 3569 1095 est
3597 1057 3692 1095 su-

1993 1130 2209 1200 perbia.

2631 1198 2944 1253 PSALMUS
2976 1198 3191 1252 LXXIV.
3622 1268 3631 1275 ί

2067 1308 2230 1360 Vens.
2295 1311 2343 1360 1.
2397 1336 2459 1348 ο-
2512 1309 2575 1361 1η
2628 1309 2805 1375 ﬁnem,
2847 1322 2912 1360 ne
2965 1320 3304 1374 corrumpas,
3355 1310 3457 1360 etc.
3505 1307 3737 1377 (Ana).

1992 1395 2179 1449 Monet
2199 1395 2291 1449 hic
2318 1396 2592 1465 psalmus,
2638 1400 2769 1461 etc.,
2812 1409 2979 1463 usque
3011 1393 3086 1448 ad
3115 1399 3176 1448 ut
3203 1393 3387 1448 Judai
3437 1395 3690 1462 credant,

1992 1500 2111 1538 non
2140 1487 2512 1553 corrumpant
2534 1482 2726 1536 ﬁdem.

2064 1572 2223 1625 Vsus.
2258 1574 2311 1625 2.
2346 1602 2408 1611 —-
2443 1571 2832 1637 Conﬁtebimur
2875 1572 2995 1636 tibi,
3051 1574 3207 1624 Deus.
3247 1570 3437 1641 (Aue.)
3496 1572 3695 1625 Certus

1993 1675 2129 1728 ergo
2171 1659 2242 1713 de
2298 1658 2607 1729 pramissis
2650 1658 2889 1727 incipit:
2945 1660 3347 1727 Conﬁtebimur.
3406 1659 3693 1729 Repetitio

1995 1746 2302 1801 afﬁrmatio
2337 1752 2438 1809 est,
2471 1763 2542 1800 ne
2575 1747 2853 1815 paeniteat
2882 1752 2937 1800 te
2968 1763 3089 1800 esse
3128 1747 3455 1801 confessum
3489 1764 3501 1801 :
3541 1749 3691 1802 unde

1994 1839 2051 1888 et
2083 1835 2357 1888 Dominus
2387 1834 2777 1904 congeminat.
2836 1835 3029 1898 Amen,
3079 1852 3250 1889 amen.
3282 1836 3423 1901 Fiat,
3472 1837 3588 1890 ﬁat.
3624 1837 3693 1891 Et

1990 1924 2198 1993 Joseph
2227 1924 2295 1976 de
2314 1940 2514 1976 somno
2550 1924 2884 1989 Pharaonis,
2918 1925 3019 1993 qui
3050 1925 3192 1977 vidit
3220 1929 3437 1994 septem
3484 1926 3687 1995 spicas,

1992 2016 2044 2065 et
2085 2012 2320 2065 totidem
2351 2012 2590 2065 steriles.
2626 2012 2690 2065 Et
2732 2020 2953 2081 septem
2984 2013 3153 2065 boves
3182 2012 3429 2082 pingues
3460 2020 3518 2066 ct
3550 2013 3690 2066 toti-

1991 2100 2121 2154 dem
2170 2099 2522 2154 macilentas.
2586 2101 2761 2169 (Cas)
2817 2101 3099 2171 Repetitio
3161 2101 3522 2155 conﬁrmatio
3610 2105 3695 2155 est

1992 2188 2062 2242 ad
2119 2186 2598 2257 signiﬁcationem
2644 2188 2917 2241 veritatis.
2972 2189 3271 2242 Sufliceret
3300 2206 3482 2242 unum
3518 2190 3588 2243 ad
3616 2189 3692 2243 si-

1991 2276 2419 2345 gniﬁcationem
2472 2274 2778 2343 ﬁrmitatis,
2828 2276 3063 2330 accessit
3114 2278 3379 2331 alterum.
3423 2278 3695 2333 Conﬁteri

1991 2368 2221 2434 peccata
2266 2365 2352 2418 vel
2416 2366 2590 2418 semel
2647 2370 2874 2418 terreno
2933 2365 3113 2435 judici
3162 2370 3408 2419 mortem
3454 2367 3691 2434 inducit,

1990 2454 2089 2506 sed
2124 2455 2236 2506 Deo
2266 2442 2533 2523 frequens
2587 2452 2865 2507 confessio
2920 2454 3093 2507 vitam
3123 2454 3150 2508 ?
3203 2455 3336 2508 lude
3384 2454 3692 2523 invocatio,

1990 2547 2123 2612 post
2142 2543 2434 2608 narratio;
2471 2543 2621 2595 unde
2651 2540 2911 2611 sequitur
2944 2558 2957 2595 ε
3000 2543 3379 2598 Narrabimus.
3412 2544 3691 2597 Invocabi-

1991 2646 2109 2686 mus
2135 2646 2322 2685 nomen
2348 2638 2519 2685 tuum.
2564 2630 2691 2699 (10.)
2740 2631 2873 2683 Post
2914 2630 3330 2685 confessionem
3387 2636 3574 2700 potest
3604 2632 3693 2684 in-

1992 2720 2178 2774 vocari
2222 2721 2393 2785 Deus,
2446 2720 2509 2773 in
2568 2719 2868 2773 hominem
2918 2719 2997 2773 sic
3048 2720 3427 2774 mandatum:
3462 2724 3517 2773 et
3547 2719 3695 2773 sicut

1991 2825 2096 2879 per
2115 2808 2530 2862 confessionem
2579 2814 2887 2862 evacuatur
2908 2825 2939 2861 a
2984 2809 3166 2876 malis,
3199 2810 3278 2862 sic
3330 2825 3434 2880 per
3462 2809 3691 2863 invoca-

1990 2896 2208 2950 tionem
2240 2896 2516 2965 impletur
2542 2896 2727 2951 bonis.

185 2981 253 3036 ﬁt
286 2999 299 3037 :
334 2983 841 3053 precaturJudais,
859 3000 964 3052 per
979 2990 1277 3038 numerata
1294 2984 1585 3051 beneﬁcia,
1612 2986 1773 3055 pium
1789 2988 1887 3057 ju—
1916 2991 1956 3045 C
2063 2985 2422 3041 Narrabimus
2497 2986 2777 3039 mirabilia
2838 2989 2952 3050 tua,
3031 2990 3138 3037 etc.
3200 2984 3370 3055 (Cas)
3426 2986 3693 3039 Terretur

182 3071 369 3124 dicem
382 3077 677 3141 provocat.
699 3071 869 3135 Quasi
902 3073 1141 3126 diceret:
1160 3074 1371 3127 Memor
1392 3080 1511 3127 esto
1541 3075 1714 3144 hujus
1731 3092 1884 3128 crea-

182 3165 328 3213 tura
356 3161 705 3229 tua.Hujus.
739 3160 1223 3231 (AUG.)Creatura
1237 3167 1369 3230 tua,
1411 3163 1573 3233 cujus
1604 3169 1882 3217 creatura

182 3254 299 3302 tua
329 3249 355 3301 ?
392 3250 650 3303 Inimicus
703 3253 1092 3319 improperavit
1144 3252 1397 3320 Domino,
1438 3258 1487 3305 et
1526 3253 1761 3319 populus
1790 3254 1883 3305 in-

179 3341 384 3406 sipiens
414 3341 664 3392 incitavit
722 3354 915 3392 nomen
971 3344 1141 3403 tuum,
1197 3348 1304 3393 etc.
1339 3341 1522 3409 (Avo)
1572 3340 1759 3410 Asapb
1792 3341 1880 3393 in-

183 3426 412 3479 tellectu
474 3425 629 3479 dolet
695 3425 993 3495 pristinam
1033 3426 1366 3491 caecitatem,
1419 3432 1475 3479 et
1535 3427 1614 3480 sic
1644 3444 1748 3497 pro
1777 3429 1883 3482 Ju-

182 3512 316 3567 dais
344 3518 487 3579 orat,
520 3519 584 3567 ut
635 3529 835 3567 eorum
893 3515 1279 3568 conﬁteantur
1337 3520 1538 3569 errata.
1586 3517 1698 3569 Hoc
1731 3521 1878 3583 orat,

185 3603 335 3673 quod
364 3603 469 3655 scit
516 3602 813 3669 futurum;
864 3608 1027 3657 erant
1079 3602 1232 3656 enim
1279 3603 1429 3658 inter
1485 3605 1713 3659 Judaos
1750 3621 1882 3659 vasa

186 3691 605 3745 misericordia.

260 3781 412 3834 Vsas.
447 3784 535 3835 20.
587 3811 655 3820 —
704 3781 934 3850 Respice
980 3784 1036 3834 in
1097 3784 1495 3835 Testamentum
1546 3786 1717 3838 tuum.
1752 3781 1876 3852 (ῐῡ.)

180 3869 462 3940 Reliquia
520 3870 688 3923 salva
732 3870 889 3935 ﬁant,
951 3870 1089 3939 quia
1142 3870 1327 3935 multi,
1379 3870 1479 3939 qui
1536 3870 1779 3924 tendunt
1809 3871 1879 3924 ad

180 3964 417 4021 terram,
472 3958 756 4011 obscurati
805 3968 939 4012 sunt
989 3963 1044 4011 et
1097 3958 1299 4028 repleti
1346 3962 1516 4011 terra.
1575 3957 1747 4027 (Cas)
1778 3956 1882 4011 Be-

179 4051 347 4116 Spice.
374 4046 553 4116 Imple
583 4062 713 4116 qua
761 4045 1113 4115 promisisti;
1174 4052 1237 4100 ut
1288 4047 1715 4100 Testamentum
1765 4047 1878 4101 No-

182 4150 340 4198 vum,
374 4134 526 4204 quod
558 4140 644 4187 est
673 4134 742 4187 de
771 4134 1021 4199 aternis,
1079 4135 1417 4190 constituas.
1455 4134 1713 4189 Meminit
1740 4151 1876 4205 pro-

174 4222 488 4283 missionis,
537 4222 674 4293 quia
730 4222 935 4276 merita
990 4222 1279 4277 deﬁciunt.
1336 4224 1479 4277 Item
1533 4223 1684 4288 ideo,
1744 4224 1876 4294 quia

174 4310 387 4381 repleti
413 4316 546 4364 sunt
572 4310 996 4380 iniquitatibus,
1048 4312 1194 4365 unde
1250 4312 1511 4381 sequitur
1540 4312 1875 4377 obscuritas,

174 4400 316 4471 quia
346 4400 544 4453 lumen
573 4400 865 4469 sapientia
912 4399 1164 4469 perdunt
1220 4401 1420 4470 repleti
1451 4400 1873 4471 iniquitatibus,

170 4490 313 4560 quia
343 4488 627 4542 obscurati
650 4491 782 4541 sunt
811 4488 1015 4542 domus
1041 4493 1208 4542 terra
1238 4494 1464 4542 terrena
1496 4488 1875 4556 habitatione,

171 4577 235 4631 id
266 4583 369 4641 est,
404 4577 540 4630 caci
572 4592 765 4630 amore
797 4576 1163 4630 terrenitatis.

248 4668 418 4719 Vsas.
449 4668 538 4718 2t.
587 4694 659 4705 —
693 4666 773 4721 Ne
824 4670 1107 4719 avertatur
1163 4665 1408 4733 humilis,
1462 4668 1642 4733 factus
1700 4668 1882 4732 confu-

172 4770 288 4809 sus.
334 4752 501 4823 (0.43.)
558 4754 760 4807 Gratus
809 4769 912 4823 pro
962 4754 1159 4808 odioso
1225 4754 1479 4824 ponitur,
1534 4760 1597 4808 ut
1648 4754 1877 4809 dilectio

173 4843 372 4897 devoti
399 4846 676 4911 temperet
725 4841 919 4895 odium
978 4844 1349 4897 contumacis.
1404 4845 1703 4909 Confusus.
1755 4842 1878 4914 (lo.)

172 4931 467 4987 Confundi
500 4948 617 4984 non
646 4934 733 4985 est
760 4931 1019 4999 humilis,
1070 4932 1169 4985 sed
1201 4931 1455 5001 superbi,
1490 4933 1589 5002 qui
1620 4949 1733 4987 non
1764 4932 1879 4987 Deo

172 5021 275 5074 sed
304 5019 413 5073 sibi
443 5019 721 5073 attribuit.

249 5110 411 5162 Vens.
443 5111 539 5161 22.
591 5137 659 5147 —
716 5110 984 5175 Exsurge,
1045 5109 1209 5162 Deus.
1268 5107 1467 5175 (Cass)
1515 5108 1637 5160 Jam
1668 5106 1883 5161 excutit

170 5198 369 5268 Asaph
408 5196 771 5267 (intelligens)
829 5202 1057 5250 terrena
1086 5195 1368 5265 promissa
1418 5195 1634 5249 Veteris
1687 5196 1879 5248 Testa-

173 5285 377 5340 menti.
421 5287 653 5341 Causam
702 5289 870 5339 tuam.
950 5284 1157 5338 Dicunt
1213 5284 1407 5337 enim:
1443 5282 1546 5337 Ubi
1615 5286 1701 5336 est
1731 5283 1879 5336 Dens

171 5382 311 5430 tuus
329 5376 358 5428 ?
388 5375 764 5444 Contemptus
794 5379 879 5427 est
910 5390 941 5426 a
969 5373 1185 5428 Judais
1207 5372 1510 5427 ambulans
1536 5372 1599 5426 in
1627 5375 1798 5437 terra,
1822 5375 1880 5425 et

171 5481 208 5518 a
243 5463 398 5516 falsis
429 5461 762 5516 Christianis
790 5461 994 5515 sedens
1023 5461 1085 5515 in
1110 5462 1270 5515 calo.
1319 5460 1515 5515 Judica
1567 5475 1726 5529 ergo,
1760 5474 1877 5512 non

168 5553 408 5609 fallatur
444 5567 573 5622 spes
619 5568 768 5618 mea,
818 5550 918 5621 qui
973 5550 1187 5606 credidi
1218 5549 1372 5620 quod
1401 5564 1519 5603 non
1548 5547 1680 5603 vidi.
1733 5548 1874 5603 Cau-

1992 3074 2274 3143 superbus
2300 3073 2537 3143 judicio,
2552 3078 2652 3127 etc.
2671 3114 2685 3143 ,
2713 3088 2882 3141 usque
2897 3073 2973 3127 ad
3004 3073 3063 3126 in
3093 3073 3256 3143 cujus
3285 3089 3531 3144 persona
3562 3074 3694 3128 sub-

1992 3162 2148 3215 ditur
2180 3178 2193 3215 :

2066 3250 2223 3303 Vsas.
2257 3252 2307 3304 3.
2342 3280 2410 3290 —-
2453 3251 2586 3306 Cum
2630 3265 2879 3319 accepero
2940 3254 3168 3318 tempus,
3225 3249 3541 3303 secundum
3572 3248 3685 3302 ho-

1992 3338 2209 3393 minem
2238 3339 2462 3410 accipit,
2521 3339 2669 3409 quod
2705 3339 2825 3410 ipse
2870 3339 3020 3392 Deus
3060 3338 3176 3404 dat,
3222 3337 3279 3391 id
3314 3342 3417 3407 est,
3447 3342 3692 3407 potesta-

1990 3431 2109 3481 tem
2132 3427 2414 3497 judicium
2436 3426 2701 3481 faciendi.
2720 3428 2997 3481 Justitias.
3028 3425 3327 3481 Judicandi
3355 3425 3531 3496 igitur
3559 3430 3691 3479 ante

1994 3520 2295 3586 precentur
2325 3514 2559 3569 absolvi.

2062 3606 2219 3658 Vens.
2253 3606 2307 3658 4.
2348 3633 2417 3643 -
2464 3605 2792 3672 Liquefacta
2850 3608 2929 3658 est
2982 3609 3147 3658 terra.
3198 3602 3371 3674 (CAS.l
3427 3602 3691 3658 Ostendit

1990 3709 2189 3747 omnes
2219 3693 2634 3747 inGchsabiles
2660 3692 2719 3745 in
2755 3692 2994 3761 judicio,
3056 3709 3160 3762 per
3190 3693 3317 3759 hoc,
3361 3693 3518 3762 quod
3547 3708 3691 3761 pra-

1989 3782 2150 3835 misit
2176 3781 2478 3850 Apostolos
2500 3786 2555 3834 et
2584 3781 2919 3849 Prophetas.
2962 3782 3131 3833 Terra
3186 3784 3236 3833 et
3273 3795 3470 3834 omnes.
3503 3781 3687 3849 (Auo.)

1988 3870 2154 3925 Prius
2183 3870 2369 3929 ﬁrma,
2423 3868 2484 3921 in
2531 3868 2783 3922 diversas
2868 3867 3079 3921 difﬂuit
3162 3868 3679 3937 concupiscentias.

1989 3959 2109 4027 Vel,
2177 3962 2331 4011 terra
2407 3957 2563 4027 prius
2637 3956 2788 4008 vitiis
2859 3955 3179 4021 constricta,
3239 3956 3412 4010 ﬂante
3473 3955 3685 4026 Spiritu

1988 4052 2206 4113 sancto,
2265 4045 2571 4115 liquefacta
2626 4048 2729 4109 est,
2782 4048 2847 4097 ut
2883 4042 3145 4113 germina
3202 4043 3478 4097 virtutum
3510 4043 3687 4098 emito

1989 4138 2153 4187 teret.

2060 4224 2221 4276 Vnus.
2250 4224 2300 4275 5.
2336 4250 2390 4263 —
2444 4220 2644 4288 Inique
2701 4233 2878 4286 agere.
2932 4217 3114 4288 (Auo.)
3159 4216 3367 4271 Malum
3422 4221 3507 4269 est
3557 4231 3686 4286 pec-

1987 4327 2149 4377 care;
2231 4310 2395 4381 pejus
2450 4314 2535 4363 est
2607 4322 2989 4377 perseverare,
3067 4304 3419 4375 perniciosus
3489 4304 3683 4358 defen-

1991 4399 2179 4454 dendo
2225 4416 2306 4465 se,
2358 4399 2418 4451 in
2468 4399 2649 4451 Deum
2696 4396 2925 4466 culpam
2952 4394 3275 4448 refundere.
3318 4394 3496 4451 Nolite
3533 4396 3684 4447 emat-

1989 4494 2111 4544 tare
2183 4503 2373 4542 cornu.
2428 4485 2598 4555 (Cas)
2661 4485 2965 4540 Maximum
3032 4488 3117 4536 est
3194 4483 3394 4536 vitium
3452 4498 3686 4536 excusa-

1987 4576 2185 4642 tionis,
2218 4574 2385 4645 quasi
2412 4590 2593 4627 cornu
2638 4573 2809 4643 erigit
2842 4572 2941 4643 qui
2995 4575 3227 4641 peccata
3276 4586 3377 4623 sua
3408 4584 3509 4639 per
3540 4567 3683 4621 alios

1988 4663 2192 4718 nititur
2222 4679 2511 4729 excusare,
2536 4667 2599 4715 ut
2619 4678 2725 4730 per
2752 4660 3113 4714 diabolorum
3143 4657 3563 4729 persuasiones,
3595 4654 3684 4708 vel

1987 4768 2092 4824 per
2120 4752 2519 4806 necessitatem
2548 4750 2865 4804 stellarum.

2060 4843 2219 4895 Veas.
2252 4846 2304 4895 6.
2336 4871 2403 4880 —
2436 4842 2625 4907 Loqui.
2662 4840 2730 4892 Ut
2762 4838 2858 4908 qui
2879 4853 2993 4891 non
3015 4853 3117 4889 sua
3141 4837 3330 4906 culpa,
3364 4835 3459 4890 sed
3486 4850 3681 4889 neces-

1986 4928 2149 4982 sitate
2179 4928 2492 4993 stellarum,
2528 4926 2726 4979 dicunt
2746 4940 2804 4977 se
2834 4938 3114 4994 peccasse,
3160 4928 3223 4976 ut
3262 4924 3395 4988 Deo,
3428 4938 3545 4976 non
3576 4921 3682 4975 sibi

1988 5018 2323 5087 imputetur.
2358 5016 2474 5083 Vel,
2528 5013 2629 5084 qui
2670 5013 2854 5067 sciunt
2898 5016 3123 5083 peccata
3169 5027 3293 5078 sua,
3360 5011 3457 5065 sed
3490 5011 3682 5081 impu-

1990 5106 2229 5160 nitatem
2255 5103 2363 5157 sibi
2391 5103 2752 5173 promittunt.

2080 5194 2242 5247 Vsus.
2293 5196 2347 5244 7.
2388 5220 2457 5229 ——
2520 5191 2663 5255 Quia
2721 5204 2890 5258 neque
2951 5188 3019 5241 ab
3081 5189 3300 5241 oriente.
3362 5185 3538 5257 (Cas)
3571 5187 3682 5242 Cur

1991 5283 2164 5336 hac?
2198 5280 2335 5351 quia
2384 5278 2561 5349 judex
2613 5278 2744 5332 talis
2803 5282 2906 5343 est,
2957 5276 3059 5348 qui
3090 5275 3256 5329 vitari
3309 5292 3427 5329 non
3457 5281 3679 5346 potest:

1988 5370 2124 5439 quia
2153 5368 2363 5437 ubique
2422 5372 2549 5419 est:
2614 5367 2762 5420 Deus
2818 5366 2972 5419 enim
3028 5370 3127 5418 est.
3181 5364 3361 5434 (Anc)
3412 5366 3490 5418 De
3523 5365 3683 5419 nullo

1988 5460 2111 5511 loco
2170 5455 2397 5510 divisim
2450 5453 2690 5524 judicat,
2746 5454 2847 5525 qui
2901 5453 3112 5524 ubique
3169 5468 3420 5523 prasens
3486 5458 3571 5507 est
3618 5460 3685 5508 ut

1989 5548 2154 5601 Deus.
2190 5543 2354 5615 (Cas.)
2413 5542 2662 5615 Mystice.
2746 5543 2956 5612 Oriens,
3023 5541 3231 5613 quibus
3298 5542 3383 5596 sol
3443 5541 3682 5613 justitia
