4082 6184
372 312 475 365 963

971 308 1361 364 WALAFBIDI
1400 307 1646 364 STRABI
1688 307 1882 363 FULD.
1929 309 2085 364 MON.
2127 307 2284 366 OPP.
2330 310 2503 366 PARS
2551 311 2592 366 Ι.
2636 340 2706 350 —-
2744 311 3196 369 TIIEOLOGICA.

3755 318 3850 372 964

371 431 574 497 oritur,
621 434 750 498 etc.,
801 444 970 499 usque
998 428 1073 483 ad
1110 428 1247 500 quia
1303 429 1450 482 Deus
1495 443 1750 498 praesens
1780 432 1838 483 et
1865 428 2063 500 cogni-
2094 432 2139 483 A
2177 445 2318 484 rum.
2352 429 2460 496 Qui
2494 431 2673 486 solam
2701 448 2862 503 spem
2894 448 3057 488 suam
3115 438 3343 506 ponunt
3398 435 3457 490 in
3485 435 3700 491 incerto
3723 437 3859 492 divi-

368 523 463 574 tor
483 525 586 572 est.
1217 558 1231 570 .

443 608 608 661 Vens.
651 608 702 661 9.
753 635 823 646 —
867 607 1010 670 Quia
1056 605 1223 658 calix.
1274 603 1460 674 (AUG.)
1505 604 1678 667 Calix,
1728 605 1817 658 lex
1867 610 1924 658 et
1949 621 2068 658 om-

368 695 457 749 nis
512 695 822 764 Scriptura,
878 698 1008 758 etc.,
1065 708 1234 762 usque
1286 693 1361 746 ad
1416 695 1570 763 quod
1621 698 1772 763 ante,
1829 698 1878 748 et
1926 695 2065 748 hunc

366 785 593 838 emaltat.
645 783 812 853 (Cas)
848 783 1036 848 Calix,
1072 782 1200 850 lex;
1231 781 1424 836 vinum
1467 797 1695 851 merum,
1727 783 2061 851 mysterium

366 873 613 937 cceleste,
639 875 781 938 etc.,
830 885 1000 939 usque
1018 870 1092 923 ad
1121 886 1230 924 non
1263 870 1448 924 solum
1473 870 1683 925 Judaei.

438 962 605 1014 Vens.
643 961 724 1014 10.
775 989 842 998 -
873 962 986 1026 Ego
1037 962 1216 1012 autem
1271 960 1608 1015 annuntiabo
1656 962 1712 1014 in
1766 962 2060 1015 seculum:

369 1049 596 1104 cantabo
633 1051 737 1102 Deo
778 1048 960 1103 Jacob.
1022 1047 1192 1118 (Cas)
1251 1048 1460 1103 Omnes
1512 1048 1727 1116 bibent,
1781 1049 1882 1104 sed
1911 1065 2064 1103 seor-

368 1153 527 1191 sum:
561 1151 686 1206 ego,
737 1135 793 1190 id
826 1140 912 1189 est
942 1135 1217 1204 Christus,
1273 1152 1405 1190 cum
1435 1151 1693 1207 corpore,
1730 1137 2065 1192 annuntiabo

365 1229 426 1280 in
453 1227 704 1281 saeculum
734 1224 990 1296 quandiu
1021 1225 1294 1278 saeculum
1325 1225 1449 1279 erit.

439 1315 600 1368 Vens.
633 1316 680 1369 l.
713 1343 783 1352 --
816 1315 1038 1368 Cornua
1079 1314 1241 1382 justi,
1302 1314 1360 1368 id
1409 1318 1511 1382 est,
1561 1331 1802 1370 munera
1832 1315 2062 1385 Christi,

363 1419 492 1476 quae
522 1407 654 1458 sunt
687 1402 1006 1457 sublimitas
1030 1402 1192 1474 justi.

964 1545 1274 1601 PSALMUS
1347 1545 1536 1601 LXXV.

434 1673 625 1726 Vens..
669 1674 718 1725 1.
752 1701 820 1710 -
848 1672 1146 1726 Canticum.
1178 1669 1467 1769 Quiaagit
1515 1670 1584 1724 de
1631 1668 1797 1769 bonis
1827 1669 2056 1740 Christi,
2090 1716 2128 1769 Β

360 1760 574 1815 scilicet
605 1760 760 1830 quod
809 1765 1000 1824 notus,
1061 1759 1218 1830 quod
1250 1759 1484 1826 habitat,
1542 1758 1692 1830 quod
1755 1760 2054 1827 illuminat,

364 1848 514 1920 quod
545 1849 742 1902 salvat.
771 1847 1003 1917 Frangit
1022 1847 1262 1917 gloriam
1283 1846 1633 1902 Iudaeorum.
1666 1847 1756 1902 Ad
1775 1847 2051 1914 Assyrios.

363 1935 532 2007 (ΕΑΒ.)
585 1936 794 1990 Contra
843 1935 1089 2001 Iudaeos,
1141 1934 1240 2004 qui
1282 1950 1400 1987 non
1450 1934 1778 2004 dirigentes,
1830 1935 1926 1988 sed
1968 1951 2056 1989 er-

362 2029 573 2079 rantes.
642 2024 736 2076 Vel
791 2023 1019 2093 erigunt
1087 2039 1166 2088 se,
1248 2023 1385 2093 quia
1466 2023 1587 2077 sine
1660 2023 1842 2094 gratia
1899 2040 2054 2095 quaa-

364 2117 500 2167 runt
528 2113 768 2166 salutem
828 2117 884 2166 et
960 2117 1383 2182 persequuntur
1433 2112 1759 2181 Ecclesiam,
1808 2117 1872 2167 ut
1919 2113 2056 2167 olim

363 2201 577 2272 Assyrii
631 2201 874 2256 Iudaeos.
921 2199 1030 2265 Qui
1086 2199 1454 2254 confutantur
1501 2201 1594 2254 hic
1640 2201 1842 2255 ablatis
1867 2201 2057 2255 nomi-

363 2290 534 2344 nibus
564 2288 782 2360 gloriae,
816 2293 872 2342 et
901 2287 1043 2341 nihil
1078 2304 1244 2358 posse
1275 2288 1400 2342 sine
1442 2288 1628 2358 gratia
1647 2290 1982 2359 probantur.

436 2380 596 2434 Vens.
629 2383 778 2433 2.—
833 2379 1002 2435 Notus
1032 2381 1090 2431 in
1143 2377 1350 2432 Judaea.
1410 2377 1595 2448 (Αυο.)
1650 2379 1938 2433 Gloriatur
1959 2380 2055 2433 Ju-

363 2468 540 2535 daaus,
573 2467 731 2538 quod
757 2466 952 2522 Judaao
982 2470 1152 2519 notus
1178 2470 1262 2519 est
1293 2467 1460 2532 Deus,
1495 2471 1550 2520 et
1577 2482 1776 2520 verum
1807 2472 1891 2521 est
1924 2468 2054 2522 :sed

361 2556 560 2611 Iudaeo
592 2556 767 2622 intus,
821 2571 938 2608 non
984 2554 1044 2608 in
1078 2570 1267 2608 carne.
1310 2553 1495 2626 (AUG.)
1541 2557 1862 2626 Propheta;
1893 2557 1940 2610 si
1969 2558 2060 2612 Ju-

362 2645 491 2713 daei,
526 2649 664 2698 tunc
693 2644 750 2697 in
773 2643 932 2697 vobis
961 2647 1128 2697 notus
1162 2648 1247 2697 est
1286 2644 1466 2697 Deus:
1500 2644 1655 2715 quod
1702 2645 1749 2697 si
1801 2661 1918 2699 non
1948 2651 2052 2714 est,

362 2737 499 2788 tunc
527 2750 642 2787 non
667 2731 872 2787 Judaei.
931 2734 992 2786 In
1038 2732 1246 2786 Judaea.
1300 2731 1423 2801 Ue.)
1455 2731 1739 2804 Susceptis
1788 2733 1921 2788 ﬁliis
1963 2737 2056 2790 Jo-

363 2821 505 2892 seph
537 2821 781 2886 duobus,
811 2835 944 2873 enm
992 2820 1229 2890 reliquis
1259 2820 1526 2874 undecim
1557 2821 1691 2875 ﬁliis
1718 2821 1882 2876 Jacob
1915 2823 2057 2877 duo-

364 2910 549 2964 decim
570 2895 752 2964 tribus
782 2913 934 2975 sunt,
966 2913 1228 2978 exspecta
1253 2909 1401 2962 tribu
1437 2909 1587 2976 Levi,
1639 2927 1768 2981 qua:
1798 2912 2056 2966 sacerdo-

361 2999 490 3054 talis
516 2997 664 3053 etde
693 2997 927 3052 decimis
973 2997 1212 3052 vivebat.
1270 2998 1578 3053 Duodecim
1609 3000 1873 3055 tribubus
1904 3005 2056 3056 terra
2087 3001 2126 3054 C

361 3087 541 3143 divisa
565 3091 668 3141 est.
703 3086 767 3140 In
796 3085 887 3139 his
924 3101 1042 3140 una
1071 3089 1155 3141 est
1183 3086 1346 3153 Iuda,
1382 3087 1529 3142 unde
1581 3104 1763 3159 reges,
1817 3094 1874 3144 et
1902 3105 1936 3143 a
1965 3105 2054 3144 re-

362 3192 476 3246 gno
510 3192 708 3230 omnes
734 3173 920 3229 Judaei
961 3175 1248 3230 dicuntur.
1305 3175 1556 3231 Confessi
1587 3181 1718 3230 sunt
1751 3177 2053 3244 Caesarem,

360 3281 478 3320 non
510 3265 815 3331 Christum,
845 3263 946 3335 qui
974 3264 1044 3317 de
1063 3263 1206 3318 luda
1233 3265 1353 3334 jam
1388 3281 1504 3318 non
1533 3265 1735 3319 Judaei.

434 3354 594 3407 Vens.
621 3356 672 3407 3.
720 3382 793 3391 —
839 3354 900 3406 In
949 3353 1094 3407 Sion.
1148 3352 1329 3423 (Anc)
1389 3352 1717 3423 Congrnum
1748 3353 2055 3408 verborum

362 3441 622 3496 ordinem
656 3439 918 3493 attende:
953 3440 1148 3494 Judtea
1165 3440 1443 3494 confessio
1473 3446 1828 3513 ;postquam,
1857 3443 2053 3509 Israel,

361 3529 418 3584 id
449 3534 556 3595 est,
587 3527 780 3581 videns
817 3528 1013 3591 Deum,
1049 3532 1105 3581 et
1133 3527 1214 3580 sic
1243 3527 1303 3580 in
1345 3533 1544 3598 pacato
1575 3545 1705 3584 cum
1739 3532 1854 3584 Deo
1900 3529 2058 3586 locus

363 3622 448 3672 est
479 3633 492 3672 :
525 3616 679 3670 unde
708 3616 967 3688 sequitur
995 3632 1008 3670 :
1063 3618 1126 3671 In
1171 3632 1323 3686 pace,
1356 3621 1486 3688 post
1533 3620 1592 3673 in
1620 3619 1770 3687 Sion,
1799 3620 1855 3675 id
1887 3625 1969 3674 est
1998 3620 2057 3674 in

362 3704 844 3776 contemplatione
873 3707 1028 3776 (cum
1055 3705 1197 3760 facie
1239 3705 1311 3760 ad
1348 3705 1553 3762 faciem
1585 3708 1802 3764 videbit
1827 3710 2054 3779 Deum),

363 3793 472 3848 erit
490 3792 787 3848 habitatio.

436 3885 594 3944 Vens.
629 3885 682 3938 4.
735 3912 804 3924 -
854 3883 938 3938 Ibi
988 3884 1254 3952 confregit
1304 3886 1597 3952 potentias.
1634 3884 1820 3957 (Cas.)
1849 3887 1919 3940 In
1946 3887 2051 3941 Ju-

360 3972 506 4042 daaa,
555 3972 613 4026 in
645 3971 841 4038 Israel,
903 3971 964 4024 in
1010 3971 1217 4037 Salem,
1275 3971 1336 4025 in
1382 3972 1536 4041 Sion,
1596 3973 1696 4028 ubi
1726 3975 1874 4028 Deus
1905 3975 2059 4046 pacis

361 4066 559 4116 auctor
585 4061 758 4128 venit,
791 4060 913 4114 haec
938 4060 1134 4115 omnia
1165 4061 1317 4132 (quae
1347 4065 1405 4115 et
1462 4061 1700 4117 nomina
1727 4063 1929 4134 gloriae
1960 4081 2058 4119 eo-

361 4151 512 4222 rum)
551 4149 800 4220 fugiunt.

431 4241 594 4294 Vens.
653 4241 704 4293 5.
751 4265 826 4278 —
864 4239 1188 4292 Illuminans
1228 4241 1287 4292 tu
1331 4239 1660 4294 mirabiliter
1704 4254 1739 4293 a
1784 4241 2056 4296 montibus

359 4331 578 4384 aeternis
597 4327 805 4382 turbati
831 4330 976 4392 sunt,
996 4330 1107 4381 etc.
1173 4326 1514 4397 Diapsalma.
1576 4328 1869 4383 Illuminat
1894 4330 2054 4385 Chri-

361 4421 500 4485 stus,
561 4415 775 4471 dormit
828 4415 1076 4484 Judaeus,
1134 4415 1388 4470 Christus
1439 4415 1675 4486 judicat,
1734 4417 1879 4488 perit
1931 4418 2048 4474 ille.

361 4505 546 4578 (Αυσ.)
576 4506 661 4560 Tu
687 4506 986 4571 illuminas,
1025 4504 1123 4558 sed
1151 4520 1256 4574 per
1301 4509 1522 4569 montes,
1547 4504 1646 4575 qui
1675 4507 1836 4576 prius
1856 4506 2053 4562 lumen

362 4593 652 4664 excipiunt
678 4608 780 4662 per
827 4592 1158 4662 Prophetas,
1218 4592 1452 4660 scilicet,
1506 4597 1562 4646 et
1591 4593 1910 4663 Apostolos.
1944 4593 2054 4647 Sed

363 4682 432 4737 de
461 4680 879 4736 illuminatione
898 4681 1107 4735 turbati
1131 4685 1256 4736 sunt
1289 4697 1464 4736 omnes
1512 4683 1827 4750 insipientes
1875 4681 2049 4736 corde.

362 4771 668 4825 Praemittit
691 4769 825 4824 inde
856 4786 1032 4841 quare
1071 4770 1132 4824 in
1188 4771 1380 4825 futuro
1440 4770 1734 4839 terribilis,
1768 4774 1873 4824 etc.
1909 4772 2052 4826 Dor-

358 4861 608 4914 mierunt.
642 4858 840 4929 (Cass)
869 4862 915 4912 A
953 4858 1116 4912 bonis
1146 4859 1376 4912 aeternis
1406 4859 1860 4929 refrigescentes,
1896 4857 2054 4912 carni

359 4949 784 5020 acquieverunt,
816 4948 1122 5018 profutura
1151 4964 1269 5002 non
1295 4946 1569 5002 videntes.
1602 4948 1857 5004 Somnum
1873 4963 2052 5015 suum,

359 5037 460 5109 qui
489 5038 656 5093 distat
685 5053 718 5091 a
777 5038 967 5109 quiete
1023 5037 1334 5092 bonorum:
1382 5037 1519 5108 quia
1568 5037 1674 5091 iste
1722 5037 1892 5091 fallax
1923 5041 2052 5104 est;

356 5126 610 5182 videntes
666 5142 769 5197 per
820 5125 1112 5180 somnium
1171 5141 1229 5181 se
1292 5125 1501 5180 habere
1557 5125 1873 5192 thesauros,
1916 5125 2053 5180 dum

359 5214 632 5285 evigilant
654 5215 799 5269 nihil
820 5215 1138 5281 inveniunt,
1161 5215 1315 5269 unde
1331 5215 1468 5269 dicit
1500 5231 1514 5269 :
1574 5217 1645 5270 Et
1671 5215 1814 5269 nihil
1837 5217 2052 5268 invene-

357 5306 487 5355 runt
515 5317 690 5357 omnes
719 5304 831 5357 viri
881 5302 1222 5358 divitiarum.
1280 5301 1546 5356 Deﬁnitio
1596 5318 1917 5357 avarorum.
1949 5303 2051 5358 Ni-

359 5389 440 5444 hil
492 5392 829 5447 invenerunt.
885 5392 1031 5456 Quia
1083 5391 1227 5446 nihil
1291 5395 1610 5462 posuerunt
1667 5393 1730 5446 in
1786 5391 2054 5446 manibus

358 5477 589 5546 Christi,
622 5480 722 5550 qui
751 5479 924 5535 dicit:
957 5481 1211 5548 Esurivi,
1248 5485 1352 5536 etc.
1389 5480 1582 5553 (Rem)
1613 5483 1677 5536 In
1703 5479 2054 5553 pauperibus

357 5581 608 5639 namque
632 5568 852 5633 esuriit,
883 5570 984 5641 qui
1017 5570 1078 5625 in
1108 5571 1248 5625 ccelo
1297 5570 1452 5645 dives
1480 5575 1588 5625 est.
1659 5572 1781 5627 Viri
1823 5568 2054 5625 divitia-

2177 519 2407 574 tiarum.
2441 521 2595 574 Unde
2626 537 2740 575 non
2773 522 2869 589 ait,
2895 523 3170 578 habentes
3228 524 3454 579 divitias
3483 542 3496 579 :
3531 525 3688 580 Multi
3714 527 3858 581 enim

2176 607 2388 663 habent
2441 609 2540 680 qui
2616 626 2735 664 non
2793 616 3008 666 amant.
3073 616 3136 667 In
3212 615 3480 678 manibus,
3545 621 3650 669 etc.
3705 616 3859 685 (Cas)

2175 695 2345 760 Quasi
2385 697 2570 752 adhuc
2600 698 2659 751 in
2688 699 2952 754 manibus
2993 707 3276 772 quaerant,
3303 718 3432 757 cum
3465 720 3524 757 se
3577 704 3696 774 jam
3726 704 3859 759 nihil

2178 785 2426 840 tenuisse
2457 793 2823 858 cognoscant.

2250 876 2406 929 Vens.
2450 881 2501 930 7.
2539 906 2608 916 —-
2640 877 2724 931 Ab
2765 880 3156 948 increpatione,
3207 883 3320 934 etc.
3385 879 3571 951 (Auc.)
3591 881 3863 953 Strepitus

2175 961 2582 1033 increpationis
2611 965 2755 1018 solet
2811 965 3073 1033 excitare,
3129 967 3226 1021 sed
3257 972 3483 1022 tantum
3532 969 3756 1040 pondus
3786 975 3865 1024 est

2173 1049 2520 1122 increpantis
2548 1052 2667 1117 Dei,
2713 1054 2867 1124 quod
2899 1055 3233 1123 dormitant,
3283 1055 3342 1110 id
3387 1061 3492 1123 est,
3533 1073 3631 1112 cor
3657 1058 3863 1112 habent

2173 1139 2526 1196 induratum.
2575 1141 2679 1207 Qui
2723 1143 3092 1198 ascenderunt.
3138 1145 3263 1214 (ln.)
3305 1145 3561 1209 Quorum
3604 1145 3864 1216 superbia

2174 1228 2367 1298 crevit,
2418 1230 2625 1284 humili
2671 1231 2896 1286 Christo
2955 1249 3074 1286 non
3129 1233 3433 1288 humiliati.
3467 1237 3667 1304 Equos.
3703 1234 3863 1306 (Cas)

2171 1318 2462 1382 Quaslibet
2520 1320 2818 1374 saeculares
2863 1321 3261 1376 extollentias:
3304 1323 3456 1376 unde
3512 1328 3862 1394 praeceptum

2174 1411 2290 1460 erat
2319 1406 2379 1460 in
2408 1407 2533 1478 lege
2593 1407 2726 1462 ﬁliis
2784 1408 2980 1475 Israel,
3015 1413 3076 1462 ut
3133 1426 3252 1464 non
3286 1411 3739 1482 multiplicarent
3767 1412 3863 1466 sibi

2173 1511 2371 1566 equos.
2404 1496 2673 1550 Salomon
2696 1513 2925 1568 quoque
2939 1498 3009 1552 de
3039 1498 3233 1553 Iudaea
3256 1515 3372 1553 non
3401 1499 3649 1555 habebat
3674 1516 3861 1571 equos,

2173 1584 2268 1638 sed
2302 1585 2528 1639 emebat
2558 1585 2627 1640 de
2655 1587 2914 1657 Egypto.

2265 1673 2431 1727 Vens.
2495 1676 2546 1728 9.
2607 1677 2677 1728 De
2720 1676 2844 1729 coelo
2921 1676 3190 1731 auditum.
3260 1677 3443 1747 (Acs)
3505 1677 3665 1732 Unde
3719 1679 3861 1748 Apo-

2167 1761 2388 1815 stolus:
2448 1763 2512 1817 In
2565 1764 2889 1818 reuelatione
2946 1767 3156 1819 Domini
3209 1769 3386 1820 nostri
3439 1767 3578 1820 Jesu
3636 1766 3704 1820 de
3750 1768 3864 1820 calo

2166 1865 2283 1904 cum
2366 1852 2572 1918 angelis
2655 1854 2863 1906 venient
2945 1854 3019 1907 ad
3063 1855 3333 1924 judicium
3411 1854 3764 1908 exercendum
3816 1855 3864 1924 (ι

2169 1938 2327 1993 Thes.
2354 1939 2410 2009 ι).

2237 2028 2394 2082 Vens.
2434 2029 2517 2082 t0.
2551 2029 2776 2085 —Cum
2807 2035 3140 2099 exsurgeret,
3201 2030 3254 2085 id
3315 2035 3421 2097 est,
3484 2047 3617 2085 cum
3667 2035 3859 2102 potens

2167 2115 2481 2186 apparebit,
2515 2117 2613 2186 qui
2645 2117 2734 2171 hic
2762 2119 3014 2173 humilis.
3085 2120 3202 2186 Vel,
3259 2135 3378 2174 cum
3435 2124 3752 2188 exsurgeret
3778 2120 3858 2174 hic

2167 2222 2198 2258 a
2227 2209 2434 2274 morte,
2467 2210 2662 2275 postea
2683 2212 2958 2262 venturus
2983 2207 3374 2278 adjudicium.
3412 2208 3590 2278 (Αυο.)
3627 2209 3855 2274 Quando

2165 2293 2400 2347 veniens
2449 2293 2518 2348 de
2571 2295 2711 2349 coelo
2765 2295 2938 2350 facies
2994 2295 3276 2365 auditum,
3335 2295 3396 2350 id
3450 2302 3554 2364 est,
3597 2297 3853 2351 omnibus

2166 2385 2387 2436 notum.
2417 2381 2608 2436 Virtus
2636 2383 2841 2452 judicii
2898 2384 3223 2455 exponitur,
3285 2385 3438 2440 unde
3486 2386 3709 2440 terreni
3761 2390 3853 2439 ter-

2167 2473 2386 2538 rentur,
2419 2473 2474 2523 et
2506 2471 2729 2540 perdita
2753 2477 3035 2542 potestate
3091 2473 3395 2544 quiescunt
3427 2473 3706 2545 ;quievit,
3738 2490 3853 2528 cum

2167 2563 2514 2628 exsurgeret.
2552 2561 2857 2614 Mansuetos
2882 2565 3055 2616 terrae.
3109 2563 3233 2630 (11).)
3265 2563 3373 2626 Qui
3425 2563 3638 2617 mentis
3669 2579 3856 2635 pacem

2164 2646 2401 2716 habent,
2430 2663 2546 2701 non
2578 2647 2958 2704 detractantes
2985 2650 3192 2721 jugum
3219 2650 3335 2705 Dei.

2239 2736 2407 2790 Vens.
2440 2739 2524 2790 Η.
2561 2768 2627 2777 -
2679 2739 2946 2802 Quoniam
2981 2742 3256 2806 cogitatio.
3313 2739 3486 2810 (Cas.)
3516 2741 3856 2812 Diapsalma.

2166 2824 2451 2879 Admonet
2480 2825 2603 2896 jam
2654 2827 2884 2881 devotos
2941 2828 3144 2882 offerre
3201 2833 3347 2882 vota.
3408 2829 3602 2896 Quasi,
3659 2830 3858 2884 merito

2167 2914 2344 2967 salvat
2399 2919 2746 2970 mansuetos.
2805 2916 3068 2982 Quoniam
3097 2920 3372 2986 cogitatio,
3424 2918 3478 2972 id
3526 2923 3635 2985 est,
3672 2919 3857 2972 lauda-

2163 3002 2307 3056 bunt
2330 3007 2386 3056 te
2419 3003 2766 3074 cogitatione
2823 3010 2878 3058 et
2925 3021 3118 3076 opere,
3153 3007 3270 3060 hoc
3309 3011 3412 3071 est,
3445 3008 3694 3076 reliquiae
3719 3008 3857 3074 cogi-

2163 3093 2404 3157 tationis,
2437 3097 2542 3161 etc,
2601 3094 2865 3159 Cogitatio
2897 3095 3147 3149 hominis.
3205 3095 3330 3165 (10.)
3374 3095 3685 3167 Conceptio
3714 3096 3850 3149 voti.

2163 3181 2436 3249 Reliquiae,
2472 3181 2717 3236 redditio
2746 3182 2882 3249 voti,
2919 3183 3195 3252 operatio,
3257 3184 3480 3255 reliqua
3538 3188 3672 3255 post
3703 3183 3860 3253 cogi-

2162 3266 2460 3320 tationem.
2493 3268 2756 3337 Reliquiae
2810 3271 3176 3333 cogitationis.
3238 3268 3426 3339 (Anu)
3459 3268 3748 3332 Quoniam
3775 3284 3863 3322 co-

2163 3353 2360 3424 gitatio
2387 3355 2593 3425 prima,
2627 3361 2759 3422 etc.,
2808 3371 2974 3424 usque
3025 3357 3102 3411 ad
3147 3357 3302 3428 quod
3349 3361 3434 3411 est
3458 3357 3745 3411 solemnia
3773 3373 3861 3412 cc-

2163 3442 2404 3498 lebrare.
2443 3443 2612 3516 (Cas)
2661 3444 2806 3509 Quia
2857 3446 3010 3498 solus
3069 3446 3346 3500 Dominus
3404 3451 3507 3508 est,
3559 3446 3654 3500 cui
3711 3445 3861 3500 festi-

2164 3531 2304 3585 vitas
2359 3531 2638 3586 debetur:
2694 3532 2934 3588 reddent
2991 3538 3120 3588 vota
3175 3535 3311 3590 Deo.
3371 3534 3565 3588 Prima
3585 3535 3856 3605 cogitatio

2163 3619 2397 3674 damnat
2423 3620 2592 3674 mala.
2623 3622 2889 3690 Reliquia.
2923 3621 3066 3686 Quia
3126 3628 3257 3694 post
3298 3639 3524 3695 semper
3556 3623 3731 3678 debet
3759 3624 3858 3677 ho-

2166 3723 2257 3761 mo
2282 3708 2569 3763 recordari
2599 3710 2892 3780 praeterita
2945 3711 3115 3778 mala,
3163 3717 3230 3766 ut
3251 3712 3482 3783 lugeat:
3526 3712 3664 3766 licet
3695 3728 3860 3765 mun—

2164 3797 2271 3850 dus
2301 3796 2395 3851 hic
2413 3802 2545 3868 agat
2574 3798 2727 3852 diem
2757 3798 2991 3865 festum,
3041 3799 3272 3870 quando
3303 3801 3473 3855 sentit
3520 3817 3579 3854 se
3629 3805 3860 3872 peccato

2164 3884 2431 3952 liberum,
2465 3890 2528 3940 ut
2573 3891 2703 3956 post
2752 3888 3209 3944 emendationem
3267 3889 3446 3944 Judaei
3471 3889 3756 3960 jubentur
3784 3889 3864 3944 of-

2165 3972 2310 4026 ferre
2340 3972 2604 4028 festivum
2631 3989 2838 4029 munus
2871 3976 3010 4030 Deo.

2237 4061 2396 4115 Vens.
2452 4065 2534 4116 l2.
2595 4093 2664 4104 —
2719 4064 2911 4118 Vovete
2957 4068 3009 4118 et
3063 4063 3295 4119 reddite.
3353 4063 3544 4136 (Auo.)
3572 4064 3706 4119 Alia
3735 4067 3862 4118 sunt

2161 4149 2493 4204 communia
2521 4155 2654 4206 vota
2698 4153 2766 4206 de
2794 4152 2902 4219 his,
2952 4153 3072 4207 sine
3128 4152 3338 4224 quibus
3392 4168 3509 4207 non
3554 4157 3645 4207 est
3673 4153 3859 4218 salus;

2165 4237 2278 4291 alia
2324 4239 2575 4309 propria,
2618 4245 2680 4294 ut
2734 4256 2937 4296 vovere
3002 4241 3342 4310 castitatem,
3390 4245 3445 4295 et
3501 4241 3857 4313 hujusmodi.

2165 4325 2332 4396 (Cas)
2370 4329 2579 4384 Vovete.
2612 4328 2883 4392 Quaedam
2914 4335 3067 4394 sunt,
3127 4346 3256 4401 quas
3305 4345 3409 4384 nec
3453 4331 3858 4400 promittentes

2161 4414 2434 4470 debemus
2450 4417 2669 4472 solvere
2689 4434 2702 4472 :
2727 4422 2793 4472 ut
2816 4433 2829 4472 :
2849 4419 2974 4472 Non
2990 4406 3234 4485 occides,
3260 4423 3317 4473 et
3336 4419 3698 4490 hujusmodi,
3735 4425 3857 4484 etc.,

2161 4518 2331 4574 usque
2357 4504 2432 4558 ad
2483 4505 2584 4576 qui
2636 4505 2698 4560 in
2753 4506 2998 4562 circuitu
3055 4511 3204 4575 sunt,
3258 4513 3324 4562 ut
3352 4507 3552 4562 famuli
3598 4508 3856 4574 offerent,

2161 4593 2252 4646 vel
2313 4593 2580 4664 offerant,
2640 4599 2748 4650 etc.
2811 4596 2998 4667 (Anc)
3048 4595 3191 4650 Sunt
3249 4596 3413 4666 quasi
3481 4596 3685 4664 medii,
3735 4602 3858 4660 etc.,

2161 4695 2331 4749 usque
2357 4683 2432 4735 ad
2457 4682 2671 4737 habens
2712 4683 2976 4754 spiritum
3015 4683 3138 4752 Dei,
3171 4699 3288 4737 non
3318 4683 3674 4754 principum,
3711 4684 3764 4739 id
3785 4688 3863 4737 est

2163 4770 2493 4840 superbum.
2545 4773 2798 4826 Munera.
2857 4772 2981 4842 (Ιυ.)
3039 4772 3146 4836 Qui
3194 4772 3471 4826 altaribus
3517 4772 3858 4827 otferuntur.

2166 4860 2422 4913 Terribili
2448 4865 2498 4914 et
2518 4863 2568 4914 ei
2589 4863 2687 4930 qui
2712 4863 2915 4927 aufert.
2949 4860 3132 4925 Quem
3148 4861 3358 4916 timent
3370 4861 3528 4928 boni,
3561 4863 3708 4916 mali
3735 4875 3860 4915 vero

2161 4963 2279 5000 non
2336 4948 2558 5002 timent.
2617 4950 2888 5017 Spiritum
2937 4951 3274 5018 principum.
3337 4948 3505 5020 (Cas)
3561 4949 3859 5020 Superbiae

2161 5037 2248 5091 vel
2282 5037 2505 5091 timoris
2536 5038 2702 5105 tollit,
2739 5043 2797 5094 et
2823 5037 2958 5093 facit
2984 5053 3149 5092 renes
3188 5037 3294 5104 sui,
3329 5038 3432 5108 qui
3455 5054 3670 5109 corpus
3701 5053 3859 5093 suum

2164 5126 2561 5181 moderantur.

2761 5197 2982 5253 PSALM
2992 5197 3074 5252 US
3125 5198 3342 5252 LXXVI.

2231 5302 2399 5356 Vens.
2433 5306 2482 5358 l.
2514 5333 2584 5344 —
2611 5305 2685 5357 In
2727 5306 2886 5373 ﬁnem
2918 5319 3022 5373 pro
3069 5275 3326 5359 biit-hum.
3379 5303 3565 5372 (Ασα.)
3607 5303 3860 5375 Congre-

2161 5389 2345 5461 gratio
2373 5391 2987 5462 loquiturtransiliens,
3018 5397 3085 5447 ut
3115 5391 3411 5462 perveniat
3441 5391 3513 5446 ad
3539 5391 3742 5459 ﬁnem,
3766 5388 3857 5462 qui

2163 5484 2250 5534 est
2295 5479 2570 5534 Christus.
2649 5482 2820 5536 Docet
2863 5481 3040 5552 igitur
3121 5481 3404 5536 desideria
3450 5484 3507 5535 et
3562 5480 3856 5535 illecebras

2162 5569 2364 5623 mundi
2394 5569 2632 5640 calcare,
2662 5569 2808 5625 nihil
2830 5569 2940 5625 sibi
2961 5585 3322 5642 praeponere,
3353 5569 3464 5624 nisi
3493 5583 3557 5627 ex
3579 5584 3698 5640 quo
3729 5573 3857 5622 sunt
