4082 6184
234 309 341 362 965

1351 310 1601 365 GLOSSA
1640 308 2057 365 ORDINABIA.
2097 338 2171 350 —
2207 309 2333 364 LIB.
2378 310 2624 365 PSALM.

3641 321 3743 373 966

235 430 451 484 omnia.
490 430 697 497 (CASS.)
752 430 1178 484 Transcendens
1225 432 1441 499 omnia,
1494 433 1674 486 Deum
1730 432 1936 503 quaerit
1962 436 2009 487 A
2047 431 2154 487 fuit
2174 448 2277 487 sua
2307 432 2487 503 gratia
2529 433 2589 486 in
2645 432 2833 487 Veteri
2859 435 3239 503 Testamento,
3272 451 3465 491 nonne
3491 437 3661 492 addet
3684 443 3747 492 ut

234 525 291 573 et
309 520 548 574 invenit.

305 610 471 663 Vens.
506 611 559 661 2.
585 638 653 649 —
712 611 845 664 Voce
874 624 990 663 mea
1030 608 1104 662 ad
1133 611 1418 663 Dominum
1449 610 1705 665 clamavi.
1741 610 1932 679 (AUG.)

228 697 552 751 Intentione
580 697 899 751 devotionis
948 697 1019 751 ad
1067 697 1376 751 Dominum
1410 713 1525 750 non
1567 697 1719 751 aliud
1753 699 1821 751 ab
1865 714 1932 752 eo

229 792 449 856 petens,
483 786 620 857 quia
666 786 961 852 Dominus,
1015 791 1073 839 et
1127 785 1263 856 quia
1328 787 1493 839 Deus.
1556 789 1679 841 νοω
1716 786 1936 840 meaad

226 893 367 931 eum.
390 876 473 931 Ad
495 876 602 930 hoc
634 881 719 929 est
739 892 869 942 vox,
897 880 1137 945 propter
1163 875 1313 945 quod
1368 875 1576 941 editur,
1610 876 1720 929 hoc
1753 875 1933 945 addit,

231 978 305 1015 ne
325 968 564 1032 putetur
586 966 825 1034 propter
874 962 1026 1016 aliud
1084 962 1330 1015 clamare
1388 962 1457 1015 ad
1516 962 1718 1030 Deum,
1762 978 1935 1032 quam

228 1056 473 1122 propter
508 1052 719 1122 ipsum,
782 1067 955 1121 supra
1010 1067 1182 1122 quem
1238 1050 1382 1104 nihil
1436 1056 1539 1104 est.
1604 1050 1778 1121 (Cas)
1813 1052 1936 1105 Non

230 1138 373 1194 dicit
402 1140 539 1211 quid
584 1144 760 1211 petat,
793 1141 927 1211 quia
969 1156 1084 1193 non
1112 1156 1253 1210 opus
1285 1143 1369 1192 est
1397 1138 1509 1193 dici
1543 1140 1617 1208 ei,
1650 1140 1749 1210 qui
1781 1140 1939 1193 novit

230 1230 390 1300 quod
440 1230 687 1301 expedit.
760 1229 1000 1284 Intendit
1054 1231 1213 1283 mihi.
1283 1228 1475 1299 (ΕΑΒ.)
1516 1229 1797 1283 Intendere
1839 1231 1938 1283 Dei

229 1322 319 1372 est
346 1318 482 1372 dare
512 1323 696 1372 totum
719 1318 876 1389 quod
908 1317 1141 1388 petitur,
1169 1320 1224 1370 et
1255 1317 1391 1387 plus
1413 1332 1585 1387 quam
1615 1322 1861 1387 petatur.

302 1408 463 1461 Vens.
508 1410 558 1462 3.
616 1437 687 1448 —
730 1409 793 1462 In
848 1407 936 1461 die
992 1407 1364 1461 tribulationis
1408 1408 1699 1474 exquisivi.
1747 1404 1937 1477 (Avc.)

230 1494 529 1559 Quomodo
581 1494 920 1567 exquisisti?
964 1499 1094 1562 etc.,
1150 1511 1319 1564 usque
1373 1496 1447 1549 ad
1482 1495 1581 1566 qui
1637 1512 1756 1549 non
1806 1496 1940 1550 facit

222 1584 509 1654 justitiam
539 1601 732 1638 coram
760 1584 1109 1651 hominibus,
1141 1588 1205 1637 ut
1260 1584 1544 1638 videatur.
1577 1587 1783 1639 Renuit
1822 1602 1940 1640 con-

228 1674 418 1727 solari.
472 1673 598 1743 (10.)
660 1672 902 1744 Exponit
928 1672 1385 1737 tribulationem,
1439 1677 1570 1739 etc.,
1630 1689 1800 1743 usque
1856 1674 1929 1727 ad

228 1761 333 1832 qui
362 1761 421 1815 in
451 1761 719 1815 omnibus
749 1760 1075 1815 hominibus
1106 1761 1538 1815 scandalumvel
1568 1760 1805 1829 invenit,
1842 1763 1930 1817 vel

227 1851 418 1915 timet,
447 1850 505 1903 in
535 1851 695 1904 nullo
721 1866 953 1903 securus
983 1855 1087 1903 est.

303 1940 471 1993 Vens.
497 1939 548 1993 4.
593 1971 657 1978 -
690 1941 769 1993 Et
787 1941 1116 1993 exercitatus
1138 1954 1277 1992 sum.
1325 1937 1512 2007 (Αοα.)
1547 1940 1664 2005 Vel,
1695 1942 1928 2008 garrivi,

226 2027 287 2081 id
313 2031 413 2095 est,
450 2027 743 2093 exsultavi,
772 2027 1062 2098 loquendo
1092 2030 1152 2081 ut
1179 2029 1464 2097 garrulus,
1500 2027 1621 2098 qui,
1644 2044 1762 2098 prae
1794 2028 1933 2081 laeti-

228 2117 331 2180 tia,
363 2133 468 2170 nec
496 2117 666 2171 vellet
694 2132 798 2170 nec
828 2121 1022 2187 posset
1072 2120 1258 2170 tacere
1292 2133 1304 2169 :
1341 2120 1398 2170 et
1452 2132 1651 2170 rursus
1707 2116 1765 2171 in
1795 2133 1932 2188 ger--

227 2205 434 2259 riendo
465 2205 673 2260 defecit
718 2205 970 2276 spiritus,
1005 2205 1106 2276 qui
1158 2205 1319 2277 prius
1349 2205 1724 2261 contabuerat
1764 2206 1933 2262 taedio

227 2294 514 2348 malorum
530 2335 546 2349 .

308 2383 473 2436 Vens.
529 2387 586 2436 5.
647 2413 717 2422 —
760 2382 1219 2451 Anticipaverunt
1269 2384 1509 2451 vigilias.
1546 2383 1725 2456 (CAS.)
1801 2384 1931 2439 Dia-

232 2472 479 2541 psalma.
541 2472 778 2525 Invento
813 2472 948 2536 Deo,
983 2471 1083 2541 qui
1113 2472 1265 2525 solus
1294 2472 1479 2526 bonus
1518 2478 1623 2540 est,
1656 2473 1934 2528 deliberat

225 2576 304 2614 an
337 2561 409 2613 sit
429 2576 559 2614 eum
583 2561 920 2615 reducturus
939 2561 966 2615 ?
999 2560 1190 2631 (AUG.)
1216 2560 1688 2631 Anticipaverunt
1712 2563 1932 2633 vigilias

226 2648 501 2702 aliorum.
532 2650 686 2705 Oculi
730 2652 853 2716 mei,
887 2654 952 2703 ut
983 2650 1099 2716 ille,
1134 2649 1234 2720 qui
1283 2655 1413 2704 ante
1465 2655 1692 2722 tempus
1745 2652 1931 2721 surgit

230 2737 305 2791 ad
336 2738 649 2808 negotium.
682 2739 801 2806 Vel,
855 2740 998 2792 oculi
1042 2741 1166 2804 mei,
1208 2739 1534 2793 affectiones
1565 2755 1724 2793 mete.
1768 2742 1931 2794 Anti-

236 2830 576 2896 cipaverunt,
637 2826 1000 2881 sedulitatem
1068 2827 1336 2881 aliorum.
1390 2828 1484 2881 Vel
1540 2843 1646 2898 per
1682 2830 1926 2895 vigilias,

227 2920 542 2970 nocturnos
572 2914 878 2986 signiﬁcat,
935 2932 1081 2986 quos
1111 2915 1371 2982 facimus,
1428 2920 1484 2969 et
1516 2917 1795 2971 usualiter
1848 2917 1931 2970 sic

2040 522 2172 593 plus
2202 522 2276 574 sit
2304 522 2365 574 in
2390 522 2543 575 Novo
2582 538 2683 592 per
2726 522 3035 576 adventum
3082 524 3249 577 Filii?
3278 525 3384 578 hoc
3415 526 3606 593 sentit,
3648 528 3747 597 qui

2041 610 2111 663 de
2166 609 2381 679 pietate
2432 614 2653 663 tractat.
2716 612 3071 665 Emercitabar
3115 617 3163 665 et
3207 614 3509 683 secpebam,
3563 616 3744 685 (AUG.)

2042 698 2161 763 Vel,
2212 698 2542 764 garriebam,
2592 714 2706 751 non
2744 699 2865 768 jam
2922 699 3078 764 foris,
3140 704 3267 767 etc.,
3300 716 3469 770 usque
3517 702 3592 756 ad
3649 703 3747 756 ubi

2041 787 2151 840 hoc
2189 787 2427 851 invenit,
2488 787 2643 857 quod
2700 803 2807 841 non
2866 790 2925 841 in
2971 793 3228 843 xternum
3277 790 3536 859 prujiciet
3588 794 3743 846 Deus.

2045 877 2112 930 Ut
2141 877 2513 945 complacctior
2562 878 2653 939 sit,
2713 875 2926 929 scilicet
2973 880 3035 930 ut
3090 877 3231 946 ipse,
3278 878 3377 947 qui
3427 878 3539 933 fuit
3568 879 3746 934 iratus

2041 963 2394 1033 repellendo,
2471 963 2623 1017 mala
2674 963 2990 1031 inferendo,
3058 964 3131 1018 sit
3199 965 3553 1020 mansuetior
3600 967 3745 1021 libe-

2042 1052 2244 1117 rando,
2278 1052 2612 1105 revocando.

2115 1140 2274 1194 Vens.
2333 1143 2416 1194 10.
2466 1172 2536 1179 -
2582 1142 2694 1195 Aut
2722 1142 3065 1195 obliviscetur
3095 1143 3341 1196 misereri
3366 1145 3523 1198 Deus.
3556 1146 3747 1215 (Αυρ.)

2042 1228 2106 1282 In
2135 1228 2246 1282 alio
2278 1230 2471 1295 modo,
2524 1245 2641 1283 non
2672 1234 2756 1284 est
2810 1230 3222 1298 misericordia,
3277 1230 3388 1285 nisi
3448 1234 3597 1287 Deus
3620 1250 3746 1289 eam

2045 1316 2254 1371 donet:
2315 1321 2373 1372 et
2416 1318 2539 1389 ipse
2597 1319 2705 1373 erit
2756 1320 2877 1373 sine
2927 1336 3008 1373 ea.
3043 1319 3217 1374 Rivus
3265 1320 3466 1391 currit,
3490 1321 3615 1376 fons
3638 1322 3745 1377 sic-

2045 1410 2205 1460 catus
2227 1410 2329 1460 est.

2114 1495 2273 1549 Vens.
2313 1498 2397 1550 11.
2426 1526 2495 1535 ——-
2524 1498 2595 1551 Et
2623 1497 2764 1550 dimi.
2802 1498 2953 1553 Nunc
2980 1499 3137 1567 coepi.
3196 1497 3391 1569 (Cass)
3417 1499 3565 1563 Quid
3597 1500 3747 1555 deli-

2044 1582 2299 1638 berando
2351 1584 2652 1653 invenerit,
2688 1585 2900 1639 scilicet
2929 1587 3083 1656 quod
3128 1587 3385 1641 Christus
3434 1594 3619 1643 mutat
3649 1591 3747 1644 ho-

2046 1672 2251 1739 mines,
2310 1680 2366 1727 et
2414 1674 2663 1727 redimit.
2733 1673 2865 1745 (11).)
2902 1677 2972 1729 Et
3004 1675 3146 1729 dimi.
3194 1676 3335 1729 Huic
3384 1678 3745 1732 meditationi

2040 1765 2167 1825 etc.,
2206 1777 2373 1830 usque
2426 1763 2502 1816 ad
2530 1778 2660 1816 cum
2692 1768 2745 1816 et
2787 1779 2876 1817 me
2908 1763 3231 1817 transiliens
3261 1766 3330 1819 ad
3385 1767 3565 1820 Deum
3592 1769 3744 1834 veni,

2039 1849 2131 1903 hic
2184 1850 2407 1904 nullum
2474 1851 2815 1922 periculum.
2877 1854 3048 1920 Coepi.
3114 1852 3294 1923 (Avc.)
3344 1854 3598 1925 Aliquid,
3647 1857 3750 1911 ubi

2042 1954 2272 1992 securus
2303 1955 2453 2005 sum,
2487 1939 2583 1993 ubi
2606 1956 2721 1993 non
2746 1938 3062 2009 anticipant
3092 1939 3336 2009 inimici,
3379 1942 3549 1997 modo
3578 1944 3751 2015 coepit

2040 2041 2134 2079 me
2190 2030 2412 2080 mutare
2466 2028 2744 2082 Excelsus.
2804 2030 3036 2082 Mutatio
3090 2029 3345 2095 dexterae,
3406 2035 3519 2085 etc.
3579 2029 3749 2101 (Cas)

2039 2115 2124 2169 Ab
2169 2114 2253 2168 ira
2298 2115 2369 2169 ad
2432 2115 2903 2182 misericordiam,
2947 2117 3099 2187 quod
3142 2118 3211 2172 de
3241 2118 3417 2171 servis
3448 2118 3572 2172 lilii.
3628 2120 3748 2188 (10.)

2041 2204 2220 2273 Hujus
2279 2204 2633 2271 mutationis,
2690 2210 2822 2271 etc.,
2899 2219 3075 2274 usque
3131 2206 3204 2260 ad
3258 2207 3382 2261 haec
3439 2212 3568 2261 sunt
3620 2223 3751 2277 qua:

2040 2296 2298 2346 sanctum
2328 2294 2601 2347 mulcent.

2112 2382 2274 2436 Vens.
2336 2384 2421 2436 l3.
2475 2412 2544 2421 —
2594 2383 2657 2436 In
2718 2382 3207 2437 adinventionibus.
3267 2383 3445 2454 (Auc.)
3513 2385 3571 2439 Id
3640 2389 3750 2456 est,

2040 2469 2098 2523 in
2152 2470 2476 2541 praeceptis,
2534 2486 2664 2541 qum
2720 2470 3007 2537 invenisti,
3058 2472 3146 2525 vel
3201 2471 3411 2542 quibus
3452 2472 3748 2527 inveniris.

2044 2558 2216 2629 (CAS.)
2276 2559 2374 2612 Vel
2426 2560 2907 2626 observationibus,
2978 2559 3036 2614 id
3090 2565 3193 2627 est,
3272 2562 3574 2633 praeceptis
3621 2578 3749 2633 quae

2043 2648 2397 2702 observanda
2453 2651 2606 2714 sunt,
2671 2648 3012 2703 exercebor:
3073 2649 3208 2719 quia
3277 2666 3391 2705 non
3454 2650 3589 2704 satis
3667 2656 3750 2706 est

2042 2738 2231 2807 legere
2285 2736 2625 2808 Scripturas,
2683 2737 2780 2791 sed
2820 2737 3035 2791 fructus
3064 2754 3303 2808 operum
3357 2739 3749 2794 demonstrare

2042 2830 2297 2897 oportet:
2357 2825 2444 2879 his
2504 2825 2762 2880 eruditus
2795 2825 2856 2879 in
2911 2826 3108 2879 laudes
3155 2827 3500 2899 prorumpit.
3551 2828 3747 2898 (AUG.)

2041 2916 2104 2967 In
2151 2913 2624 2967 adinventionibus
2656 2914 2740 2967 vel
2773 2913 3150 2982 affectionibus
3180 2919 3306 2983 tuis,
3340 2932 3457 2969 non
3494 2917 3553 2970 in
3584 2918 3749 2984 meis,

227 3020 503 3057 vocamus
546 3004 605 3057 in
633 3003 898 3057 laudibus
928 3004 1047 3070 Dei,
1084 3008 1140 3058 et
1191 3003 1322 3058 ideo
1360 3020 1373 3058 :
1409 3004 1697 3059 Turbatus.
1749 3006 1932 3076 (Cas)
1963 3004 2003 3059 C
2043 3003 2132 3057 vel
2164 3002 2223 3056 in
2272 3002 2512 3056 terrenis
2565 3006 2650 3056 est
2701 3002 2968 3057 affectio:
3018 3004 3096 3058 ita
3129 3004 3187 3057 in
3230 3004 3503 3075 operibus
3544 3010 3600 3059 et
3627 3022 3744 3059 me-

224 3091 377 3155 Quia
422 3092 693 3162 consequi
740 3108 854 3146 non
894 3093 1059 3162 potui
1098 3093 1250 3162 quod
1301 3108 1516 3164 quaero.
1551 3095 1669 3149 Non
1699 3109 1818 3147 sum
1851 3096 1929 3148 lo-

224 3186 411 3235 cutus.
470 3181 594 3234 Non
648 3181 1004 3235 murmuravi
1045 3186 1242 3236 contra
1302 3183 1467 3235 Dum.
1505 3182 1622 3247 Vel,
1679 3183 1930 3236 turbatus

227 3285 371 3337 sum,
422 3269 554 3340 quia
589 3269 725 3323 dum
779 3275 943 3324 nocte
983 3273 1199 3324 secreta
1229 3270 1406 3323 animi
1434 3270 1738 3341 perquirit,
1778 3271 1934 3325 videt

228 3358 553 3413 humanum
606 3375 783 3430 genus
836 3359 895 3413 in
950 3364 1180 3430 peccata
1231 3376 1432 3414 ruere:
1486 3364 1541 3414 et
1596 3359 1692 3430 pio
1741 3361 1935 3415 dolore

229 3464 342 3518 pro
384 3447 508 3501 aliis
538 3448 848 3515 cruciatur,
909 3448 1009 3518 qui
1049 3449 1171 3519 jam
1202 3450 1355 3501 vitia.
1387 3449 1711 3502 transilivit.
1770 3452 1933 3505 Tacet

233 3536 371 3607 quia
393 3540 557 3590 nocte
588 3552 704 3590 non
733 3536 905 3590 habet
934 3536 1199 3590 solatium
1220 3537 1460 3590 humani
1491 3536 1785 3607 colloquii,
1821 3555 1934 3609 quo

229 3631 493 3695 tempore
525 3626 746 3679 cautius
791 3624 1038 3695 cogitat;
1072 3625 1201 3680 ideo
1231 3626 1423 3680 subdit
1449 3642 1463 3679 :
1523 3627 1768 3692 Cogitavi
1796 3627 1932 3695 dies,

232 3717 347 3766 etc.
396 3713 547 3767 Oculi
584 3715 688 3766 mei
737 3712 890 3765 Alias
935 3715 1148 3766 inimici
1203 3715 1309 3767 mei
1363 3716 1803 3783 anticipaverunt
1858 3720 1935 3769 vi-

226 3801 424 3869 gilias.
490 3800 680 3871 (AUG.)
732 3802 791 3855 Id
851 3806 954 3867 est,
997 3800 1377 3872 vigilaverunt
1424 3819 1597 3873 super
1654 3819 1769 3872 me,
1802 3809 1929 3871 etc.,

224 3905 402 3958 usque
428 3890 501 3943 ad
530 3905 645 3944 non
677 3894 871 3944 tamen
893 3895 1092 3960 cessat,
1124 3892 1247 3946 vult
1277 3895 1334 3946 et
1373 3892 1477 3945 hoc
1507 3891 1931 3959 transcendere,

234 3980 391 4033 unde
425 3979 652 4033 subdit:

303 4068 469 4122 Vens.
529 4071 578 4122 6.
638 4069 885 4135 Cogitavi
944 4068 1058 4123 dies
1106 4071 1381 4139 antiquos,
1437 4073 1541 4123 etc.
1596 4069 1729 4123 Ideo
1815 4073 1933 4124 tur-

221 4156 400 4210 batus
430 4172 442 4208 :
478 4156 613 4226 quia
668 4160 904 4225 cogitavi
930 4157 1045 4211 dies
1096 4161 1348 4226 antiquos
1400 4158 1557 4223 Adz,
1612 4157 1671 4212 in
1728 4159 1936 4230 quibus

2041 3091 2318 3146 ditatione
2361 3090 2461 3145 Dei
2517 3095 2601 3145 est
2628 3091 2870 3146 interior
2899 3092 3162 3163 quaedam
3215 3093 3459 3161 affectio,
3493 3111 3621 3149 cum
3656 3094 3745 3148 in-

2040 3180 2278 3250 spicitur
2309 3180 2582 3246 mundus,
2641 3184 2699 3235 et
2754 3180 2814 3234 in
2844 3181 3117 3236 creaturis
3170 3182 3451 3253 quaeritur
3505 3187 3748 3248 creator,

2041 3272 2098 3323 et
2146 3268 2435 3323 invenitur
2489 3285 2778 3341 nusquam
2830 3269 3155 3341 displicens,
3187 3273 3283 3326 sed
3334 3270 3589 3343 undique
3628 3273 3753 3342 pla-

2042 3373 2191 3412 06118.

2115 3446 2271 3500 Vens.
2307 3445 2389 3499 14.
2425 3474 2493 3484 -—
2522 3445 2672 3499 Deus
2706 3446 2767 3500 in
2812 3451 3018 3501 sancto.
3052 3446 3257 3519 (Auc.)
3312 3449 3418 3502 Per
3472 3448 3749 3519 praedicta

2040 3539 2229 3589 certus
2254 3549 2381 3588 sum
2426 3534 2584 3605 quod
2636 3534 2880 3603 veniam,
2919 3540 2975 3590 et
3001 3536 3112 3609 hoc
3156 3537 3320 3592 duce.
3356 3537 3494 3608 (ῐο.)
3525 3540 3667 3592 Deus
3694 3540 3753 3591 in

2040 3627 2246 3690 sancto,
2294 3623 2352 3677 id
2382 3628 2486 3690 est,
2526 3623 2587 3676 in
2635 3623 2858 3679 Christo
2893 3624 2983 3679 via
3020 3626 3301 3681 redeundi
3329 3627 3400 3681 ad
3426 3632 3501 3681 te.
3526 3627 3594 3681 Et
3621 3643 3751 3681 cum

2040 3711 2147 3764 hoc
2176 3710 2268 3776 sit,
2295 3712 2418 3780 quis
2448 3712 2597 3765 Deus
2620 3713 2896 3779 magnus?
2926 3718 3030 3767 etc.
3081 3715 3185 3769 Via
3217 3720 3330 3769 tua.
3364 3715 3485 3785 (11).)
3519 3715 3753 3769 Colendi

2044 3804 2101 3854 te
2125 3803 2181 3853 et
2208 3799 2281 3853 ad
2308 3803 2362 3852 te
2389 3798 2679 3865 veniendi,
2715 3800 2867 3854 unde
2892 3801 3212 3870 potentiam
3245 3802 3344 3857 Dei
3372 3803 3539 3857 laetus
3597 3818 3753 3872 pra:-

2042 3889 2151 3943 fert
2176 3887 2519 3953 simulacris,
2548 3904 2678 3958 quae
2707 3888 2848 3942 falso
2880 3889 3235 3945 colebantur.

2114 3978 2275 4031 Vens.
2315 3979 2398 4030 15.
2459 4007 2528 4016 —-
2558 3977 2859 4032 Mirabilia.
2918 3978 3109 4050 (AUG.)
3162 3979 3358 4034 Sanati
3398 3983 3531 4034 sunt
3562 3978 3745 4045 surdi,

2044 4065 2199 4131 caeci,
2251 4065 2532 4135 languidi,
2586 4066 2820 4131 mortui,
2874 4067 3180 4137 paralitici.
3252 4070 3366 4124 Ista
3421 4069 3482 4122 in
3550 4085 3750 4138 corpo-

2043 4155 2201 4209 ribus
2258 4154 2403 4208 facta
2431 4159 2591 4211 sunt.
2632 4156 2695 4208 In
2738 4154 2928 4209 anima
2982 4156 3213 4226 quidam
3262 4158 3437 4212 sobrii
3468 4162 3618 4225 sunt,
3650 4156 3754 4228 qui

222 4244 449 4297 corruit
474 4245 664 4299 homo.
698 4246 801 4299 Sed
831 4250 1034 4299 contra
1087 4246 1202 4300 dies
1248 4247 1524 4315 antiquos,
1576 4262 1743 4302 annos
1774 4246 2005 4319 ponit“
2045 4245 2216 4319 paulo
2277 4248 2408 4299 ante
2486 4243 2715 4313 ebriosi,
2772 4244 3056 4315 inﬁdeles,
3117 4246 3446 4302 adoratores
3514 4247 3751 4301 simula-

223 4339 460 4388 mernos
493 4348 505 4386 :
538 4333 665 4387 ideo
686 4334 961 4401 turbatus,
985 4334 1233 4405 quiahos
1256 4334 1539 4389 desiderat
1551 4334 1747 4404 homo,
1770 4340 1935 4390 teter-

226 4438 342 4476 nos
374 4420 636 4492 negligit.
688 4424 812 4477 Dies
844 4425 1116 4492 antiquos,
1147 4427 1197 4477 et
1233 4437 1401 4477 annos
1430 4428 1652 4478 aztemos
1682 4426 1740 4477 in
1764 4429 1935 4479 mente

225 4511 425 4565 habui.
469 4509 646 4581 (ΕΑΒ.)
709 4509 855 4574 Quid
912 4510 1148 4581 contigit
1202 4511 1337 4565 Adae
1367 4527 1470 4581 pro
1499 4511 1934 4567 inobedientia‘?

223 4601 310 4654 Ex
352 4599 454 4652 illo
486 4598 727 4669 cognovi
776 4599 930 4653 hunc
959 4598 1211 4652 hominis
1241 4599 1526 4653 defectum
1552 4616 1691 4654 esse.
1728 4600 1795 4654 Et
1825 4617 1934 4654 an-

220 4704 343 4743 nos
374 4692 640 4753 aeternos,
666 4704 810 4759 quos
829 4687 1139 4757 persistens
1154 4686 1408 4754 haberet,
1441 4687 1503 4741 in
1524 4694 1712 4742 mente
1733 4690 1930 4756 habui,

222 4775 395 4847 quod
437 4791 554 4829 non
615 4776 789 4829 stulti.
850 4778 921 4830 Et
946 4778 1105 4829 etiam
1157 4775 1447 4829 meditatus
1496 4791 1610 4828 sum
1660 4780 1827 4843 nocte,
1877 4776 1934 4831 id

220 4869 338 4929 est,
377 4863 437 4917 in
480 4864 587 4917 hoc
616 4864 859 4918 defectu.
912 4865 1042 4919 Cum
1096 4863 1270 4929 corde,
1303 4863 1362 4917 id
1393 4868 1498 4930 est,
1530 4880 1660 4917 cum
1690 4865 1929 4927 ratione,

224 4953 284 5006 si
329 4952 619 5022 quomodo
651 4968 874 5023 possem
911 4951 1097 5005 redire
1149 4952 1217 5006 ad
1249 4968 1428 5005 annos
1479 4956 1741 5007 aeternos.
1789 4956 1933 5009 Cum

214 5041 459 5096 ratione
502 5041 705 5095 tacitus
769 5040 1049 5112 loquitur,
1100 5040 1201 5112 qui
1256 5041 1317 5095 in
1364 5057 1431 5096 ea
1488 5042 1716 5113 quietus
1766 5058 1934 5096 exer-

213 5132 413 5183 cetur.

300 5217 478 5270 Vens.
512 5221 564 5269 7.
616 5247 685 5256 —
737 5219 805 5271 Et
844 5217 1200 5272 emercitabar.
1253 5219 1317 5272 In
1354 5218 1480 5289 ipsa
1510 5218 1879 5273 meditatione
1917 5235 1931 5273 :

209 5304 527 5375 Scopebam
576 5308 806 5375 spiritus
850 5322 1053 5374 meum;
1116 5307 1432 5378 purgabam
1486 5310 1760 5362 mentem.
1822 5307 1934 5362 Alii

208 5395 568 5451 ventilabam
614 5398 871 5465 spiritum
915 5412 1109 5463 meum,
1170 5396 1251 5450 sic
1306 5397 1456 5468 apud
1513 5413 1606 5452 me
1635 5400 1934 5452 tractans:

304 5483 471 5536 Vens.
509 5486 561 5537 8.
602 5514 672 5525 —
735 5484 1002 5553 Nunquid
1048 5487 1108 5538 in
1156 5490 1415 5541 aeternum
1440 5486 1721 5556 projiciet,
1753 5501 1934 5556 genus

208 5572 601 5633 humanum?
625 5578 687 5629 ut
733 5573 1122 5645 complacitior.
1184 5574 1356 5638 Quasi
1412 5574 1657 5647 quijam
1690 5575 1934 5647 placitus

2045 4349 2291 4387 crorum.
2326 4334 2545 4401 Populis
2575 4335 2845 4387 virtutem.
2881 4333 3007 4405 (ῐο.)
3059 4336 3399 4405 Inﬁdelibus,
3436 4343 3497 4392 ut
3528 4356 3750 4413 cogno-

2046 4425 2205 4475 scant
2258 4420 2546 4474 Christum
2616 4424 2843 4475 tantum
2898 4438 3155 4492 corpore,
3222 4425 3495 4498 ﬁdelibus,
3556 4444 3617 4483 re
3694 4436 3754 4485 et

2044 4509 2261 4563 Deitate
2295 4525 2308 4576 ;
2342 4508 2566 4564 subdit:
2588 4509 2735 4572 Quid
2766 4510 3119 4579 praestiteris,
3155 4513 3458 4570 redemisti.

2114 4598 2276 4650 Vens.
2314 4600 2397 4651 16.
2429 4627 2497 4637 -
2525 4600 2688 4652 Filios
2718 4600 2943 4668 Joseph.
2998 4600 3191 4670 (Αυο.)
3241 4602 3301 4656 Id
3332 4609 3437 4673 est,
3470 4606 3752 4662 Gentilem

2042 4688 2343 4758 populum.
2373 4688 2491 4754 Vel,
2520 4704 2625 4757 per
2658 4690 2852 4757 Ioseph
2897 4688 3237 4760 intelligitur
3276 4692 3561 4749 Christus:
3596 4697 3752 4768 quia,

2042 4776 2184 4829 sicut
2232 4777 2439 4847 Ioseph
2490 4776 2756 4830 venditus
2814 4776 2873 4830 in
2927 4779 3233 4848 Aigyptum
3317 4784 3599 4853 regnavit,
3675 4786 3753 4839 ita

2043 4865 2299 4919 Christus
2349 4865 2410 4918 in
2460 4864 2745 4935 gentibus,
2818 4865 2975 4936 prius
3046 4868 3382 4923 humiliatus
3430 4872 3490 4926 in
3539 4879 3752 4944 marty-

2041 4952 2218 5007 ribus.
2273 4953 2399 5025 (In.)
2429 4955 2629 5023 Joseph
2680 4954 2781 5025 qui
2829 4956 3087 5023 pervenit
3133 4958 3203 5012 ad
3235 4964 3435 5029 gentes
3490 4978 3749 5030 augmen-

2044 5047 2156 5097 tum
2207 5043 2650 5112 interpretatur:
2711 5046 2767 5096 et
2811 5043 3094 5114 signiﬁcat
3147 5052 3367 5117 gentes,
3422 5050 3492 5103 de
3541 5052 3754 5121 quibus

2043 5136 2446 5201 augmentatus
2479 5136 2563 5185 est
2597 5132 2844 5203 populus
2880 5133 2996 5187 Dei.
3056 5134 3170 5197 Vel,
3210 5138 3425 5205 Joseph,
3497 5139 3753 5197 Christus

2044 5236 2077 5273 a
2120 5219 2334 5274 Iudaeis
2384 5219 2667 5289 venditus,
2727 5225 2785 5275 et
2829 5222 3027 5292 pulsus
3057 5223 3128 5278 ad
3178 5230 3397 5295 gentes,
3456 5229 3563 5297 ﬁlii
3609 5230 3748 5299 ejus,

2046 5325 2187 5381 quos
2217 5324 2281 5363 ex
2311 5308 2579 5379 gentibus
2610 5309 2797 5380 elegit.

2120 5399 2273 5453 Vens.
2306 5402 2395 5452 17.
2450 5428 2520 5438 —-
2575 5399 2863 5455 Viderunt.
2918 5401 3085 5471 (Cas)
3126 5402 3471 5473 Diapsalma.
3523 5407 3661 5472 Qum
3687 5409 3750 5464 in

2044 5489 2262 5543 mundo
2319 5486 2577 5541 Christus
2649 5493 2938 5558 operatur,
2992 5492 3242 5561 exponit.
3304 5494 3506 5566 (Auc.)
3577 5497 3751 5562 Quasi

2045 5576 2295 5631 diceret:
2326 5575 2610 5640 Quoniam
2629 5582 2824 5633 notam
2841 5578 3021 5634 fecisti
3042 5580 3331 5651 virtutem,
3361 5584 3448 5639 vel
3478 5600 3584 5655 per
3612 5602 3743 5642 eum
