4020 6184
373 285 473 337 967

1027 277 1417 332 WALAFRIDI
1457 276 1710 332 STRABI
1751 277 1951 332 FULD.
1993 276 2034 331 Μ

2198 272 2349 330 ΟΡΡ.
2393 274 2568 330 PARS
2603 273 2646 329 Ι.
2686 302 2756 312 —-
2794 271 3253 330 THEOLOGICA.
3743 280 3825 333 968

371 405 623 461 viderunt
653 408 722 470 te,
752 417 781 456 o
837 405 974 456 Deus
1024 403 1206 468 Pater,
1266 402 1371 468 vel,
1426 407 1494 468 te,
1526 417 1556 456 ο
1603 400 1838 470 Christe,
1873 400 1974 472 qui
2022 416 2082 454 es
2120 399 2167 452 Α
2199 397 2396 466 ritum,
2430 397 2580 452 unde
2615 398 2920 462 :Charitas,
2945 412 3063 465 qua:
3077 397 3238 466 pellit
3260 398 3500 452 timorem
3521 399 3566 462 (Ι
3587 401 3725 454 Joan.
3753 402 3826 470 nr).

375 494 552 547 virtus
581 495 638 545 et
671 490 986 556 brachium,
1025 495 1128 544 etc.
1964 550 1968 554 _

449 583 611 636 Vsus.
676 582 756 634 18.
810 610 878 619 —
952 579 1264 634 Multitudo.
1314 578 1486 649 (Cas)
1537 581 1656 633 Non
1727 579 1914 650 pauci,
1978 577 2074 632 sed

371 669 680 724 multitudo.
713 669 948 730 Sonitus,
986 667 1046 720 in
1098 669 1318 738 gemitu
1370 670 1690 738 culparum,
1745 667 1804 720 in
1858 667 2076 720 actione

374 759 728 828 gratiarum:
788 757 951 827 quasi
988 756 1139 811 enim
1195 774 1351 810 mare
1407 756 1813 826 confragosum
1869 762 2076 808 sonam.

371 847 593 901 diversa
640 849 768 898 vota
823 845 1193 915 populorum.
1249 847 1476 901 Sonitus
1533 861 1824 913 aquarum.
1885 845 2076 916 (Anc.)

370 934 531 989 Unde
587 933 682 987 isti
736 935 954 987 sonitus
1011 950 1314 1004 aquarum,
1368 933 1617 987 turbatio
1701 933 2076 1004 abyssorum?

369 1023 508 1094 quia
541 1037 718 1076 vacem
747 1021 1012 1076 dederunt
1066 1022 1253 1089 nubes,
1281 1022 1350 1076 de
1383 1021 1620 1093 quibus:
1671 1021 1942 1077 Mandabo
1972 1038 2075 1077 nu-

370 1111 524 1166 bibus
551 1112 682 1164 meis
711 1126 776 1164 ne
797 1110 1166 1179 pluantsuper
1185 1127 1302 1164 eam
1332 1111 1575 1164 imbrem.

444 1201 604 1253 Vens.
655 1202 738 1252 l9.
795 1227 854 1237 -
926 1201 1042 1254 V0.1:
1115 1201 1362 1252 tonitrui.
1423 1198 1596 1269 (Cas)
1648 1197 1908 1252 Tonitrni
1972 1213 2075 1250 vox

369 1286 702 1353 revolvitur,
729 1291 795 1341 ut
854 1291 1088 1356 rugatus
1138 1291 1195 1340 ct
1251 1287 1517 1340 sinuosus
1569 1303 1743 1340 sonus
1773 1285 2070 1341 sentiatur.

371 1375 694 1446 Allegoria:
728 1378 786 1429 in
813 1380 933 1429 rota
959 1375 1131 1428 totius
1162 1374 1388 1428 mundi.
1449 1378 1605 1430 Rota.
1666 1374 1878 1445 (HIER.,
1909 1373 2075 1445 Anc.)

373 1466 467 1519 Est
511 1464 666 1535 quod
713 1463 943 1533 exponit
997 1463 1151 1516 orbis
1203 1467 1392 1528 terrae,
1453 1479 1625 1534 quem
1669 1463 2078 1518 circumierunt

373 1554 554 1608 nubes
609 1553 858 1607 tonando
935 1552 1254 1622 prmceptis,
1335 1551 1687 1606 coruscando
1766 1552 2072 1606 miraculis.

372 1644 711 1697 Contremuil
749 1646 913 1695 terra.
957 1640 1122 1711 (Cas)
1193 1640 1300 1704 Qui
1335 1639 1592 1694 habitant
1645 1640 1706 1692 in
1745 1644 1915 1694 terra.
1952 1643 2078 1710 Ipsa
2110 1675 2146 1728 Β

372 1735 526 1784 terra
555 1747 712 1784 mare
742 1729 951 1784 dicitur
1010 1745 1113 1798 per
1142 1728 1599 1794 similitudinem,
1633 1729 1769 1799 quia
1823 1728 2077 1782 humana

371 1819 484 1873 vita
522 1835 738 1883 amara,
773 1817 1210 1887 tempestatibus
1260 1817 1506 1882 subdita,
1545 1817 1641 1871 ubi
1690 1818 1871 1887 major
1907 1816 2076 1887 piscis

372 1908 658 1962 minorem
681 1907 937 1982 devorat.

442 1996 605 2048 Vsus.
667 1997 755 2048 '20.
813 1993 978 2047 —In
1032 1995 1193 2048 muri.
1248 1991 1428 2062 (.tuc.)
1468 1992 1550 2047 Ad
1611 1992 1877 2058 litteram,
1936 1992 2074 2046 dum

374 2083 631 2138 Christus
677 2098 850 2152 super
897 2099 1074 2152 aquas
1129 2082 1460 2135 ambulavit.
1520 2081 1634 2140 Vel.
1696 2080 1754 2134 in
1805 2081 2073 2135 cordibus

371 2171 698 2239 hominum,
733 2185 878 2241 quos
908 2170 1013 2224 sibi
1043 2169 1254 2224 subdit.
1309 2169 1425 2235 Vel,
1462 2185 1564 2238 per
1609 2175 1830 2238 terram,
1858 2169 2071 2237 Judaei;

371 2275 476 2329 per
529 2275 697 2324 mare,
752 2263 950 2329 gentes
1005 2258 1381 2327 accipiuntur.
1425 2260 1494 2312 Et
1549 2260 1780 2324 vestigia
1837 2263 1932 2312 tua
1970 2274 2075 2313 non

370 2351 769 2414 cognoscentur.
845 2345 1164 2416 Increpatio
1243 2345 1414 2398 tacita
1485 2345 1843 2413 Iudaeorum;
1911 2346 2075 2416 quasi

369 2436 546 2491 dicat:
583 2435 738 2490 Licet
775 2435 964 2506 palam
994 2433 1228 2499 venerit,
1257 2439 1311 2488 et
1333 2451 1390 2487 se
1409 2433 1700 2488 miraculis
1717 2436 2070 2491 ostenderit:

370 2541 485 2578 non
514 2530 598 2578 est
644 2523 904 2594 cognitus
947 2540 981 2576 a
1017 2521 1229 2577 Judaeis
1269 2522 1595 2576 inﬁdelibus
1651 2539 1793 2593 quos
1839 2523 2075 2577 deduxit

368 2612 427 2666 in
478 2629 651 2666 manu
674 2611 850 2682 Moysi
883 2617 939 2665 et
976 2612 1183 2676 Aaron,
1215 2610 1271 2664 id
1316 2614 1418 2674 est,
1463 2611 1793 2682 operatione
1825 2611 2073 2665 miracu-

365 2701 556 2755 lorum
609 2717 738 2770 qute
780 2700 1054 2754 fecerunt.
1121 2701 1364 2766 Vcstigia
1417 2703 1532 2764 tua,
1569 2706 1672 2752 etc.
1727 2699 1933 2770 Tetigit
1964 2699 2074 2753 ali-

368 2805 533 2860 quos,
567 2789 625 2843 id
643 2795 746 2854 est,
778 2788 1028 2854 Indicos,
1065 2787 1163 2858 qui
1188 2787 1406 2854 dicunt,
1440 2789 1700 2842 Nondum
1735 2788 1886 2842 venit
1909 2787 2072 2842 Chri-

367 2883 509 2943 stus,
545 2895 660 2931 non
684 2877 875 2932 vident
893 2893 1066 2947 super
1094 2892 1256 2931 mare
1286 2877 1697 2931 ambulantem.

2187 487 2366 557 Hujus
2421 487 2557 540 Novi
2603 486 2948 540 Testamenti
3003 485 3396 540 testimonium
3453 487 3652 540 dicitur
3704 494 3834 542 vetus

2186 575 2294 643 lex,
2327 576 2460 648 quia
2493 575 2665 629 habet
2689 574 3080 628 testimonium
3112 592 3142 627 a
3169 575 3295 645 lege
3327 580 3383 628 et
3409 577 3716 646 Prophetis:
3747 595 3833 631 uu-

2187 665 2256 719 de
2301 665 2733 719 tabernaculum
2781 663 3098 718 testimonii
3155 664 3452 718 dicebatur
3508 664 3665 728 illud,
3709 668 3834 736 quod

2186 758 2269 806 tot
2298 753 2534 824 mystica
2587 751 2905 822 ﬁgurabat:
2961 754 3343 806 Testimonium
3365 768 3500 823 ergo
3533 753 3724 807 dicitur
3749 755 3838 806 Ve-

2187 849 2279 896 tus
2309 844 2728 896 Testamentum
2763 840 2823 894 in
2853 845 3134 912 quantum
3176 842 3385 911 probat
3415 846 3470 896 et
3499 847 3738 907 testatur,
3767 844 3837 896 lex

2186 930 2246 984 in
2277 931 2758 1000 quantumjubet.
2804 929 2985 999 (Cas,
3015 931 3184 997 Ben.)
3209 931 3507 985 Suscitavit
3534 931 3688 1001 quasi
3714 947 3840 984 mor-

2186 1026 2350 1074 tuum
2381 1020 2439 1073 in
2473 1019 2650 1074 Adam
2682 1006 3096 1086 testimonium,
3136 1018 3197 1072 id
3233 1023 3335 1084 est,
3362 1018 3570 1088 legem,
3603 1020 3704 1084 vel,
3730 1019 3840 1072 dum

2186 1109 2549 1178 describitur,
2607 1108 2934 1174 suscitatur,
3007 1108 3170 1178 prius
3230 1107 3556 1178 ignorantia
3607 1109 3844 1178 sopitum.

2191 1199 2573 1252 Testimonium
2620 1200 2676 1250 in
2706 1197 2888 1263 Jacob,
2948 1196 3056 1250 hoc
3097 1195 3291 1249 forsan
3349 1201 3454 1266 est,
3510 1197 3660 1266 quod
3703 1195 3843 1251 lacob

2186 1301 2315 1339 cum
2346 1286 2551 1355 angelo
2582 1286 2846 1351 luctatus,
2889 1290 3039 1339 tacto
3068 1284 3290 1338 femore
3320 1284 3692 1338 claudicavit:
3721 1284 3844 1355 quod

2187 1373 2470 1445 signiﬁcat
2503 1374 2734 1428 Judaeos
2766 1373 2977 1444 partim
3013 1372 3128 1426 ﬁde
3163 1378 3445 1439 constare,
3480 1373 3730 1444 partima
3771 1390 3843 1426 sa-

2186 1462 2304 1516 lute
2337 1462 2666 1517 discedere:
2716 1468 2773 1516 et
2824 1462 2901 1516 ita
2954 1462 3126 1532 hujus
3189 1461 3270 1514 rei
3317 1461 3707 1516 testimonium
3740 1461 3845 1522 fuit.

2187 1550 2339 1620 quod
2384 1551 2554 1604 Iacob
2606 1550 2833 1603 accidit.
2897 1550 3036 1603 Ecce
3087 1549 3375 1620 parabola.
3429 1551 3585 1604 Filiis
3637 1552 3759 1603 suis.
3797 1550 3848 1602 Et

2187 1644 2321 1692 sunt
2357 1639 2533 1693 iidem
2551 1638 2657 1693 ﬁlii
2683 1638 2978 1710 generatio
3000 1639 3198 1705 altera,
3233 1637 3446 1692 scilicet
3476 1638 3716 1709 populus
3742 1654 3846 1708 gra-

2187 1727 2298 1781 tite.

2256 1815 2420 1868 Vens.
2448 1817 2500 1868 6.
2521 1845 2589 1852 —
2611 1815 2900 1867 Generatio
2927 1813 3120 1867 altera.
3147 1814 3252 1866 Per
3270 1811 3667 1884 generationes
3695 1815 3848 1864 trans-

2185 1903 2356 1956 missa
2383 1908 2516 1957 sunt
2540 1903 2807 1956 mandata
2838 1902 2958 1967 Dei,
2991 1918 3064 1956 ne
3097 1901 3226 1972 quis
3265 1905 3428 1972 putet
3454 1901 3559 1954 uni
3591 1901 3730 1955 data.

2256 1993 2414 2046 Vens.
2449 1996 2504 2045 7.
2549 2021 2605 2030 —
2659 1993 2724 2046 Ut
2773 1995 3006 2060 ponant.
3074 1991 3203 2044 Haec
3235 1995 3322 2044 est
3381 1990 3604 2044 utilitas
3633 1993 3848 2059 paterna

2182 2079 2630 2152 praedicationis.
2659 2079 3005 2148 quuirant.
3064 2078 3252 2149 (AUG.)
3284 2077 3392 2142 Qui
3423 2078 3562 2132 dicti
3612 2083 3734 2131 sunt
3769 2093 3846 2129 su-

2183 2187 2288 2241 pra
2310 2167 2662 2240 cognovisse,
2687 2168 2856 2222 modo
2883 2170 3200 2236 exquirant,
3224 2172 3288 2220 ut
3327 2171 3630 2238 sperantes
3652 2167 3708 2220 in
3739 2166 3842 2230 Deo,

2184 2259 2530 2328 adjuvantur
2561 2256 2634 2310 ad
2658 2255 3019 2326 implendum
3051 2257 3122 2309 ab
3151 2272 3240 2309 eo.

2258 2349 2419 2401 Vsus.
2459 2349 2510 2401 8.
2535 2375 2605 2386 —
2646 2347 2835 2399 Pruoa
2868 2345 3047 2416 (Cas)
3098 2345 3231 2408 Quae
3258 2343 3559 2398 veritatem
3600 2358 3708 2396 non
3732 2341 3835 2394 reci-

2183 2435 2287 2507 pit,
2313 2440 2369 2490 et
2387 2435 2516 2488 ideo
2544 2433 2801 2499 distorta,
2827 2448 3157 2502 exusperans
3188 2449 3359 2502 super
3381 2448 3586 2486 omnes
3607 2430 3835 2486 acerbita-

2183 2531 2284 2588 tes,
2310 2530 2374 2578 ut
2411 2524 2470 2577 in
2499 2523 2848 2577 Salvatorem
2879 2526 3259 2575 armarentur.
3291 2521 3448 2575 Unde
3483 2538 3590 2591 per
3620 2518 3837 2575 Elecliie-

2184 2616 2297 2668 lem
2324 2612 2464 2666 dicit
2491 2609 2806 2666 Dominus:
2858 2609 3007 2664 Vade
3059 2615 3107 2663 et
3157 2609 3246 2663 dic
3295 2608 3486 2664 domui
3534 2609 3842 2679 ἀπαίρεταιιεὶ

2181 2701 2395 2772 (Ezech.
2422 2703 2501 2765 ιι).
2518 2699 2637 2754 Νοη
2649 2699 2856 2751 diremit
2873 2712 2962 2750 cor
2979 2712 3154 2751 suum.
3182 2697 3264 2765 (ID
3280 2743 3284 2746 η
3303 2696 3319 2765 )
3336 2697 3652 2751 Distortnm
3671 2697 3845 2750 corha-

2181 2790 2277 2843 bet
2307 2787 2405 2859 qui
2435 2802 2604 2858 prave
2643 2786 2934 2839 intellecta
2972 2802 3087 2839 non
3117 2784 3368 2855 corrigit,
3427 2790 3490 2839 et
3521 2802 3648 2857 quas
3673 2790 3846 2838 natura

2181 2876 2366 2939 docet,
2399 2889 2515 2926 non
2535 2872 2759 2944 perﬁcit
2786 2890 2798 2926 :
2849 2875 2968 2929 Non
2981 2879 3057 2928 est
3090 2874 3327 2928 creditus
3359 2890 3483 2927 cum
3524 2877 3626 2928 Deo
3652 2875 3848 2943 Spiritus

438 2967 596 3021 Vens.
622 2967 709 3020 2t.
765 2997 833 3006 —-
886 2967 1036 3021 Sicut
1089 2980 1227 3020 oves.
1261 2965 1405 3029 Quia
1449 2981 1565 3019 non
1604 2981 1733 3018 vere
1784 2981 1935 3030 oves,
1970 2963 2066 3017 sed
2102 2962 2142 3016 C
2179 2964 2296 3032 ejus
2353 2962 2529 3033 (Joun.
2572 2966 2634 3032 ι),
2689 2963 2750 3016 id
2801 2967 2906 3028 est,
2970 2967 3025 3016 et
3055 2963 3102 3017 si
3131 2964 3274 3016 ratio
3305 2963 3449 3017 bene
3485 2964 3681 3028 suasit,
3707 2963 3752 3015 ei
3769 2977 3846 3014 aco

369 3054 539 3109 haedi.
601 3056 778 3120 Moysi
805 3059 855 3109 ct
906 3057 1116 3108 Aaron.
1155 3052 1326 3124 (Cas)
1387 3054 1603 3123 Moyses
1659 3052 2071 3122 intrepretatur

367 3149 678 3212 assumptus
723 3143 788 3197 de
814 3145 1059 3211 ﬂumine;
1118 3147 1328 3210 Aaron,
1361 3157 1510 3197 mons
1565 3141 1943 3209 fortitudinis:
1982 3140 2068 3194 his

367 3232 715 3300 nominibus,
790 3231 1027 3285 virtutes
1105 3249 1247 3302 quas
1317 3231 1576 3285 fecerunt
1645 3229 2064 3301 exprimuntur.

365 3320 582 3390 Moyses
615 3319 767 3373 inter
796 3324 1003 3372 caetera
1030 3319 1090 3372 in
1141 3318 1286 3372 mari
1316 3318 1466 3372 viam
1523 3317 1670 3383 fecit,
1703 3318 1935 3384 signans
1966 3331 2068 3386 per

363 3405 717 3476 baptismum
746 3407 1026 3475 populum
1056 3405 1307 3460 liberari.
1369 3409 1560 3458 Aaron
1613 3404 1870 3458 Ecclesim
1901 3408 2067 3458 tene—

364 3494 462 3550 bat
490 3494 825 3564 imaginem,
857 3509 985 3565 qum
1014 3493 1199 3548 monti
1226 3493 1535 3548 fortissimo
1570 3499 1955 3564 comparatur.

921 3634 1137 3689 PSALM
1148 3633 1229 3688 US
1275 3634 1521 3689 LXXVII.

431 3759 595 3813 Vens.
677 3761 722 3812 l.
782 3787 852 3797 ——-
907 3759 1228 3812 Intellectus.
1276 3756 1462 3829 (Αυο.)
1541 3755 1687 3822 Quia
1749 3757 1872 3812 haec
1932 3774 2063 3812 nar-

359 3849 504 3915 rata,
559 3849 688 3914 etc.,
723 3859 896 3913 usque
924 3845 997 3898 ad
1028 3860 1157 3915 qua:
1214 3849 1412 3914 aperta
1445 3843 1728 3912 videntur,
1773 3846 2064 3916 parabolae

358 3938 494 3987 sunt
523 3937 580 3988 et
629 3933 958 4003 aenigmata.
986 3933 1287 3987 Attendile.
1319 3931 1494 4002 (Cas)
1561 3932 1752 3986 Primo
1803 3933 1922 4002 ipse
1957 3934 2062 3987 Do-

357 4021 550 4075 minus
574 4021 849 4092 loquitur,
883 4028 946 4075 ut
1001 4021 1321 4075 reverentia
1372 4025 1605 4075 crescat.
1637 4022 1837 4090 Popule
1891 4036 2058 4089 meus,

358 4110 457 4180 qui
479 4109 624 4164 mihi
654 4109 871 4164 obedis.
920 4109 993 4164 Os
1029 4108 1128 4164 Dei
1149 4113 1233 4163 est
1287 4110 1498 4180 Asapb,
1553 4108 1653 4180 qui
1699 4108 1939 4163 inferius
1991 4110 2064 4163 lo-

2180 3050 2414 3121 quievit.
2449 3053 2564 3107 Non
2593 3055 2671 3105 est
2699 3050 2954 3106 creditus.
2991 3050 3191 3120 (AUG.)
3223 3051 3458 3114 Quando
3497 3067 3630 3105 cum
3676 3050 3850 3120 spiritu

2179 3141 2281 3195 Dei
2311 3148 2587 3212 operante
2643 3141 2874 3212 spiritus
2907 3140 3156 3195 hominis
3209 3145 3575 3211 cooperatur,
3621 3140 3685 3194 ﬁt
3720 3137 3850 3210 quod

2179 3232 2326 3284 Deus
2351 3231 2517 3300 jubet
2549 3246 2561 3283 :
2593 3235 2649 3283 et
2677 3232 2784 3284 hoc
2811 3246 2924 3283 non
2977 3235 3065 3283 est
3097 3229 3209 3283 nisi
3266 3231 3556 3285 credendo
3607 3230 3668 3284 in
3719 3243 3850 3292 eum,

2178 3317 2279 3388 qui
2317 3315 2596 3386 justiﬁcat
2633 3314 2901 3386 impium,
2937 3332 3110 3387 quam
3137 3317 3311 3371 ﬁdem
3340 3333 3461 3373 non
3495 3317 3667 3371 habet
3692 3329 3850 3386 gene-

2177 3405 2321 3459 ratio
2353 3421 2526 3475 prava
2555 3410 2612 3459 et
2641 3404 2980 3458 amaricaus.

2244 3495 2368 3563 (Ιυ.)
2427 3492 2760 3563 Expressius
2814 3493 2996 3547 multo
3029 3491 3188 3563 dicit,
3241 3498 3370 3560 etc.,
3428 3509 3604 3563 usque
3649 3491 3720 3546 ad
3769 3491 3853 3544 illa

2173 3586 2367 3637 autem
2413 3581 2731 3654 generatio,
2785 3581 2888 3635 etsi
2935 3580 3177 3636 credidit
3229 3583 3366 3649 Deo,
3420 3599 3543 3637 non
3590 3580 3850 3637 tamenin

2176 3671 2378 3724 Deum.

2273 3758 2436 3812 Vsus.
2471 3760 2524 3812 9.
2550 3788 2618 3796 —-
2675 3757 2956 3812 Mittcntes
2985 3773 3190 3812 arcum.
3217 3756 3408 3828 (AUG.)
3477 3757 3744 3830 Figurate
3771 3756 3849 3812 di-

2173 3845 2268 3912 cit,
2292 3851 2423 3914 etc.,
2462 3859 2630 3914 usque
2658 3844 2733 3898 ad
2758 3843 2935 3898 David
2967 3844 3260 3912 fratribus,
3305 3845 3386 3898 sic
3411 3847 3630 3916 populo
3649 3845 3848 3899 Judaeu-

2171 3957 2301 3996 rum
2332 3941 2578 4012 populus
2603 3939 2977 3995 Christianus.
3010 3940 3130 4006 Vel,
3163 3942 3294 3995 Filii
3320 3941 3580 4010 Ephrem.
3623 3941 3750 4012 (10.)
3779 3941 3851 3994 ln-

2173 4028 2442 4083 tendentes
2497 4031 2548 4082 et
2603 4029 2872 4082 mittentes
2915 4043 3121 4094 arcum,
3180 4027 3241 4082 id
3301 4033 3406 4095 est,
3463 4044 3603 4082 arcu
3657 4025 3851 4098 aliquid

2171 4117 2487 4171 mittentes.
2526 4116 2642 4181 Vel,
2692 4116 3028 4172 intendentes
3074 4132 3279 4182 arcum,
3337 4123 3396 4171 et
3439 4118 3728 4171 mittentes
3776 4129 3848 4168 sa-

356 4203 520 4296 gatus
551 4203 636 4252 est
683 4198 792 4296 ista
824 4214 837 4252 :
882 4197 1102 4296 Quanta
1158 4197 1468 4252 audivimus
1517 4198 1584 4252 ab
1636 4199 1813 4253 initio.
1843 4198 2058 4252 Veteris
2086 4241 2133 4296 Β
2171 4205 2361 4276 gittas,
2394 4203 2453 4258 id
2492 4206 2595 4270 est,
2630 4203 3031 4274 promittentes
3061 4219 3285 4258 servare
3316 4204 3528 4274 legem,
3555 4210 3744 4275 aperte
3775 4201 3849 4256 di-

354 4286 736 4342 Testamenti:
767 4287 876 4353 vel,
901 4286 1082 4340 ﬁdelis
1111 4287 1410 4358 Synagoga
1443 4287 1607 4340 malis
1638 4287 1960 4357 exprobrat.

427 4377 588 4430 Vens.
624 4378 674 4431 2.
708 4405 776 4415 —
807 4377 871 4429 In
895 4375 1196 4444 parabolis.
1246 4373 1434 4444 (Anu)
1498 4375 1813 4441 Parabolas,
1866 4392 2061 4430 rerum

355 4463 783 4518 similitudines.
828 4464 1246 4532 Propositiones,
1279 4461 1418 4526 Quae
1477 4463 1666 4516 Grmce
1698 4464 2058 4533 problemata,

355 4551 701 4623 qumstiones
731 4549 950 4621 aliquid
971 4551 1303 4605 solvendum
1337 4549 1631 4605 habentes.

427 4640 587 4693 Vsus.
623 4641 674 4694 3.
711 4669 778 4677 —
828 4641 1069 4706 Quanta.
1128 4639 1299 4710 (Cas)
1343 4637 1689 4692 Summatim
1742 4637 1897 4705 dicit,
1931 4655 2060 4710 quas

354 4728 562 4783 Iudaeis
593 4729 740 4782 Deus
795 4726 959 4782 fecit:
1027 4734 1219 4781 tamen
1259 4726 1499 4798 ingratis
1545 4726 1676 4795 sibi,
1727 4729 1785 4780 et
1854 4728 1952 4795 sic,
2013 4729 2061 4783 si

354 4833 471 4872 non
522 4817 603 4871 eis
656 4815 886 4888 prodest
940 4821 1131 4870 tamen
1159 4815 1312 4883 ﬁliis,
1369 4832 1438 4870 nc
1491 4815 1634 4870 ﬁant
1673 4815 1819 4869 sicut
1846 4821 2057 4886 patres.

359 4904 546 4975 (Auc.)
574 4905 738 4959 Prius
794 4905 939 4958 Dens
966 4903 1024 4957 in
1055 4904 1285 4958 homine
1315 4905 1525 4971 locutu,
1580 4909 1682 4969 est,
1708 4903 1829 4974 jam
1883 4903 2056 4957 homo

357 4994 518 5066 ipse:
552 4994 767 5060 Quanta
805 4993 1136 5048 audivimus.
1172 4992 1316 5047 Illud
1362 4992 1701 5062 praedictum
1741 4991 1881 5046 dixit
1910 4992 2060 5046 Deus

360 5100 424 5138 ex
457 5100 533 5150 se,
564 5099 636 5136 ne
666 5086 1070 5136 contemnatur
1093 5082 1215 5152 ejus
1249 5081 1477 5135 locutio.

425 5173 585 5226 Vsus.
615 5175 666 5226 5.
695 5201 763 5211 --
816 5173 887 5225 Et
921 5172 1226 5237 suscitavit,
1289 5175 1394 5224 etc.
1429 5168 1608 5240 (Anc)
1641 5170 1754 5224 Hoc
1806 5168 2058 5224 testimo-

356 5259 808 5328 nium.Initium,
852 5259 1002 5314 unde
1056 5274 1256 5329 supra:
1311 5261 1525 5328 Loquar
1546 5261 1941 5328 propositiones
1987 5260 2056 5314 ab

355 5349 534 5402 initio.
568 5349 800 5403 Initium
831 5353 915 5401 est
945 5348 1115 5401 Vetus
1159 5347 1606 5416 Testamentum,
1638 5347 1767 5401 ﬁnis
1813 5347 2052 5402 Novum.

354 5433 440 5488 Ibi
470 5436 658 5502 timor,
691 5436 791 5507 qui
811 5440 894 5490 est
943 5435 1172 5489 initium
1199 5451 1212 5488 :
1247 5434 1344 5489 sed
1397 5434 1488 5488 hic
1527 5434 1800 5503 Christus,
1831 5438 1957 5505 ﬁnis
1983 5437 2055 5491 le-

355 5528 440 5595 gis
463 5524 541 5582 ad
557 5525 839 5594 justitiam
892 5525 1038 5579 omni
1067 5522 1303 5578 credenti
1335 5525 1500 5593 (Rom.
1549 5526 1632 5594 x),
1665 5523 1766 5596 qui
1822 5524 1918 5578 dat
1947 5526 2058 5599 spi-

2170 4298 2361 4347 ceutes
2393 4308 2406 4346 :
2438 4293 2654 4359 Omnia,
2687 4307 3015 4362 quaecunque
3040 4292 3247 4347 dimerit
3277 4293 3428 4348 nobis
3467 4295 3746 4358 Dominus,
3774 4293 3848 4356 fa-

2171 4384 2367 4436 ciemus
2396 4387 2447 4436 et
2467 4380 2965 4452 audiemus(Ea.-od.
2991 4381 3165 4452 xxxv).
3205 4383 3470 4435 Conversi
3511 4388 3643 4436 sunt
3681 4387 3736 4434 et
3761 4379 3846 4433 de-

2170 4472 2429 4526 fecerunt
2465 4473 2525 4524 in
2579 4470 2668 4524 die
2698 4471 2841 4536 belli,
2878 4470 2936 4524 id
2975 4474 3080 4536 est,
3112 4469 3485 4536 temtationis;
3544 4471 3698 4524 unde
3728 4469 3845 4523 Osee

2169 4559 2451 4630 propheta
2501 4558 2582 4612 ait
2609 4576 2622 4613 ε
2658 4559 2924 4627 Ephraim
2951 4559 3134 4624 factus
3173 4564 3250 4613 est
3281 4559 3425 4625 facti
3453 4559 3701 4613 columba
3723 4558 3844 4611 insi-

2163 4648 2342 4715 piens,
2403 4662 2509 4700 non
2557 4647 2757 4700 habens
2809 4661 2899 4700 cor
2947 4647 3082 4717 (Ose.
3159 4647 3277 4718 vn),
3341 4647 3479 4717 quia
3531 4645 3842 4718 promissio-

2169 4751 2303 4788 nem
2321 4733 2661 4788 obedieutiaa
2693 4749 2807 4787 non
2837 4733 3077 4800 auditio,
3108 4735 3206 4788 sed
3238 4733 3476 4788 tentatio
3499 4733 3725 4805 probat.

2239 4822 2645 4894 Beneﬁciorum.
2714 4821 3002 4894 (Ευτωω.)
3065 4823 3494 4890 Beneﬁciorum,
3544 4837 3678 4892 qum
3732 4831 3846 4872 con-

2169 4912 2300 4966 tulit
2327 4911 2387 4966 in
2417 4913 2698 4982 populum
2728 4912 2918 4978 Israel,
2959 4913 3153 4981 veluti,
3189 4913 3342 4983 quod
3386 4913 3618 4966 duxerit
3645 4925 3739 4963 eos
3765 4919 3849 4976 per

2169 5015 2326 5053 mare
2377 4999 2635 5054 Rubrum
2667 4997 3029 5055 immadidos.
3084 5001 3420 5055 Mirabilium
3473 5004 3669 5053 autem
3711 4993 3846 5055 dicit,

2169 5089 2304 5160 quia
2332 5089 2726 5160 Egyptiorum
2771 5087 3011 5142 ﬁumina
3039 5086 3100 5142 in
3129 5089 3470 5157 sanguinem
3522 5086 3845 5143 mutaverat.

2167 5177 2326 5242 Quod
2355 5194 2484 5230 vero
2515 5177 2595 5230 ait
2644 5178 2826 5231 Deum
2865 5175 2947 5230 eis
2999 5176 3120 5230 haec
3175 5175 3506 5242 ostendisse,
3553 5192 3672 5231 non
3734 5172 3846 5227 ideo

2169 5265 2324 5333 dicit,
2367 5265 2530 5336 quasi
2558 5265 2668 5336 ipsi
2697 5282 2763 5320 ea
2793 5265 3042 5336 propriis
3071 5265 3315 5319 viderint
3353 5263 3552 5332 oculis,
3609 5264 3704 5318 sed
3731 5259 3846 5333 quia

2167 5351 2246 5405 ita
2275 5368 2307 5407 a
2337 5352 2454 5406 suis
2473 5358 2818 5423 acceperunt
2849 5352 3186 5423 majoribus.

2238 5441 2402 5493 Vens.
2468 5443 2550 5494 t2.
2583 5471 2652 5479 —
2695 5442 2889 5497 Coram
2926 5440 3200 5510 patribus,
3247 5444 3351 5494 etc.
3430 5439 3608 5507 (Cas)
3666 5433 3839 5506 Incipit

2169 5544 2400 5583 narrare
2423 5529 2568 5600 jam,
2597 5546 2722 5601 quae
2774 5530 2845 5586 ab
2873 5529 3172 5585 eductione
3198 5529 3268 5584 de
3307 5527 3550 5599 Egypto
3581 5527 3710 5581 fecit
3738 5525 3834 5578 eis:
