4020 6184
150 270 251 321 969
383 255 390 261 ’
706 258 713 269 ’
1269 260 1524 317 GLOSSA
1560 261 1961 318 ORDINARIA.
1999 289 2067 299 —
2111 260 2242 315 LIB.
2286 258 2521 315 PSALM.
3552 267 3657 322 970

148 402 253 441 nec
296 390 486 440 tamen
538 384 878 439 destiterunt
926 399 959 438 a
1020 399 1313 437 murmure
1353 389 1409 439 et
1446 402 1479 439 a
1510 385 1841 447 tentatione,
1874 387 1919 438 Α
1958 388 2071 450 tur,
2102 400 2219 437 non
2252 383 2456 438 tentati
2504 383 2842 454 Synagogm.
2890 383 3105 457 (Cass)
3152 388 3356 443 Manna
3393 391 3528 458 quid
3577 397 3656 447 est

151 476 350 544 (.tuo.)
379 476 569 530 Corum
592 473 868 542 patribus.
903 472 1009 536 Qui
1055 478 1188 527 sunt
1244 477 1455 543 patres,
1508 479 1638 540 etc.,
1681 488 1850 542 usque
1962 474 2101 527 hoc?
2158 472 2293 543 quia
2336 472 2427 526 hic
2483 472 2643 525 cibus
2695 472 3031 528 admirando
3080 476 3414 546 requiritur,
3449 483 3505 532 et
3535 495 3654 534 esse

151 564 224 617 ad
254 565 557 617 accedente
591 562 745 632 ligno
766 562 947 615 crucis
970 560 1131 630 quasi
1197 561 1356 630 virga
1387 560 1578 630 Moysi.
1615 562 1678 614 In
1706 564 1851 613 terra
1960 578 2167 631 corpus
2220 560 2428 615 Christi
2482 560 2677 614 scitur.
2726 562 2893 615 Panis
2931 564 3065 617 cali.
3096 563 3231 634 ([u.)
3289 566 3412 619 Non
3468 566 3654 635 aliter,

154 652 418 721 digypti.
488 650 621 721 (10.)
681 651 749 704 Ut
804 665 1034 703 omnem
1097 648 1515 703 dubitationem
1562 648 1744 713 tollat,
1796 654 1852 703 et
1960 666 2135 720 quam
2167 648 2444 715 Christus,
2487 648 2555 702 de
2587 665 2700 719 quo
2749 650 3024 715 ccelestes,
3058 651 3112 705 id
3146 657 3232 706 est
3280 654 3492 724 angeli,
3525 655 3658 710 reﬁ-

154 740 511 812 provinciam
565 739 715 805 dicit,
772 743 825 792 et
887 737 1077 791 locum
1126 736 1425 790 factorum.
1476 736 1566 790 Sic
1602 736 1851 790 Christus
1959 737 2189 791 ciuntur
2233 738 2354 808 ejus
2394 738 2904 808 contemplatione;
2935 743 2991 792 et
3042 740 3196 794 hunc
3226 756 3457 810 panem,
3487 742 3543 797 id
3573 748 3659 798 est

154 830 213 883 in
245 835 399 883 terra
430 828 649 898 positus
679 843 871 880 coram
906 824 1163 896 patribus
1184 826 1371 890 novit,
1422 825 1640 878 humile
1681 841 1851 878 man-
1957 824 2217 891 verbum,
2251 841 2365 895 quo
2397 825 2598 895 grandi
2631 825 2758 879 cibo
2801 832 3117 896 pascuntur
3143 828 3355 899 angeli,
3389 846 3493 901 per
3520 847 3651 885 car-

156 919 357 972 datum
400 916 594 970 docuit
623 932 635 968 :
678 918 845 969 Discit
870 931 903 967 a
932 930 1032 980 me,
1062 917 1194 983 quia
1223 916 1372 967 mitis
1403 929 1523 967 sum
1551 918 1600 967 et
1629 914 1849 967 humilis
1959 928 2092 966 nem
2122 912 2335 967 factum
2366 913 2471 979 lac,
2506 914 2622 967 edit
2645 914 2838 968 homo.

156 1006 332 1061 corde.
358 1004 533 1075 (Joan.
560 1006 680 1073 vin;
2029 1002 2189 1055 Vsus.
2221 1004 2405 1056 26.—
2464 1004 2743 1068 Africum.
2803 1002 2947 1068 Quia
3002 1004 3082 1058 ibi
3132 1010 3266 1060 sunt
3309 1006 3654 1063 coturnices.

230 1097 397 1148 Vens.
455 1094 536 1147 14.
598 1094 667 1146 In
723 1092 881 1146 nube.
945 1092 1127 1160 (Hiaa.
1181 1092 1236 1143 et
1287 1088 1473 1159 Cass.)
1521 1091 1635 1144 Hoc
1688 1089 1848 1143 futn-
2030 1090 2304 1144 Vaas.27.
2351 1121 2416 1132 —
2466 1094 2536 1146 Et
2589 1093 2733 1161 pluit
2778 1107 2947 1163 super
2993 1109 3097 1160 eos,
3148 1100 3252 1149 etc.
3312 1098 3504 1164 (AUG.)
3569 1096 3661 1152 Sic

154 1201 285 1238 rum
314 1182 666 1254 judicabant.
700 1182 843 1239 Dies.
883 1178 1137 1233 Christus
1178 1182 1279 1244 est,
1312 1183 1507 1232 tamen
1553 1179 1691 1233 nube
1720 1194 1846 1231 car-
1957 1181 2013 1231 et
2038 1179 2331 1249 parvulam
2374 1179 2566 1243 ﬁdem,
2611 1184 2739 1246 etc.,
2800 1194 2969 1249 usque
3015 1182 3090 1235 ad
3131 1183 3317 1237 unde:
3354 1185 3417 1240 Si
3443 1189 3657 1239 terrena

154 1275 239 1327 nis
262 1274 480 1327 celatur
510 1269 743 1341 perﬁdis
766 1286 779 1335 ;
801 1272 857 1322 et
878 1268 1021 1321 sicut
1050 1267 1161 1321 illis
1189 1272 1353 1321 nubes
1392 1273 1590 1320 contra
1644 1273 1845 1321 aestum
1957 1266 2082 1320 diri
2116 1268 2285 1333 vobis,
2318 1272 2367 1321 et
2405 1284 2509 1322 non
2541 1269 2761 1323 creditis
2790 1271 2945 1337 mihi,
2978 1270 3238 1338 quomodo
3260 1274 3312 1327 si
3331 1272 3451 1328 dico
3480 1274 3658 1341 vobis,

149 1362 310 1426 solis,
347 1360 426 1413 sic
482 1358 647 1413 nobis
681 1356 936 1412 Christus
990 1371 1091 1426 per
1147 1354 1596 1409 incarnationem
1630 1355 1726 1409 dat
1756 1371 1847 1408 re-
1958 1355 2235 1409 caelestia?
2266 1362 2371 1410 etc.
2397 1356 2570 1427 (Joan.
2611 1357 2714 1428 III.)

149 1448 455 1519 frigerium
502 1451 700 1500 contra
751 1449 953 1498 uastum
996 1442 1287 1497 vitiorum.
1351 1446 1482 1497 Tota
1528 1450 1696 1510 nocte,
1728 1448 1848 1497 toto
2029 1444 2179 1499 Sicut
2207 1446 2496 1513 pulverem.
2551 1446 2759 1513 (CASS.)
2815 1447 3011 1501 Pulvis
3060 1447 3151 1501 hic
3173 1447 3457 1518 signiﬁcat
3486 1450 3658 1506 intel-

151 1544 420 1607 tempore
477 1536 622 1589 vitae.
656 1536 719 1588 In
776 1534 1175 1587 illuminatione
1214 1534 1376 1599 ignis.
1412 1532 1763 1587 Christianos
1788 1532 1847 1586 in
1956 1530 2211 1602 ligentiaa
2253 1533 2646 1600 subtilitatem,
2696 1552 2824 1605 quae
2879 1536 2947 1588 ad
3004 1552 3249 1607 superna
3300 1539 3648 1593 conscendit.

154 1626 260 1680 hoc
294 1626 502 1679 saeculo
534 1622 784 1678 nominis
816 1621 905 1675 sui
935 1622 1190 1675 claritate
1220 1621 1464 1675 custodit
1496 1621 1642 1691 ignis
1664 1620 1846 1692 Spiri-
1882 1664 1921 1717 Β
1958 1622 2164 1688 Arena,
2223 1623 2587 1675 innumeram
2636 1622 2959 1692 prudentiae
3014 1624 3235 1694 copiam
3274 1626 3404 1679 salis
3453 1644 3655 1698 sapore

153 1721 247 1769 tus
282 1714 484 1767 sancti.
1882 1709 1919 1717 ”
1960 1709 2265 1762 conditam.
2307 1712 2567 1765 Volatilia
2595 1715 2851 1779 pennata.
2896 1710 3155 1765 leestia
3202 1713 3506 1782 desideria,
3534 1717 3657 1786 qui-

227 1805 389 1857 Vsas.
464 1805 546 1855 15.
643 1830 711 1841 —
763 1801 994 1854 Petram.
1083 1798 1257 1867 (CA8.)
1307 1800 1369 1852 In
1428 1815 1619 1854 eremo.
1690 1799 1851 1852 Prius
1960 1796 2067 1850 bus
2098 1797 2291 1851 anima
2314 1803 2474 1869 pasta
2502 1799 2827 1869 pinguescit
2859 1816 2870 1853 :
2906 1799 3027 1853 haec
3076 1801 3226 1854 intra
3280 1806 3438 1872 septa
3470 1805 3655 1859 Eccle-

152 1908 311 1963 aqua
341 1890 515 1944 maris
546 1888 707 1960 quasi
736 1894 919 1958 petra,
971 1886 1140 1941 modo
1171 1893 1329 1957 petra
1362 1886 1505 1940 fons.
1539 1889 1603 1941 In
1655 1902 1847 1953 eremo,
1960 1886 2060 1939 siue
2091 1903 2396 1955 possumus
2423 1888 2700 1958 accipere,
2735 1888 2886 1942 unde
2920 1887 3107 1943 subdit
3146 1905 3158 1943 :

153 1982 255 2035 ubi
288 1996 514 2034 necesse
550 1983 613 2031 ut
642 1976 859 2047 gratius
907 1976 980 2028 sit
1016 1992 1242 2029 munus.
1307 1976 1645 2045 Adaquavit.
1678 1976 1849 2041 Quasi
2033 1975 2191 2028 Vens.
2223 1978 2315 2029 28.
2380 2006 2450 2015 —
2508 1978 2579 2030 Et
2637 1976 2941 2030 ceciderunt
2996 1978 3053 2029 in
3108 1977 3282 2033 medio
3335 1985 3654 2038 castrorum.

150 2086 382 2141 peoora,
420 2084 535 2121 non
578 2066 861 2131 homines,
897 2065 1029 2135 quia
1065 2081 1179 2117 non
1203 2069 1443 2134 egerunt
1472 2064 1703 2133 gratias.
1961 2062 2153 2132 (AUG.)
2186 2063 2524 2133 Signiticans
2555 2079 2657 2134 per
2686 2064 2795 2119 hoc
2822 2066 2976 2137 quod
3003 2072 3205 2136 sponte
3224 2069 3464 2124 veniunt
3503 2072 3661 2126 venti

228 2160 387 2211 Vens.
426 2159 507 2210 l6.
574 2156 876 2222 Tanquam.
928 2152 1135 2223 (Cass)
1189 2155 1369 2223 Aqua,
1413 2170 1541 2223 qum
1574 2153 1641 2207 de
1685 2153 1849 2208 Cliri-
1959 2150 2028 2204 ad
2054 2151 2318 2204 homines
2370 2156 2425 2205 et
2463 2152 2796 2221 portantcis
2847 2152 3017 2206 verba
3069 2153 3343 2209 divinitus
3370 2157 3563 2225 missa,
3597 2164 3663 2214 ut

148 2251 237 2299 sto
272 2244 484 2315 prodit,
535 2243 693 2295 nulla
720 2239 1124 2293 imminutione
1176 2240 1384 2307 delicit,
1440 2240 1538 2294 sed
1605 2240 1670 2294 ﬁt
1724 2241 1849 2295 fons
1958 2237 2015 2291 in
2040 2238 2155 2292 suis
2187 2238 2435 2305 sedibus,
2488 2243 2544 2293 et
2592 2239 2741 2293 circa
2788 2240 3155 2295 tabernacula
3197 2245 3434 2301 audiant
3476 2248 3658 2319 :quia

146 2349 321 2405 aqua:
340 2328 592 2384 salientis
623 2327 680 2381 in
705 2328 875 2380 vitam
901 2332 1196 2380 aeternam.
1958 2328 2015 2382 in
2048 2344 2276 2382 omnem
2297 2333 2507 2382 terram
2544 2328 2717 2381 exivit
2755 2345 2931 2383 sonus
2953 2346 3173 2385 eorum.

220 2422 382 2473 Vens.
449 2422 533 2472 17.
589 2447 655 2457 -
692 2415 885 2470 Adhuc
924 2431 1163 2483 peccare.
1218 2415 1427 2486 (Cass)
1480 2416 1846 2486 Adjecerunt,
2048 2417 2209 2471 Vsus.
2268 2418 2357 2469 29.
2419 2419 2584 2470 —Et
2650 2418 3132 2473 manducaverunt.
3194 2420 3444 2476 Convicti
3496 2428 3652 2493 sunt,

145 2516 212 2564 ut
238 2508 391 2562 inter
410 2513 493 2561 tot
520 2504 800 2560 beneﬁcia
855 2520 968 2557 non
992 2503 1291 2557 crederent
1324 2520 1335 2557 :
1369 2504 1519 2574 quod
1570 2509 1634 2557 ut
1662 2505 1847 2558 maxi-
1958 2505 2183 2576 quihoc
2216 2506 2327 2559 Deo
2362 2504 2713 2575 impossibile
2745 2511 3114 2577 putaverunt.

146 2614 315 2653 mum
344 2595 763 2664 intelligeretur
795 2596 1112 2662 peccatum,
1147 2608 1274 2644 cum
1321 2592 1595 2646 Dominus
1620 2592 1760 2646 dixit
1790 2593 1848 2646 in
2032 2594 2189 2645 Vens.
2237 2595 2322 2647 30.
2385 2623 2452 2632 —
2521 2594 2715 2647 Adhuc
2775 2610 2902 2649 esca
2956 2611 3154 2664 eorum,
3238 2600 3368 2665 etc.,
3442 2603 3493 2652 et
3565 2602 3655 2653 ira

148 2688 459 2758 Evangelio
497 2702 508 2739 :
559 2686 800 2753 Spiritus
845 2686 1036 2748 arguet
1064 2680 1325 2733 mundum
1356 2679 1420 2733 de
1480 2688 1717 2750 peccato,
1751 2698 1847 2735 ex-
1961 2682 2085 2747 Dei,
2127 2687 2231 2735 etc.
2284 2682 2485 2751 (Cass)
2518 2683 2594 2735 De
2627 2682 2909 2751 vindictis,
2965 2689 3021 2737 et
3066 2684 3347 2738 simulatis
3378 2688 3653 2742 reversio-

154 2778 418 2849 ponendo
440 2773 732 2844 subjunxit
763 2788 777 2825 :
839 2772 919 2824 De
944 2774 1160 2840 peccato
1203 2768 1418 2838 quidem
1441 2772 1571 2837 quia
1608 2786 1713 2823 non
1734 2785 1847 2824 cre-
1960 2771 2125 2825 nibus
2153 2787 2375 2839 eorum,
2414 2771 2622 2825 timore
2668 2788 2967 2842 poenarum
2999 2790 3011 2827 :
3037 2778 3093 2827 et
3122 2779 3312 2827 tamen
3374 2777 3656 2832 sententia

154 2868 295 2920 dunt
322 2868 380 2919 in
400 2880 481 2918 me
533 2863 757 2933 (Joann.
798 2876 872 2925 ιν,
922 2858 1049 2928 xvr).
1084 2857 1236 2911 Sicut
1276 2872 1413 2927 ergo
1442 2862 1737 2927 peccatum
1769 2858 1850 2911 di-
1957 2858 2057 2913 Dei
2098 2875 2200 2930 per
2238 2858 2686 2914 misericordiam
2736 2866 3077 2931 temperata.
3116 2862 3291 2918 Esca}.
3352 2864 3477 2931 (Ιυ.)
3507 2866 3655 2920 Man-

152 2956 229 3009 cit
260 2954 361 3020 ibi,
391 2969 495 3007 non
525 2951 755 3016 credere,
785 2934 847 3002 et
870 2947 958 3000 hic
986 2962 1208 3016 peccare
1238 2946 1392 3013 dicit,
1426 2963 1541 3000 non
1589 2947 1839 3001 credere.
1874 2948 1913 3005 C
1954 2964 2050 3015 na,
2104 2947 2439 3001 coturnices.
2490 2949 2695 3003 Eiectos
2750 2949 2926 3003 Israel
2976 2951 3279 3019 impedivit.
3336 2952 3539 3021 (AUG.)
3594 2953 3654 3007 Id

150 3047 215 3099 In
245 3048 413 3097 iram.
469 3040 597 3109 (11).)
633 3040 757 3093 Non
814 3036 1108 3090 credentes
1142 3036 1320 3088 Deum
1378 3051 1542 3105 posse
1587 3035 1843 3090 difﬁcilia
1956 3041 2061 3102 est,
2118 3035 2421 3107 impedivit
2464 3052 2535 3090 ne
2585 3036 2695 3089 illis
2742 3037 3099 3107 prodessent.
3149 3039 3356 3109 quibus
3418 3044 3657 3111 paterno

152 3132 264 3185 sibi
286 3132 490 3195 facere,
525 3127 678 3199 quod
722 3124 1123 3196 gravissimum
1155 3129 1240 3177 est
1266 3124 1417 3192 apud
1455 3124 1654 3189 Deum,
1684 3124 1759 3178 sic
1790 3128 1845 3178 et
1954 3124 2158 3179 affectu
2190 3125 2487 3179 consulere
2528 3125 2875 3195 cupiebant.
2931 3128 3022 3180 Vel
3064 3129 3279 3197 potius,
3313 3130 3658 3200 compedivit

150 3237 260 3275 nos
288 3218 466 3273 abluti
495 3232 598 3288 per
618 3213 970 3285 baptismum
992 3228 1365 3281 provocamus
1384 3212 1561 3265 Deum
1584 3213 1654 3266 ad
1675 3212 1841 3269 iram.
1952 3218 2016 3269 ut
2043 3230 2174 3267 cum
2198 3214 2277 3266 eis
2306 3213 2594 3267 molestias
2623 3214 2973 3269 sustinerent
3003 3216 3165 3270 electi
3189 3217 3257 3271 ad
3298 3220 3645 3289 exemplum,

148 3313 215 3364 In
239 3312 523 3377 inaquoso.
576 3303 773 3374 (Auo.)
830 3302 949 3369 Vel,
999 3302 1057 3354 in
1089 3301 1200 3354 alia
1246 3317 1437 3354 eremo
1470 3301 1538 3355 ad
1572 3302 1842 3370 litteram,
1955 3319 2072 3357 non
2098 3301 2334 3373 justitiae
2365 3306 2610 3370 tantum,
2634 3302 2729 3356 sed
2761 3307 2815 3356 et
2852 3302 3162 3373 patientia.
3186 3306 3493 3374 Impedivit.
3527 3308 3654 3376 (Ιυ.)

149 3399 237 3451 vel
269 3398 461 3469 potius
492 3395 552 3448 in
583 3410 661 3460 se,
693 3391 829 3462 quia
848 3390 978 3445 licet
999 3390 1156 3460 pleni
1186 3396 1342 3444 utres
1372 3406 1537 3461 aqua:
1562 3391 1629 3444 de
1658 3396 1841 3462 petra,
1955 3392 2241 3445 Murmure
2298 3406 2519 3458 eorum,
2575 3395 2639 3445 ut
2688 3392 2918 3462 Moyses,
2980 3392 3080 3462 qui
3136 3392 3279 3447 dixit
3307 3410 3320 3448 :
3391 3396 3657 3465 Nunquid

153 3486 329 3540 aridae
366 3491 559 3538 tamen
582 3485 800 3534 mentes
831 3478 1081 3532 fuerunt.
1950 3482 2245 3549 poterimus
2276 3478 2342 3533 de
2393 3484 2549 3548 petra
2578 3495 2777 3548 aquam
2830 3480 2977 3534 vobis
3031 3481 3264 3549 ejicere?
3321 3482 3503 3552 (Num.
3537 3485 3653 3557 xx.)

226 3576 382 3627 Vens.
452 3574 532 3625 19.
586 3601 650 3609 -—
691 3571 949 3623 Mensam.
1022 3564 1224 3636 (Cass)
1276 3566 1524 3637 Mystice,
1585 3567 1843 3621 refectio-
2024 3568 2187 3621 Vens.
2252 3569 2339 3621 32.
2394 3568 2467 3621 In
2526 3568 2771 3622 omnibus
2853 3569 2937 3621 his
2977 3574 3333 3637 peccaverunt
3391 3571 3568 3627 adhuc
3606 3577 3656 3628 et

156 3680 293 3718 nem
324 3660 641 3731 sapientiae,
674 3658 760 3711 vel
790 3672 995 3726 corpus
1026 3654 1255 3708 Christi.
1953 3670 2061 3709 non
2106 3655 2452 3709 crediderunt
2504 3658 2561 3710 in
2614 3656 2955 3711 mirabilibus
3017 3658 3153 3726 ejus.
3226 3658 3475 3714 Correcti
3526 3666 3658 3732 post

230 3752 384 3804 Vsus.
417 3752 505 3802 21.
541 3777 609 3786 -
648 3746 770 3799 Ideo
799 3744 1035 3808 audivit,
1085 3742 1292 3813 (Cass)
1321 3742 1481 3806 Quod
1514 3742 1689 3795 dilata
1721 3743 1843 3797 vin-
1954 3743 2078 3797 haec
2100 3743 2294 3797 omnia
2336 3743 2598 3814 graviora
2648 3748 2781 3798 sunt
2812 3748 3061 3815 peccata,
3123 3762 3253 3816 quae
3311 3764 3539 3820 semper
3570 3767 3658 3805 ac-

148 3842 305 3895 dicta
352 3838 507 3892 dedit
566 3835 726 3906 prius
756 3833 907 3903 quod
937 3830 1229 3902 petebant,
1272 3845 1341 3883 ne
1400 3829 1687 3883 videretur
1728 3846 1843 3884 non
1956 3836 2236 3885 crescunt.

148 3944 337 3999 posse.
400 3926 637 3981 Distulit.
694 3920 889 3992 (Αυῦ.)
960 3922 1224 3985 Pmnam;
1282 3918 1421 3971 dans
1462 3917 1621 3987 prius
1665 3918 1842 3989 quod,
2026 3920 2188 3971 Vens.
2229 3920 2313 3971 33.
2375 3946 2440 3960 --
2484 3918 2560 3972 Et
2592 3918 2922 3985 defecerunt,
2946 3923 3048 3973 etc.
3081 3923 3273 3989 (AUG.)
3330 3923 3471 3977 Cum
3528 3940 3658 3994 pos-

150 4020 286 4074 licet
317 4015 613 4080 tentando,
641 4012 890 4084 petebat,
938 4026 1008 4063 ne
1050 4009 1338 4063 videretur
1368 4024 1484 4062 non
1541 4024 1705 4078 posse
1742 4025 1754 4062 :
1791 4013 1848 4063 et
1957 4011 2103 4073 sent,
2134 4007 2438 4074 credendo,
2471 4006 2589 4060 dies
2618 4006 2675 4060 in
2730 4007 2966 4060 veritate
2995 4006 3115 4061 sine
3169 4008 3391 4063 defectu
3419 4009 3652 4068 habere.

145 4115 460 4180 postquam
489 4103 665 4169 dedit,
710 4101 877 4172 ignis,
913 4099 966 4153 id
999 4103 1079 4152 est
1116 4098 1218 4165 ira,
1253 4096 1507 4151 ascendit
1541 4097 1599 4150 in
1648 4099 1841 4152 Israel.
1956 4098 2020 4152 In
2047 4097 2290 4149 vanitate
2319 4096 2433 4149 dies
2475 4111 2655 4149 eorum
2711 4099 2761 4149 et
2808 4098 2942 4149 anni
2982 4111 3182 4150 eorum.
3237 4097 3442 4165 (Cass)
3474 4101 3519 4151 A
3564 4100 3651 4154 si-

146 4202 217 4255 Et
249 4198 359 4252 hoc
384 4202 469 4251 est
506 4192 661 4264 quod
689 4190 849 4262 prius
879 4188 1054 4244 dixit:
1086 4188 1236 4256 Ignis
1275 4201 1524 4241 accensus
1553 4190 1636 4240 est
1663 4185 1722 4241 in
1747 4189 1843 4242 Ja-
1872 4227 1917 4280 Ι)
1957 4182 2285 4237 militudine
2316 4182 2470 4236 illius
2500 4182 2599 4253 qui
2645 4182 2705 4236 in
2750 4188 2879 4237 ortu
2912 4183 3175 4251 moritur,
3224 4184 3283 4239 in
3334 4202 3542 4241 vanum
3572 4192 3658 4243 est

147 4289 269 4344 σοι),
1872 4272 1912 4280 ”
1958 4276 2143 4328 natus.
2174 4272 2305 4329 Cum
2367 4273 2738 4338 festinatione.
2794 4275 2984 4341 (AUG.)
3062 4273 3130 4328 Et
3184 4290 3313 4346 quas
3382 4276 3657 4346 prolixior

223 4375 390 4428 Vsus.
474 4373 561 4425 23.
619 4398 687 4408 —
729 4370 800 4423 Et
865 4366 1171 4422 mandavit.
1242 4365 1558 4435 Utrumque
1605 4363 1851 4421 breviter
1962 4362 2209 4428 videtur,
2242 4361 2355 4415 vita
2386 4361 2497 4415 cito
2534 4360 2805 4432 pra-terit.

144 4461 427 4536 positum,
470 4456 684 4511 scilicet
713 4454 864 4525 quod
920 4452 1154 4518 audivit,
1215 4450 1371 4522 quod
1426 4449 1512 4504 ira
1567 4451 1853 4521 ascendit;
2034 4452 2401 4505 Vaas.34.--
2463 4448 2781 4520 Quaerebam
2810 4465 2955 4505 eum.
3006 4450 3187 4516 (CASS.
3240 4454 3296 4505 et
3340 4450 3501 4522 AUG.)
3533 4452 3655 4508 Non

148 4555 351 4623 aperte
400 4547 492 4602 hic
518 4544 720 4615 incipit
748 4558 999 4597 narrare.
1035 4542 1100 4596 Et
1153 4539 1315 4610 prius
1360 4540 1651 4609 quomodo
1691 4542 1851 4595 audi-
1964 4539 2156 4609 occisi,
2190 4538 2286 4593 sed
2345 4537 2548 4592 relicti.
2587 4537 2697 4592 Sed
2746 4538 2825 4591 sic
2879 4538 3159 4608 loquitur,
3190 4539 3326 4609 quia
3373 4555 3527 4595 unus
3552 4558 3654 4612 po-

148 4643 235 4696 vit
296 4637 646 4709 exsequitur,
705 4637 897 4705 postea
952 4630 1013 4683 in
1063 4628 1326 4700 sequenti
1367 4632 1529 4699 parte
1561 4630 1852 4699 quomodo
1963 4629 2134 4699 pulus
2167 4630 2322 4692 sunt,
2401 4626 2566 4698 quasi
2614 4627 2683 4681 de
2731 4643 2842 4679 uno
2890 4642 3151 4695 corpore.
3202 4628 3447 4682 Diluculo
3474 4632 3653 4685 venie-

148 4727 479 4785 vindicavit.
523 4728 593 4781 Et
634 4724 838 4793 januas
896 4721 1031 4774 creti.
1064 4718 1275 4786 (CASS.)
1306 4719 1525 4784 Januae,
1558 4718 1667 4788 ipsi
1705 4734 1853 4789 praa-
1966 4717 2095 4771 bant
2124 4717 2197 4770 ad
2238 4731 2375 4784 eum,
2420 4721 2528 4771 etc.
2592 4715 2783 4781 (CASS.)
2842 4714 3072 4779 Sedulo,
3118 4715 3205 4769 vel
3258 4721 3390 4770 ante
3429 4718 3653 4788 lucem;

152 4820 457 4883 dicatores,
500 4813 710 4885 quibus
762 4810 1008 4864 intratur
1036 4808 1095 4861 in
1126 4807 1361 4873 coelum;
1386 4806 1473 4859 vel
1524 4806 1850 4877 Scripturaz.
1963 4806 2154 4859 unde:
2186 4808 2399 4861 Vanum
2442 4809 2520 4859 est
2560 4804 2709 4859 vobis
2758 4808 2883 4857 ante
2936 4804 3102 4858 lucem
3156 4819 3392 4871 surgere.
3434 4806 3567 4861 Pius
3598 4808 3656 4862 in

151 4908 413 4978 Aperuit.
472 4903 618 4967 Quia
675 4900 829 4955 dedit
864 4898 1130 4970 spiritum
1182 4896 1318 4962 suis,
1365 4899 1427 4953 ut
1466 4894 1856 4967 intelligerent
1964 4894 2108 4961 luce,
2151 4893 2362 4965 impius
2418 4897 2550 4947 ante
2596 4894 2781 4947 lucem
2830 4898 3013 4963 rogat.
3064 4893 3394 4959 Quaerebam.
3449 4896 3658 4951 Rever-

148 4996 495 5067 Scripmms.
1964 4983 2255 5051 tebantur,
2313 4982 2641 5037 veniebant.
2716 4980 2901 5053 (AUG.)
2966 4983 3093 5036 Hec
3148 4984 3362 5050 omnia,
3420 4990 3659 5056 propter

222 5085 388 5136 Vens.
417 5080 505 5135 24.
543 5109 608 5118 -
640 5078 843 5133 Manna
882 5074 956 5129 ad
981 5071 1448 5127 manducandum.
1525 5070 1725 5140 (Auo.)
1767 5070 1852 5126 Si-
1963 5070 2303 5142 temporalia
2348 5070 2498 5125 bona
2541 5069 2910 5137 acquirenda.
2967 5074 3024 5123 et
3080 5069 3309 5125 vitanda
3354 5075 3507 5128 mala
3553 5090 3566 5129 :
3602 5080 3661 5131 et

145 5171 390 5245 gniﬁcat
436 5183 649 5239 panem
694 5165 794 5237 qui
819 5165 887 5219 de
948 5163 1090 5217 cmlo
1139 5160 1452 5227 descendit,
1510 5160 1607 5231 qui
1652 5164 1736 5213 est
1769 5158 1852 5213 ci—
1964 5160 2043 5215 ita
2074 5177 2186 5214 non
2242 5160 2409 5223 Deus,
2444 5159 2541 5213 sed
2573 5159 2669 5211 illa
2700 5156 3053 5245 colebantur.

142 5244 260 5320 bus
290 5258 677 5330 angelorum:
713 5270 906 5325 quem,
943 5257 1004 5306 ut
1058 5251 1427 5305 manducaret
1483 5250 1679 5317 homo,
1714 5250 1854 5304 Ver-
2036 5249 2203 5302 Vens.
2260 5249 2346 5301 37.
2398 5277 2466 5286 —
2523 5247 2624 5301 Nec
2672 5244 2853 5313 fideles
2906 5246 3083 5299 habiti
3103 5248 3234 5301 sunt
3282 5250 3336 5302 in
3373 5254 3659 5307 testamen-

143 5354 279 5407 bum
301 5363 427 5403 caro
482 5347 690 5412 factum
716 5344 901 5409 (Joan.
963 5338 1154 5410 1),5q11i
1185 5354 1287 5410 per
1327 5337 1508 5391 nubes
1564 5334 1852 5406 evangeli-
1966 5342 2037 5402 to,
2087 5339 2195 5391 etc.
2254 5333 2458 5405 (Cass)
2489 5332 2595 5397 Qui
2643 5348 2773 5388 vere
2831 5333 3033 5403 credit,
3081 5351 3255 5405 opera
3302 5336 3474 5394 facit:
3510 5340 3660 5395 unde

140 5457 244 5496 cas
300 5435 525 5509 pluitur
553 5431 659 5486 toti
690 5432 931 5494 mundo,
984 5433 1041 5482 et
1074 5426 1286 5499 apertis
1313 5440 1513 5480 eorum
1562 5423 1851 5491 cordibus,
1964 5425 2104 5479 ﬁdes
2131 5424 2341 5478 dicitur
2367 5422 2515 5494 quod
2550 5422 2689 5477 ﬁant
2737 5421 2923 5492 dicta;
2981 5423 3135 5478 unde
3184 5424 3322 5480 dicit
3355 5430 3495 5484 :Nec
3530 5429 3664 5499 ﬁde-

140 5528 318 5603 quasi
348 5520 674 5580 coelestibus
700 5518 910 5590 januis,
980 5515 1234 5572 credenti
1279 5513 1537 5571 Ecclesia
1584 5513 1855 5584 praedica-
1964 5516 2037 5569 les
2060 5515 2117 5568 in
2136 5513 2438 5582 praeceptis.

468 5633 742 5698 PATROL.
796 5626 1005 5694 CXIII.
3138 5629 3212 5687 34
