  <div class='ocr_page' id='page_1' title='image "/cluster/home/n/w/nwhite01/storage/ocr_20150623/113/hvd.32044054759782/491.png"; bbox 0 0 4082 6184; ppageno 0'>
   <div class='ocr_carea' id='block_1_1' title="bbox 432 295 527 348">
    <p class='ocr_par' dir='ltr' id='par_1_1' title="bbox 432 295 527 348">
     <span class='ocr_line' id='line_1_1' title="bbox 432 295 527 348; baseline 0 0"><span class='ocrx_word' id='word_1_1' title='bbox 432 295 527 348; x_wconf 80' lang='grc'><strong>971</strong></span> 
     </span>
    </p>
   </div>
   <div class='ocr_carea' id='block_1_2' title="bbox 1047 287 3902 348">
    <p class='ocr_par' dir='ltr' id='par_1_2' title="bbox 1047 287 3902 348">
     <span class='ocr_line' id='line_1_2' title="bbox 1047 287 3902 348; baseline -0.001 -2"><span class='ocrx_word' id='word_1_2' title='bbox 1047 289 1443 346; x_wconf 81' lang='lat' dir='ltr'><strong>WALAFRIDI</strong></span> <span class='ocrx_word' id='word_1_3' title='bbox 1485 290 1731 346; x_wconf 80' lang='lat' dir='ltr'><strong>STRABI</strong></span> <span class='ocrx_word' id='word_1_4' title='bbox 1770 290 1971 346; x_wconf 83' lang='lat' dir='ltr'><strong>FULD.</strong></span> <span class='ocrx_word' id='word_1_5' title='bbox 2020 289 2188 348; x_wconf 78' lang='lat' dir='ltr'><strong>MON.</strong></span> <span class='ocrx_word' id='word_1_6' title='bbox 2234 288 2392 346; x_wconf 87' lang='lat' dir='ltr'><strong>OPP.</strong></span> <span class='ocrx_word' id='word_1_7' title='bbox 2441 289 2614 345; x_wconf 83' lang='lat' dir='ltr'><strong>PARS</strong></span> <span class='ocrx_word' id='word_1_8' title='bbox 2653 289 2702 344; x_wconf 93' lang='grc' dir='ltr'><strong>Ι.</strong></span> <span class='ocrx_word' id='word_1_9' title='bbox 2749 317 2816 328; x_wconf 93' lang='grc'><strong><em>-</em></strong></span> <span class='ocrx_word' id='word_1_10' title='bbox 2855 287 3320 346; x_wconf 84' lang='lat' dir='ltr'><strong>THEOLOGICA.</strong></span> <span class='ocrx_word' id='word_1_11' title='bbox 3402 287 3418 300; x_wconf 73' lang='grc'><strong><em>”</em></strong></span> <span class='ocrx_word' id='word_1_12' title='bbox 3813 291 3902 345; x_wconf 85' lang='lat'><strong>97&#39;2</strong></span> 
     </span>
    </p>
   </div>
   <div class='ocr_carea' id='block_1_3' title="bbox 505 411 3907 485">
    <p class='ocr_par' dir='ltr' id='par_1_3' title="bbox 505 411 3907 485">
     <span class='ocr_line' id='line_1_3' title="bbox 505 411 3907 485; baseline -0.002 -13"><span class='ocrx_word' id='word_1_13' title='bbox 505 418 668 472; x_wconf 74' lang='lat' dir='ltr'><strong>Vens.</strong></span> <span class='ocrx_word' id='word_1_14' title='bbox 725 418 812 472; x_wconf 90' lang='lat'><strong>38.</strong></span> <span class='ocrx_word' id='word_1_15' title='bbox 844 446 910 456; x_wconf 90' lang='lat'><strong>-—</strong></span> <span class='ocrx_word' id='word_1_16' title='bbox 958 417 1079 485; x_wconf 84' lang='lat' dir='ltr'><strong>Ipse</strong></span> <span class='ocrx_word' id='word_1_17' title='bbox 1105 419 1283 469; x_wconf 87' lang='lat' dir='ltr'><strong>autem</strong></span> <span class='ocrx_word' id='word_1_18' title='bbox 1312 418 1388 469; x_wconf 88' lang='lat' dir='ltr'><strong>est</strong></span> <span class='ocrx_word' id='word_1_19' title='bbox 1415 415 1719 468; x_wconf 80' lang='lat' dir='ltr'><strong>misericors</strong></span> <span class='ocrx_word' id='word_1_20' title='bbox 1748 417 1798 467; x_wconf 91' lang='lat' dir='ltr'><strong>et</strong></span> <span class='ocrx_word' id='word_1_21' title='bbox 1843 416 2116 483; x_wconf 82' lang='lat' dir='ltr'><strong>propitius</strong></span> <span class='ocrx_word' id='word_1_22' title='bbox 2146 416 2190 468; x_wconf 84' lang='lat' dir='ltr'><strong>A</strong></span> <span class='ocrx_word' id='word_1_23' title='bbox 2230 416 2412 467; x_wconf 88' lang='lat' dir='ltr'><strong>statur</strong></span> <span class='ocrx_word' id='word_1_24' title='bbox 2471 412 2592 484; x_wconf 92' lang='lat' dir='ltr'><strong>ipse</strong></span> <span class='ocrx_word' id='word_1_25' title='bbox 2662 414 2927 466; x_wconf 78' lang='lat' dir='ltr'><strong>vastator.</strong></span> <span class='ocrx_word' id='word_1_26' title='bbox 2989 414 3216 467; x_wconf 85' lang='lat' dir='ltr'><strong>Pruina.</strong></span> <span class='ocrx_word' id='word_1_27' title='bbox 3274 411 3484 467; x_wconf 84' lang='lat' dir='ltr'><strong>Vitium</strong></span> <span class='ocrx_word' id='word_1_28' title='bbox 3525 428 3640 484; x_wconf 88' lang='lat' dir='ltr'><strong>quo</strong></span> <span class='ocrx_word' id='word_1_29' title='bbox 3691 411 3907 467; x_wconf 85' lang='lat' dir='ltr'><strong>charitas</strong></span> 
     </span>
    </p>
   </div>
   <div class='ocr_carea' id='block_1_4' title="bbox 433 502 2128 576">
    <p class='ocr_par' dir='ltr' id='par_1_4' title="bbox 433 502 2128 576">
     <span class='ocr_line' id='line_1_4' title="bbox 433 502 2128 576; baseline -0.003 -16"><span class='ocrx_word' id='word_1_30' title='bbox 433 508 547 574; x_wconf 78' lang='lat' dir='ltr'><strong>ﬁet.</strong></span> <span class='ocrx_word' id='word_1_31' title='bbox 597 506 783 576; x_wconf 81' lang='lat' dir='ltr'><strong>(AUG.)</strong></span> <span class='ocrx_word' id='word_1_32' title='bbox 834 503 933 558; x_wconf 83' lang='lat' dir='ltr'><strong>Hic</strong></span> <span class='ocrx_word' id='word_1_33' title='bbox 991 503 1128 557; x_wconf 91' lang='lat' dir='ltr'><strong>mali</strong></span> <span class='ocrx_word' id='word_1_34' title='bbox 1150 502 1558 572; x_wconf 89' lang='lat' dir='ltr'><strong>impunitatem</strong></span> <span class='ocrx_word' id='word_1_35' title='bbox 1600 502 1709 556; x_wconf 88' lang='lat' dir='ltr'>sibi</span> <span class='ocrx_word' id='word_1_36' title='bbox 1761 502 2128 572; x_wconf 89' lang='lat' dir='ltr'><strong>promittunt,</strong></span> 
     </span>
    </p>
   </div>
   <div class='ocr_carea' id='block_1_5' title="bbox 437 590 2130 661">
    <p class='ocr_par' dir='ltr' id='par_1_5' title="bbox 437 590 2130 661">
     <span class='ocr_line' id='line_1_5' title="bbox 437 590 2130 661; baseline -0.002 -13"><span class='ocrx_word' id='word_1_37' title='bbox 437 595 535 648; x_wconf 90' lang='lat' dir='ltr'><strong>sed</strong></span> <span class='ocrx_word' id='word_1_38' title='bbox 587 592 976 648; x_wconf 81' lang='lat' dir='ltr'><strong>misericordia</strong></span> <span class='ocrx_word' id='word_1_39' title='bbox 1022 598 1107 645; x_wconf 91' lang='lat' dir='ltr'><strong>est</strong></span> <span class='ocrx_word' id='word_1_40' title='bbox 1154 592 1328 646; x_wconf 91' lang='lat' dir='ltr'><strong>etiam</strong></span> <span class='ocrx_word' id='word_1_41' title='bbox 1356 591 1543 660; x_wconf 91' lang='lat' dir='ltr'><strong>malis,</strong></span> <span class='ocrx_word' id='word_1_42' title='bbox 1585 607 1782 644; x_wconf 85' lang='lat' dir='ltr'><strong>verum</strong></span> <span class='ocrx_word' id='word_1_43' title='bbox 1813 597 1946 645; x_wconf 83' lang='lat' dir='ltr'><strong>ante</strong></span> <span class='ocrx_word' id='word_1_44' title='bbox 1971 590 2130 661; x_wconf 88' lang='lat' dir='ltr'><strong>judi-</strong></span> 
     </span>
    </p>
   </div>
   <div class='ocr_carea' id='block_1_6' title="bbox 358 669 2125 750">
    <p class='ocr_par' dir='ltr' id='par_1_6' title="bbox 358 669 2125 750">
     <span class='ocr_line' id='line_1_6' title="bbox 358 669 2125 750; baseline -0.002 -15"><span class='ocrx_word' id='word_1_45' title='bbox 358 669 367 672; x_wconf 53' lang='grc'><em>’</em></span> <span class='ocrx_word' id='word_1_46' title='bbox 435 680 606 744; x_wconf 91' lang='lat' dir='ltr'><strong>cium,</strong></span> <span class='ocrx_word' id='word_1_47' title='bbox 650 679 786 750; x_wconf 88' lang='lat' dir='ltr'><strong>quia</strong></span> <span class='ocrx_word' id='word_1_48' title='bbox 815 678 948 732; x_wconf 84' lang='lat' dir='ltr'><strong>facit</strong></span> <span class='ocrx_word' id='word_1_49' title='bbox 995 679 1175 732; x_wconf 91' lang='lat' dir='ltr'><strong>solem</strong></span> <span class='ocrx_word' id='word_1_50' title='bbox 1209 677 1346 732; x_wconf 89' lang='lat' dir='ltr'><strong>oriri</strong></span> <span class='ocrx_word' id='word_1_51' title='bbox 1376 693 1548 748; x_wconf 83' lang='lat' dir='ltr'><strong>super</strong></span> <span class='ocrx_word' id='word_1_52' title='bbox 1601 678 1780 732; x_wconf 89' lang='lat' dir='ltr'><strong>bonos</strong></span> <span class='ocrx_word' id='word_1_53' title='bbox 1839 681 1894 732; x_wconf 90' lang='lat' dir='ltr'><strong>et</strong></span> <span class='ocrx_word' id='word_1_54' title='bbox 1925 679 2125 732; x_wconf 90' lang='lat' dir='ltr'><strong>malos.</strong></span> 
     </span>
    </p>
   </div>
   <div class='ocr_carea' id='block_1_7' title="bbox 434 766 2130 838">
    <p class='ocr_par' dir='ltr' id='par_1_7' title="bbox 434 766 2130 838">
     <span class='ocr_line' id='line_1_7' title="bbox 434 766 2130 838; baseline -0.001 -15"><span class='ocrx_word' id='word_1_55' title='bbox 434 768 524 824; x_wconf 87' lang='lat' dir='ltr'><strong>Sic</strong></span> <span class='ocrx_word' id='word_1_56' title='bbox 556 774 613 822; x_wconf 90' lang='lat' dir='ltr'><strong>et</strong></span> <span class='ocrx_word' id='word_1_57' title='bbox 642 768 724 822; x_wconf 90' lang='lat' dir='ltr'><strong>illi</strong></span> <span class='ocrx_word' id='word_1_58' title='bbox 755 768 910 838; x_wconf 82' lang='lat' dir='ltr'><strong>genti</strong></span> <span class='ocrx_word' id='word_1_59' title='bbox 940 767 1242 838; x_wconf 84' lang='lat' dir='ltr'><strong>perpercit,</strong></span> <span class='ocrx_word' id='word_1_60' title='bbox 1275 782 1348 820; x_wconf 90' lang='lat' dir='ltr'><strong>ne</strong></span> <span class='ocrx_word' id='word_1_61' title='bbox 1397 766 1632 838; x_wconf 84' lang='lat' dir='ltr'><strong>penitus</strong></span> <span class='ocrx_word' id='word_1_62' title='bbox 1665 766 1998 833; x_wconf 88' lang='lat' dir='ltr'><strong>eradicaret,</strong></span> <span class='ocrx_word' id='word_1_63' title='bbox 2031 767 2130 821; x_wconf 91' lang='lat' dir='ltr'><strong>sed</strong></span> 
     </span>
    </p>
   </div>
   <div class='ocr_carea' id='block_1_8' title="bbox 434 852 2127 926">
    <p class='ocr_par' dir='ltr' id='par_1_8' title="bbox 434 852 2127 926">
     <span class='ocr_line' id='line_1_8' title="bbox 434 852 2127 926; baseline -0.001 -17"><span class='ocrx_word' id='word_1_64' title='bbox 434 860 628 909; x_wconf 90' lang='lat' dir='ltr'><strong>manet</strong></span> <span class='ocrx_word' id='word_1_65' title='bbox 675 855 736 909; x_wconf 92' lang='lat' dir='ltr'><strong>in</strong></span> <span class='ocrx_word' id='word_1_66' title='bbox 764 856 1122 909; x_wconf 88' lang='lat' dir='ltr'><strong>successione</strong></span> <span class='ocrx_word' id='word_1_67' title='bbox 1155 859 1540 926; x_wconf 83' lang='lat' dir='ltr'><strong>posterorum,</strong></span> <span class='ocrx_word' id='word_1_68' title='bbox 1584 854 1730 908; x_wconf 88' lang='lat' dir='ltr'><strong>sicut</strong></span> <span class='ocrx_word' id='word_1_69' title='bbox 1784 852 1920 910; x_wconf 80' lang='lat' dir='ltr'><strong>Cain</strong></span> <span class='ocrx_word' id='word_1_70' title='bbox 1964 854 2127 925; x_wconf 89' lang='lat' dir='ltr'><strong>signo</strong></span> 
     </span>
    </p>
   </div>
   <div class='ocr_carea' id='block_1_9' title="bbox 437 943 2124 1015">
    <p class='ocr_par' dir='ltr' id='par_1_9' title="bbox 437 943 2124 1015">
     <span class='ocr_line' id='line_1_9' title="bbox 437 943 2124 1015; baseline -0.001 -18"><span class='ocrx_word' id='word_1_71' title='bbox 437 948 692 1014; x_wconf 88' lang='lat' dir='ltr'><strong>accepto,</strong></span> <span class='ocrx_word' id='word_1_72' title='bbox 724 960 795 996; x_wconf 91' lang='lat' dir='ltr'><strong>ne</strong></span> <span class='ocrx_word' id='word_1_73' title='bbox 845 944 971 1015; x_wconf 86' lang='lat' dir='ltr'><strong>quis</strong></span> <span class='ocrx_word' id='word_1_74' title='bbox 1005 960 1138 998; x_wconf 92' lang='lat' dir='ltr'><strong>eum</strong></span> <span class='ocrx_word' id='word_1_75' title='bbox 1178 943 1474 997; x_wconf 90' lang='lat' dir='ltr'><strong>occideret.</strong></span> <span class='ocrx_word' id='word_1_76' title='bbox 1519 944 1754 997; x_wconf 88' lang='lat' dir='ltr'><strong>Peccatis</strong></span> <span class='ocrx_word' id='word_1_77' title='bbox 1785 957 1986 1008; x_wconf 89' lang='lat' dir='ltr'><strong>eorum,</strong></span> <span class='ocrx_word' id='word_1_78' title='bbox 2019 947 2124 996; x_wconf 88' lang='lat' dir='ltr'><strong>etc.</strong></span> 
     </span>
    </p>
   </div>
   <div class='ocr_carea' id='block_1_10' title="bbox 433 1030 2125 1104">
    <p class='ocr_par' dir='ltr' id='par_1_10' title="bbox 433 1030 2125 1104">
     <span class='ocr_line' id='line_1_10' title="bbox 433 1030 2125 1104; baseline -0.001 -18"><span class='ocrx_word' id='word_1_79' title='bbox 433 1031 616 1104; x_wconf 81' lang='lat' dir='ltr'><strong>(AUG.)</strong></span> <span class='ocrx_word' id='word_1_80' title='bbox 647 1033 876 1102; x_wconf 86' lang='lat' dir='ltr'><strong>Populi,</strong></span> <span class='ocrx_word' id='word_1_81' title='bbox 907 1033 1007 1102; x_wconf 86' lang='lat' dir='ltr'><strong>qui</strong></span> <span class='ocrx_word' id='word_1_82' title='bbox 1053 1032 1202 1086; x_wconf 81' lang='lat' dir='ltr'><strong>idem</strong></span> <span class='ocrx_word' id='word_1_83' title='bbox 1241 1035 1322 1086; x_wconf 88' lang='lat' dir='ltr'><strong>est</strong></span> <span class='ocrx_word' id='word_1_84' title='bbox 1357 1032 1417 1085; x_wconf 91' lang='lat' dir='ltr'><strong>in</strong></span> <span class='ocrx_word' id='word_1_85' title='bbox 1447 1031 1797 1085; x_wconf 89' lang='lat' dir='ltr'><strong>successione</strong></span> <span class='ocrx_word' id='word_1_86' title='bbox 1831 1030 2125 1097; x_wconf 90' lang='lat' dir='ltr'><strong>ﬁliorum;</strong></span> 
     </span>
    </p>
   </div>
   <div class='ocr_carea' id='block_1_11' title="bbox 433 1119 2128 1192">
    <p class='ocr_par' dir='ltr' id='par_1_11' title="bbox 433 1119 2128 1192">
     <span class='ocr_line' id='line_1_11' title="bbox 433 1119 2128 1192; baseline -0.002 -17"><span class='ocrx_word' id='word_1_87' title='bbox 433 1126 499 1176; x_wconf 91' lang='lat' dir='ltr'><strong>ut</strong></span> <span class='ocrx_word' id='word_1_88' title='bbox 531 1125 586 1174; x_wconf 89' lang='lat' dir='ltr'><strong>et</strong></span> <span class='ocrx_word' id='word_1_89' title='bbox 610 1126 738 1192; x_wconf 86' lang='lat' dir='ltr'><strong>post</strong></span> <span class='ocrx_word' id='word_1_90' title='bbox 793 1121 1020 1174; x_wconf 76' lang='lat' dir='ltr'><strong>abstulit</strong></span> <span class='ocrx_word' id='word_1_91' title='bbox 1063 1135 1146 1175; x_wconf 92' lang='lat' dir='ltr'><strong>eos</strong></span> <span class='ocrx_word' id='word_1_92' title='bbox 1178 1120 1243 1174; x_wconf 90' lang='lat' dir='ltr'><strong>de</strong></span> <span class='ocrx_word' id='word_1_93' title='bbox 1272 1121 1548 1190; x_wconf 62' lang='lat' dir='ltr'><strong>Egi/pta,</strong></span> <span class='ocrx_word' id='word_1_94' title='bbox 1592 1124 1642 1174; x_wconf 90' lang='lat' dir='ltr'><strong>et</strong></span> <span class='ocrx_word' id='word_1_95' title='bbox 1668 1119 1893 1174; x_wconf 66' lang='lat' dir='ltr'><strong>induxit</strong></span> <span class='ocrx_word' id='word_1_96' title='bbox 1925 1134 2008 1174; x_wconf 91' lang='lat' dir='ltr'><strong>eos</strong></span> <span class='ocrx_word' id='word_1_97' title='bbox 2068 1121 2128 1172; x_wconf 90' lang='lat' dir='ltr'><strong>in</strong></span> 
     </span>
    </p>
   </div>
   <div class='ocr_carea' id='block_1_12' title="bbox 432 1206 2129 1278">
    <p class='ocr_par' dir='ltr' id='par_1_12' title="bbox 432 1206 2129 1278">
     <span class='ocr_line' id='line_1_12' title="bbox 432 1206 2129 1278; baseline -0.003 -14"><span class='ocrx_word' id='word_1_98' title='bbox 432 1213 662 1264; x_wconf 81' lang='lat' dir='ltr'><strong>montem</strong></span> <span class='ocrx_word' id='word_1_99' title='bbox 690 1210 1134 1277; x_wconf 81' lang='lat' dir='ltr'><strong>sanctiﬁcationis</strong></span> <span class='ocrx_word' id='word_1_100' title='bbox 1169 1208 1317 1278; x_wconf 87' lang='lat' dir='ltr'><strong>(Gen.</strong></span> <span class='ocrx_word' id='word_1_101' title='bbox 1379 1207 1474 1278; x_wconf 80' lang='lat' dir='ltr'><strong>iv),</strong></span> <span class='ocrx_word' id='word_1_102' title='bbox 1507 1224 1637 1261; x_wconf 92' lang='lat' dir='ltr'><strong>cum</strong></span> <span class='ocrx_word' id='word_1_103' title='bbox 1668 1223 1786 1261; x_wconf 91' lang='lat' dir='ltr'><strong>non</strong></span> <span class='ocrx_word' id='word_1_104' title='bbox 1850 1224 1968 1276; x_wconf 91' lang='lat' dir='ltr'><strong>eos,</strong></span> <span class='ocrx_word' id='word_1_105' title='bbox 2019 1206 2129 1260; x_wconf 90' lang='lat' dir='ltr'><strong>nisi</strong></span> 
     </span>
    </p>
   </div>
   <div class='ocr_carea' id='block_1_13' title="bbox 433 1296 2129 1365">
    <p class='ocr_par' dir='ltr' id='par_1_13' title="bbox 433 1296 2129 1365">
     <span class='ocr_line' id='line_1_13' title="bbox 433 1296 2129 1365; baseline -0.001 -15"><span class='ocrx_word' id='word_1_106' title='bbox 433 1298 494 1351; x_wconf 93' lang='lat' dir='ltr'><strong>in</strong></span> <span class='ocrx_word' id='word_1_107' title='bbox 520 1297 894 1351; x_wconf 88' lang='lat' dir='ltr'><strong>successione.</strong></span> <span class='ocrx_word' id='word_1_108' title='bbox 919 1297 1009 1351; x_wconf 91' lang='lat' dir='ltr'><strong>Sic</strong></span> <span class='ocrx_word' id='word_1_109' title='bbox 1050 1302 1106 1350; x_wconf 92' lang='lat' dir='ltr'><strong>et</strong></span> <span class='ocrx_word' id='word_1_110' title='bbox 1149 1297 1240 1350; x_wconf 90' lang='lat' dir='ltr'><strong>hic</strong></span> <span class='ocrx_word' id='word_1_111' title='bbox 1265 1313 1396 1350; x_wconf 90' lang='lat' dir='ltr'><strong>cum</strong></span> <span class='ocrx_word' id='word_1_112' title='bbox 1428 1296 1635 1350; x_wconf 86' lang='lat' dir='ltr'><strong>dicitur</strong></span> <span class='ocrx_word' id='word_1_113' title='bbox 1665 1313 1678 1350; x_wconf 95' lang='lat'><strong>:</strong></span> <span class='ocrx_word' id='word_1_114' title='bbox 1724 1298 2001 1365; x_wconf 86' lang='lat' dir='ltr'><strong>propitius</strong></span> <span class='ocrx_word' id='word_1_115' title='bbox 2037 1297 2129 1364; x_wconf 82' lang='lat' dir='ltr'><strong>fiet</strong></span> 
     </span>
    </p>
   </div>
   <div class='ocr_carea' id='block_1_14' title="bbox 426 1385 2127 1458">
    <p class='ocr_par' dir='ltr' id='par_1_14' title="bbox 426 1385 2127 1458">
     <span class='ocr_line' id='line_1_14' title="bbox 426 1385 2127 1458; baseline -0.004 -14"><span class='ocrx_word' id='word_1_116' title='bbox 426 1391 665 1458; x_wconf 84' lang='lat' dir='ltr'><strong>peccatis</strong></span> <span class='ocrx_word' id='word_1_117' title='bbox 716 1403 918 1456; x_wconf 83' lang='lat' dir='ltr'><strong>eorum,</strong></span> <span class='ocrx_word' id='word_1_118' title='bbox 977 1386 1353 1457; x_wconf 82' lang='lat' dir='ltr'><strong>intelligimus</strong></span> <span class='ocrx_word' id='word_1_119' title='bbox 1436 1385 1606 1440; x_wconf 89' lang='lat' dir='ltr'><strong>etiam</strong></span> <span class='ocrx_word' id='word_1_120' title='bbox 1664 1385 1962 1456; x_wconf 84' lang='lat' dir='ltr'><strong>impletum</strong></span> <span class='ocrx_word' id='word_1_121' title='bbox 2007 1400 2127 1438; x_wconf 89' lang='lat' dir='ltr'><strong>esse</strong></span> 
     </span>
    </p>
   </div>
   <div class='ocr_carea' id='block_1_15' title="bbox 430 1472 2122 1550">
    <p class='ocr_par' dir='ltr' id='par_1_15' title="bbox 430 1472 2122 1550">
     <span class='ocr_line' id='line_1_15' title="bbox 430 1472 2122 1550; baseline -0.003 -18"><span class='ocrx_word' id='word_1_122' title='bbox 430 1478 583 1550; x_wconf 90' lang='lat' dir='ltr'><strong>quod</strong></span> <span class='ocrx_word' id='word_1_123' title='bbox 617 1476 825 1531; x_wconf 89' lang='lat' dir='ltr'><strong>dicitur</strong></span> <span class='ocrx_word' id='word_1_124' title='bbox 852 1476 921 1530; x_wconf 88' lang='lat' dir='ltr'><strong>ab</strong></span> <span class='ocrx_word' id='word_1_125' title='bbox 955 1475 1263 1546; x_wconf 80' lang='lat' dir='ltr'><strong>Apostolo:</strong></span> <span class='ocrx_word' id='word_1_126' title='bbox 1318 1475 1576 1542; x_wconf 65' lang='lat' dir='ltr'><strong>Reliquiz</strong></span> <span class='ocrx_word' id='word_1_127' title='bbox 1602 1474 1764 1528; x_wconf 72' lang='lat' dir='ltr'><strong>salvae</strong></span> <span class='ocrx_word' id='word_1_128' title='bbox 1804 1472 2122 1542; x_wconf 79' lang='lat' dir='ltr'><strong>ﬁent(Rom.</strong></span> 
     </span>
    </p>
   </div>
   <div class='ocr_carea' id='block_1_16' title="bbox 429 1560 2122 1637">
    <p class='ocr_par' dir='ltr' id='par_1_16' title="bbox 429 1560 2122 1637">
     <span class='ocr_line' id='line_1_16' title="bbox 429 1560 2122 1637; baseline -0.003 -17"><span class='ocrx_word' id='word_1_129' title='bbox 429 1568 530 1637; x_wconf 80' lang='grc' dir='ltr'><strong>ιν),</strong></span> <span class='ocrx_word' id='word_1_130' title='bbox 565 1582 694 1637; x_wconf 65' lang='lat' dir='ltr'><strong>quae</strong></span> <span class='ocrx_word' id='word_1_131' title='bbox 736 1565 1056 1618; x_wconf 88' lang='lat' dir='ltr'><strong>credentin</strong></span> <span class='ocrx_word' id='word_1_132' title='bbox 1111 1563 1423 1628; x_wconf 82' lang='lat' dir='ltr'><strong>Christum,</strong></span> <span class='ocrx_word' id='word_1_133' title='bbox 1485 1562 1640 1632; x_wconf 84' lang='lat' dir='ltr'><strong>quod</strong></span> <span class='ocrx_word' id='word_1_134' title='bbox 1691 1560 1781 1615; x_wconf 88' lang='lat' dir='ltr'><strong>hic</strong></span> <span class='ocrx_word' id='word_1_135' title='bbox 1840 1561 2122 1630; x_wconf 69' lang='lat' dir='ltr'><strong>praevidit,</strong></span> 
     </span>
    </p>
   </div>
   <div class='ocr_carea' id='block_1_17' title="bbox 429 1649 2126 1718">
    <p class='ocr_par' dir='ltr' id='par_1_17' title="bbox 429 1649 2126 1718">
     <span class='ocr_line' id='line_1_17' title="bbox 429 1649 2126 1718; baseline -0.004 -10"><span class='ocrx_word' id='word_1_136' title='bbox 429 1671 560 1708; x_wconf 91' lang='lat' dir='ltr'><strong>cum</strong></span> <span class='ocrx_word' id='word_1_137' title='bbox 591 1653 816 1708; x_wconf 86' lang='lat' dir='ltr'><strong>subdit:</strong></span> <span class='ocrx_word' id='word_1_138' title='bbox 860 1655 930 1707; x_wconf 89' lang='lat' dir='ltr'><strong>Et</strong></span> <span class='ocrx_word' id='word_1_139' title='bbox 976 1668 1082 1704; x_wconf 87' lang='lat' dir='ltr'><strong>non</strong></span> <span class='ocrx_word' id='word_1_140' title='bbox 1135 1652 1391 1718; x_wconf 73' lang='lat' dir='ltr'><strong>dispersit</strong></span> <span class='ocrx_word' id='word_1_141' title='bbox 1438 1665 1541 1704; x_wconf 89' lang='lat' dir='ltr'><strong>eos.</strong></span> <span class='ocrx_word' id='word_1_142' title='bbox 1607 1652 1677 1704; x_wconf 85' lang='lat' dir='ltr'><strong>Et</strong></span> <span class='ocrx_word' id='word_1_143' title='bbox 1721 1649 2023 1704; x_wconf 84' lang='lat' dir='ltr'><strong>abundavit</strong></span> <span class='ocrx_word' id='word_1_144' title='bbox 2065 1655 2126 1703; x_wconf 89' lang='lat' dir='ltr'><strong>ut</strong></span> 
     </span>
    </p>
   </div>
   <div class='ocr_carea' id='block_1_18' title="bbox 428 1738 2120 1810">
    <p class='ocr_par' dir='ltr' id='par_1_18' title="bbox 428 1738 2120 1810">
     <span class='ocr_line' id='line_1_18' title="bbox 428 1738 2120 1810; baseline -0.002 -15"><span class='ocrx_word' id='word_1_145' title='bbox 428 1746 710 1808; x_wconf 76' lang='lat' dir='ltr'><strong>averteret,</strong></span> <span class='ocrx_word' id='word_1_146' title='bbox 743 1747 876 1808; x_wconf 89' lang='lat' dir='ltr'><strong>etc.,</strong></span> <span class='ocrx_word' id='word_1_147' title='bbox 918 1741 1092 1810; x_wconf 88' lang='lat' dir='ltr'><strong>quia:</strong></span> <span class='ocrx_word' id='word_1_148' title='bbox 1126 1741 1244 1795; x_wconf 84' lang='lat' dir='ltr'><strong>Non</strong></span> <span class='ocrx_word' id='word_1_149' title='bbox 1291 1754 1495 1792; x_wconf 85' lang='lat' dir='ltr'><strong>omnem</strong></span> <span class='ocrx_word' id='word_1_150' title='bbox 1526 1739 1667 1790; x_wconf 87' lang='lat' dir='ltr'><strong>iram</strong></span> <span class='ocrx_word' id='word_1_151' title='bbox 1711 1738 1975 1805; x_wconf 77' lang='lat' dir='ltr'><strong>accendit,</strong></span> <span class='ocrx_word' id='word_1_152' title='bbox 2012 1744 2120 1792; x_wconf 90' lang='lat' dir='ltr'><strong>etc.</strong></span> 
     </span>
    </p>
   </div>
   <div class='ocr_carea' id='block_1_19' title="bbox 426 1827 2123 1900">
    <p class='ocr_par' dir='ltr' id='par_1_19' title="bbox 426 1827 2123 1900">
     <span class='ocr_line' id='line_1_19' title="bbox 426 1827 2123 1900; baseline -0.001 -16"><span class='ocrx_word' id='word_1_153' title='bbox 426 1831 488 1884; x_wconf 91' lang='lat' dir='ltr'><strong>Id</strong></span> <span class='ocrx_word' id='word_1_154' title='bbox 516 1835 620 1897; x_wconf 89' lang='lat' dir='ltr'><strong>est,</strong></span> <span class='ocrx_word' id='word_1_155' title='bbox 676 1845 792 1882; x_wconf 92' lang='lat' dir='ltr'><strong>non</strong></span> <span class='ocrx_word' id='word_1_156' title='bbox 822 1827 1048 1898; x_wconf 83' lang='lat' dir='ltr'><strong>punivit</strong></span> <span class='ocrx_word' id='word_1_157' title='bbox 1093 1843 1190 1880; x_wconf 90' lang='lat' dir='ltr'><strong>eos</strong></span> <span class='ocrx_word' id='word_1_158' title='bbox 1223 1831 1502 1896; x_wconf 90' lang='lat' dir='ltr'><strong>quantum</strong></span> <span class='ocrx_word' id='word_1_159' title='bbox 1550 1827 1708 1898; x_wconf 85' lang='lat' dir='ltr'><strong>digni</strong></span> <span class='ocrx_word' id='word_1_160' title='bbox 1749 1833 1909 1882; x_wconf 88' lang='lat' dir='ltr'><strong>erant</strong></span> <span class='ocrx_word' id='word_1_161' title='bbox 1941 1845 1953 1882; x_wconf 89' lang='lat'><strong>:</strong></span> <span class='ocrx_word' id='word_1_162' title='bbox 1987 1829 2123 1900; x_wconf 86' lang='lat' dir='ltr'><strong>quia</strong></span> 
     </span>
    </p>
   </div>
   <div class='ocr_carea' id='block_1_20' title="bbox 429 1915 1727 1986">
    <p class='ocr_par' dir='ltr' id='par_1_20' title="bbox 429 1915 1727 1986">
     <span class='ocr_line' id='line_1_20' title="bbox 429 1915 1727 1986; baseline -0.003 -14"><span class='ocrx_word' id='word_1_163' title='bbox 429 1923 486 1972; x_wconf 88' lang='lat' dir='ltr'><strong>et</strong></span> <span class='ocrx_word' id='word_1_164' title='bbox 515 1918 658 1972; x_wconf 91' lang='lat' dir='ltr'><strong>illud</strong></span> <span class='ocrx_word' id='word_1_165' title='bbox 685 1916 924 1983; x_wconf 82' lang='lat' dir='ltr'><strong>remisit,</strong></span> <span class='ocrx_word' id='word_1_166' title='bbox 957 1916 1106 1986; x_wconf 90' lang='lat' dir='ltr'><strong>quod</strong></span> <span class='ocrx_word' id='word_1_167' title='bbox 1143 1915 1347 1968; x_wconf 81' lang='lat' dir='ltr'><strong>Filium</strong></span> <span class='ocrx_word' id='word_1_168' title='bbox 1378 1915 1727 1969; x_wconf 87' lang='lat' dir='ltr'><strong>occiderunt.</strong></span> 
     </span>
    </p>
   </div>
   <div class='ocr_carea' id='block_1_21' title="bbox 502 2004 2117 2073">
    <p class='ocr_par' dir='ltr' id='par_1_21' title="bbox 502 2004 2117 2073">
     <span class='ocr_line' id='line_1_21' title="bbox 502 2004 2117 2073; baseline 0 -15"><span class='ocrx_word' id='word_1_169' title='bbox 502 2008 666 2060; x_wconf 75' lang='lat' dir='ltr'><strong>Vens.</strong></span> <span class='ocrx_word' id='word_1_170' title='bbox 702 2008 789 2060; x_wconf 79' lang='lat'><strong>39.</strong></span> <span class='ocrx_word' id='word_1_171' title='bbox 850 2034 910 2044; x_wconf 87' lang='lat'><strong>-—</strong></span> <span class='ocrx_word' id='word_1_172' title='bbox 944 2004 1186 2073; x_wconf 78' lang='lat' dir='ltr'><strong>Spiritus</strong></span> <span class='ocrx_word' id='word_1_173' title='bbox 1204 2004 1406 2058; x_wconf 84' lang='lat' dir='ltr'><strong>vadens</strong></span> <span class='ocrx_word' id='word_1_174' title='bbox 1453 2009 1505 2058; x_wconf 92' lang='lat' dir='ltr'><strong>et</strong></span> <span class='ocrx_word' id='word_1_175' title='bbox 1544 2020 1649 2058; x_wconf 87' lang='lat' dir='ltr'><strong>non</strong></span> <span class='ocrx_word' id='word_1_176' title='bbox 1691 2011 1979 2073; x_wconf 85' lang='lat' dir='ltr'><strong>revertens,</strong></span> <span class='ocrx_word' id='word_1_177' title='bbox 2011 2010 2117 2058; x_wconf 90' lang='lat' dir='ltr'><strong>etc.</strong></span> 
     </span>
    </p>
   </div>
   <div class='ocr_carea' id='block_1_22' title="bbox 431 2092 2119 2164">
    <p class='ocr_par' dir='ltr' id='par_1_22' title="bbox 431 2092 2119 2164">
     <span class='ocr_line' id='line_1_22' title="bbox 431 2092 2119 2164; baseline -0.002 -14"><span class='ocrx_word' id='word_1_178' title='bbox 431 2095 564 2150; x_wconf 90' lang='lat' dir='ltr'><strong>Ideo</strong></span> <span class='ocrx_word' id='word_1_179' title='bbox 605 2110 710 2163; x_wconf 91' lang='lat' dir='ltr'><strong>per</strong></span> <span class='ocrx_word' id='word_1_180' title='bbox 760 2093 1004 2164; x_wconf 81' lang='lat' dir='ltr'><strong>gratiam</strong></span> <span class='ocrx_word' id='word_1_181' title='bbox 1043 2097 1287 2157; x_wconf 85' lang='lat' dir='ltr'><strong>revocat,</strong></span> <span class='ocrx_word' id='word_1_182' title='bbox 1336 2092 1474 2162; x_wconf 87' lang='lat' dir='ltr'><strong>quia</strong></span> <span class='ocrx_word' id='word_1_183' title='bbox 1503 2108 1607 2162; x_wconf 88' lang='lat' dir='ltr'><strong>per</strong></span> <span class='ocrx_word' id='word_1_184' title='bbox 1658 2109 1716 2146; x_wconf 90' lang='lat' dir='ltr'><strong>se</strong></span> <span class='ocrx_word' id='word_1_185' title='bbox 1775 2093 1959 2147; x_wconf 88' lang='lat' dir='ltr'><strong>redire</strong></span> <span class='ocrx_word' id='word_1_186' title='bbox 2001 2109 2119 2146; x_wconf 91' lang='lat' dir='ltr'><strong>non</strong></span> 
     </span>
    </p>
   </div>
   <div class='ocr_carea' id='block_1_23' title="bbox 429 2179 2123 2254">
    <p class='ocr_par' dir='ltr' id='par_1_23' title="bbox 429 2179 2123 2254">
     <span class='ocr_line' id='line_1_23' title="bbox 429 2179 2123 2254; baseline -0.002 -17"><span class='ocrx_word' id='word_1_187' title='bbox 429 2189 670 2254; x_wconf 86' lang='lat' dir='ltr'><strong>possunt</strong></span> <span class='ocrx_word' id='word_1_188' title='bbox 703 2199 714 2235; x_wconf 93' lang='lat'><strong>:</strong></span> <span class='ocrx_word' id='word_1_189' title='bbox 745 2181 897 2236; x_wconf 89' lang='lat' dir='ltr'><strong>unde</strong></span> <span class='ocrx_word' id='word_1_190' title='bbox 953 2182 1014 2235; x_wconf 92' lang='lat' dir='ltr'><strong>in</strong></span> <span class='ocrx_word' id='word_1_191' title='bbox 1061 2179 1378 2234; x_wconf 86' lang='lat' dir='ltr'><strong>Proverbiis</strong></span> <span class='ocrx_word' id='word_1_192' title='bbox 1416 2181 1477 2234; x_wconf 92' lang='lat' dir='ltr'><strong>in</strong></span> <span class='ocrx_word' id='word_1_193' title='bbox 1507 2180 1596 2234; x_wconf 92' lang='lat' dir='ltr'><strong>via</strong></span> <span class='ocrx_word' id='word_1_194' title='bbox 1626 2180 1944 2252; x_wconf 86' lang='lat' dir='ltr'><strong>iniquitatis</strong></span> <span class='ocrx_word' id='word_1_195' title='bbox 1976 2181 2123 2236; x_wconf 91' lang='lat' dir='ltr'><strong>dici-</strong></span> 
     </span>
    </p>
   </div>
   <div class='ocr_carea' id='block_1_24' title="bbox 425 2269 2116 2339">
    <p class='ocr_par' dir='ltr' id='par_1_24' title="bbox 425 2269 2116 2339">
     <span class='ocr_line' id='line_1_24' title="bbox 425 2269 2116 2339; baseline 0.001 -14"><span class='ocrx_word' id='word_1_196' title='bbox 425 2277 520 2325; x_wconf 87' lang='lat' dir='ltr'><strong>tur</strong></span> <span class='ocrx_word' id='word_1_197' title='bbox 580 2288 592 2326; x_wconf 94' lang='lat'><strong>:</strong></span> <span class='ocrx_word' id='word_1_198' title='bbox 647 2272 836 2327; x_wconf 85' lang='lat' dir='ltr'><strong>Omnes</strong></span> <span class='ocrx_word' id='word_1_199' title='bbox 879 2271 976 2339; x_wconf 88' lang='lat' dir='ltr'><strong>qui</strong></span> <span class='ocrx_word' id='word_1_200' title='bbox 1028 2269 1309 2324; x_wconf 82' lang='lat' dir='ltr'><strong>ambulant</strong></span> <span class='ocrx_word' id='word_1_201' title='bbox 1359 2272 1415 2324; x_wconf 87' lang='lat' dir='ltr'><strong>in</strong></span> <span class='ocrx_word' id='word_1_202' title='bbox 1454 2286 1517 2324; x_wconf 91' lang='lat' dir='ltr'><strong>ea</strong></span> <span class='ocrx_word' id='word_1_203' title='bbox 1593 2286 1700 2325; x_wconf 88' lang='lat' dir='ltr'><strong>non</strong></span> <span class='ocrx_word' id='word_1_204' title='bbox 1762 2276 2116 2326; x_wconf 84' lang='lat' dir='ltr'><strong>revertentur.</strong></span> 
     </span>
    </p>
   </div>
   <div class='ocr_carea' id='block_1_25' title="bbox 425 2358 2119 2430">
    <p class='ocr_par' dir='ltr' id='par_1_25' title="bbox 425 2358 2119 2430">
     <span class='ocr_line' id='line_1_25' title="bbox 425 2358 2119 2430; baseline 0 -16"><span class='ocrx_word' id='word_1_205' title='bbox 425 2360 604 2430; x_wconf 82' lang='lat' dir='ltr'><strong>(Prov.</strong></span> <span class='ocrx_word' id='word_1_206' title='bbox 659 2359 742 2429; x_wconf 81' lang='lat'><strong>11),</strong></span> <span class='ocrx_word' id='word_1_207' title='bbox 783 2358 994 2412; x_wconf 89' lang='lat' dir='ltr'><strong>scilicet</strong></span> <span class='ocrx_word' id='word_1_208' title='bbox 1043 2374 1148 2428; x_wconf 90' lang='lat' dir='ltr'><strong>per</strong></span> <span class='ocrx_word' id='word_1_209' title='bbox 1195 2374 1274 2424; x_wconf 86' lang='lat' dir='ltr'><strong>se,</strong></span> <span class='ocrx_word' id='word_1_210' title='bbox 1336 2358 1432 2412; x_wconf 90' lang='lat' dir='ltr'><strong>sed</strong></span> <span class='ocrx_word' id='word_1_211' title='bbox 1483 2375 1586 2429; x_wconf 91' lang='lat' dir='ltr'><strong>per</strong></span> <span class='ocrx_word' id='word_1_212' title='bbox 1615 2359 1857 2428; x_wconf 79' lang='lat' dir='ltr'><strong>gratiam</strong></span> <span class='ocrx_word' id='word_1_213' title='bbox 1892 2375 2119 2414; x_wconf 82' lang='lat' dir='ltr'><strong>revoca-</strong></span> 
     </span>
    </p>
   </div>
   <div class='ocr_carea' id='block_1_26' title="bbox 424 2446 2118 2520">
    <p class='ocr_par' dir='ltr' id='par_1_26' title="bbox 424 2446 2118 2520">
     <span class='ocr_line' id='line_1_26' title="bbox 424 2446 2118 2520; baseline 0.001 -18"><span class='ocrx_word' id='word_1_214' title='bbox 424 2448 658 2502; x_wconf 90' lang='lat' dir='ltr'><strong>buntur.</strong></span> <span class='ocrx_word' id='word_1_215' title='bbox 715 2449 843 2502; x_wconf 70' lang='lat' dir='ltr'><strong>Haec</strong></span> <span class='ocrx_word' id='word_1_216' title='bbox 895 2451 979 2500; x_wconf 90' lang='lat' dir='ltr'><strong>est</strong></span> <span class='ocrx_word' id='word_1_217' title='bbox 1045 2447 1165 2500; x_wconf 91' lang='lat' dir='ltr'><strong>ovis</strong></span> <span class='ocrx_word' id='word_1_218' title='bbox 1195 2446 1542 2512; x_wconf 90' lang='lat' dir='ltr'><strong>errabunda,</strong></span> <span class='ocrx_word' id='word_1_219' title='bbox 1575 2463 1706 2518; x_wconf 74' lang='lat' dir='ltr'><strong>qua:</strong></span> <span class='ocrx_word' id='word_1_220' title='bbox 1753 2447 2010 2502; x_wconf 89' lang='lat' dir='ltr'><strong>humeris</strong></span> <span class='ocrx_word' id='word_1_221' title='bbox 2036 2449 2118 2520; x_wconf 89' lang='lat' dir='ltr'><strong>pii</strong></span> 
     </span>
    </p>
   </div>
   <div class='ocr_carea' id='block_1_27' title="bbox 421 2534 1408 2606">
    <p class='ocr_par' dir='ltr' id='par_1_27' title="bbox 421 2534 1408 2606">
     <span class='ocr_line' id='line_1_27' title="bbox 421 2534 1408 2606; baseline -0.001 -17"><span class='ocrx_word' id='word_1_222' title='bbox 421 2536 668 2606; x_wconf 87' lang='lat' dir='ltr'><strong>pastoris</strong></span> <span class='ocrx_word' id='word_1_223' title='bbox 693 2535 926 2589; x_wconf 91' lang='lat' dir='ltr'><strong>reducta</strong></span> <span class='ocrx_word' id='word_1_224' title='bbox 947 2539 1032 2588; x_wconf 88' lang='lat' dir='ltr'><strong>est</strong></span> <span class='ocrx_word' id='word_1_225' title='bbox 1052 2534 1121 2588; x_wconf 91' lang='lat' dir='ltr'><strong>ad</strong></span> <span class='ocrx_word' id='word_1_226' title='bbox 1153 2549 1408 2604; x_wconf 89' lang='lat' dir='ltr'><strong>gregem.</strong></span> 
     </span>
    </p>
   </div>
   <div class='ocr_carea' id='block_1_28' title="bbox 501 2621 2118 2693">
    <p class='ocr_par' dir='ltr' id='par_1_28' title="bbox 501 2621 2118 2693">
     <span class='ocr_line' id='line_1_28' title="bbox 501 2621 2118 2693; baseline 0 -17"><span class='ocrx_word' id='word_1_227' title='bbox 501 2625 658 2678; x_wconf 76' lang='lat' dir='ltr'><strong>Vens.</strong></span> <span class='ocrx_word' id='word_1_228' title='bbox 717 2625 807 2679; x_wconf 88' lang='grc'><strong>40.</strong></span> <span class='ocrx_word' id='word_1_229' title='bbox 896 2653 966 2663; x_wconf 91' lang='grc'><strong><em>-</em></strong></span> <span class='ocrx_word' id='word_1_230' title='bbox 1030 2624 1261 2689; x_wconf 83' lang='lat' dir='ltr'><strong>Quoties.</strong></span> <span class='ocrx_word' id='word_1_231' title='bbox 1317 2621 1518 2693; x_wconf 70' lang='lat' dir='ltr'><strong>(Cass)</strong></span> <span class='ocrx_word' id='word_1_232' title='bbox 1582 2622 1844 2676; x_wconf 89' lang='lat' dir='ltr'><strong>Dicturus</strong></span> <span class='ocrx_word' id='word_1_233' title='bbox 1917 2623 2118 2693; x_wconf 90' lang='lat' dir='ltr'><strong>plagas</strong></span> 
     </span>
    </p>
   </div>
   <div class='ocr_carea' id='block_1_29' title="bbox 419 2711 2117 2784">
    <p class='ocr_par' dir='ltr' id='par_1_29' title="bbox 419 2711 2117 2784">
     <span class='ocr_line' id='line_1_29' title="bbox 419 2711 2117 2784; baseline -0.002 -16"><span class='ocrx_word' id='word_1_234' title='bbox 419 2713 662 2784; x_wconf 70' lang='lat' dir='ltr'><strong>Egypti,</strong></span> <span class='ocrx_word' id='word_1_235' title='bbox 693 2716 930 2782; x_wconf 88' lang='lat' dir='ltr'><strong>propter</strong></span> <span class='ocrx_word' id='word_1_236' title='bbox 959 2727 1055 2765; x_wconf 89' lang='lat' dir='ltr'><strong>eos</strong></span> <span class='ocrx_word' id='word_1_237' title='bbox 1085 2711 1279 2778; x_wconf 87' lang='lat' dir='ltr'><strong>factas,</strong></span> <span class='ocrx_word' id='word_1_238' title='bbox 1314 2711 1700 2781; x_wconf 89' lang='lat' dir='ltr'><strong>comparando</strong></span> <span class='ocrx_word' id='word_1_239' title='bbox 1732 2711 1884 2765; x_wconf 90' lang='lat' dir='ltr'><strong>mala</strong></span> <span class='ocrx_word' id='word_1_240' title='bbox 1914 2727 2117 2765; x_wconf 91' lang='lat' dir='ltr'><strong>eorum</strong></span> 
     </span>
    </p>
   </div>
   <div class='ocr_carea' id='block_1_30' title="bbox 419 2799 2112 2868">
    <p class='ocr_par' dir='ltr' id='par_1_30' title="bbox 419 2799 2112 2868">
     <span class='ocr_line' id='line_1_30' title="bbox 419 2799 2112 2868; baseline -0.001 -12"><span class='ocrx_word' id='word_1_241' title='bbox 419 2801 715 2856; x_wconf 87' lang='lat' dir='ltr'><strong>beneﬁciis</strong></span> <span class='ocrx_word' id='word_1_242' title='bbox 764 2800 882 2868; x_wconf 89' lang='lat' dir='ltr'><strong>Dei,</strong></span> <span class='ocrx_word' id='word_1_243' title='bbox 931 2799 1072 2855; x_wconf 90' lang='lat' dir='ltr'><strong>dicit</strong></span> <span class='ocrx_word' id='word_1_244' title='bbox 1118 2816 1213 2853; x_wconf 91' lang='lat' dir='ltr'><strong>eos</strong></span> <span class='ocrx_word' id='word_1_245' title='bbox 1245 2800 1470 2867; x_wconf 85' lang='lat' dir='ltr'><strong>oblitos,</strong></span> <span class='ocrx_word' id='word_1_246' title='bbox 1531 2806 1586 2854; x_wconf 91' lang='lat' dir='ltr'><strong>et</strong></span> <span class='ocrx_word' id='word_1_247' title='bbox 1616 2805 1862 2854; x_wconf 86' lang='lat' dir='ltr'><strong>tentasse</strong></span> <span class='ocrx_word' id='word_1_248' title='bbox 1909 2802 2112 2854; x_wconf 89' lang='lat' dir='ltr'><strong>Deum.</strong></span> 
     </span>
    </p>
   </div>
   <div class='ocr_carea' id='block_1_31' title="bbox 423 2887 2116 2960">
    <p class='ocr_par' dir='ltr' id='par_1_31' title="bbox 423 2887 2116 2960">
     <span class='ocr_line' id='line_1_31' title="bbox 423 2887 2116 2960; baseline -0.002 -16"><span class='ocrx_word' id='word_1_249' title='bbox 423 2890 604 2960; x_wconf 82' lang='lat' dir='ltr'><strong>(AUG.)</strong></span> <span class='ocrx_word' id='word_1_250' title='bbox 648 2888 792 2952; x_wconf 85' lang='lat' dir='ltr'><strong>Quia</strong></span> <span class='ocrx_word' id='word_1_251' title='bbox 824 2904 955 2942; x_wconf 90' lang='lat' dir='ltr'><strong>caro</strong></span> <span class='ocrx_word' id='word_1_252' title='bbox 993 2889 1081 2942; x_wconf 88' lang='lat' dir='ltr'><strong>vel</strong></span> <span class='ocrx_word' id='word_1_253' title='bbox 1122 2887 1355 2958; x_wconf 85' lang='lat' dir='ltr'><strong>spiritus</strong></span> <span class='ocrx_word' id='word_1_254' title='bbox 1398 2888 1630 2952; x_wconf 86' lang='lat' dir='ltr'><strong>vadens,</strong></span> <span class='ocrx_word' id='word_1_255' title='bbox 1681 2888 1904 2960; x_wconf 86' lang='lat' dir='ltr'><strong>quoties</strong></span> <span class='ocrx_word' id='word_1_256' title='bbox 1940 2887 2116 2959; x_wconf 83' lang='lat' dir='ltr'><strong>ergo?</strong></span> 
     </span>
    </p>
   </div>
   <div class='ocr_carea' id='block_1_32' title="bbox 420 2973 2037 3054">
    <p class='ocr_par' dir='ltr' id='par_1_32' title="bbox 420 2973 2037 3054">
     <span class='ocr_line' id='line_1_32' title="bbox 420 2973 2037 3054; baseline -0.001 -22"><span class='ocrx_word' id='word_1_257' title='bbox 420 2978 584 3049; x_wconf 86' lang='lat' dir='ltr'><strong>quasi</strong></span> <span class='ocrx_word' id='word_1_258' title='bbox 615 2978 908 3031; x_wconf 89' lang='lat' dir='ltr'><strong>multoties</strong></span> <span class='ocrx_word' id='word_1_259' title='bbox 929 2977 1404 3031; x_wconf 86' lang='lat' dir='ltr'><strong>exacerbaverunt</strong></span> <span class='ocrx_word' id='word_1_260' title='bbox 1435 2992 1590 3054; x_wconf 87' lang='lat' dir='ltr'><strong>eum.</strong></span> <span class='ocrx_word' id='word_1_261' title='bbox 2035 2973 2037 2976; x_wconf 36' lang='grc'><em>⁴</em></span> 
     </span>
    </p>
   </div>
   <div class='ocr_carea' id='block_1_33' title="bbox 491 3062 2116 3135">
    <p class='ocr_par' dir='ltr' id='par_1_33' title="bbox 491 3062 2116 3135">
     <span class='ocr_line' id='line_1_33' title="bbox 491 3062 2116 3135; baseline -0.002 -15"><span class='ocrx_word' id='word_1_262' title='bbox 491 3068 652 3121; x_wconf 78' lang='lat' dir='ltr'><strong>Vens.</strong></span> <span class='ocrx_word' id='word_1_263' title='bbox 685 3068 774 3120; x_wconf 84' lang='lat' dir='ltr'><strong>4l.</strong></span> <span class='ocrx_word' id='word_1_264' title='bbox 807 3095 878 3107; x_wconf 95' lang='lat'>—</span> <span class='ocrx_word' id='word_1_265' title='bbox 916 3067 984 3120; x_wconf 88' lang='lat' dir='ltr'><strong>Et</strong></span> <span class='ocrx_word' id='word_1_266' title='bbox 1012 3067 1253 3118; x_wconf 67' lang='lat' dir='ltr'><strong>conversi</strong></span> <span class='ocrx_word' id='word_1_267' title='bbox 1297 3069 1442 3130; x_wconf 87' lang='lat' dir='ltr'><strong>sunt,</strong></span> <span class='ocrx_word' id='word_1_268' title='bbox 1504 3069 1608 3118; x_wconf 87' lang='lat' dir='ltr'><strong>etc.</strong></span> <span class='ocrx_word' id='word_1_269' title='bbox 1653 3063 1832 3134; x_wconf 80' lang='lat' dir='ltr'><strong>(AUG.)</strong></span> <span class='ocrx_word' id='word_1_270' title='bbox 1887 3062 2116 3135; x_wconf 83' lang='lat' dir='ltr'><strong>Repetit</strong></span> 
     </span>
    </p>
   </div>
   <div class='ocr_carea' id='block_1_34' title="bbox 420 3151 2112 3223">
    <p class='ocr_par' dir='ltr' id='par_1_34' title="bbox 420 3151 2112 3223">
     <span class='ocr_line' id='line_1_34' title="bbox 420 3151 2112 3223; baseline -0.003 -13"><span class='ocrx_word' id='word_1_271' title='bbox 420 3172 623 3210; x_wconf 90' lang='lat' dir='ltr'><strong>eorum</strong></span> <span class='ocrx_word' id='word_1_272' title='bbox 653 3154 1076 3218; x_wconf 89' lang='lat' dir='ltr'><strong>inﬁdelitatem,</strong></span> <span class='ocrx_word' id='word_1_273' title='bbox 1106 3158 1170 3206; x_wconf 87' lang='lat' dir='ltr'><strong>ut</strong></span> <span class='ocrx_word' id='word_1_274' title='bbox 1201 3158 1482 3206; x_wconf 89' lang='lat' dir='ltr'><strong>memoret</strong></span> <span class='ocrx_word' id='word_1_275' title='bbox 1509 3168 1650 3222; x_wconf 91' lang='lat' dir='ltr'><strong>quas</strong></span> <span class='ocrx_word' id='word_1_276' title='bbox 1698 3153 1895 3223; x_wconf 89' lang='lat' dir='ltr'><strong>plagas</strong></span> <span class='ocrx_word' id='word_1_277' title='bbox 1916 3151 2112 3205; x_wconf 89' lang='lat' dir='ltr'><strong>intulit</strong></span> 
     </span>
    </p>
   </div>
   <div class='ocr_carea' id='block_1_35' title="bbox 419 3240 2112 3313">
    <p class='ocr_par' dir='ltr' id='par_1_35' title="bbox 419 3240 2112 3313">
     <span class='ocr_line' id='line_1_35' title="bbox 419 3240 2112 3313; baseline -0.002 -16"><span class='ocrx_word' id='word_1_278' title='bbox 419 3245 568 3297; x_wconf 88' lang='lat' dir='ltr'><strong>Deus</strong></span> <span class='ocrx_word' id='word_1_279' title='bbox 597 3242 874 3313; x_wconf 59' lang='lat' dir='ltr'><strong>IEygptiis</strong></span> <span class='ocrx_word' id='word_1_280' title='bbox 921 3246 1154 3313; x_wconf 87' lang='lat' dir='ltr'><strong>propter</strong></span> <span class='ocrx_word' id='word_1_281' title='bbox 1205 3257 1320 3306; x_wconf 90' lang='lat' dir='ltr'><strong>eos,</strong></span> <span class='ocrx_word' id='word_1_282' title='bbox 1361 3240 1514 3294; x_wconf 90' lang='lat' dir='ltr'><strong>unde</strong></span> <span class='ocrx_word' id='word_1_283' title='bbox 1541 3240 1816 3294; x_wconf 88' lang='lat' dir='ltr'><strong>deberent</strong></span> <span class='ocrx_word' id='word_1_284' title='bbox 1845 3256 1965 3295; x_wconf 89' lang='lat' dir='ltr'><strong>esse</strong></span> <span class='ocrx_word' id='word_1_285' title='bbox 1995 3256 2112 3294; x_wconf 92' lang='lat' dir='ltr'><strong>non</strong></span> 
     </span>
    </p>
   </div>
   <div class='ocr_carea' id='block_1_36' title="bbox 419 3331 658 3400">
    <p class='ocr_par' dir='ltr' id='par_1_36' title="bbox 419 3331 658 3400">
     <span class='ocr_line' id='line_1_36' title="bbox 419 3331 658 3400; baseline 0.004 -16"><span class='ocrx_word' id='word_1_286' title='bbox 419 3331 658 3400; x_wconf 90' lang='lat' dir='ltr'><strong>ingrati.</strong></span> 
     </span>
    </p>
   </div>
   <div class='ocr_carea' id='block_1_37' title="bbox 491 3415 2111 3487">
    <p class='ocr_par' dir='ltr' id='par_1_37' title="bbox 491 3415 2111 3487">
     <span class='ocr_line' id='line_1_37' title="bbox 491 3415 2111 3487; baseline 0 -17"><span class='ocrx_word' id='word_1_287' title='bbox 491 3419 656 3472; x_wconf 70' lang='lat' dir='ltr'><strong>Vens.</strong></span> <span class='ocrx_word' id='word_1_288' title='bbox 687 3418 776 3471; x_wconf 83' lang='lat'><strong>42.</strong></span> <span class='ocrx_word' id='word_1_289' title='bbox 813 3445 887 3458; x_wconf 96' lang='lat'><strong>—</strong></span> <span class='ocrx_word' id='word_1_290' title='bbox 932 3422 1008 3472; x_wconf 91' lang='lat' dir='ltr'><strong>De</strong></span> <span class='ocrx_word' id='word_1_291' title='bbox 1060 3432 1226 3471; x_wconf 90' lang='lat' dir='ltr'><strong>manu</strong></span> <span class='ocrx_word' id='word_1_292' title='bbox 1266 3417 1652 3470; x_wconf 81' lang='lat' dir='ltr'><strong>tribulationis.</strong></span> <span class='ocrx_word' id='word_1_293' title='bbox 1723 3415 1930 3487; x_wconf 55' lang='lat' dir='ltr'><strong>(Cass)</strong></span> <span class='ocrx_word' id='word_1_294' title='bbox 1990 3416 2111 3470; x_wconf 90' lang='lat' dir='ltr'><strong>Tri-</strong></span> 
     </span>
    </p>
   </div>
   <div class='ocr_carea' id='block_1_38' title="bbox 418 3503 2111 3570">
    <p class='ocr_par' dir='ltr' id='par_1_38' title="bbox 418 3503 2111 3570">
     <span class='ocr_line' id='line_1_38' title="bbox 418 3503 2111 3570; baseline -0.001 -10"><span class='ocrx_word' id='word_1_295' title='bbox 418 3505 636 3560; x_wconf 90' lang='lat' dir='ltr'><strong>bulatio</strong></span> <span class='ocrx_word' id='word_1_296' title='bbox 684 3506 828 3559; x_wconf 90' lang='lat' dir='ltr'><strong>solet</strong></span> <span class='ocrx_word' id='word_1_297' title='bbox 853 3521 975 3558; x_wconf 91' lang='lat' dir='ltr'><strong>esse</strong></span> <span class='ocrx_word' id='word_1_298' title='bbox 1013 3505 1075 3558; x_wconf 89' lang='lat' dir='ltr'><strong>in</strong></span> <span class='ocrx_word' id='word_1_299' title='bbox 1106 3504 1402 3570; x_wconf 89' lang='lat' dir='ltr'><strong>memoria,</strong></span> <span class='ocrx_word' id='word_1_300' title='bbox 1457 3503 1554 3556; x_wconf 90' lang='lat' dir='ltr'><strong>sed</strong></span> <span class='ocrx_word' id='word_1_301' title='bbox 1582 3519 1700 3557; x_wconf 92' lang='lat' dir='ltr'><strong>non</strong></span> <span class='ocrx_word' id='word_1_302' title='bbox 1730 3503 1831 3558; x_wconf 89' lang='lat' dir='ltr'><strong>eis.</strong></span> <span class='ocrx_word' id='word_1_303' title='bbox 1869 3505 2111 3559; x_wconf 90' lang='lat' dir='ltr'><strong>Pulchre</strong></span> 
     </span>
    </p>
   </div>
   <div class='ocr_carea' id='block_1_39' title="bbox 418 3591 2115 3666">
    <p class='ocr_par' dir='ltr' id='par_1_39' title="bbox 418 3591 2115 3666">
     <span class='ocr_line' id='line_1_39' title="bbox 418 3591 2115 3666; baseline -0.001 -17"><span class='ocrx_word' id='word_1_304' title='bbox 418 3594 661 3666; x_wconf 89' lang='lat' dir='ltr'><strong>opponit</strong></span> <span class='ocrx_word' id='word_1_305' title='bbox 689 3609 924 3647; x_wconf 91' lang='lat' dir='ltr'><strong>manum</strong></span> <span class='ocrx_word' id='word_1_306' title='bbox 976 3593 1074 3647; x_wconf 89' lang='lat' dir='ltr'><strong>Dei</strong></span> <span class='ocrx_word' id='word_1_307' title='bbox 1108 3593 1304 3646; x_wconf 91' lang='lat' dir='ltr'><strong>manui</strong></span> <span class='ocrx_word' id='word_1_308' title='bbox 1356 3591 1688 3658; x_wconf 85' lang='lat' dir='ltr'><strong>Pharaonis,</strong></span> <span class='ocrx_word' id='word_1_309' title='bbox 1725 3591 1916 3646; x_wconf 88' lang='lat' dir='ltr'><strong>dicens</strong></span> <span class='ocrx_word' id='word_1_310' title='bbox 1945 3609 1960 3646; x_wconf 90' lang='lat'><strong>:</strong></span> <span class='ocrx_word' id='word_1_311' title='bbox 1985 3594 2115 3647; x_wconf 85' lang='grc' dir='ltr'><strong>Μα-</strong></span> 
     </span>
    </p>
   </div>
   <div class='ocr_carea' id='block_1_40' title="bbox 415 3680 2106 3752">
    <p class='ocr_par' dir='ltr' id='par_1_40' title="bbox 415 3680 2106 3752">
     <span class='ocr_line' id='line_1_40' title="bbox 415 3680 2106 3752; baseline -0.001 -15"><span class='ocrx_word' id='word_1_312' title='bbox 415 3698 516 3737; x_wconf 89' lang='lat' dir='ltr'><strong>nus</strong></span> <span class='ocrx_word' id='word_1_313' title='bbox 542 3683 658 3752; x_wconf 84' lang='lat' dir='ltr'><strong>ejus</strong></span> <span class='ocrx_word' id='word_1_314' title='bbox 701 3689 752 3737; x_wconf 89' lang='lat' dir='ltr'><strong>et</strong></span> <span class='ocrx_word' id='word_1_315' title='bbox 785 3683 851 3736; x_wconf 88' lang='lat' dir='ltr'><strong>de</strong></span> <span class='ocrx_word' id='word_1_316' title='bbox 897 3697 1064 3735; x_wconf 89' lang='lat' dir='ltr'><strong>manu</strong></span> <span class='ocrx_word' id='word_1_317' title='bbox 1117 3682 1291 3747; x_wconf 88' lang='lat' dir='ltr'><strong>tribu;</strong></span> <span class='ocrx_word' id='word_1_318' title='bbox 1325 3697 1453 3752; x_wconf 66' lang='lat' dir='ltr'><strong>quae</strong></span> <span class='ocrx_word' id='word_1_319' title='bbox 1511 3680 1758 3734; x_wconf 91' lang='lat' dir='ltr'><strong>multum</strong></span> <span class='ocrx_word' id='word_1_320' title='bbox 1812 3680 2106 3736; x_wconf 76' lang='lat' dir='ltr'><strong>differunt.</strong></span> 
     </span>
    </p>
   </div>
   <div class='ocr_carea' id='block_1_41' title="bbox 416 3769 1718 3842">
    <p class='ocr_par' dir='ltr' id='par_1_41' title="bbox 416 3769 1718 3842">
     <span class='ocr_line' id='line_1_41' title="bbox 416 3769 1718 3842; baseline -0.002 -15"><span class='ocrx_word' id='word_1_321' title='bbox 416 3773 573 3842; x_wconf 82' lang='lat' dir='ltr'><strong>(AUG.</strong></span> <span class='ocrx_word' id='word_1_322' title='bbox 605 3781 662 3826; x_wconf 90' lang='lat' dir='ltr'><strong>et</strong></span> <span class='ocrx_word' id='word_1_323' title='bbox 687 3772 865 3838; x_wconf 62' lang='lat' dir='ltr'><strong>Cass.)</strong></span> <span class='ocrx_word' id='word_1_324' title='bbox 898 3769 1311 3842; x_wconf 84' lang='lat' dir='ltr'><strong>Mysticationes</strong></span> <span class='ocrx_word' id='word_1_325' title='bbox 1343 3769 1412 3824; x_wconf 94' lang='lat' dir='ltr'><strong>ab</strong></span> <span class='ocrx_word' id='word_1_326' title='bbox 1439 3770 1545 3823; x_wconf 90' lang='lat' dir='ltr'><strong>hoc</strong></span> <span class='ocrx_word' id='word_1_327' title='bbox 1573 3769 1718 3824; x_wconf 93' lang='lat' dir='ltr'><strong>loco.</strong></span> 
     </span>
    </p>
   </div>
   <div class='ocr_carea' id='block_1_42' title="bbox 488 3859 2110 3926">
    <p class='ocr_par' dir='ltr' id='par_1_42' title="bbox 488 3859 2110 3926">
     <span class='ocr_line' id='line_1_42' title="bbox 488 3859 2110 3926; baseline 0.001 -14"><span class='ocrx_word' id='word_1_328' title='bbox 488 3861 648 3916; x_wconf 76' lang='lat' dir='ltr'><strong>Vens.</strong></span> <span class='ocrx_word' id='word_1_329' title='bbox 694 3860 783 3925; x_wconf 90' lang='lat'><strong>44,</strong></span> <span class='ocrx_word' id='word_1_330' title='bbox 843 3861 930 3914; x_wconf 82' lang='lat'><strong>45.</strong></span> <span class='ocrx_word' id='word_1_331' title='bbox 988 3889 1058 3900; x_wconf 90' lang='lat'>—</span> <span class='ocrx_word' id='word_1_332' title='bbox 1113 3861 1184 3914; x_wconf 90' lang='lat' dir='ltr'><strong>Et</strong></span> <span class='ocrx_word' id='word_1_333' title='bbox 1225 3860 1504 3926; x_wconf 81' lang='lat' dir='ltr'><strong>convertit,</strong></span> <span class='ocrx_word' id='word_1_334' title='bbox 1562 3862 1668 3912; x_wconf 91' lang='lat' dir='ltr'><strong>etc.</strong></span> <span class='ocrx_word' id='word_1_335' title='bbox 1719 3860 1872 3912; x_wconf 82' lang='lat' dir='ltr'><strong>Misit</strong></span> <span class='ocrx_word' id='word_1_336' title='bbox 1915 3859 1975 3912; x_wconf 88' lang='lat' dir='ltr'><strong>in</strong></span> <span class='ocrx_word' id='word_1_337' title='bbox 2026 3874 2110 3914; x_wconf 88' lang='lat' dir='ltr'><strong>eos</strong></span> 
     </span>
    </p>
   </div>
   <div class='ocr_carea' id='block_1_43' title="bbox 415 3938 2120 4018">
    <p class='ocr_par' dir='ltr' id='par_1_43' title="bbox 415 3938 2120 4018">
     <span class='ocr_line' id='line_1_43' title="bbox 415 3938 2120 4018; baseline -0.002 -14"><span class='ocrx_word' id='word_1_338' title='bbox 415 3952 580 4016; x_wconf 86' lang='lat' dir='ltr'><strong>iram,</strong></span> <span class='ocrx_word' id='word_1_339' title='bbox 631 3954 736 4006; x_wconf 90' lang='lat' dir='ltr'><strong>etc.</strong></span> <span class='ocrx_word' id='word_1_340' title='bbox 795 3948 897 4002; x_wconf 80' lang='lat' dir='ltr'><strong>llic</strong></span> <span class='ocrx_word' id='word_1_341' title='bbox 927 3947 1129 4018; x_wconf 77' lang='lat' dir='ltr'><strong>incipit</strong></span> <span class='ocrx_word' id='word_1_342' title='bbox 1159 3961 1450 4016; x_wconf 81' lang='lat' dir='ltr'><strong>exponere</strong></span> <span class='ocrx_word' id='word_1_343' title='bbox 1507 3946 1705 4018; x_wconf 90' lang='lat' dir='ltr'><strong>plagas</strong></span> <span class='ocrx_word' id='word_1_344' title='bbox 1743 3951 1979 4017; x_wconf 81' lang='lat' dir='ltr'><strong>propter</strong></span> <span class='ocrx_word' id='word_1_345' title='bbox 2004 3938 2120 4001; x_wconf 12' lang='lat' dir='ltr'><strong>Ju-i</strong></span> 
     </span>
    </p>
   </div>
   <div class='ocr_carea' id='block_1_44' title="bbox 415 4015 2108 4107">
    <p class='ocr_par' dir='ltr' id='par_1_44' title="bbox 415 4015 2108 4107">
     <span class='ocr_line' id='line_1_44' title="bbox 415 4015 2108 4107; baseline -0.002 -15"><span class='ocrx_word' id='word_1_346' title='bbox 415 4015 672 4092; x_wconf 57' lang='lat' dir='ltr'><strong>divorum</strong></span> <span class='ocrx_word' id='word_1_347' title='bbox 702 4015 1099 4091; x_wconf 69' lang='lat' dir='ltr'><strong>liberationem</strong></span> <span class='ocrx_word' id='word_1_348' title='bbox 1119 4035 1179 4088; x_wconf 91' lang='lat' dir='ltr'><strong>in</strong></span> <span class='ocrx_word' id='word_1_349' title='bbox 1225 4037 1466 4107; x_wconf 61' lang='lat' dir='ltr'><strong>{Egypto</strong></span> <span class='ocrx_word' id='word_1_350' title='bbox 1508 4015 1710 4102; x_wconf 63' lang='lat' dir='ltr'><strong>iactas,</strong></span> <span class='ocrx_word' id='word_1_351' title='bbox 1739 4015 1794 4088; x_wconf 77' lang='lat' dir='ltr'><strong>et</strong></span> <span class='ocrx_word' id='word_1_352' title='bbox 1822 4015 1991 4105; x_wconf 79' lang='lat' dir='ltr'><strong>ponit</strong></span> <span class='ocrx_word' id='word_1_353' title='bbox 2009 4035 2108 4089; x_wconf 92' lang='lat' dir='ltr'><strong>de-</strong></span> 
     </span>
    </p>
   </div>
   <div class='ocr_carea' id='block_1_45' title="bbox 415 4123 2112 4202">
    <p class='ocr_par' dir='ltr' id='par_1_45' title="bbox 415 4123 2112 4202">
     <span class='ocr_line' id='line_1_45' title="bbox 415 4123 2112 4202; baseline -0.001 -23"><span class='ocrx_word' id='word_1_354' title='bbox 415 4142 537 4179; x_wconf 89' lang='lat' dir='ltr'><strong>cem</strong></span> <span class='ocrx_word' id='word_1_355' title='bbox 569 4130 785 4202; x_wconf 79' lang='lat' dir='ltr'><strong>plagas,</strong></span> <span class='ocrx_word' id='word_1_356' title='bbox 828 4125 972 4178; x_wconf 88' lang='lat' dir='ltr'><strong>sicut</strong></span> <span class='ocrx_word' id='word_1_357' title='bbox 1018 4126 1103 4195; x_wconf 34' lang='lat' dir='ltr'><strong>in,</strong></span> <span class='ocrx_word' id='word_1_358' title='bbox 1130 4124 1318 4178; x_wconf 83' lang='lat' dir='ltr'><strong>Exodo</strong></span> <span class='ocrx_word' id='word_1_359' title='bbox 1343 4125 1556 4178; x_wconf 92' lang='lat' dir='ltr'><strong>decem.</strong></span> <span class='ocrx_word' id='word_1_360' title='bbox 1590 4127 1890 4178; x_wconf 88' lang='lat' dir='ltr'><strong>Ponuntur</strong></span> <span class='ocrx_word' id='word_1_361' title='bbox 1921 4123 2112 4195; x_wconf 88' lang='lat' dir='ltr'><strong>aliqua</strong></span> 
     </span>
    </p>
   </div>
   <div class='ocr_carea' id='block_1_46' title="bbox 416 4213 2104 4284">
    <p class='ocr_par' dir='ltr' id='par_1_46' title="bbox 416 4213 2104 4284">
     <span class='ocr_line' id='line_1_46' title="bbox 416 4213 2104 4284; baseline -0.001 -16"><span class='ocrx_word' id='word_1_362' title='bbox 416 4220 610 4268; x_wconf 89' lang='lat' dir='ltr'><strong>tamen</strong></span> <span class='ocrx_word' id='word_1_363' title='bbox 639 4215 750 4280; x_wconf 91' lang='lat' dir='ltr'><strong>hic,</strong></span> <span class='ocrx_word' id='word_1_364' title='bbox 782 4231 911 4284; x_wconf 76' lang='lat' dir='ltr'><strong>quae</strong></span> <span class='ocrx_word' id='word_1_365' title='bbox 947 4230 1059 4266; x_wconf 92' lang='lat' dir='ltr'><strong>non</strong></span> <span class='ocrx_word' id='word_1_366' title='bbox 1087 4213 1142 4267; x_wconf 92' lang='lat' dir='ltr'><strong>in</strong></span> <span class='ocrx_word' id='word_1_367' title='bbox 1172 4213 1384 4278; x_wconf 81' lang='lat' dir='ltr'><strong>Exodo,</strong></span> <span class='ocrx_word' id='word_1_368' title='bbox 1414 4228 1542 4284; x_wconf 71' lang='lat' dir='ltr'><strong>quae</strong></span> <span class='ocrx_word' id='word_1_369' title='bbox 1569 4229 1686 4266; x_wconf 89' lang='lat' dir='ltr'><strong>non</strong></span> <span class='ocrx_word' id='word_1_370' title='bbox 1719 4213 2104 4282; x_wconf 82' lang='lat' dir='ltr'><strong>interpretari,</strong></span> 
     </span>
    </p>
   </div>
   <div class='ocr_carea' id='block_1_47' title="bbox 417 4300 2107 4373">
    <p class='ocr_par' dir='ltr' id='par_1_47' title="bbox 417 4300 2107 4373">
     <span class='ocr_line' id='line_1_47' title="bbox 417 4300 2107 4373; baseline -0.001 -18"><span class='ocrx_word' id='word_1_371' title='bbox 417 4302 524 4355; x_wconf 87' lang='lat' dir='ltr'><strong>nisi</strong></span> <span class='ocrx_word' id='word_1_372' title='bbox 555 4303 797 4373; x_wconf 86' lang='lat' dir='ltr'><strong>ﬁgurate</strong></span> <span class='ocrx_word' id='word_1_373' title='bbox 840 4317 1164 4372; x_wconf 88' lang='lat' dir='ltr'><strong>possumus,</strong></span> <span class='ocrx_word' id='word_1_374' title='bbox 1211 4300 1310 4355; x_wconf 91' lang='lat' dir='ltr'><strong>ubi</strong></span> <span class='ocrx_word' id='word_1_375' title='bbox 1340 4305 1397 4355; x_wconf 91' lang='lat' dir='ltr'><strong>et</strong></span> <span class='ocrx_word' id='word_1_376' title='bbox 1417 4317 1544 4372; x_wconf 68' lang='lat' dir='ltr'><strong>qua:</strong></span> <span class='ocrx_word' id='word_1_377' title='bbox 1573 4302 1720 4354; x_wconf 87' lang='lat' dir='ltr'><strong>facta</strong></span> <span class='ocrx_word' id='word_1_378' title='bbox 1747 4302 1982 4354; x_wconf 86' lang='lat' dir='ltr'><strong>fuerunt</strong></span> <span class='ocrx_word' id='word_1_379' title='bbox 2009 4319 2107 4372; x_wconf 90' lang='lat' dir='ltr'><strong>pa-</strong></span> 
     </span>
    </p>
   </div>
   <div class='ocr_carea' id='block_1_48' title="bbox 416 4388 2113 4459">
    <p class='ocr_par' dir='ltr' id='par_1_48' title="bbox 416 4388 2113 4459">
     <span class='ocr_line' id='line_1_48' title="bbox 416 4388 2113 4459; baseline -0.001 -14"><span class='ocrx_word' id='word_1_380' title='bbox 416 4391 625 4445; x_wconf 58' lang='lat' dir='ltr'><strong>rabolae</strong></span> <span class='ocrx_word' id='word_1_381' title='bbox 664 4389 950 4456; x_wconf 88' lang='lat' dir='ltr'><strong>dicuntur,</strong></span> <span class='ocrx_word' id='word_1_382' title='bbox 999 4389 1143 4443; x_wconf 87' lang='lat' dir='ltr'><strong>sicut</strong></span> <span class='ocrx_word' id='word_1_383' title='bbox 1172 4405 1323 4459; x_wconf 69' lang='lat' dir='ltr'><strong>saepe</strong></span> <span class='ocrx_word' id='word_1_384' title='bbox 1359 4389 1504 4443; x_wconf 91' lang='lat' dir='ltr'><strong>solet</strong></span> <span class='ocrx_word' id='word_1_385' title='bbox 1543 4397 1660 4443; x_wconf 82' lang='lat' dir='ltr'><strong>nOu</strong></span> <span class='ocrx_word' id='word_1_386' title='bbox 1697 4388 1904 4444; x_wconf 86' lang='lat' dir='ltr'><strong>seriem</strong></span> <span class='ocrx_word' id='word_1_387' title='bbox 1944 4389 2113 4444; x_wconf 87' lang='lat' dir='ltr'><strong>histo-</strong></span> 
     </span>
    </p>
   </div>
   <div class='ocr_carea' id='block_1_49' title="bbox 417 4478 2108 4550">
    <p class='ocr_par' dir='ltr' id='par_1_49' title="bbox 417 4478 2108 4550">
     <span class='ocr_line' id='line_1_49' title="bbox 417 4478 2108 4550; baseline -0.001 -17"><span class='ocrx_word' id='word_1_388' title='bbox 417 4480 516 4534; x_wconf 67' lang='grc' dir='ltr'><strong>τίω</strong></span> <span class='ocrx_word' id='word_1_389' title='bbox 547 4479 709 4550; x_wconf 86' lang='lat' dir='ltr'><strong>sequi</strong></span> <span class='ocrx_word' id='word_1_390' title='bbox 738 4495 751 4534; x_wconf 91' lang='lat'><strong>:</strong></span> <span class='ocrx_word' id='word_1_391' title='bbox 785 4480 882 4533; x_wconf 91' lang='lat' dir='ltr'><strong>sed</strong></span> <span class='ocrx_word' id='word_1_392' title='bbox 920 4478 1033 4532; x_wconf 90' lang='lat' dir='ltr'><strong>alia</strong></span> <span class='ocrx_word' id='word_1_393' title='bbox 1061 4478 1289 4538; x_wconf 89' lang='lat' dir='ltr'><strong>addere,</strong></span> <span class='ocrx_word' id='word_1_394' title='bbox 1313 4478 1401 4532; x_wconf 93' lang='lat' dir='ltr'><strong>vel</strong></span> <span class='ocrx_word' id='word_1_395' title='bbox 1449 4478 1716 4549; x_wconf 65' lang='lat' dir='ltr'><strong>quaedam</strong></span> <span class='ocrx_word' id='word_1_396' title='bbox 1757 4484 1978 4532; x_wconf 87' lang='lat' dir='ltr'><strong>mutare</strong></span> <span class='ocrx_word' id='word_1_397' title='bbox 2003 4495 2108 4550; x_wconf 90' lang='lat' dir='ltr'><strong>pro</strong></span> 
     </span>
    </p>
   </div>
   <div class='ocr_carea' id='block_1_50' title="bbox 416 4568 2106 4641">
    <p class='ocr_par' dir='ltr' id='par_1_50' title="bbox 416 4568 2106 4641">
     <span class='ocr_line' id='line_1_50' title="bbox 416 4568 2106 4641; baseline -0.001 -16"><span class='ocrx_word' id='word_1_398' title='bbox 416 4569 850 4641; x_wconf 85' lang='lat' dir='ltr'><strong>signiﬁcatione.</strong></span> <span class='ocrx_word' id='word_1_399' title='bbox 893 4569 1059 4636; x_wconf 88' lang='lat' dir='ltr'><strong>Aqua</strong></span> <span class='ocrx_word' id='word_1_400' title='bbox 1092 4585 1230 4637; x_wconf 89' lang='lat' dir='ltr'><strong>ergo</strong></span> <span class='ocrx_word' id='word_1_401' title='bbox 1255 4570 1313 4622; x_wconf 89' lang='lat' dir='ltr'><strong>in</strong></span> <span class='ocrx_word' id='word_1_402' title='bbox 1341 4571 1678 4636; x_wconf 89' lang='lat' dir='ltr'><strong>sanguinem,</strong></span> <span class='ocrx_word' id='word_1_403' title='bbox 1728 4568 2010 4640; x_wconf 88' lang='lat' dir='ltr'><strong>signiﬁcat</strong></span> <span class='ocrx_word' id='word_1_404' title='bbox 2037 4569 2106 4624; x_wconf 93' lang='lat' dir='ltr'><strong>de</strong></span> 
     </span>
    </p>
   </div>
   <div class='ocr_carea' id='block_1_51' title="bbox 417 4653 2108 4724">
    <p class='ocr_par' dir='ltr' id='par_1_51' title="bbox 417 4653 2108 4724">
     <span class='ocr_line' id='line_1_51' title="bbox 417 4653 2108 4724; baseline -0.002 -13"><span class='ocrx_word' id='word_1_405' title='bbox 417 4673 610 4711; x_wconf 83' lang='lat' dir='ltr'><strong>rerum</strong></span> <span class='ocrx_word' id='word_1_406' title='bbox 685 4656 870 4712; x_wconf 89' lang='lat' dir='ltr'><strong>causis</strong></span> <span class='ocrx_word' id='word_1_407' title='bbox 929 4655 1233 4709; x_wconf 87' lang='lat' dir='ltr'><strong>carnaliter</strong></span> <span class='ocrx_word' id='word_1_408' title='bbox 1284 4653 1514 4708; x_wconf 88' lang='lat' dir='ltr'><strong>sentire.</strong></span> <span class='ocrx_word' id='word_1_409' title='bbox 1555 4655 1842 4724; x_wconf 84' lang='lat' dir='ltr'><strong>Cynomia.</strong></span> <span class='ocrx_word' id='word_1_410' title='bbox 1905 4654 2108 4710; x_wconf 90' lang='lat' dir='ltr'><strong>Canini</strong></span> 
     </span>
    </p>
   </div>
   <div class='ocr_carea' id='block_1_52' title="bbox 415 4741 1502 4812">
    <p class='ocr_par' dir='ltr' id='par_1_52' title="bbox 415 4741 1502 4812">
     <span class='ocr_line' id='line_1_52' title="bbox 415 4741 1502 4812; baseline -0.004 -12"><span class='ocrx_word' id='word_1_411' title='bbox 415 4761 603 4800; x_wconf 90' lang='lat' dir='ltr'><strong>mores</strong></span> <span class='ocrx_word' id='word_1_412' title='bbox 631 4749 780 4798; x_wconf 89' lang='lat' dir='ltr'><strong>sunt.</strong></span> <span class='ocrx_word' id='word_1_413' title='bbox 804 4747 980 4800; x_wconf 85' lang='lat' dir='ltr'><strong>Rana.</strong></span> <span class='ocrx_word' id='word_1_414' title='bbox 1006 4744 1233 4812; x_wconf 82' lang='lat' dir='ltr'><strong>Loquax</strong></span> <span class='ocrx_word' id='word_1_415' title='bbox 1265 4741 1502 4796; x_wconf 89' lang='lat' dir='ltr'><strong>vanitas.</strong></span> 
     </span>
    </p>
   </div>
   <div class='ocr_carea' id='block_1_53' title="bbox 484 4829 2104 4900">
    <p class='ocr_par' dir='ltr' id='par_1_53' title="bbox 484 4829 2104 4900">
     <span class='ocr_line' id='line_1_53' title="bbox 484 4829 2104 4900; baseline -0.001 -13"><span class='ocrx_word' id='word_1_416' title='bbox 484 4835 646 4888; x_wconf 70' lang='lat' dir='ltr'><strong>Vens.</strong></span> <span class='ocrx_word' id='word_1_417' title='bbox 675 4835 764 4899; x_wconf 88' lang='grc'><strong>46,</strong></span> <span class='ocrx_word' id='word_1_418' title='bbox 806 4833 894 4886; x_wconf 83' lang='grc'><strong>47.</strong></span> <span class='ocrx_word' id='word_1_419' title='bbox 929 4860 996 4871; x_wconf 91' lang='grc'><strong><em>-</em></strong></span> <span class='ocrx_word' id='word_1_420' title='bbox 1037 4833 1256 4898; x_wconf 66' lang='grc' dir='ltr'><strong>λΕνυςιο.</strong></span> <span class='ocrx_word' id='word_1_421' title='bbox 1304 4829 1484 4893; x_wconf 87' lang='lat' dir='ltr'><strong>Quam</strong></span> <span class='ocrx_word' id='word_1_422' title='bbox 1514 4829 1610 4883; x_wconf 86' lang='lat' dir='ltr'><strong>alii</strong></span> <span class='ocrx_word' id='word_1_423' title='bbox 1639 4829 1968 4900; x_wconf 88' lang='lat' dir='ltr'><strong>rubiginem</strong></span> <span class='ocrx_word' id='word_1_424' title='bbox 2015 4830 2104 4885; x_wconf 92' lang='lat' dir='ltr'><strong>in-</strong></span> 
     </span>
    </p>
   </div>
   <div class='ocr_carea' id='block_1_54' title="bbox 412 4917 2105 4991">
    <p class='ocr_par' dir='ltr' id='par_1_54' title="bbox 412 4917 2105 4991">
     <span class='ocr_line' id='line_1_54' title="bbox 412 4917 2105 4991; baseline -0.001 -16"><span class='ocrx_word' id='word_1_425' title='bbox 412 4925 822 4991; x_wconf 84' lang='lat' dir='ltr'><strong>terpretantur,</strong></span> <span class='ocrx_word' id='word_1_426' title='bbox 873 4922 1040 4972; x_wconf 87' lang='lat' dir='ltr'><strong>nocet</strong></span> <span class='ocrx_word' id='word_1_427' title='bbox 1090 4919 1326 4982; x_wconf 89' lang='lat' dir='ltr'><strong>occulte,</strong></span> <span class='ocrx_word' id='word_1_428' title='bbox 1377 4933 1506 4988; x_wconf 69' lang='lat' dir='ltr'><strong>quae</strong></span> <span class='ocrx_word' id='word_1_429' title='bbox 1561 4924 1927 4987; x_wconf 89' lang='lat' dir='ltr'><strong>comparatur</strong></span> <span class='ocrx_word' id='word_1_430' title='bbox 1968 4917 2105 4973; x_wconf 88' lang='lat' dir='ltr'><strong>vitio</strong></span> 
     </span>
    </p>
   </div>
   <div class='ocr_carea' id='block_1_55' title="bbox 411 5006 2098 5081">
    <p class='ocr_par' dir='ltr' id='par_1_55' title="bbox 411 5006 2098 5081">
     <span class='ocr_line' id='line_1_55' title="bbox 411 5006 2098 5081; baseline -0.002 -17"><span class='ocrx_word' id='word_1_431' title='bbox 411 5009 565 5081; x_wconf 92' lang='lat' dir='ltr'><strong>quod</strong></span> <span class='ocrx_word' id='word_1_432' title='bbox 594 5009 822 5063; x_wconf 79' lang='lat' dir='ltr'><strong>difﬁcile</strong></span> <span class='ocrx_word' id='word_1_433' title='bbox 853 5011 1108 5077; x_wconf 89' lang='lat' dir='ltr'><strong>apparet,</strong></span> <span class='ocrx_word' id='word_1_434' title='bbox 1160 5008 1225 5059; x_wconf 91' lang='lat' dir='ltr'><strong>ut</strong></span> <span class='ocrx_word' id='word_1_435' title='bbox 1278 5010 1362 5060; x_wconf 90' lang='lat' dir='ltr'><strong>est</strong></span> <span class='ocrx_word' id='word_1_436' title='bbox 1417 5006 1666 5059; x_wconf 90' lang='lat' dir='ltr'><strong>multum</strong></span> <span class='ocrx_word' id='word_1_437' title='bbox 1715 5007 1891 5061; x_wconf 88' lang='lat' dir='ltr'><strong>ﬁdere</strong></span> <span class='ocrx_word' id='word_1_438' title='bbox 1923 5006 1992 5060; x_wconf 91' lang='lat' dir='ltr'><strong>de</strong></span> <span class='ocrx_word' id='word_1_439' title='bbox 2022 5022 2098 5061; x_wconf 87' lang='lat' dir='ltr'><strong>se.</strong></span> 
     </span>
    </p>
   </div>
   <div class='ocr_carea' id='block_1_56' title="bbox 410 5095 2098 5166">
    <p class='ocr_par' dir='ltr' id='par_1_56' title="bbox 410 5095 2098 5166">
     <span class='ocr_line' id='line_1_56' title="bbox 410 5095 2098 5166; baseline -0.003 -13"><span class='ocrx_word' id='word_1_440' title='bbox 410 5103 564 5153; x_wconf 83' lang='lat' dir='ltr'><strong>Aura</strong></span> <span class='ocrx_word' id='word_1_441' title='bbox 593 5098 746 5152; x_wconf 84' lang='lat' dir='ltr'><strong>enim</strong></span> <span class='ocrx_word' id='word_1_442' title='bbox 787 5097 953 5151; x_wconf 84' lang='lat' dir='ltr'><strong>noxia</strong></span> <span class='ocrx_word' id='word_1_443' title='bbox 979 5097 1086 5150; x_wconf 90' lang='lat' dir='ltr'><strong>hoc</strong></span> <span class='ocrx_word' id='word_1_444' title='bbox 1115 5095 1174 5148; x_wconf 91' lang='lat' dir='ltr'><strong>in</strong></span> <span class='ocrx_word' id='word_1_445' title='bbox 1205 5095 1482 5149; x_wconf 88' lang='lat' dir='ltr'><strong>fructibus</strong></span> <span class='ocrx_word' id='word_1_446' title='bbox 1505 5099 1778 5166; x_wconf 89' lang='lat' dir='ltr'><strong>operatur</strong></span> <span class='ocrx_word' id='word_1_447' title='bbox 1805 5095 2053 5149; x_wconf 87' lang='lat' dir='ltr'><strong>latenter</strong></span> <span class='ocrx_word' id='word_1_448' title='bbox 2084 5112 2098 5149; x_wconf 93' lang='lat'><strong>:</strong></span> 
     </span>
    </p>
   </div>
   <div class='ocr_carea' id='block_1_57' title="bbox 411 5183 2102 5254">
    <p class='ocr_par' dir='ltr' id='par_1_57' title="bbox 411 5183 2102 5254">
     <span class='ocr_line' id='line_1_57' title="bbox 411 5183 2102 5254; baseline -0.002 -13"><span class='ocrx_word' id='word_1_449' title='bbox 411 5188 491 5241; x_wconf 90' lang='lat' dir='ltr'><strong>sic</strong></span> <span class='ocrx_word' id='word_1_450' title='bbox 518 5186 579 5241; x_wconf 90' lang='lat' dir='ltr'><strong>in</strong></span> <span class='ocrx_word' id='word_1_451' title='bbox 622 5186 876 5241; x_wconf 87' lang='lat' dir='ltr'><strong>moribus</strong></span> <span class='ocrx_word' id='word_1_452' title='bbox 930 5185 1151 5239; x_wconf 88' lang='lat' dir='ltr'><strong>occulta</strong></span> <span class='ocrx_word' id='word_1_453' title='bbox 1201 5183 1485 5254; x_wconf 85' lang='lat' dir='ltr'><strong>superbia,</strong></span> <span class='ocrx_word' id='word_1_454' title='bbox 1528 5199 1659 5237; x_wconf 92' lang='lat' dir='ltr'><strong>cum</strong></span> <span class='ocrx_word' id='word_1_455' title='bbox 1696 5188 1862 5253; x_wconf 84' lang='lat' dir='ltr'><strong>putat</strong></span> <span class='ocrx_word' id='word_1_456' title='bbox 1903 5200 1961 5237; x_wconf 89' lang='lat' dir='ltr'><strong>se</strong></span> <span class='ocrx_word' id='word_1_457' title='bbox 1990 5183 2102 5237; x_wconf 87' lang='lat' dir='ltr'><strong>ali-</strong></span> 
     </span>
    </p>
   </div>
   <div class='ocr_carea' id='block_1_58' title="bbox 413 5271 2097 5346">
    <p class='ocr_par' dir='ltr' id='par_1_58' title="bbox 413 5271 2097 5346">
     <span class='ocr_line' id='line_1_58' title="bbox 413 5271 2097 5346; baseline -0.002 -16"><span class='ocrx_word' id='word_1_458' title='bbox 413 5275 553 5346; x_wconf 89' lang='lat' dir='ltr'><strong>quid</strong></span> <span class='ocrx_word' id='word_1_459' title='bbox 581 5291 704 5330; x_wconf 88' lang='lat' dir='ltr'><strong>esse</strong></span> <span class='ocrx_word' id='word_1_460' title='bbox 732 5275 833 5346; x_wconf 91' lang='lat' dir='ltr'><strong>qui</strong></span> <span class='ocrx_word' id='word_1_461' title='bbox 853 5273 998 5329; x_wconf 88' lang='lat' dir='ltr'><strong>nihil</strong></span> <span class='ocrx_word' id='word_1_462' title='bbox 1029 5277 1131 5328; x_wconf 88' lang='lat' dir='ltr'><strong>est.</strong></span> <span class='ocrx_word' id='word_1_463' title='bbox 1181 5275 1429 5328; x_wconf 86' lang='lat' dir='ltr'><strong>Locusta.</strong></span> <span class='ocrx_word' id='word_1_464' title='bbox 1465 5271 1676 5327; x_wconf 80' lang='lat' dir='ltr'><strong>Malitia</strong></span> <span class='ocrx_word' id='word_1_465' title='bbox 1731 5283 1828 5326; x_wconf 79' lang='lat' dir='ltr'><strong>ore</strong></span> <span class='ocrx_word' id='word_1_466' title='bbox 1859 5272 2097 5340; x_wconf 63' lang='lat' dir='ltr'><strong>laedens,</strong></span> 
     </span>
    </p>
   </div>
   <div class='ocr_carea' id='block_1_59' title="bbox 412 5361 1250 5419">
    <p class='ocr_par' dir='ltr' id='par_1_59' title="bbox 412 5361 1250 5419">
     <span class='ocr_line' id='line_1_59' title="bbox 412 5361 1250 5419; baseline -0.001 -2"><span class='ocrx_word' id='word_1_467' title='bbox 412 5364 631 5418; x_wconf 88' lang='lat' dir='ltr'><strong>inﬁdeli</strong></span> <span class='ocrx_word' id='word_1_468' title='bbox 660 5364 873 5418; x_wconf 90' lang='lat' dir='ltr'><strong>scilicet</strong></span> <span class='ocrx_word' id='word_1_469' title='bbox 900 5361 1250 5419; x_wconf 89' lang='lat' dir='ltr'><strong>testimonio.</strong></span> 
     </span>
    </p>
   </div>
   <div class='ocr_carea' id='block_1_60' title="bbox 483 5457 2099 5531">
    <p class='ocr_par' dir='ltr' id='par_1_60' title="bbox 483 5457 2099 5531">
     <span class='ocr_line' id='line_1_60' title="bbox 483 5457 2099 5531; baseline -0.003 -14"><span class='ocrx_word' id='word_1_470' title='bbox 483 5461 725 5517; x_wconf 83' lang='lat' dir='ltr'><strong>Grande.</strong></span> <span class='ocrx_word' id='word_1_471' title='bbox 831 5463 925 5516; x_wconf 90' lang='lat' dir='ltr'><strong>Est</strong></span> <span class='ocrx_word' id='word_1_472' title='bbox 1034 5460 1305 5531; x_wconf 87' lang='lat' dir='ltr'><strong>iniquitas</strong></span> <span class='ocrx_word' id='word_1_473' title='bbox 1383 5476 1473 5514; x_wconf 90' lang='lat' dir='ltr'><strong>res</strong></span> <span class='ocrx_word' id='word_1_474' title='bbox 1547 5459 1732 5514; x_wconf 89' lang='lat' dir='ltr'><strong>aliena</strong></span> <span class='ocrx_word' id='word_1_475' title='bbox 1798 5457 2099 5528; x_wconf 83' lang='lat' dir='ltr'><strong>auferens;</strong></span> 
     </span>
    </p>
   </div>
   <div class='ocr_carea' id='block_1_61' title="bbox 410 5547 2096 5621">
    <p class='ocr_par' dir='ltr' id='par_1_61' title="bbox 410 5547 2096 5621">
     <span class='ocr_line' id='line_1_61' title="bbox 410 5547 2096 5621; baseline 0 -19"><span class='ocrx_word' id='word_1_476' title='bbox 410 5547 564 5604; x_wconf 90' lang='lat' dir='ltr'><strong>unde</strong></span> <span class='ocrx_word' id='word_1_477' title='bbox 600 5549 770 5613; x_wconf 87' lang='lat' dir='ltr'><strong>furta,</strong></span> <span class='ocrx_word' id='word_1_478' title='bbox 799 5550 1033 5621; x_wconf 68' lang='lat' dir='ltr'><strong>rapinae,</strong></span> <span class='ocrx_word' id='word_1_479' title='bbox 1061 5549 1290 5621; x_wconf 66' lang='lat' dir='ltr'><strong>praedm.</strong></span> <span class='ocrx_word' id='word_1_480' title='bbox 1325 5548 1457 5602; x_wconf 88' lang='lat' dir='ltr'><strong>Plus</strong></span> <span class='ocrx_word' id='word_1_481' title='bbox 1485 5552 1677 5602; x_wconf 85' lang='lat' dir='ltr'><strong>autem</strong></span> <span class='ocrx_word' id='word_1_482' title='bbox 1711 5547 1846 5601; x_wconf 91' lang='lat' dir='ltr'><strong>vitio</strong></span> <span class='ocrx_word' id='word_1_483' title='bbox 1867 5563 1969 5602; x_wconf 91' lang='lat' dir='ltr'><strong>suo</strong></span> <span class='ocrx_word' id='word_1_484' title='bbox 1997 5563 2096 5602; x_wconf 88' lang='lat' dir='ltr'><strong>va-</strong></span> 
     </span>
    </p>
   </div>
   <div class='ocr_carea' id='block_1_62' title="bbox 2240 499 3906 573">
    <p class='ocr_par' dir='ltr' id='par_1_62' title="bbox 2240 499 3906 573">
     <span class='ocr_line' id='line_1_62' title="bbox 2240 499 3906 573; baseline 0.001 -19"><span class='ocrx_word' id='word_1_485' title='bbox 2240 500 2487 573; x_wconf 87' lang='lat' dir='ltr'><strong>proximi</strong></span> <span class='ocrx_word' id='word_1_486' title='bbox 2542 499 2800 556; x_wconf 64' lang='lat' dir='ltr'><strong>stultitim</strong></span> <span class='ocrx_word' id='word_1_487' title='bbox 2854 500 3110 555; x_wconf 89' lang='lat' dir='ltr'><strong>tenebris</strong></span> <span class='ocrx_word' id='word_1_488' title='bbox 3165 500 3330 572; x_wconf 90' lang='lat' dir='ltr'><strong>quasi</strong></span> <span class='ocrx_word' id='word_1_489' title='bbox 3388 506 3664 556; x_wconf 91' lang='lat' dir='ltr'><strong>nocturno</strong></span> <span class='ocrx_word' id='word_1_490' title='bbox 3723 501 3906 572; x_wconf 87' lang='lat' dir='ltr'><strong>frigore</strong></span> 
     </span>
    </p>
   </div>
   <div class='ocr_carea' id='block_1_63' title="bbox 2239 589 2606 662">
    <p class='ocr_par' dir='ltr' id='par_1_63' title="bbox 2239 589 2606 662">
     <span class='ocr_line' id='line_1_63' title="bbox 2239 589 2606 662; baseline 0 -18"><span class='ocrx_word' id='word_1_491' title='bbox 2239 589 2606 662; x_wconf 89' lang='lat' dir='ltr'><strong>congelascit.</strong></span> 
     </span>
    </p>
   </div>
   <div class='ocr_carea' id='block_1_64' title="bbox 2313 677 3900 744">
    <p class='ocr_par' dir='ltr' id='par_1_64' title="bbox 2313 677 3900 744">
     <span class='ocr_line' id='line_1_64' title="bbox 2313 677 3900 744; baseline -0.001 -12"><span class='ocrx_word' id='word_1_492' title='bbox 2313 679 2471 733; x_wconf 72' lang='lat' dir='ltr'><strong>Vens.</strong></span> <span class='ocrx_word' id='word_1_493' title='bbox 2504 679 2593 732; x_wconf 88' lang='grc'><strong>48.</strong></span> <span class='ocrx_word' id='word_1_494' title='bbox 2632 708 2700 716; x_wconf 88' lang='grc'><strong><em>-</em></strong></span> <span class='ocrx_word' id='word_1_495' title='bbox 2756 679 2925 744; x_wconf 86' lang='lat' dir='ltr'><strong>Ignis.</strong></span> <span class='ocrx_word' id='word_1_496' title='bbox 2971 677 3080 741; x_wconf 86' lang='lat' dir='ltr'><strong>Qui</strong></span> <span class='ocrx_word' id='word_1_497' title='bbox 3125 693 3241 732; x_wconf 90' lang='lat' dir='ltr'><strong>non</strong></span> <span class='ocrx_word' id='word_1_498' title='bbox 3288 678 3348 731; x_wconf 93' lang='lat' dir='ltr'><strong>in</strong></span> <span class='ocrx_word' id='word_1_499' title='bbox 3408 677 3596 732; x_wconf 84' lang='lat' dir='ltr'><strong>Exodo</strong></span> <span class='ocrx_word' id='word_1_500' title='bbox 3647 677 3755 731; x_wconf 90' lang='lat' dir='ltr'><strong>nisi</strong></span> <span class='ocrx_word' id='word_1_501' title='bbox 3789 693 3900 731; x_wconf 90' lang='lat' dir='ltr'><strong>cum</strong></span> 
     </span>
    </p>
   </div>
   <div class='ocr_carea' id='block_1_65' title="bbox 2240 765 3903 838">
    <p class='ocr_par' dir='ltr' id='par_1_65' title="bbox 2240 765 3903 838">
     <span class='ocr_line' id='line_1_65' title="bbox 2240 765 3903 838; baseline -0.001 -17"><span class='ocrx_word' id='word_1_502' title='bbox 2240 767 2521 838; x_wconf 88' lang='lat' dir='ltr'><strong>grandine</strong></span> <span class='ocrx_word' id='word_1_503' title='bbox 2542 766 2603 820; x_wconf 92' lang='lat' dir='ltr'><strong>in</strong></span> <span class='ocrx_word' id='word_1_504' title='bbox 2623 766 2970 837; x_wconf 86' lang='lat' dir='ltr'><strong>fulguribus,</strong></span> <span class='ocrx_word' id='word_1_505' title='bbox 3003 772 3068 820; x_wconf 93' lang='lat' dir='ltr'><strong>ut</strong></span> <span class='ocrx_word' id='word_1_506' title='bbox 3085 765 3302 820; x_wconf 86' lang='lat' dir='ltr'><strong>fructus</strong></span> <span class='ocrx_word' id='word_1_507' title='bbox 3330 766 3584 833; x_wconf 65' lang='lat' dir='ltr'><strong>ﬁnderet,</strong></span> <span class='ocrx_word' id='word_1_508' title='bbox 3610 767 3903 837; x_wconf 84' lang='lat' dir='ltr'><strong>accipitur:</strong></span> 
     </span>
    </p>
   </div>
   <div class='ocr_carea' id='block_1_66' title="bbox 2238 854 3907 928">
    <p class='ocr_par' dir='ltr' id='par_1_66' title="bbox 2238 854 3907 928">
     <span class='ocr_line' id='line_1_66' title="bbox 2238 854 3907 928; baseline -0.001 -18"><span class='ocrx_word' id='word_1_509' title='bbox 2238 856 2339 928; x_wconf 91' lang='lat' dir='ltr'><strong>qui</strong></span> <span class='ocrx_word' id='word_1_510' title='bbox 2371 864 2562 910; x_wconf 85' lang='lat' dir='ltr'><strong>tamen</strong></span> <span class='ocrx_word' id='word_1_511' title='bbox 2583 872 2698 908; x_wconf 91' lang='lat' dir='ltr'><strong>non</strong></span> <span class='ocrx_word' id='word_1_512' title='bbox 2731 855 2942 925; x_wconf 90' lang='lat' dir='ltr'><strong>legitur</strong></span> <span class='ocrx_word' id='word_1_513' title='bbox 2969 855 3354 925; x_wconf 89' lang='lat' dir='ltr'><strong>possessiones</strong></span> <span class='ocrx_word' id='word_1_514' title='bbox 3385 855 3723 920; x_wconf 86' lang='lat' dir='ltr'><strong>incendisse,</strong></span> <span class='ocrx_word' id='word_1_515' title='bbox 3755 854 3907 924; x_wconf 86' lang='lat' dir='ltr'><strong>signi-</strong></span> 
     </span>
    </p>
   </div>
   <div class='ocr_carea' id='block_1_67' title="bbox 2237 940 3905 1013">
    <p class='ocr_par' dir='ltr' id='par_1_67' title="bbox 2237 940 3905 1013">
     <span class='ocr_line' id='line_1_67' title="bbox 2237 940 3905 1013; baseline -0.002 -16"><span class='ocrx_word' id='word_1_516' title='bbox 2237 944 2368 998; x_wconf 87' lang='lat' dir='ltr'><strong>ﬁcat</strong></span> <span class='ocrx_word' id='word_1_517' title='bbox 2395 943 2818 997; x_wconf 89' lang='lat' dir='ltr'><strong>immanitatem</strong></span> <span class='ocrx_word' id='word_1_518' title='bbox 2846 942 3178 1007; x_wconf 68' lang='lat' dir='ltr'><strong>iracundiae,</strong></span> <span class='ocrx_word' id='word_1_519' title='bbox 3217 959 3330 1013; x_wconf 89' lang='lat' dir='ltr'><strong>qua</strong></span> <span class='ocrx_word' id='word_1_520' title='bbox 3359 947 3414 996; x_wconf 89' lang='lat' dir='ltr'><strong>et</strong></span> <span class='ocrx_word' id='word_1_521' title='bbox 3443 941 3812 996; x_wconf 87' lang='lat' dir='ltr'><strong>homicidium</strong></span> <span class='ocrx_word' id='word_1_522' title='bbox 3833 940 3905 994; x_wconf 83' lang='lat' dir='ltr'><strong>ﬁt.</strong></span> 
     </span>
    </p>
   </div>
   <div class='ocr_carea' id='block_1_68' title="bbox 2239 1030 3906 1103">
    <p class='ocr_par' dir='ltr' id='par_1_68' title="bbox 2239 1030 3906 1103">
     <span class='ocr_line' id='line_1_68' title="bbox 2239 1030 3906 1103; baseline -0.001 -17"><span class='ocrx_word' id='word_1_523' title='bbox 2239 1034 2413 1087; x_wconf 84' lang='lat' dir='ltr'><strong>Morte</strong></span> <span class='ocrx_word' id='word_1_524' title='bbox 2439 1048 2736 1103; x_wconf 89' lang='lat' dir='ltr'><strong>pecorum,</strong></span> <span class='ocrx_word' id='word_1_525' title='bbox 2801 1030 3092 1101; x_wconf 65' lang='lat' dir='ltr'><strong>pudicitiae</strong></span> <span class='ocrx_word' id='word_1_526' title='bbox 3125 1031 3401 1084; x_wconf 88' lang='lat' dir='ltr'><strong>damnum</strong></span> <span class='ocrx_word' id='word_1_527' title='bbox 3453 1032 3730 1102; x_wconf 87' lang='lat' dir='ltr'><strong>signatur.</strong></span> <span class='ocrx_word' id='word_1_528' title='bbox 3778 1031 3906 1085; x_wconf 92' lang='lat' dir='ltr'><strong>Con-</strong></span> 
     </span>
    </p>
   </div>
   <div class='ocr_carea' id='block_1_69' title="bbox 2237 1118 3908 1191">
    <p class='ocr_par' dir='ltr' id='par_1_69' title="bbox 2237 1118 3908 1191">
     <span class='ocr_line' id='line_1_69' title="bbox 2237 1118 3908 1191; baseline -0.001 -17"><span class='ocrx_word' id='word_1_529' title='bbox 2237 1120 2607 1191; x_wconf 89' lang='lat' dir='ltr'><strong>cupiscentia,</strong></span> <span class='ocrx_word' id='word_1_530' title='bbox 2662 1136 2775 1190; x_wconf 90' lang='lat' dir='ltr'><strong>qua</strong></span> <span class='ocrx_word' id='word_1_531' title='bbox 2821 1121 2988 1174; x_wconf 67' lang='lat' dir='ltr'><strong>fretus</strong></span> <span class='ocrx_word' id='word_1_532' title='bbox 3033 1119 3233 1187; x_wconf 89' lang='lat' dir='ltr'><strong>oritur,</strong></span> <span class='ocrx_word' id='word_1_533' title='bbox 3279 1121 3602 1174; x_wconf 89' lang='lat' dir='ltr'><strong>communis</strong></span> <span class='ocrx_word' id='word_1_534' title='bbox 3633 1124 3720 1173; x_wconf 91' lang='lat' dir='ltr'><strong>est</strong></span> <span class='ocrx_word' id='word_1_535' title='bbox 3763 1118 3908 1173; x_wconf 89' lang='lat' dir='ltr'><strong>nobis</strong></span> 
     </span>
    </p>
   </div>
   <div class='ocr_carea' id='block_1_70' title="bbox 2238 1196 3908 1281">
    <p class='ocr_par' dir='ltr' id='par_1_70' title="bbox 2238 1196 3908 1281">
     <span class='ocr_line' id='line_1_70' title="bbox 2238 1196 3908 1281; baseline -0.002 -17"><span class='ocrx_word' id='word_1_536' title='bbox 2238 1227 2366 1264; x_wconf 90' lang='lat' dir='ltr'><strong>cum</strong></span> <span class='ocrx_word' id='word_1_537' title='bbox 2398 1210 2697 1281; x_wconf 90' lang='lat' dir='ltr'><strong>pecoribus</strong></span> <span class='ocrx_word' id='word_1_538' title='bbox 2721 1226 2732 1263; x_wconf 88' lang='lat'><strong>:</strong></span> <span class='ocrx_word' id='word_1_539' title='bbox 2759 1196 2904 1262; x_wconf 84' lang='lat' dir='ltr'><strong>hanc</strong></span> <span class='ocrx_word' id='word_1_540' title='bbox 2932 1208 3143 1262; x_wconf 90' lang='lat' dir='ltr'><strong>habere</strong></span> <span class='ocrx_word' id='word_1_541' title='bbox 3171 1208 3446 1262; x_wconf 88' lang='lat' dir='ltr'><strong>domitam</strong></span> <span class='ocrx_word' id='word_1_542' title='bbox 3479 1213 3536 1262; x_wconf 90' lang='lat' dir='ltr'><strong>et</strong></span> <span class='ocrx_word' id='word_1_543' title='bbox 3583 1208 3908 1271; x_wconf 87' lang='lat' dir='ltr'><strong>ordinatam,</strong></span> 
     </span>
    </p>
   </div>
   <div class='ocr_carea' id='block_1_71' title="bbox 2237 1295 3911 1368">
    <p class='ocr_par' dir='ltr' id='par_1_71' title="bbox 2237 1295 3911 1368">
     <span class='ocr_line' id='line_1_71' title="bbox 2237 1295 3911 1368; baseline -0.002 -16"><span class='ocrx_word' id='word_1_544' title='bbox 2237 1298 2529 1368; x_wconf 73' lang='lat' dir='ltr'><strong>pudicitiae</strong></span> <span class='ocrx_word' id='word_1_545' title='bbox 2560 1298 2736 1351; x_wconf 90' lang='lat' dir='ltr'><strong>virtus</strong></span> <span class='ocrx_word' id='word_1_546' title='bbox 2766 1302 2870 1351; x_wconf 92' lang='lat' dir='ltr'><strong>est.</strong></span> <span class='ocrx_word' id='word_1_547' title='bbox 2924 1299 3068 1352; x_wconf 87' lang='lat' dir='ltr'><strong>Mors</strong></span> <span class='ocrx_word' id='word_1_548' title='bbox 3095 1295 3521 1366; x_wconf 81' lang='lat' dir='ltr'><strong>primitivorum.</strong></span> <span class='ocrx_word' id='word_1_549' title='bbox 3553 1295 3796 1350; x_wconf 87' lang='lat' dir='ltr'><strong>Amissio</strong></span> <span class='ocrx_word' id='word_1_550' title='bbox 3840 1301 3911 1349; x_wconf 89' lang='lat' dir='ltr'><strong>est</strong></span> 
     </span>
    </p>
   </div>
   <div class='ocr_carea' id='block_1_72' title="bbox 2230 1382 3907 1458">
    <p class='ocr_par' dir='ltr' id='par_1_72' title="bbox 2230 1382 3907 1458">
     <span class='ocr_line' id='line_1_72' title="bbox 2230 1382 3907 1458; baseline -0.002 -17"><span class='ocrx_word' id='word_1_551' title='bbox 2230 1386 2472 1458; x_wconf 72' lang='lat' dir='ltr'><strong>justitite</strong></span> <span class='ocrx_word' id='word_1_552' title='bbox 2515 1403 2630 1458; x_wconf 91' lang='lat' dir='ltr'><strong>qua</strong></span> <span class='ocrx_word' id='word_1_553' title='bbox 2686 1382 2930 1458; x_wconf 79' lang='lat' dir='ltr'><strong>quisque</strong></span> <span class='ocrx_word' id='word_1_554' title='bbox 2973 1386 3229 1440; x_wconf 90' lang='lat' dir='ltr'><strong>humano</strong></span> <span class='ocrx_word' id='word_1_555' title='bbox 3291 1385 3490 1456; x_wconf 89' lang='lat' dir='ltr'><strong>generi</strong></span> <span class='ocrx_word' id='word_1_556' title='bbox 3547 1385 3776 1439; x_wconf 82' lang='lat' dir='ltr'><strong>socialis</strong></span> <span class='ocrx_word' id='word_1_557' title='bbox 3819 1390 3907 1438; x_wconf 86' lang='lat' dir='ltr'><strong>est.</strong></span> 
     </span>
    </p>
   </div>
   <div class='ocr_carea' id='block_1_73' title="bbox 2239 1473 3909 1546">
    <p class='ocr_par' dir='ltr' id='par_1_73' title="bbox 2239 1473 3909 1546">
     <span class='ocr_line' id='line_1_73' title="bbox 2239 1473 3909 1546; baseline -0.004 -16"><span class='ocrx_word' id='word_1_558' title='bbox 2239 1477 2444 1530; x_wconf 85' lang='lat' dir='ltr'><strong>Decem</strong></span> <span class='ocrx_word' id='word_1_559' title='bbox 2490 1475 2674 1546; x_wconf 89' lang='lat' dir='ltr'><strong>plagis</strong></span> <span class='ocrx_word' id='word_1_560' title='bbox 2719 1474 2974 1545; x_wconf 89' lang='lat' dir='ltr'><strong>percussi</strong></span> <span class='ocrx_word' id='word_1_561' title='bbox 3023 1478 3155 1528; x_wconf 91' lang='lat' dir='ltr'><strong>sunt</strong></span> <span class='ocrx_word' id='word_1_562' title='bbox 3199 1473 3450 1544; x_wconf 63' lang='lat' dir='ltr'><strong>A‘lgyptii</strong></span> <span class='ocrx_word' id='word_1_563' title='bbox 3496 1477 3696 1528; x_wconf 87' lang='lat' dir='ltr'><strong>contra</strong></span> <span class='ocrx_word' id='word_1_564' title='bbox 3736 1473 3909 1527; x_wconf 89' lang='lat' dir='ltr'><strong>decem</strong></span> 
     </span>
    </p>
   </div>
   <div class='ocr_carea' id='block_1_74' title="bbox 2235 1561 3912 1636">
    <p class='ocr_par' dir='ltr' id='par_1_74' title="bbox 2235 1561 3912 1636">
     <span class='ocr_line' id='line_1_74' title="bbox 2235 1561 3912 1636; baseline -0.002 -18"><span class='ocrx_word' id='word_1_565' title='bbox 2235 1569 2525 1636; x_wconf 69' lang='lat' dir='ltr'><strong>praecepta</strong></span> <span class='ocrx_word' id='word_1_566' title='bbox 2575 1562 2786 1634; x_wconf 89' lang='lat' dir='ltr'><strong>scripta</strong></span> <span class='ocrx_word' id='word_1_567' title='bbox 2841 1563 2897 1616; x_wconf 91' lang='lat' dir='ltr'><strong>in</strong></span> <span class='ocrx_word' id='word_1_568' title='bbox 2957 1563 3182 1616; x_wconf 89' lang='lat' dir='ltr'><strong>tabulis.</strong></span> <span class='ocrx_word' id='word_1_569' title='bbox 3244 1563 3309 1616; x_wconf 89' lang='lat' dir='ltr'><strong>Et</strong></span> <span class='ocrx_word' id='word_1_570' title='bbox 3355 1562 3447 1616; x_wconf 90' lang='lat' dir='ltr'><strong>hic</strong></span> <span class='ocrx_word' id='word_1_571' title='bbox 3486 1561 3682 1616; x_wconf 89' lang='lat' dir='ltr'><strong>decem</strong></span> <span class='ocrx_word' id='word_1_572' title='bbox 3724 1562 3912 1632; x_wconf 65' lang='lat' dir='ltr'><strong>plagas,</strong></span> 
     </span>
    </p>
   </div>
   <div class='ocr_carea' id='block_1_75' title="bbox 2236 1650 3912 1722">
    <p class='ocr_par' dir='ltr' id='par_1_75' title="bbox 2236 1650 3912 1722">
     <span class='ocr_line' id='line_1_75' title="bbox 2236 1650 3912 1722; baseline -0.004 -14"><span class='ocrx_word' id='word_1_573' title='bbox 2236 1654 2366 1708; x_wconf 86' lang='lat' dir='ltr'><strong>licet</strong></span> <span class='ocrx_word' id='word_1_574' title='bbox 2397 1669 2510 1707; x_wconf 89' lang='lat' dir='ltr'><strong>non</strong></span> <span class='ocrx_word' id='word_1_575' title='bbox 2540 1653 2601 1707; x_wconf 89' lang='lat' dir='ltr'><strong>in</strong></span> <span class='ocrx_word' id='word_1_576' title='bbox 2631 1668 2698 1708; x_wconf 88' lang='lat' dir='ltr'><strong>eo</strong></span> <span class='ocrx_word' id='word_1_577' title='bbox 2745 1652 2945 1707; x_wconf 89' lang='lat' dir='ltr'><strong>ordine</strong></span> <span class='ocrx_word' id='word_1_578' title='bbox 2967 1657 3277 1722; x_wconf 90' lang='lat' dir='ltr'><strong>ponantur,</strong></span> <span class='ocrx_word' id='word_1_579' title='bbox 3307 1651 3403 1704; x_wconf 91' lang='lat' dir='ltr'><strong>sed</strong></span> <span class='ocrx_word' id='word_1_580' title='bbox 3435 1667 3538 1722; x_wconf 90' lang='lat' dir='ltr'><strong>pro</strong></span> <span class='ocrx_word' id='word_1_581' title='bbox 3576 1650 3762 1704; x_wconf 90' lang='lat' dir='ltr'><strong>tribus</strong></span> <span class='ocrx_word' id='word_1_582' title='bbox 3799 1665 3912 1720; x_wconf 56' lang='lat' dir='ltr'><strong>qua</strong></span> 
     </span>
    </p>
   </div>
   <div class='ocr_carea' id='block_1_76' title="bbox 2232 1739 3913 1812">
    <p class='ocr_par' dir='ltr' id='par_1_76' title="bbox 2232 1739 3913 1812">
     <span class='ocr_line' id='line_1_76' title="bbox 2232 1739 3913 1812; baseline -0.003 -16"><span class='ocrx_word' id='word_1_583' title='bbox 2232 1743 2292 1796; x_wconf 91' lang='lat' dir='ltr'><strong>in</strong></span> <span class='ocrx_word' id='word_1_584' title='bbox 2336 1743 2548 1810; x_wconf 86' lang='lat' dir='ltr'><strong>Exodo,</strong></span> <span class='ocrx_word' id='word_1_585' title='bbox 2600 1741 2661 1795; x_wconf 92' lang='lat' dir='ltr'><strong>id</strong></span> <span class='ocrx_word' id='word_1_586' title='bbox 2708 1747 2794 1795; x_wconf 89' lang='lat' dir='ltr'><strong>est</strong></span> <span class='ocrx_word' id='word_1_587' title='bbox 2848 1740 3145 1812; x_wconf 86' lang='lat' dir='ltr'><strong>cyniphes,</strong></span> <span class='ocrx_word' id='word_1_588' title='bbox 3203 1741 3416 1802; x_wconf 87' lang='lat' dir='ltr'><strong>ulcera,</strong></span> <span class='ocrx_word' id='word_1_589' title='bbox 3493 1739 3746 1792; x_wconf 66' lang='lat' dir='ltr'><strong>tenebrae</strong></span> <span class='ocrx_word' id='word_1_590' title='bbox 3797 1754 3913 1809; x_wconf 67' lang='lat' dir='ltr'><strong>qua:</strong></span> 
     </span>
    </p>
   </div>
   <div class='ocr_carea' id='block_1_77' title="bbox 2231 1826 3909 1898">
    <p class='ocr_par' dir='ltr' id='par_1_77' title="bbox 2231 1826 3909 1898">
     <span class='ocr_line' id='line_1_77' title="bbox 2231 1826 3909 1898; baseline -0.004 -13"><span class='ocrx_word' id='word_1_591' title='bbox 2231 1847 2348 1885; x_wconf 91' lang='lat' dir='ltr'><strong>non</strong></span> <span class='ocrx_word' id='word_1_592' title='bbox 2374 1831 2485 1884; x_wconf 87' lang='lat' dir='ltr'><strong>hic.</strong></span> <span class='ocrx_word' id='word_1_593' title='bbox 2518 1829 2658 1883; x_wconf 66' lang='lat' dir='ltr'><strong>Alia:</strong></span> <span class='ocrx_word' id='word_1_594' title='bbox 2711 1833 2823 1883; x_wconf 87' lang='lat' dir='ltr'><strong>tres</strong></span> <span class='ocrx_word' id='word_1_595' title='bbox 2869 1835 3002 1882; x_wconf 87' lang='lat' dir='ltr'><strong>sunt</strong></span> <span class='ocrx_word' id='word_1_596' title='bbox 3031 1828 3142 1896; x_wconf 86' lang='lat' dir='ltr'><strong>hic,</strong></span> <span class='ocrx_word' id='word_1_597' title='bbox 3191 1843 3320 1898; x_wconf 61' lang='lat' dir='ltr'><strong>quas</strong></span> <span class='ocrx_word' id='word_1_598' title='bbox 3366 1843 3481 1880; x_wconf 92' lang='lat' dir='ltr'><strong>non</strong></span> <span class='ocrx_word' id='word_1_599' title='bbox 3539 1827 3638 1889; x_wconf 87' lang='lat' dir='ltr'><strong>ibi,</strong></span> <span class='ocrx_word' id='word_1_600' title='bbox 3696 1826 3909 1895; x_wconf 84' lang='lat' dir='ltr'><strong>rubigo,</strong></span> 
     </span>
    </p>
   </div>
   <div class='ocr_carea' id='block_1_78' title="bbox 2228 1915 3912 1991">
    <p class='ocr_par' dir='ltr' id='par_1_78' title="bbox 2228 1915 3912 1991">
     <span class='ocr_line' id='line_1_78' title="bbox 2228 1915 3912 1991; baseline -0.003 -18"><span class='ocrx_word' id='word_1_601' title='bbox 2228 1919 2459 1991; x_wconf 88' lang='lat' dir='ltr'><strong>pruina,</strong></span> <span class='ocrx_word' id='word_1_602' title='bbox 2497 1923 2552 1972; x_wconf 91' lang='lat' dir='ltr'><strong>et</strong></span> <span class='ocrx_word' id='word_1_603' title='bbox 2582 1917 2748 1989; x_wconf 90' lang='lat' dir='ltr'><strong>ignis.</strong></span> <span class='ocrx_word' id='word_1_604' title='bbox 2769 1919 2924 1972; x_wconf 87' lang='lat' dir='ltr'><strong>Talia</strong></span> <span class='ocrx_word' id='word_1_605' title='bbox 2944 1919 3098 1970; x_wconf 91' lang='lat' dir='ltr'><strong>enim</strong></span> <span class='ocrx_word' id='word_1_606' title='bbox 3125 1933 3229 1988; x_wconf 91' lang='lat' dir='ltr'><strong>pro</strong></span> <span class='ocrx_word' id='word_1_607' title='bbox 3257 1931 3512 1985; x_wconf 89' lang='lat' dir='ltr'><strong>congrua</strong></span> <span class='ocrx_word' id='word_1_608' title='bbox 3540 1915 3912 1986; x_wconf 85' lang='lat' dir='ltr'><strong>intelligentia</strong></span> 
     </span>
    </p>
   </div>
   <div class='ocr_carea' id='block_1_79' title="bbox 2227 2004 3908 2078">
    <p class='ocr_par' dir='ltr' id='par_1_79' title="bbox 2227 2004 3908 2078">
     <span class='ocr_line' id='line_1_79' title="bbox 2227 2004 3908 2078; baseline -0.004 -15"><span class='ocrx_word' id='word_1_609' title='bbox 2227 2009 2559 2078; x_wconf 85' lang='lat' dir='ltr'><strong>frequenter</strong></span> <span class='ocrx_word' id='word_1_610' title='bbox 2588 2007 2899 2060; x_wconf 88' lang='lat' dir='ltr'><strong>variantur.</strong></span> <span class='ocrx_word' id='word_1_611' title='bbox 2929 2007 3118 2073; x_wconf 87' lang='lat' dir='ltr'><strong>Signa.</strong></span> <span class='ocrx_word' id='word_1_612' title='bbox 3171 2004 3376 2072; x_wconf 56' lang='lat' dir='ltr'><strong>(Cass)</strong></span> <span class='ocrx_word' id='word_1_613' title='bbox 3421 2005 3565 2059; x_wconf 90' lang='lat' dir='ltr'><strong>Sunt</strong></span> <span class='ocrx_word' id='word_1_614' title='bbox 3611 2004 3772 2058; x_wconf 90' lang='lat' dir='ltr'><strong>duris</strong></span> <span class='ocrx_word' id='word_1_615' title='bbox 3799 2020 3908 2057; x_wconf 84' lang='lat' dir='ltr'><strong>cor-</strong></span> 
     </span>
    </p>
   </div>
   <div class='ocr_carea' id='block_1_80' title="bbox 2225 2091 3906 2166">
    <p class='ocr_par' dir='ltr' id='par_1_80' title="bbox 2225 2091 3906 2166">
     <span class='ocr_line' id='line_1_80' title="bbox 2225 2091 3906 2166; baseline -0.004 -15"><span class='ocrx_word' id='word_1_616' title='bbox 2225 2098 2412 2164; x_wconf 88' lang='lat' dir='ltr'><strong>dibus,</strong></span> <span class='ocrx_word' id='word_1_617' title='bbox 2474 2095 2639 2166; x_wconf 89' lang='lat' dir='ltr'><strong>quasi</strong></span> <span class='ocrx_word' id='word_1_618' title='bbox 2688 2095 3028 2148; x_wconf 89' lang='lat' dir='ltr'><strong>characteris</strong></span> <span class='ocrx_word' id='word_1_619' title='bbox 3091 2094 3373 2164; x_wconf 89' lang='lat' dir='ltr'><strong>impressa</strong></span> <span class='ocrx_word' id='word_1_620' title='bbox 3426 2091 3685 2162; x_wconf 89' lang='lat' dir='ltr'><strong>vestigia.</strong></span> <span class='ocrx_word' id='word_1_621' title='bbox 3735 2091 3906 2146; x_wconf 84' lang='lat' dir='ltr'><strong>Prodi-</strong></span> 
     </span>
    </p>
   </div>
   <div class='ocr_carea' id='block_1_81' title="bbox 2225 2180 3901 2255">
    <p class='ocr_par' dir='ltr' id='par_1_81' title="bbox 2225 2180 3901 2255">
     <span class='ocr_line' id='line_1_81' title="bbox 2225 2180 3901 2255; baseline -0.004 -16"><span class='ocrx_word' id='word_1_622' title='bbox 2225 2187 2338 2252; x_wconf 87' lang='lat' dir='ltr'><strong>gia,</strong></span> <span class='ocrx_word' id='word_1_623' title='bbox 2383 2200 2513 2255; x_wconf 63' lang='lat' dir='ltr'><strong>qua;</strong></span> <span class='ocrx_word' id='word_1_624' title='bbox 2569 2183 2873 2253; x_wconf 79' lang='lat' dir='ltr'><strong>signabant</strong></span> <span class='ocrx_word' id='word_1_625' title='bbox 2927 2182 3120 2252; x_wconf 92' lang='lat' dir='ltr'><strong>aliqua</strong></span> <span class='ocrx_word' id='word_1_626' title='bbox 3174 2182 3386 2235; x_wconf 89' lang='lat' dir='ltr'><strong>futura.</strong></span> <span class='ocrx_word' id='word_1_627' title='bbox 3440 2183 3663 2247; x_wconf 85' lang='lat' dir='ltr'><strong>Thanis,</strong></span> <span class='ocrx_word' id='word_1_628' title='bbox 3709 2180 3901 2243; x_wconf 79' lang='lat' dir='ltr'><strong>civitas,</strong></span> 
     </span>
    </p>
   </div>
   <div class='ocr_carea' id='block_1_82' title="bbox 2227 2266 3898 2340">
    <p class='ocr_par' dir='ltr' id='par_1_82' title="bbox 2227 2266 3898 2340">
     <span class='ocr_line' id='line_1_82' title="bbox 2227 2266 3898 2340; baseline -0.004 -15"><span class='ocrx_word' id='word_1_629' title='bbox 2227 2271 2448 2325; x_wconf 90' lang='lat' dir='ltr'><strong>humile</strong></span> <span class='ocrx_word' id='word_1_630' title='bbox 2495 2269 2851 2334; x_wconf 89' lang='lat' dir='ltr'><strong>mandatum,</strong></span> <span class='ocrx_word' id='word_1_631' title='bbox 2889 2270 3042 2340; x_wconf 91' lang='lat' dir='ltr'><strong>quod</strong></span> <span class='ocrx_word' id='word_1_632' title='bbox 3093 2268 3186 2322; x_wconf 92' lang='lat' dir='ltr'><strong>hic</strong></span> <span class='ocrx_word' id='word_1_633' title='bbox 3219 2267 3388 2321; x_wconf 91' lang='lat' dir='ltr'><strong>nobis</strong></span> <span class='ocrx_word' id='word_1_634' title='bbox 3419 2266 3822 2330; x_wconf 88' lang='lat' dir='ltr'><strong>necessarium,</strong></span> <span class='ocrx_word' id='word_1_635' title='bbox 3849 2272 3898 2318; x_wconf 88' lang='lat' dir='ltr'><strong>ut</strong></span> 
     </span>
    </p>
   </div>
   <div class='ocr_carea' id='block_1_83' title="bbox 2226 2354 3895 2428">
    <p class='ocr_par' dir='ltr' id='par_1_83' title="bbox 2226 2354 3895 2428">
     <span class='ocr_line' id='line_1_83' title="bbox 2226 2354 3895 2428; baseline -0.004 -16"><span class='ocrx_word' id='word_1_636' title='bbox 2226 2358 2287 2412; x_wconf 92' lang='lat' dir='ltr'><strong>in</strong></span> <span class='ocrx_word' id='word_1_637' title='bbox 2319 2359 2514 2412; x_wconf 88' lang='lat' dir='ltr'><strong>futuro</strong></span> <span class='ocrx_word' id='word_1_638' title='bbox 2531 2358 2844 2428; x_wconf 90' lang='lat' dir='ltr'><strong>erigamur.</strong></span> <span class='ocrx_word' id='word_1_639' title='bbox 2880 2360 2945 2411; x_wconf 81' lang='lat' dir='ltr'><strong>Et</strong></span> <span class='ocrx_word' id='word_1_640' title='bbox 2969 2357 3119 2410; x_wconf 86' lang='lat' dir='ltr'><strong>dedit</strong></span> <span class='ocrx_word' id='word_1_641' title='bbox 3147 2357 3401 2424; x_wconf 73' lang='lat' dir='ltr'><strong>aerugini.</strong></span> <span class='ocrx_word' id='word_1_642' title='bbox 3439 2356 3568 2409; x_wconf 61' lang='lat' dir='ltr'><strong>Hinc</strong></span> <span class='ocrx_word' id='word_1_643' title='bbox 3618 2355 3682 2408; x_wconf 89' lang='lat' dir='ltr'><strong>in</strong></span> <span class='ocrx_word' id='word_1_644' title='bbox 3733 2354 3895 2408; x_wconf 86' lang='lat' dir='ltr'><strong>Exodo</strong></span> 
     </span>
    </p>
   </div>
   <div class='ocr_carea' id='block_1_84' title="bbox 2225 2443 3899 2516">
    <p class='ocr_par' dir='ltr' id='par_1_84' title="bbox 2225 2443 3899 2516">
     <span class='ocr_line' id='line_1_84' title="bbox 2225 2443 3899 2516; baseline -0.003 -16"><span class='ocrx_word' id='word_1_645' title='bbox 2225 2462 2342 2501; x_wconf 90' lang='lat' dir='ltr'><strong>non</strong></span> <span class='ocrx_word' id='word_1_646' title='bbox 2372 2447 2662 2516; x_wconf 85' lang='lat' dir='ltr'><strong>leguntur,</strong></span> <span class='ocrx_word' id='word_1_647' title='bbox 2700 2445 2938 2516; x_wconf 84' lang='lat' dir='ltr'><strong>mystica</strong></span> <span class='ocrx_word' id='word_1_648' title='bbox 2992 2461 3128 2516; x_wconf 90' lang='lat' dir='ltr'><strong>ergo</strong></span> <span class='ocrx_word' id='word_1_649' title='bbox 3167 2443 3644 2515; x_wconf 87' lang='lat' dir='ltr'><strong>interpretatione</strong></span> <span class='ocrx_word' id='word_1_650' title='bbox 3699 2447 3899 2496; x_wconf 88' lang='lat' dir='ltr'><strong>tantum</strong></span> 
     </span>
    </p>
   </div>
   <div class='ocr_carea' id='block_1_85' title="bbox 2225 2533 3902 2606">
    <p class='ocr_par' dir='ltr' id='par_1_85' title="bbox 2225 2533 3902 2606">
     <span class='ocr_line' id='line_1_85' title="bbox 2225 2533 3902 2606; baseline -0.004 -16"><span class='ocrx_word' id='word_1_651' title='bbox 2225 2540 2609 2606; x_wconf 88' lang='lat' dir='ltr'><strong>exponantur.</strong></span> <span class='ocrx_word' id='word_1_652' title='bbox 2643 2537 2892 2589; x_wconf 87' lang='lat' dir='ltr'><strong>Locusta.</strong></span> <span class='ocrx_word' id='word_1_653' title='bbox 2927 2534 3121 2604; x_wconf 82' lang='lat' dir='ltr'><strong>(Auo.)</strong></span> <span class='ocrx_word' id='word_1_654' title='bbox 3147 2534 3216 2588; x_wconf 90' lang='lat' dir='ltr'><strong>Se</strong></span> <span class='ocrx_word' id='word_1_655' title='bbox 3237 2533 3503 2587; x_wconf 85' lang='lat' dir='ltr'><strong>inivicem</strong></span> <span class='ocrx_word' id='word_1_656' title='bbox 3535 2533 3902 2596; x_wconf 83' lang='lat' dir='ltr'><strong>comedentes,</strong></span> 
     </span>
    </p>
   </div>
   <div class='ocr_carea' id='block_1_86' title="bbox 2225 2619 3908 2695">
    <p class='ocr_par' dir='ltr' id='par_1_86' title="bbox 2225 2619 3908 2695">
     <span class='ocr_line' id='line_1_86' title="bbox 2225 2619 3908 2695; baseline -0.002 -17"><span class='ocrx_word' id='word_1_657' title='bbox 2225 2619 2506 2695; x_wconf 85' lang='lat' dir='ltr'><strong>signiﬁcat</strong></span> <span class='ocrx_word' id='word_1_658' title='bbox 2537 2625 2902 2691; x_wconf 88' lang='lat' dir='ltr'><strong>detractores,</strong></span> <span class='ocrx_word' id='word_1_659' title='bbox 2937 2623 3037 2694; x_wconf 89' lang='lat' dir='ltr'><strong>qui</strong></span> <span class='ocrx_word' id='word_1_660' title='bbox 3089 2623 3303 2676; x_wconf 88' lang='lat' dir='ltr'><strong>alienos</strong></span> <span class='ocrx_word' id='word_1_661' title='bbox 3350 2622 3567 2689; x_wconf 85' lang='lat' dir='ltr'><strong>fructus</strong></span> <span class='ocrx_word' id='word_1_662' title='bbox 3611 2621 3799 2675; x_wconf 88' lang='lat' dir='ltr'><strong>invide</strong></span> <span class='ocrx_word' id='word_1_663' title='bbox 3836 2635 3908 2673; x_wconf 86' lang='lat' dir='ltr'><strong>ro-</strong></span> 
     </span>
    </p>
   </div>
   <div class='ocr_carea' id='block_1_87' title="bbox 2227 2708 3912 2781">
    <p class='ocr_par' dir='ltr' id='par_1_87' title="bbox 2227 2708 3912 2781">
     <span class='ocr_line' id='line_1_87' title="bbox 2227 2708 3912 2781; baseline -0.003 -14"><span class='ocrx_word' id='word_1_664' title='bbox 2227 2715 2391 2768; x_wconf 92' lang='lat' dir='ltr'><strong>dunt.</strong></span> <span class='ocrx_word' id='word_1_665' title='bbox 2451 2715 2626 2767; x_wconf 83' lang='lat' dir='ltr'><strong>Mores</strong></span> <span class='ocrx_word' id='word_1_666' title='bbox 2675 2728 2856 2766; x_wconf 86' lang='lat' dir='ltr'><strong>eorum</strong></span> <span class='ocrx_word' id='word_1_667' title='bbox 2901 2714 2958 2765; x_wconf 89' lang='lat' dir='ltr'><strong>in</strong></span> <span class='ocrx_word' id='word_1_668' title='bbox 2995 2714 3220 2781; x_wconf 85' lang='lat' dir='ltr'><strong>pruina.</strong></span> <span class='ocrx_word' id='word_1_669' title='bbox 3269 2710 3455 2780; x_wconf 63' lang='lat' dir='ltr'><strong>(Anc)</strong></span> <span class='ocrx_word' id='word_1_670' title='bbox 3486 2711 3674 2764; x_wconf 84' lang='lat' dir='ltr'><strong>Morus</strong></span> <span class='ocrx_word' id='word_1_671' title='bbox 3727 2708 3912 2764; x_wconf 74' lang='lat' dir='ltr'><strong>calida:</strong></span> 
     </span>
    </p>
   </div>
   <div class='ocr_carea' id='block_1_88' title="bbox 2224 2798 3916 2872">
    <p class='ocr_par' dir='ltr' id='par_1_88' title="bbox 2224 2798 3916 2872">
     <span class='ocr_line' id='line_1_88' title="bbox 2224 2798 3916 2872; baseline -0.003 -17"><span class='ocrx_word' id='word_1_672' title='bbox 2224 2807 2310 2856; x_wconf 89' lang='lat' dir='ltr'><strong>est</strong></span> <span class='ocrx_word' id='word_1_673' title='bbox 2350 2806 2589 2868; x_wconf 68' lang='lat' dir='ltr'><strong>naturae,</strong></span> <span class='ocrx_word' id='word_1_674' title='bbox 2649 2817 2751 2872; x_wconf 88' lang='lat' dir='ltr'><strong>per</strong></span> <span class='ocrx_word' id='word_1_675' title='bbox 2789 2799 2940 2872; x_wconf 92' lang='lat' dir='ltr'><strong>quod</strong></span> <span class='ocrx_word' id='word_1_676' title='bbox 2996 2799 3239 2853; x_wconf 87' lang='lat' dir='ltr'><strong>charitas</strong></span> <span class='ocrx_word' id='word_1_677' title='bbox 3290 2798 3650 2869; x_wconf 88' lang='lat' dir='ltr'><strong>intelligitur,</strong></span> <span class='ocrx_word' id='word_1_678' title='bbox 3711 2814 3834 2868; x_wconf 73' lang='lat' dir='ltr'><strong>quae</strong></span> <span class='ocrx_word' id='word_1_679' title='bbox 3860 2798 3916 2849; x_wconf 90' lang='lat' dir='ltr'><strong>in</strong></span> 
     </span>
    </p>
   </div>
   <div class='ocr_carea' id='block_1_89' title="bbox 2223 2887 3918 2960">
    <p class='ocr_par' dir='ltr' id='par_1_89' title="bbox 2223 2887 3918 2960">
     <span class='ocr_line' id='line_1_89' title="bbox 2223 2887 3918 2960; baseline -0.003 -16"><span class='ocrx_word' id='word_1_680' title='bbox 2223 2889 2434 2960; x_wconf 89' lang='lat' dir='ltr'><strong>pruina</strong></span> <span class='ocrx_word' id='word_1_681' title='bbox 2502 2889 2776 2944; x_wconf 88' lang='lat' dir='ltr'><strong>occiditur</strong></span> <span class='ocrx_word' id='word_1_682' title='bbox 2845 2889 3119 2945; x_wconf 88' lang='lat' dir='ltr'><strong>Grandini</strong></span> <span class='ocrx_word' id='word_1_683' title='bbox 3164 2889 3290 2955; x_wconf 79' lang='lat'><strong>(10.)</strong></span> <span class='ocrx_word' id='word_1_684' title='bbox 3319 2887 3453 2952; x_wconf 65' lang='lat' dir='ltr'><strong>Quae</strong></span> <span class='ocrx_word' id='word_1_685' title='bbox 3510 2887 3736 2956; x_wconf 90' lang='lat' dir='ltr'><strong>grando</strong></span> <span class='ocrx_word' id='word_1_686' title='bbox 3806 2900 3918 2940; x_wconf 89' lang='lat' dir='ltr'><strong>non</strong></span> 
     </span>
    </p>
   </div>
   <div class='ocr_carea' id='block_1_90' title="bbox 2149 2973 3918 3048">
    <p class='ocr_par' dir='ltr' id='par_1_90' title="bbox 2149 2973 3918 3048">
     <span class='ocr_line' id='line_1_90' title="bbox 2149 2973 3918 3048; baseline -0.006 -13"><span class='ocrx_word' id='word_1_687' title='bbox 2149 2980 2190 3036; x_wconf 92' lang='lat' dir='ltr'><strong>C</strong></span> <span class='ocrx_word' id='word_1_688' title='bbox 2226 2977 2413 3048; x_wconf 90' lang='lat' dir='ltr'><strong>potuit</strong></span> <span class='ocrx_word' id='word_1_689' title='bbox 2464 2977 2691 3031; x_wconf 84' lang='lat' dir='ltr'><strong>laedere.</strong></span> <span class='ocrx_word' id='word_1_690' title='bbox 2748 2976 2806 3030; x_wconf 91' lang='lat' dir='ltr'><strong>id</strong></span> <span class='ocrx_word' id='word_1_691' title='bbox 2845 2981 2927 3030; x_wconf 88' lang='lat' dir='ltr'><strong>est</strong></span> <span class='ocrx_word' id='word_1_692' title='bbox 2977 2975 3190 3043; x_wconf 89' lang='lat' dir='ltr'><strong>mollia,</strong></span> <span class='ocrx_word' id='word_1_693' title='bbox 3251 2978 3380 3045; x_wconf 88' lang='lat' dir='ltr'><strong>post</strong></span> <span class='ocrx_word' id='word_1_694' title='bbox 3435 2973 3572 3027; x_wconf 90' lang='lat' dir='ltr'><strong>dicit</strong></span> <span class='ocrx_word' id='word_1_695' title='bbox 3618 2973 3844 3027; x_wconf 81' lang='lat' dir='ltr'><strong>Exodus</strong></span> <span class='ocrx_word' id='word_1_696' title='bbox 3888 2987 3918 3024; x_wconf 86' lang='lat' dir='ltr'><strong>a</strong></span> 
     </span>
    </p>
   </div>
   <div class='ocr_carea' id='block_1_91' title="bbox 2221 3051 3918 3134">
    <p class='ocr_par' dir='ltr' id='par_1_91' title="bbox 2221 3051 3918 3134">
     <span class='ocr_line' id='line_1_91' title="bbox 2221 3051 3918 3134; baseline -0.002 -15"><span class='ocrx_word' id='word_1_697' title='bbox 2221 3066 2453 3120; x_wconf 89' lang='lat' dir='ltr'><strong>locustis</strong></span> <span class='ocrx_word' id='word_1_698' title='bbox 2505 3051 2774 3120; x_wconf 82' lang='lat' dir='ltr'><strong>comesta.</strong></span> <span class='ocrx_word' id='word_1_699' title='bbox 2806 3064 3076 3118; x_wconf 88' lang='lat' dir='ltr'><strong>Tradidit.</strong></span> <span class='ocrx_word' id='word_1_700' title='bbox 3134 3062 3331 3134; x_wconf 62' lang='lat' dir='ltr'><strong>(Cass)</strong></span> <span class='ocrx_word' id='word_1_701' title='bbox 3386 3063 3563 3116; x_wconf 67' lang='lat' dir='ltr'><strong>Alorte</strong></span> <span class='ocrx_word' id='word_1_702' title='bbox 3608 3061 3918 3132; x_wconf 86' lang='lat' dir='ltr'><strong>pecudum,</strong></span> 
     </span>
    </p>
   </div>
   <div class='ocr_carea' id='block_1_92' title="bbox 2220 3151 3173 3209">
    <p class='ocr_par' dir='ltr' id='par_1_92' title="bbox 2220 3151 3173 3209">
     <span class='ocr_line' id='line_1_92' title="bbox 2220 3151 3173 3209; baseline -0.005 0"><span class='ocrx_word' id='word_1_703' title='bbox 2220 3156 2538 3209; x_wconf 90' lang='lat' dir='ltr'><strong>stultorum</strong></span> <span class='ocrx_word' id='word_1_704' title='bbox 2578 3169 2809 3208; x_wconf 88' lang='lat' dir='ltr'><strong>occasus</strong></span> <span class='ocrx_word' id='word_1_705' title='bbox 2839 3151 3173 3206; x_wconf 85' lang='lat' dir='ltr'><strong>ostenditur.</strong></span> 
     </span>
    </p>
   </div>
   <div class='ocr_carea' id='block_1_93' title="bbox 2293 3237 3924 3315">
    <p class='ocr_par' dir='ltr' id='par_1_93' title="bbox 2293 3237 3924 3315">
     <span class='ocr_line' id='line_1_93' title="bbox 2293 3237 3924 3315; baseline -0.004 -17"><span class='ocrx_word' id='word_1_706' title='bbox 2293 3245 2411 3315; x_wconf 78' lang='lat'><strong>(10.)</strong></span> <span class='ocrx_word' id='word_1_707' title='bbox 2453 3245 2600 3310; x_wconf 86' lang='lat' dir='ltr'><strong>Igni.</strong></span> <span class='ocrx_word' id='word_1_708' title='bbox 2650 3243 2829 3310; x_wconf 88' lang='lat' dir='ltr'><strong>Ignis,</strong></span> <span class='ocrx_word' id='word_1_709' title='bbox 2859 3240 3157 3311; x_wconf 88' lang='lat' dir='ltr'><strong>cupiaitas,</strong></span> <span class='ocrx_word' id='word_1_710' title='bbox 3205 3254 3335 3310; x_wconf 77' lang='lat' dir='ltr'><strong>quae</strong></span> <span class='ocrx_word' id='word_1_711' title='bbox 3389 3237 3841 3309; x_wconf 88' lang='lat' dir='ltr'><strong>possessionem,</strong></span> <span class='ocrx_word' id='word_1_712' title='bbox 3870 3239 3924 3292; x_wconf 91' lang='lat' dir='ltr'><strong>id</strong></span> 
     </span>
    </p>
   </div>
   <div class='ocr_carea' id='block_1_94' title="bbox 2220 3330 3036 3399">
    <p class='ocr_par' dir='ltr' id='par_1_94' title="bbox 2220 3330 3036 3399">
     <span class='ocr_line' id='line_1_94' title="bbox 2220 3330 3036 3399; baseline -0.005 -12"><span class='ocrx_word' id='word_1_713' title='bbox 2220 3337 2325 3399; x_wconf 91' lang='lat' dir='ltr'><strong>est,</strong></span> <span class='ocrx_word' id='word_1_714' title='bbox 2353 3337 2563 3386; x_wconf 89' lang='lat' dir='ltr'><strong>statum</strong></span> <span class='ocrx_word' id='word_1_715' title='bbox 2595 3330 2803 3384; x_wconf 90' lang='lat' dir='ltr'><strong>mentis</strong></span> <span class='ocrx_word' id='word_1_716' title='bbox 2833 3334 3036 3384; x_wconf 85' lang='lat' dir='ltr'><strong>vastat.</strong></span> 
     </span>
    </p>
   </div>
   <div class='ocr_carea' id='block_1_95' title="bbox 2290 3415 3922 3487">
    <p class='ocr_par' dir='ltr' id='par_1_95' title="bbox 2290 3415 3922 3487">
     <span class='ocr_line' id='line_1_95' title="bbox 2290 3415 3922 3487; baseline -0.005 -11"><span class='ocrx_word' id='word_1_717' title='bbox 2290 3423 2451 3476; x_wconf 74' lang='lat' dir='ltr'><strong>Vens.</strong></span> <span class='ocrx_word' id='word_1_718' title='bbox 2504 3424 2592 3475; x_wconf 74' lang='lat'><strong>49.</strong></span> <span class='ocrx_word' id='word_1_719' title='bbox 2628 3451 2696 3460; x_wconf 89' lang='lat'><strong>—</strong></span> <span class='ocrx_word' id='word_1_720' title='bbox 2720 3421 2867 3474; x_wconf 84' lang='lat' dir='ltr'><strong>Iram</strong></span> <span class='ocrx_word' id='word_1_721' title='bbox 2917 3417 3336 3485; x_wconf 85' lang='lat' dir='ltr'><strong>indignationis,</strong></span> <span class='ocrx_word' id='word_1_722' title='bbox 3364 3421 3470 3470; x_wconf 90' lang='lat' dir='ltr'><strong>etc.</strong></span> <span class='ocrx_word' id='word_1_723' title='bbox 3507 3415 3714 3487; x_wconf 51' lang='lat' dir='ltr'><strong>(Cass)</strong></span> <span class='ocrx_word' id='word_1_724' title='bbox 3776 3415 3922 3471; x_wconf 90' lang='lat' dir='ltr'><strong>Ordo</strong></span> 
     </span>
    </p>
   </div>
   <div class='ocr_carea' id='block_1_96' title="bbox 2220 3505 3925 3581">
    <p class='ocr_par' dir='ltr' id='par_1_96' title="bbox 2220 3505 3925 3581">
     <span class='ocr_line' id='line_1_96' title="bbox 2220 3505 3925 3581; baseline -0.005 -16"><span class='ocrx_word' id='word_1_725' title='bbox 2220 3509 2525 3564; x_wconf 61' lang='lat' dir='ltr'><strong>vindictae:</strong></span> <span class='ocrx_word' id='word_1_726' title='bbox 2562 3508 2719 3581; x_wconf 89' lang='lat' dir='ltr'><strong>prius</strong></span> <span class='ocrx_word' id='word_1_727' title='bbox 2737 3507 2980 3578; x_wconf 89' lang='lat' dir='ltr'><strong>peccatis</strong></span> <span class='ocrx_word' id='word_1_728' title='bbox 3021 3506 3170 3560; x_wconf 90' lang='lat' dir='ltr'><strong>Deus</strong></span> <span class='ocrx_word' id='word_1_729' title='bbox 3207 3505 3490 3572; x_wconf 88' lang='lat' dir='ltr'><strong>irascitur,</strong></span> <span class='ocrx_word' id='word_1_730' title='bbox 3533 3505 3779 3576; x_wconf 90' lang='lat' dir='ltr'><strong>quando</strong></span> <span class='ocrx_word' id='word_1_731' title='bbox 3813 3520 3925 3559; x_wconf 89' lang='lat' dir='ltr'><strong>non</strong></span> 
     </span>
    </p>
   </div>
   <div class='ocr_carea' id='block_1_97' title="bbox 2219 3592 3926 3669">
    <p class='ocr_par' dir='ltr' id='par_1_97' title="bbox 2219 3592 3926 3669">
     <span class='ocr_line' id='line_1_97' title="bbox 2219 3592 3926 3669; baseline -0.005 -16"><span class='ocrx_word' id='word_1_732' title='bbox 2219 3602 2706 3669; x_wconf 90' lang='lat' dir='ltr'><strong>compunguntur,</strong></span> <span class='ocrx_word' id='word_1_733' title='bbox 2774 3595 2905 3649; x_wconf 91' lang='lat' dir='ltr'><strong>inde</strong></span> <span class='ocrx_word' id='word_1_734' title='bbox 2964 3594 3242 3648; x_wconf 88' lang='lat' dir='ltr'><strong>malitiam</strong></span> <span class='ocrx_word' id='word_1_735' title='bbox 3306 3592 3557 3647; x_wconf 89' lang='lat' dir='ltr'><strong>hominis</strong></span> <span class='ocrx_word' id='word_1_736' title='bbox 3622 3610 3733 3648; x_wconf 85' lang='lat' dir='ltr'><strong>sua</strong></span> <span class='ocrx_word' id='word_1_737' title='bbox 3786 3593 3926 3647; x_wconf 87' lang='lat' dir='ltr'><strong>indi-</strong></span> 
     </span>
    </p>
   </div>
   <div class='ocr_carea' id='block_1_98' title="bbox 2219 3680 3920 3758">
    <p class='ocr_par' dir='ltr' id='par_1_98' title="bbox 2219 3680 3920 3758">
     <span class='ocr_line' id='line_1_98' title="bbox 2219 3680 3920 3758; baseline -0.004 -16"><span class='ocrx_word' id='word_1_738' title='bbox 2219 3687 2514 3758; x_wconf 90' lang='lat' dir='ltr'><strong>gnatione,</strong></span> <span class='ocrx_word' id='word_1_739' title='bbox 2563 3687 2649 3740; x_wconf 90' lang='lat' dir='ltr'><strong>ira</strong></span> <span class='ocrx_word' id='word_1_740' title='bbox 2695 3689 2753 3739; x_wconf 93' lang='lat' dir='ltr'><strong>et</strong></span> <span class='ocrx_word' id='word_1_741' title='bbox 2777 3683 3146 3738; x_wconf 85' lang='lat' dir='ltr'><strong>tribulatione</strong></span> <span class='ocrx_word' id='word_1_742' title='bbox 3173 3680 3541 3752; x_wconf 90' lang='lat' dir='ltr'><strong>derelinquit,</strong></span> <span class='ocrx_word' id='word_1_743' title='bbox 3571 3685 3634 3735; x_wconf 87' lang='lat' dir='ltr'><strong>ut</strong></span> <span class='ocrx_word' id='word_1_744' title='bbox 3679 3683 3805 3736; x_wconf 88' lang='lat' dir='ltr'><strong>suis</strong></span> <span class='ocrx_word' id='word_1_745' title='bbox 3825 3681 3920 3736; x_wconf 86' lang='lat' dir='ltr'><strong>ad-</strong></span> 
     </span>
    </p>
   </div>
   <div class='ocr_carea' id='block_1_99' title="bbox 2219 3769 3922 3844">
    <p class='ocr_par' dir='ltr' id='par_1_99' title="bbox 2219 3769 3922 3844">
     <span class='ocr_line' id='line_1_99' title="bbox 2219 3769 3922 3844; baseline -0.005 -14"><span class='ocrx_word' id='word_1_746' title='bbox 2219 3775 2578 3830; x_wconf 90' lang='lat' dir='ltr'><strong>versitatibus</strong></span> <span class='ocrx_word' id='word_1_747' title='bbox 2633 3773 2987 3844; x_wconf 82' lang='lat' dir='ltr'><strong>afﬂigantur,</strong></span> <span class='ocrx_word' id='word_1_748' title='bbox 3044 3771 3144 3842; x_wconf 89' lang='lat' dir='ltr'><strong>qui</strong></span> <span class='ocrx_word' id='word_1_749' title='bbox 3196 3772 3312 3825; x_wconf 90' lang='lat' dir='ltr'><strong>Deo</strong></span> <span class='ocrx_word' id='word_1_750' title='bbox 3369 3785 3490 3824; x_wconf 91' lang='lat' dir='ltr'><strong>non</strong></span> <span class='ocrx_word' id='word_1_751' title='bbox 3514 3769 3827 3833; x_wconf 89' lang='lat' dir='ltr'><strong>obediunt,</strong></span> <span class='ocrx_word' id='word_1_752' title='bbox 3862 3773 3922 3823; x_wconf 93' lang='lat' dir='ltr'><strong>ut</strong></span> 
     </span>
    </p>
   </div>
   <div class='ocr_carea' id='block_1_100' title="bbox 2218 3859 3922 3931">
    <p class='ocr_par' dir='ltr' id='par_1_100' title="bbox 2218 3859 3922 3931">
     <span class='ocr_line' id='line_1_100' title="bbox 2218 3859 3922 3931; baseline -0.001 -14"><span class='ocrx_word' id='word_1_753' title='bbox 2218 3863 2297 3917; x_wconf 90' lang='lat' dir='ltr'><strong>ibi</strong></span> <span class='ocrx_word' id='word_1_754' title='bbox 2326 3863 2534 3917; x_wconf 91' lang='lat' dir='ltr'><strong>dicitur</strong></span> <span class='ocrx_word' id='word_1_755' title='bbox 2558 3879 2570 3917; x_wconf 92' lang='lat'><strong>:</strong></span> <span class='ocrx_word' id='word_1_756' title='bbox 2630 3864 2921 3931; x_wconf 85' lang='lat' dir='ltr'><strong>Propterea</strong></span> <span class='ocrx_word' id='word_1_757' title='bbox 2969 3859 3204 3914; x_wconf 82' lang='lat' dir='ltr'><strong>tradidit</strong></span> <span class='ocrx_word' id='word_1_758' title='bbox 3229 3860 3350 3913; x_wconf 75' lang='lat' dir='ltr'><strong>illos</strong></span> <span class='ocrx_word' id='word_1_759' title='bbox 3389 3861 3446 3912; x_wconf 89' lang='lat' dir='ltr'><strong>in</strong></span> <span class='ocrx_word' id='word_1_760' title='bbox 3473 3859 3775 3929; x_wconf 84' lang='lat' dir='ltr'><strong>reprobum</strong></span> <span class='ocrx_word' id='word_1_761' title='bbox 3803 3875 3922 3915; x_wconf 83' lang='lat' dir='ltr'><strong>sen-</strong></span> 
     </span>
    </p>
   </div>
   <div class='ocr_carea' id='block_1_101' title="bbox 2218 3947 3923 4024">
    <p class='ocr_par' dir='ltr' id='par_1_101' title="bbox 2218 3947 3923 4024">
     <span class='ocr_line' id='line_1_101' title="bbox 2218 3947 3923 4024; baseline -0.005 -16"><span class='ocrx_word' id='word_1_762' title='bbox 2218 3969 2336 4008; x_wconf 90' lang='lat' dir='ltr'><strong>sum</strong></span> <span class='ocrx_word' id='word_1_763' title='bbox 2361 3952 2534 4024; x_wconf 83' lang='lat' dir='ltr'><strong>(Rom.</strong></span> <span class='ocrx_word' id='word_1_764' title='bbox 2587 3951 2646 4022; x_wconf 77' lang='lat'><strong>1).</strong></span> <span class='ocrx_word' id='word_1_765' title='bbox 2698 3948 3021 4021; x_wconf 86' lang='lat' dir='ltr'><strong>Indignatio</strong></span> <span class='ocrx_word' id='word_1_766' title='bbox 3051 3947 3300 4003; x_wconf 91' lang='lat' dir='ltr'><strong>hominis</strong></span> <span class='ocrx_word' id='word_1_767' title='bbox 3331 3947 3581 4018; x_wconf 88' lang='lat' dir='ltr'><strong>pertinet</strong></span> <span class='ocrx_word' id='word_1_768' title='bbox 3610 3948 3689 4002; x_wconf 91' lang='lat' dir='ltr'><strong>ad</strong></span> <span class='ocrx_word' id='word_1_769' title='bbox 3752 3947 3923 4003; x_wconf 86' lang='lat' dir='ltr'><strong>tumi-</strong></span> 
     </span>
    </p>
   </div>
   <div class='ocr_carea' id='block_1_102' title="bbox 2220 4037 3922 4112">
    <p class='ocr_par' dir='ltr' id='par_1_102' title="bbox 2220 4037 3922 4112">
     <span class='ocr_line' id='line_1_102' title="bbox 2220 4037 3922 4112; baseline -0.002 -16"><span class='ocrx_word' id='word_1_770' title='bbox 2220 4041 2353 4096; x_wconf 91' lang='lat' dir='ltr'><strong>dam</strong></span> <span class='ocrx_word' id='word_1_771' title='bbox 2405 4039 2768 4112; x_wconf 89' lang='lat' dir='ltr'><strong>superbiam;</strong></span> <span class='ocrx_word' id='word_1_772' title='bbox 2822 4039 2928 4104; x_wconf 87' lang='lat' dir='ltr'><strong>ira,</strong></span> <span class='ocrx_word' id='word_1_773' title='bbox 2985 4037 3057 4092; x_wconf 92' lang='lat' dir='ltr'><strong>ad</strong></span> <span class='ocrx_word' id='word_1_774' title='bbox 3108 4037 3414 4091; x_wconf 84' lang='lat' dir='ltr'><strong>nefandam</strong></span> <span class='ocrx_word' id='word_1_775' title='bbox 3445 4037 3790 4106; x_wconf 86' lang='lat' dir='ltr'><strong>audaciam;</strong></span> <span class='ocrx_word' id='word_1_776' title='bbox 3823 4037 3922 4092; x_wconf 83' lang='lat' dir='ltr'><strong>tri-</strong></span> 
     </span>
    </p>
   </div>
   <div class='ocr_carea' id='block_1_103' title="bbox 2219 4125 3922 4197">
    <p class='ocr_par' dir='ltr' id='par_1_103' title="bbox 2219 4125 3922 4197">
     <span class='ocr_line' id='line_1_103' title="bbox 2219 4125 3922 4197; baseline -0.002 -13"><span class='ocrx_word' id='word_1_777' title='bbox 2219 4129 2458 4196; x_wconf 91' lang='lat' dir='ltr'><strong>bulatio,</strong></span> <span class='ocrx_word' id='word_1_778' title='bbox 2510 4129 2578 4183; x_wconf 88' lang='lat' dir='ltr'><strong>ad</strong></span> <span class='ocrx_word' id='word_1_779' title='bbox 2606 4129 2902 4182; x_wconf 85' lang='lat' dir='ltr'><strong>confusam</strong></span> <span class='ocrx_word' id='word_1_780' title='bbox 2932 4125 3397 4197; x_wconf 89' lang='lat' dir='ltr'><strong>desperationem</strong></span> <span class='ocrx_word' id='word_1_781' title='bbox 3429 4144 3447 4179; x_wconf 89' lang='lat'><strong>:</strong></span> <span class='ocrx_word' id='word_1_782' title='bbox 3498 4130 3637 4179; x_wconf 88' lang='lat' dir='ltr'><strong>tunc</strong></span> <span class='ocrx_word' id='word_1_783' title='bbox 3667 4143 3782 4197; x_wconf 89' lang='lat' dir='ltr'><strong>per</strong></span> <span class='ocrx_word' id='word_1_784' title='bbox 3802 4127 3922 4181; x_wconf 86' lang='lat' dir='ltr'><strong>dia-</strong></span> 
     </span>
    </p>
   </div>
   <div class='ocr_carea' id='block_1_104' title="bbox 2222 4213 3921 4285">
    <p class='ocr_par' dir='ltr' id='par_1_104' title="bbox 2222 4213 3921 4285">
     <span class='ocr_line' id='line_1_104' title="bbox 2222 4213 3921 4285; baseline -0.002 -13"><span class='ocrx_word' id='word_1_785' title='bbox 2222 4218 2421 4272; x_wconf 89' lang='lat' dir='ltr'><strong>bolum</strong></span> <span class='ocrx_word' id='word_1_786' title='bbox 2454 4217 2523 4271; x_wconf 91' lang='lat' dir='ltr'><strong>ad</strong></span> <span class='ocrx_word' id='word_1_787' title='bbox 2565 4215 2945 4270; x_wconf 88' lang='lat' dir='ltr'><strong>immissiones</strong></span> <span class='ocrx_word' id='word_1_788' title='bbox 2971 4213 3659 4285; x_wconf 70' lang='lat' dir='ltr'><strong>illicitaslpraacipitantnr</strong></span> <span class='ocrx_word' id='word_1_789' title='bbox 3720 4215 3921 4269; x_wconf 88' lang='lat' dir='ltr'><strong>nudati</strong></span> 
     </span>
    </p>
   </div>
   <div class='ocr_carea' id='block_1_105' title="bbox 2223 4302 3920 4372">
    <p class='ocr_par' dir='ltr' id='par_1_105' title="bbox 2223 4302 3920 4372">
     <span class='ocr_line' id='line_1_105' title="bbox 2223 4302 3920 4372; baseline -0.003 -11"><span class='ocrx_word' id='word_1_790' title='bbox 2223 4306 2556 4361; x_wconf 86' lang='lat' dir='ltr'><strong>defensione</strong></span> <span class='ocrx_word' id='word_1_791' title='bbox 2590 4305 2711 4360; x_wconf 92' lang='lat' dir='ltr'><strong>Dei.</strong></span> <span class='ocrx_word' id='word_1_792' title='bbox 2748 4306 2856 4359; x_wconf 89' lang='lat' dir='ltr'><strong>Per</strong></span> <span class='ocrx_word' id='word_1_793' title='bbox 2883 4304 3100 4372; x_wconf 78' lang='lat' dir='ltr'><strong>angelos</strong></span> <span class='ocrx_word' id='word_1_794' title='bbox 3121 4303 3311 4357; x_wconf 81' lang='lat' dir='ltr'><strong>malos.</strong></span> <span class='ocrx_word' id='word_1_795' title='bbox 3347 4302 3532 4372; x_wconf 82' lang='lat' dir='ltr'><strong>(Auc.)</strong></span> <span class='ocrx_word' id='word_1_796' title='bbox 3561 4303 3801 4359; x_wconf 72' lang='lat' dir='ltr'><strong>Iudicio</strong></span> <span class='ocrx_word' id='word_1_797' title='bbox 3831 4303 3920 4358; x_wconf 87' lang='lat' dir='ltr'><strong>Dei</strong></span> 
     </span>
    </p>
   </div>
   <div class='ocr_carea' id='block_1_106' title="bbox 2222 4393 3918 4466">
    <p class='ocr_par' dir='ltr' id='par_1_106' title="bbox 2222 4393 3918 4466">
     <span class='ocr_line' id='line_1_106' title="bbox 2222 4393 3918 4466; baseline -0.003 -14"><span class='ocrx_word' id='word_1_798' title='bbox 2222 4398 2346 4452; x_wconf 67' lang='lat' dir='ltr'><strong>haec</strong></span> <span class='ocrx_word' id='word_1_799' title='bbox 2377 4397 2524 4452; x_wconf 86' lang='lat' dir='ltr'><strong>facta</strong></span> <span class='ocrx_word' id='word_1_800' title='bbox 2573 4399 2725 4462; x_wconf 88' lang='lat' dir='ltr'><strong>sunt,</strong></span> <span class='ocrx_word' id='word_1_801' title='bbox 2760 4399 2888 4459; x_wconf 89' lang='lat' dir='ltr'><strong>etc.,</strong></span> <span class='ocrx_word' id='word_1_802' title='bbox 2919 4409 3089 4462; x_wconf 89' lang='lat' dir='ltr'><strong>usque</strong></span> <span class='ocrx_word' id='word_1_803' title='bbox 3116 4393 3190 4447; x_wconf 90' lang='lat' dir='ltr'><strong>ad</strong></span> <span class='ocrx_word' id='word_1_804' title='bbox 3220 4409 3322 4464; x_wconf 90' lang='lat' dir='ltr'><strong>per</strong></span> <span class='ocrx_word' id='word_1_805' title='bbox 3349 4393 3581 4463; x_wconf 89' lang='lat' dir='ltr'><strong>angelos</strong></span> <span class='ocrx_word' id='word_1_806' title='bbox 3607 4409 3764 4466; x_wconf 87' lang='lat' dir='ltr'><strong>ergo</strong></span> <span class='ocrx_word' id='word_1_807' title='bbox 3799 4410 3918 4449; x_wconf 87' lang='lat' dir='ltr'><strong>ma-</strong></span> 
     </span>
    </p>
   </div>
   <div class='ocr_carea' id='block_1_107' title="bbox 2217 4482 3920 4558">
    <p class='ocr_par' dir='ltr' id='par_1_107' title="bbox 2217 4482 3920 4558">
     <span class='ocr_line' id='line_1_107' title="bbox 2217 4482 3920 4558; baseline -0.003 -17"><span class='ocrx_word' id='word_1_808' title='bbox 2217 4487 2302 4541; x_wconf 90' lang='lat' dir='ltr'><strong>los</strong></span> <span class='ocrx_word' id='word_1_809' title='bbox 2349 4486 2516 4558; x_wconf 90' lang='lat' dir='ltr'><strong>punit</strong></span> <span class='ocrx_word' id='word_1_810' title='bbox 2565 4487 2713 4540; x_wconf 91' lang='lat' dir='ltr'><strong>Deus</strong></span> <span class='ocrx_word' id='word_1_811' title='bbox 2743 4484 2918 4538; x_wconf 91' lang='lat' dir='ltr'><strong>bonos</strong></span> <span class='ocrx_word' id='word_1_812' title='bbox 2949 4488 3006 4536; x_wconf 90' lang='lat' dir='ltr'><strong>et</strong></span> <span class='ocrx_word' id='word_1_813' title='bbox 3053 4483 3230 4536; x_wconf 91' lang='lat' dir='ltr'><strong>malos</strong></span> <span class='ocrx_word' id='word_1_814' title='bbox 3278 4482 3560 4549; x_wconf 89' lang='lat' dir='ltr'><strong>homines,</strong></span> <span class='ocrx_word' id='word_1_815' title='bbox 3589 4483 3697 4537; x_wconf 87' lang='lat' dir='ltr'><strong>sed</strong></span> <span class='ocrx_word' id='word_1_816' title='bbox 3747 4485 3920 4538; x_wconf 86' lang='lat' dir='ltr'><strong>bonos</strong></span> 
     </span>
    </p>
   </div>
   <div class='ocr_carea' id='block_1_108' title="bbox 2217 4570 3917 4645">
    <p class='ocr_par' dir='ltr' id='par_1_108' title="bbox 2217 4570 3917 4645">
     <span class='ocr_line' id='line_1_108' title="bbox 2217 4570 3917 4645; baseline -0.003 -16"><span class='ocrx_word' id='word_1_817' title='bbox 2217 4580 2444 4630; x_wconf 88' lang='lat' dir='ltr'><strong>tantum</strong></span> <span class='ocrx_word' id='word_1_818' title='bbox 2494 4573 2886 4645; x_wconf 89' lang='lat' dir='ltr'><strong>corporalibus</strong></span> <span class='ocrx_word' id='word_1_819' title='bbox 2936 4570 3142 4642; x_wconf 78' lang='lat' dir='ltr'><strong>pcenis,</strong></span> <span class='ocrx_word' id='word_1_820' title='bbox 3177 4571 3355 4624; x_wconf 91' lang='lat' dir='ltr'><strong>malos</strong></span> <span class='ocrx_word' id='word_1_821' title='bbox 3394 4575 3588 4624; x_wconf 89' lang='lat' dir='ltr'><strong>autem</strong></span> <span class='ocrx_word' id='word_1_822' title='bbox 3643 4587 3917 4644; x_wconf 82' lang='lat' dir='ltr'><strong>corpora-</strong></span> 
     </span>
    </p>
   </div>
   <div class='ocr_carea' id='block_1_109' title="bbox 2217 4660 3099 4733">
    <p class='ocr_par' dir='ltr' id='par_1_109' title="bbox 2217 4660 3099 4733">
     <span class='ocr_line' id='line_1_109' title="bbox 2217 4660 3099 4733; baseline -0.007 -15"><span class='ocrx_word' id='word_1_823' title='bbox 2217 4664 2365 4718; x_wconf 90' lang='lat' dir='ltr'><strong>libus</strong></span> <span class='ocrx_word' id='word_1_824' title='bbox 2391 4667 2446 4717; x_wconf 89' lang='lat' dir='ltr'><strong>et</strong></span> <span class='ocrx_word' id='word_1_825' title='bbox 2475 4662 2867 4733; x_wconf 90' lang='lat' dir='ltr'><strong>spiritualibus</strong></span> <span class='ocrx_word' id='word_1_826' title='bbox 2895 4660 3099 4731; x_wconf 74' lang='lat' dir='ltr'><strong>pomis.</strong></span> 
     </span>
    </p>
   </div>
   <div class='ocr_carea' id='block_1_110' title="bbox 2284 4746 3918 4818">
    <p class='ocr_par' dir='ltr' id='par_1_110' title="bbox 2284 4746 3918 4818">
     <span class='ocr_line' id='line_1_110' title="bbox 2284 4746 3918 4818; baseline -0.001 -14"><span class='ocrx_word' id='word_1_827' title='bbox 2284 4753 2446 4806; x_wconf 76' lang='lat' dir='ltr'><strong>Vens.</strong></span> <span class='ocrx_word' id='word_1_828' title='bbox 2499 4753 2588 4806; x_wconf 84' lang='grc'><strong>50.</strong></span> <span class='ocrx_word' id='word_1_829' title='bbox 2634 4781 2703 4790; x_wconf 93' lang='lat'><strong>-—-</strong></span> <span class='ocrx_word' id='word_1_830' title='bbox 2762 4752 2865 4805; x_wconf 72' lang='lat' dir='ltr'><strong>Irae</strong></span> <span class='ocrx_word' id='word_1_831' title='bbox 2915 4764 3045 4803; x_wconf 56' lang='lat' dir='ltr'><strong>sua.</strong></span> <span class='ocrx_word' id='word_1_832' title='bbox 3124 4746 3306 4818; x_wconf 64' lang='lat' dir='ltr'><strong>(Ana)</strong></span> <span class='ocrx_word' id='word_1_833' title='bbox 3366 4749 3498 4802; x_wconf 89' lang='lat' dir='ltr'><strong>Erat</strong></span> <span class='ocrx_word' id='word_1_834' title='bbox 3553 4749 3777 4804; x_wconf 85' lang='lat' dir='ltr'><strong>semita</strong></span> <span class='ocrx_word' id='word_1_835' title='bbox 3824 4749 3918 4803; x_wconf 66' lang='lat' dir='ltr'><strong>ire</strong></span> 
     </span>
    </p>
   </div>
   <div class='ocr_carea' id='block_1_111' title="bbox 2214 4835 3918 4911">
    <p class='ocr_par' dir='ltr' id='par_1_111' title="bbox 2214 4835 3918 4911">
     <span class='ocr_line' id='line_1_111' title="bbox 2214 4835 3918 4911; baseline -0.002 -16"><span class='ocrx_word' id='word_1_836' title='bbox 2214 4841 2336 4907; x_wconf 92' lang='lat' dir='ltr'><strong>Dei,</strong></span> <span class='ocrx_word' id='word_1_837' title='bbox 2377 4856 2490 4911; x_wconf 91' lang='lat' dir='ltr'><strong>qua</strong></span> <span class='ocrx_word' id='word_1_838' title='bbox 2534 4840 2756 4894; x_wconf 89' lang='lat' dir='ltr'><strong>occulta</strong></span> <span class='ocrx_word' id='word_1_839' title='bbox 2837 4836 3109 4908; x_wconf 68' lang='lat' dir='ltr'><strong>mquitate</strong></span> <span class='ocrx_word' id='word_1_840' title='bbox 3153 4835 3385 4907; x_wconf 87' lang='lat' dir='ltr'><strong>puniret</strong></span> <span class='ocrx_word' id='word_1_841' title='bbox 3445 4837 3781 4907; x_wconf 70' lang='lat' dir='ltr'><strong>Egyptios;</strong></span> <span class='ocrx_word' id='word_1_842' title='bbox 3835 4836 3918 4892; x_wconf 91' lang='lat' dir='ltr'><strong>cui</strong></span> 
     </span>
    </p>
   </div>
   <div class='ocr_carea' id='block_1_112' title="bbox 2213 4924 3918 4996">
    <p class='ocr_par' dir='ltr' id='par_1_112' title="bbox 2213 4924 3918 4996">
     <span class='ocr_line' id='line_1_112' title="bbox 2213 4924 3918 4996; baseline -0.004 -13"><span class='ocrx_word' id='word_1_843' title='bbox 2213 4930 2364 4983; x_wconf 89' lang='lat' dir='ltr'><strong>Deus</strong></span> <span class='ocrx_word' id='word_1_844' title='bbox 2411 4927 2541 4982; x_wconf 85' lang='lat' dir='ltr'><strong>fecit</strong></span> <span class='ocrx_word' id='word_1_845' title='bbox 2593 4927 2762 4994; x_wconf 92' lang='lat' dir='ltr'><strong>viam,</strong></span> <span class='ocrx_word' id='word_1_846' title='bbox 2796 4930 2861 4980; x_wconf 89' lang='lat' dir='ltr'><strong>ut</strong></span> <span class='ocrx_word' id='word_1_847' title='bbox 2895 4941 2990 4980; x_wconf 90' lang='lat' dir='ltr'><strong>eos</strong></span> <span class='ocrx_word' id='word_1_848' title='bbox 3021 4925 3182 4996; x_wconf 90' lang='lat' dir='ltr'><strong>quasi</strong></span> <span class='ocrx_word' id='word_1_849' title='bbox 3213 4941 3277 4978; x_wconf 85' lang='lat' dir='ltr'><strong>ex</strong></span> <span class='ocrx_word' id='word_1_850' title='bbox 3331 4924 3538 4979; x_wconf 88' lang='lat' dir='ltr'><strong>abditis</strong></span> <span class='ocrx_word' id='word_1_851' title='bbox 3567 4927 3918 4996; x_wconf 83' lang='lat' dir='ltr'><strong>produceret</strong></span> 
     </span>
    </p>
   </div>
   <div class='ocr_carea' id='block_1_113' title="bbox 2210 5012 3918 5088">
    <p class='ocr_par' dir='ltr' id='par_1_113' title="bbox 2210 5012 3918 5088">
     <span class='ocr_line' id='line_1_113' title="bbox 2210 5012 3918 5088; baseline -0.001 -18"><span class='ocrx_word' id='word_1_852' title='bbox 2210 5033 2315 5088; x_wconf 92' lang='lat' dir='ltr'><strong>per</strong></span> <span class='ocrx_word' id='word_1_853' title='bbox 2338 5018 2573 5088; x_wconf 88' lang='lat' dir='ltr'><strong>angelos</strong></span> <span class='ocrx_word' id='word_1_854' title='bbox 2620 5015 2801 5070; x_wconf 89' lang='lat' dir='ltr'><strong>malos</strong></span> <span class='ocrx_word' id='word_1_855' title='bbox 2851 5012 2914 5067; x_wconf 91' lang='lat' dir='ltr'><strong>in</strong></span> <span class='ocrx_word' id='word_1_856' title='bbox 2959 5016 3160 5084; x_wconf 89' lang='lat' dir='ltr'><strong>aperta</strong></span> <span class='ocrx_word' id='word_1_857' title='bbox 3197 5013 3430 5078; x_wconf 91' lang='lat' dir='ltr'><strong>scelera,</strong></span> <span class='ocrx_word' id='word_1_858' title='bbox 3484 5016 3540 5067; x_wconf 86' lang='lat' dir='ltr'><strong>et</strong></span> <span class='ocrx_word' id='word_1_859' title='bbox 3598 5013 3684 5068; x_wconf 90' lang='lat' dir='ltr'><strong>sic</strong></span> <span class='ocrx_word' id='word_1_860' title='bbox 3716 5020 3918 5086; x_wconf 78' lang='lat' dir='ltr'><strong>aperte</strong></span> 
     </span>
    </p>
   </div>
   <div class='ocr_carea' id='block_1_114' title="bbox 2209 5105 2461 5178">
    <p class='ocr_par' dir='ltr' id='par_1_114' title="bbox 2209 5105 2461 5178">
     <span class='ocr_line' id='line_1_114' title="bbox 2209 5105 2461 5178; baseline -0.008 -18"><span class='ocrx_word' id='word_1_861' title='bbox 2209 5105 2461 5178; x_wconf 89' lang='lat' dir='ltr'><strong>puniret.</strong></span> 
     </span>
    </p>
   </div>
   <div class='ocr_carea' id='block_1_115' title="bbox 2285 5191 3913 5264">
    <p class='ocr_par' dir='ltr' id='par_1_115' title="bbox 2285 5191 3913 5264">
     <span class='ocr_line' id='line_1_115' title="bbox 2285 5191 3913 5264; baseline -0.001 -17"><span class='ocrx_word' id='word_1_862' title='bbox 2285 5196 2447 5248; x_wconf 80' lang='lat' dir='ltr'><strong>Vens.</strong></span> <span class='ocrx_word' id='word_1_863' title='bbox 2500 5197 2588 5248; x_wconf 80' lang='lat' dir='ltr'><strong>5t.</strong></span> <span class='ocrx_word' id='word_1_864' title='bbox 2641 5222 2712 5232; x_wconf 88' lang='lat'><strong>—</strong></span> <span class='ocrx_word' id='word_1_865' title='bbox 2769 5192 3193 5258; x_wconf 87' lang='lat' dir='ltr'><strong>Primogenitum</strong></span> <span class='ocrx_word' id='word_1_866' title='bbox 3277 5191 3336 5243; x_wconf 84' lang='lat' dir='ltr'><strong>in</strong></span> <span class='ocrx_word' id='word_1_867' title='bbox 3409 5191 3667 5258; x_wconf 69' lang='lat' dir='ltr'><strong>Egypto.</strong></span> <span class='ocrx_word' id='word_1_868' title='bbox 3725 5191 3913 5264; x_wconf 70' lang='lat' dir='ltr'><strong>(Ana)</strong></span> 
     </span>
    </p>
   </div>
   <div class='ocr_carea' id='block_1_116' title="bbox 2211 5277 3913 5353">
    <p class='ocr_par' dir='ltr' id='par_1_116' title="bbox 2211 5277 3913 5353">
     <span class='ocr_line' id='line_1_116' title="bbox 2211 5277 3913 5353; baseline -0.001 -17"><span class='ocrx_word' id='word_1_869' title='bbox 2211 5281 2600 5353; x_wconf 90' lang='lat' dir='ltr'><strong>Primogenita</strong></span> <span class='ocrx_word' id='word_1_870' title='bbox 2639 5283 2773 5334; x_wconf 90' lang='lat' dir='ltr'><strong>sunt</strong></span> <span class='ocrx_word' id='word_1_871' title='bbox 2809 5295 3035 5334; x_wconf 88' lang='lat' dir='ltr'><strong>summa</strong></span> <span class='ocrx_word' id='word_1_872' title='bbox 3085 5277 3372 5345; x_wconf 89' lang='lat' dir='ltr'><strong>mandata,</strong></span> <span class='ocrx_word' id='word_1_873' title='bbox 3409 5282 3517 5331; x_wconf 92' lang='lat' dir='ltr'><strong>ut:</strong></span> <span class='ocrx_word' id='word_1_874' title='bbox 3554 5277 3784 5350; x_wconf 86' lang='lat' dir='ltr'><strong>Diliges</strong></span> <span class='ocrx_word' id='word_1_875' title='bbox 3820 5281 3913 5334; x_wconf 88' lang='lat' dir='ltr'><strong>Do-</strong></span> 
     </span>
    </p>
   </div>
   <div class='ocr_carea' id='block_1_117' title="bbox 2209 5365 3908 5438">
    <p class='ocr_par' dir='ltr' id='par_1_117' title="bbox 2209 5365 3908 5438">
     <span class='ocr_line' id='line_1_117' title="bbox 2209 5365 3908 5438; baseline -0.004 -13"><span class='ocrx_word' id='word_1_876' title='bbox 2209 5369 2434 5425; x_wconf 90' lang='lat' dir='ltr'><strong>minum</strong></span> <span class='ocrx_word' id='word_1_877' title='bbox 2492 5371 2671 5424; x_wconf 90' lang='lat' dir='ltr'><strong>Deum</strong></span> <span class='ocrx_word' id='word_1_878' title='bbox 2708 5385 2776 5422; x_wconf 84' lang='lat' dir='ltr'><strong>ex</strong></span> <span class='ocrx_word' id='word_1_879' title='bbox 2820 5373 2950 5423; x_wconf 89' lang='lat' dir='ltr'><strong>&#39;toto</strong></span> <span class='ocrx_word' id='word_1_880' title='bbox 3002 5366 3206 5434; x_wconf 85' lang='lat' dir='ltr'><strong>corde;</strong></span> <span class='ocrx_word' id='word_1_881' title='bbox 3243 5365 3450 5438; x_wconf 89' lang='lat' dir='ltr'><strong>quibus</strong></span> <span class='ocrx_word' id='word_1_882' title='bbox 3499 5383 3614 5421; x_wconf 91' lang='lat' dir='ltr'><strong>non</strong></span> <span class='ocrx_word' id='word_1_883' title='bbox 3676 5368 3908 5424; x_wconf 84' lang='lat' dir='ltr'><strong>servatis</strong></span> 
     </span>
    </p>
   </div>
   <div class='ocr_carea' id='block_1_118' title="bbox 2210 5456 2957 5528">
    <p class='ocr_par' dir='ltr' id='par_1_118' title="bbox 2210 5456 2957 5528">
     <span class='ocr_line' id='line_1_118' title="bbox 2210 5456 2957 5528; baseline -0.005 -15"><span class='ocrx_word' id='word_1_884' title='bbox 2210 5459 2484 5513; x_wconf 90' lang='lat' dir='ltr'><strong>orbamur</strong></span> <span class='ocrx_word' id='word_1_885' title='bbox 2507 5458 2667 5528; x_wconf 90' lang='lat' dir='ltr'><strong>prole</strong></span> <span class='ocrx_word' id='word_1_886' title='bbox 2695 5456 2957 5510; x_wconf 87' lang='lat' dir='ltr'><strong>rationis.</strong></span> 
     </span>
    </p>
   </div>
   <div class='ocr_carea' id='block_1_119' title="bbox 2277 5544 3907 5613">
    <p class='ocr_par' dir='ltr' id='par_1_119' title="bbox 2277 5544 3907 5613">
     <span class='ocr_line' id='line_1_119' title="bbox 2277 5544 3907 5613; baseline -0.002 -12"><span class='ocrx_word' id='word_1_887' title='bbox 2277 5548 2437 5603; x_wconf 75' lang='lat' dir='ltr'><strong>Vens.</strong></span> <span class='ocrx_word' id='word_1_888' title='bbox 2471 5549 2558 5601; x_wconf 82' lang='lat'><strong>52.</strong></span> <span class='ocrx_word' id='word_1_889' title='bbox 2606 5577 2674 5585; x_wconf 92' lang='lat'><strong>—</strong></span> <span class='ocrx_word' id='word_1_890' title='bbox 2723 5548 2790 5600; x_wconf 90' lang='lat' dir='ltr'><strong>Et</strong></span> <span class='ocrx_word' id='word_1_891' title='bbox 2827 5545 3054 5600; x_wconf 83' lang='lat' dir='ltr'><strong>abstulit</strong></span> <span class='ocrx_word' id='word_1_892' title='bbox 3082 5545 3224 5598; x_wconf 87' lang='lat' dir='ltr'><strong>sicut</strong></span> <span class='ocrx_word' id='word_1_893' title='bbox 3250 5557 3370 5597; x_wconf 85' lang='lat' dir='ltr'><strong>oves</strong></span> <span class='ocrx_word' id='word_1_894' title='bbox 3415 5544 3682 5613; x_wconf 80' lang='lat' dir='ltr'><strong>populum</strong></span> <span class='ocrx_word' id='word_1_895' title='bbox 3730 5557 3907 5609; x_wconf 70' lang='lat' dir='ltr'><strong>suum,</strong></span> 
     </span>
    </p>
   </div>
  </div>
