4020 6184
150 323 249 374 973

1236 319 1490 405 ιςιοεεᾼ
1526 319 1934 375 οΒῡιΝΑΒιΑ.
1974 349 2043 359 -
2083 321 2211 375 LIB.
2254 321 2492 376 PSALM.

3547 330 3651 383 974

145 439 194 489 et
217 435 484 505 perduxit
504 449 590 489 eos
636 440 899 505 tanquam
954 452 1166 505 gregem
1226 441 1287 493 in
1355 438 1579 492 deserto.
1640 436 1830 507 (Αυα.)
1863 437 1909 489 Α
1947 437 2056 491 cito
2093 439 2375 493 subvenit.
2431 442 2499 495 Et
2551 456 2751 495 revera
2813 442 2893 497 sic
2952 444 3249 502 dementer
3317 450 3651 519 putantibus

145 524 390 594 Mystice.
423 525 539 577 Hoc
560 534 614 577 et
646 523 707 577 in
756 525 922 579 nobis
968 525 1122 580 intus
1149 528 1234 595 ﬁt,
1289 527 1389 582 ubi
1414 526 1622 581 eruditi
1645 526 1715 579 de
1744 542 1841 595 po-

143 618 344 667 testate
366 612 735 665 tenebrarum
794 618 988 666 mente
1033 613 1437 669 transferimur
1489 613 1549 667 in
1594 628 1837 683 regnum

150 702 262 765 Dei,
292 717 424 754 oves
455 702 515 753 in
576 700 970 766 spiritualibus
1013 702 1257 772 pascuis.
1290 703 1500 771 (Cass)
1537 704 1607 757 Et
1651 702 1839 756 abstu-

141 790 225 843 lit.
270 790 429 855 Quod
489 790 724 843 eductos
749 789 818 843 de
866 791 1140 846 servitute
1188 792 1350 846 duxit
1379 792 1440 846 in
1470 798 1684 847 terram
1713 806 1839 862 pro-

142 878 473 943 missionis;
505 883 563 933 et
594 878 807 933 iterum
837 879 1155 934 offendunt.

214 968 374 1021 Vens.
411 968 497 1020 54.
533 996 600 1007 —-
630 970 697 1021 Et
727 968 952 1021 induant
999 985 1083 1023 eos
1130 972 1189 1023 in
1240 974 1467 1023 montem
1524 967 1841 1038 sanctiﬁca-

145 1058 308 1109 tionis
357 1070 490 1109 suz.
557 1054 748 1126 (AUG.)
801 1057 924 1110 Non
986 1058 1217 1111 eosdem
1272 1075 1415 1128 quos
1464 1058 1714 1121 abstulit,
1746 1055 1842 1110 sed

143 1160 241 1196 cos
266 1143 500 1197 nomine
524 1150 576 1197 et
609 1149 777 1213 gente
812 1145 1133 1213 ;signiticat
1162 1151 1353 1200 tamen
1388 1147 1541 1217 quod
1574 1145 1739 1199 multi
1769 1144 1841 1197 ad

145 1234 472 1297 Ecclesiam,
508 1249 681 1303 quam
704 1235 919 1286 mavult
945 1234 1208 1304 intelligi,
1231 1235 1485 1288 conversi
1514 1238 1647 1287 sunt
1678 1254 1693 1301 -,
1719 1234 1844 1303 ipsa

142 1328 229 1375 est
265 1338 432 1376 mons
464 1338 634 1391 quem
666 1322 920 1376 Christus
964 1324 1278 1393 acquisivit.
1326 1327 1397 1379 Et
1448 1324 1604 1392 ejecit
1634 1340 1669 1377 a
1700 1325 1843 1389 facie

141 1427 326 1465 eorum
358 1416 557 1477 gentes,
589 1415 696 1464 etc.
730 1411 919 1481 (Αυο.)
970 1413 1066 1466 Vel
1122 1413 1362 1482 maligni
1392 1412 1643 1482 spiritus.
1707 1412 1842 1475 Qua:

141 1499 341 1553 omnia
370 1499 623 1553 Christus
657 1500 824 1569 ejecit
847 1516 880 1553 a
928 1500 1071 1554 facie
1104 1501 1360 1555 fidelium
1390 1516 1404 1565 ;
1459 1505 1508 1555 et
1537 1505 1677 1555 sorte
1706 1502 1845 1554 divi-

140 1590 213 1641 sit
243 1591 321 1642 eis
363 1593 587 1642 terram.
646 1590 751 1641 Per
790 1589 897 1642 hoc
953 1589 1309 1659 signiﬁcatur
1347 1590 1522 1659 {quod
1562 1590 1622 1642 in
1679 1588 1843 1643 nobis

1951 526 2182 595 dormit,
2215 533 2272 582 et
2301 534 2385 582 est
2406 529 2648 599 alienus,
2681 536 2738 584 et
2767 533 3190 603 negligentibus
3220 541 3277 591 et
3300 537 3650 601 infidelibus,

1949 615 2049 685 qui
2079 617 2235 670 nulla
2254 633 2386 673 voce
2424 619 2608 673 laudis
2637 620 2726 674 vel
2773 622 2963 691 operis
2994 639 3127 678 eum
3177 626 3443 682 excitant.
3493 629 3653 682 Exci-

1948 708 2101 758 tatur
2129 710 2319 761 autem
2357 707 2426 761 ad
2477 707 2787 763 vindictam
2821 710 2985 763 malis
3037 713 3277 781 actibus,
3308 721 3369 769 ut
3400 715 3488 769 hic
3518 732 3650 786 pec-

1949 792 2087 846 catis
2116 810 2336 859 eorum,
2390 795 2488 865 qui
2534 812 2722 850 arcam
2753 797 2905 851 inter
2955 799 3260 855 simulacra
3305 808 3645 872 posuerunt.

1953 883 2231 949 Tanquam
2275 890 2485 952 potens,
2550 885 2686 955 quia
2742 889 2877 940 tunc
2930 892 3062 941 sunt
3109 888 3370 943 homines
3403 892 3473 945 ad
3504 892 3649 946 iram

1947 969 2162 1040 faciles,
2196 977 2251 1025 et
2280 973 2349 1026 ad
2372 972 2605 1027 virtutes
2654 979 2938 1044 potentes,
3004 979 3235 1047 quando
3293 984 3421 1049 post
3447 996 3651 1050 crapu-

1949 1058 2064 1114 lam
2094 1060 2163 1114 de
2191 1078 2395 1115 somno
2428 1069 2691 1133 surgunt.
2728 1063 2918 1135 (AUG.)
2940 1068 3010 1119 Et
3039 1070 3309 1121 emcilatus
3341 1073 3437 1122 est.
3487 1069 3647 1123 Chri-

1949 1151 2070 1201 stus
2099 1149 2233 1203 vino
2254 1150 2537 1220 passionis
2563 1152 2777 1221 ebrius,
2829 1153 3124 1208 dormiens
3149 1155 3208 1209 in
3241 1157 3522 1227 sepulcro,
3556 1174 3649 1211 ex-

1948 1236 2152 1291 citatus
2181 1243 2267 1293 est
2297 1256 2331 1294 a
2361 1245 2563 1302 morte.
2589 1246 2865 1312 tanquam
2886 1249 3086 1312 potens
3118 1244 3177 1297 in
3206 1246 3645 1301 resurrectione.

1950 1326 2078 1395 (In.)
2117 1329 2397 1397 Tanquam
2430 1330 2720 1385 dormiens.
2772 1331 2934 1384 Visus
2987 1336 3071 1385 est
3115 1333 3388 1402 dormire,
3420 1335 3650 1405 quando

1949 1414 2232 1483 populum
2288 1432 2455 1470 suum
2510 1417 2665 1471 dedit
2692 1417 2752 1471 in
2807 1434 3013 1472 manus
3054 1435 3275 1486 eorum,
3310 1436 3451 1491 quos
3481 1421 3648 1476 odit:

1952 1502 2051 1555 ubi
2077 1501 2159 1555 eis
2189 1503 2432 1558 dicitur:
2472 1506 2574 1560 Ubi
2597 1512 2675 1560 est
2714 1510 2852 1561 Deus
2874 1512 2998 1561 tuus
3026 1509 3055 1561 ?

2024 1590 2186 1644 Vens.
2249 1595 2335 1645 66.
2415 1594 2493 1647 Et
2534 1598 2803 1663 percussit
2854 1598 3221 1664 iniquitatem.
3282 1595 3468 1665 (Auc.)
3538 1597 3650 1650 Hac

142 1676 341 1730 omnia
361 1681 630 1745 operatur
659 1692 807 1729 unus
856 1682 1028 1747 atque
1085 1678 1237 1731 idem
1284 1678 1549 1747 Spiritus,
1584 1678 1841 1732 dividens
1875 1720 1917 1774 Β
1953 1694 2125 1747 paena
2172 1680 2536 1745 cruciabitur,
2597 1687 2727 1749 etc.,
2770 1698 2938 1751 usque
2984 1684 3058 1737 ad
3084 1684 3436 1752 opprobrium
3492 1684 3646 1738 enim

142 1766 392 1835 singulis
424 1770 594 1834 prout
616 1765 752 1818 vult.

242 1855 414 1908 Vens.
469 1856 561 1906 55.
622 1882 691 1893 —-
740 1855 803 1906 In
861 1853 1455 1923 tabernaculis.(CAss.)
1517 1856 1579 1908 In
1636 1854 1843 1924 quibus

140 1941 468 2009 regnabant
493 1946 722 2010 peccata
751 1956 990 2011 regnare
1015 1942 1146 1996 fecit
1171 1948 1433 1996 Virtutes.

219 2031 379 2082 Vens.
422 2032 508 2082 57.
545 2057 603 2068 —
643 2029 1097 2093 Quemadmodum
1127 2036 1313 2100 patres
1367 2046 1547 2084 eorum
1579 2032 1840 2095 conversi,

139 2123 254 2171 etc.
317 2118 505 2186 (Auc.)
546 2117 652 2169 Per
706 2122 889 2172 totum
942 2119 1197 2190 loquitur
1245 2120 1407 2190 quasi
1464 2120 1534 2173 de
1593 2119 1839 2173 eisdem:

139 2212 345 2259 tamen
375 2221 527 2259 nunc
576 2206 644 2259 de
675 2206 763 2259 his
792 2207 893 2277 qui
948 2208 1009 2261 in
1061 2213 1211 2262 terra
1258 2208 1673 2278 promissionis,
1707 2224 1845 2278 quo-

137 2311 277 2348 rum
316 2294 548 2348 fuerunt
576 2300 787 2364 patres,
844 2297 943 2367 qui
1000 2297 1059 2350 in
1105 2298 1330 2350 deserto
1365 2296 1863 2363 amaricaverunt.,

136 2386 352 2437 Arcum
381 2399 632 2452 pravum,
662 2389 767 2437 etc.
831 2385 952 2453 (Ιυ.)
1000 2386 1193 2439 Animi
1224 2385 1600 2439 intentionem
1622 2398 1846 2453 perver-

133 2488 289 2540 sam,
320 2476 383 2525 ut
409 2478 604 2525 contra
628 2474 828 2538 Deum,
862 2474 963 2544 qui
1012 2474 1265 2528 dixerat:
1301 2477 1419 2531 Non
1448 2475 1607 2528 erunt
1633 2474 1733 2526 tibi
1762 2473 1848 2526 dii

136 2563 315 2615 alieni
342 2562 552 2628 (Exod.
607 2568 715 2628 xx),
750 2564 900 2633 quod
933 2564 1158 2633 plenius
1206 2564 1404 2633 aperit.
1463 2566 1528 2618 In
1556 2566 1698 2617 iram
1727 2578 1848 2617 con-

139 2653 278 2716 cita,
336 2650 445 2715 vel,
476 2652 535 2703 in
564 2666 751 2703 arcum
806 2668 1058 2720 pravum,
1096 2653 1193 2723 qui
1245 2653 1473 2706 difficile
1514 2652 1842 2718 remittitur,

142 2743 204 2791 et
227 2738 337 2808 ipsi
370 2738 535 2792 facile
556 2740 892 2794 retroibant.
943 2742 1054 2806 Vel,
1090 2757 1276 2795 amum
1317 2758 1572 2811 pravum,
1608 2740 1706 2812 qui
1730 2756 1846 2794 non

145 2828 377 2880 eminus
401 2828 710 2898 jaculatur,
744 2830 838 2883 sed
868 2829 927 2882 in
966 2846 1025 2884 se
1057 2830 1275 2900 spicula
1323 2832 1618 2896 convertit,
1652 2831 1709 2885 id
1740 2835 1841 2894 est,

143 2915 369 2969 malitia
397 2916 746 2971 dolosorum.

1952 1768 2337 1833 sempiternum
2358 1767 2507 1820 dedit
2537 1768 2667 1821 illis.

2025 1854 2191 1907 Vens.
2250 1858 2336 1908 67.
2396 1858 2561 1909 —Et
2595 1857 2814 1924 repulit.
2878 1857 3086 1923 (Cass)
3138 1858 3215 1911 De
3267 1874 3399 1928 rege
3454 1858 3648 1926 David,

1952 1946 2008 1994 et
2029 1942 2151 1995 loco
2168 1943 2348 2011 regni.
2404 1944 2587 2013 (Auc.)
2636 1946 2757 1998 Non
2790 1944 2951 2011 dixit,
3003 1952 3131 2013 etc.,
3164 1961 3335 2015 usque
3378 1947 3451 2000 ad
3473 1948 3551 2000 sic
3581 1948 3651 2001 ab

1949 2030 2116 2085 initio
2147 2032 2440 2085 electionis
2498 2033 2749 2086 Hebrum:
2805 2034 2992 2103 gentis
3038 2050 3219 2105 usque
3251 2036 3321 2089 ad
3367 2035 3653 2091 Christum

1951 2120 2228 2191 procedit.

2027 2208 2183 2261 Vens.
2215 2209 2301 2261 69.
2334 2237 2403 2247 —
2430 2208 2602 2273 Sicut,
2645 2213 2753 2262 ete.
2787 2209 2971 2279 (AUG.)
3006 2210 3275 2265 Unicorni
3325 2215 3457 2266 sunt
3507 2228 3650 2283 quo-

1953 2312 2082 2350 rum
2114 2296 2280 2349 ﬁrma
2312 2296 2511 2366 spesin
2538 2296 2874 2351 unumillud
2889 2298 3152 2369 erigitur,
3171 2300 3240 2354 de
3266 2317 3379 2370 quo
3401 2301 3608 2355 dicitur
3633 2317 3647 2367 ;

1958 2384 2129 2437 Unam
2163 2385 2302 2452 petii
2348 2399 2383 2436 a
2423 2386 2664 2450 Domino,
2722 2384 2860 2438 hanc
2898 2384 3197 2454 requiram".
3257 2388 3646 2456 Sancti/icium.

1954 2472 2048 2525 Est
2074 2472 2236 2541 plebs
2266 2477 2479 2538 sancta,
2514 2473 2705 2541 regale
2719 2473 3122 2527 sacerdotium.

2024 2561 2197 2615 Vens.
2220 2562 2404 2614 70.—-
2455 2561 2643 2614 David
2685 2575 2916 2616 servum.
2972 2562 3155 2632 (Auc.)
3198 2562 3307 2627 Qui
3365 2563 3434 2617 de
3481 2563 3647 2630 Juda,

1956 2655 2088 2716 etc.,
2124 2667 2293 2719 usque
2339 2650 2455 2704 ad:
2496 2651 2675 2705 dentes
2725 2651 2986 2705 Ecclesiae
3030 2658 3164 2706 sunt
3220 2652 3304 2706 illi
3350 2669 3453 2723 per
3507 2669 3651 2722 quos

1955 2739 2233 2810 loquitur,
2259 2740 2345 2793 vel
2376 2756 2478 2810 per
2511 2756 2656 2810 quos
2684 2740 2745 2793 in
2774 2756 2981 2811 corpus
3021 2757 3188 2794 suum
3218 2741 3373 2795 velut
3403 2741 3651 2794 mandu-

1956 2828 2135 2881 cando
2166 2832 2398 2880 casteros
2427 2826 2658 2896 trajicit.
2710 2827 2855 2883 Grea:
2919 2834 3196 2882 tonsarum
3248 2828 3474 2893 dicitur,
3518 2827 3651 2898 quia

1955 2931 2133 2969 onera
2192 2915 2387 2969 seaculi
2438 2916 2593 2969 velut
2663 2917 2873 2971 vellera
2937 2917 3222 2987 deposuit,
3279 2922 3336 2971 et
3371 2918 3442 2971 ad
3475 2915 3650 2986 pedes

219 3005 380 3057 Vens.
441 3007 529 3059 58.
560 3034 631 3044 —-
664 3006 761 3059 Ad
787 3008 1198 3062 mulationem.
1256 3008 1352 3062 Vel
1385 3007 1640 3062 zemulati
1665 3015 1795 3064 sunt
1827 3024 1840 3075 ;
1877 3007 1917 3061 C
1954 3003 2355 3073 Apostolorum
2378 3019 2571 3057 rerum
2602 3020 2834 3058 suarum
2865 3004 3227 3058 venditarum
3252 3004 3437 3074 pretia
3466 3018 3651 3073 appo-

135 3092 260 3145 alia
290 3092 497 3157 littera,
525 3110 656 3147 cum
687 3095 961 3149 honorem
997 3097 1096 3150 Dei
1129 3096 1227 3150 alii
1254 3098 1502 3151 tradunt.

218 3181 380 3233 Vens.
434 3184 519 3236 59.
551 3211 622 3221 -
658 3182 891 3236 Audiuit
944 3186 1125 3237 Deus..
1166 3185 1360 3253 (Cass)
1412 3186 1487 3238 De
1538 3184 1753 3238 ultione
1783 3184 1843 3238 in

132 3275 301 3323 terra
331 3269 745 3339 promissionis,
779 3287 909 3341 quae
950 3276 1007 3326 et
1036 3276 1253 3326 retorta
1282 3278 1365 3327 est
1415 3272 1473 3326 in
1519 3273 1693 3344 ipsos,
1743 3289 1844 3343 per

131 3374 289 3430 quos
318 3359 559 3428 punivit.

215 3447 386 3500 Vens.
422 3448 508 3500 60.
560 3478 627 3487 -
672 3450 741 3502 Et
787 3450 988 3517 repulit
1030 3450 1455 3504 tabernaculum.
1509 3449 1696 3519 (ΑΗΘ.)
1732 3450 1845 3502 Hoc

133 3539 407 3605 tempore
437 3536 521 3589 Eli
571 3537 901 3602 sacerdotis,
963 3538 1194 3607 quando
1251 3538 1381 3591 victi
1431 3542 1563 3591 sunt
1592 3538 1660 3591 ab
1689 3539 1843 3591 Allo-

130 3624 359 3694 phylis,
382 3629 437 3678 et
465 3640 593 3678 arca
628 3625 853 3679 Domini
875 3632 1036 3697 capta
1065 3631 1167 3692 est,
1204 3630 1258 3679 et
1278 3626 1386 3696 ipsi
1417 3642 1622 3696 magna
1654 3631 1841 3695 strage

126 3713 366 3765 vastati.
424 3714 656 3783 Legitur
711 3713 870 3767 enim
924 3714 984 3766 in
1020 3713 1163 3767 libro
1226 3715 1471 3784 Regum,
1506 3714 1655 3785 quod
1704 3718 1842 3767 tunc

128 3801 473 3857 ceciderunt
497 3801 567 3855 de
597 3802 812 3871 populo
842 3801 1079 3872 triginta
1111 3801 1293 3855 millia
1348 3802 1630 3872 peditum.
1662 3804 1841 3871 Repu-

120 3893 205 3945 lit
242 3890 646 3944 tabernaculum
668 3891 800 3945 Silo.
836 3890 1043 3960 (Bene)
1102 3890 1265 3954 Quod
1297 3896 1419 3943 erat
1446 3890 1505 3943 in
1537 3890 1678 3956 Silo,
1710 3895 1839 3958 etc.,

122 3995 315 4048 usque
344 3978 418 4031 ad
446 3978 581 4049 quia
611 3984 801 4032 autem
850 3979 991 4032 illud
1044 3995 1158 4032 non
1193 3979 1579 4043 attenderunt,
1623 3994 1727 4032 nec
1756 3983 1843 4031 ta-

122 4069 523 4124 bernaculum
577 4069 690 4121 Deo
750 4068 1053 4122 fecerunt:
1104 4067 1234 4121 ideo
1310 4066 1584 4121 Dominus
1634 4066 1842 4120 merito

119 4157 380 4227 repulit.
430 4157 719 4211 Habitavit
768 4159 827 4210 in
876 4156 1199 4210 hominibus.
1254 4156 1446 4225 (AUG.)
1516 4155 1657 4209 Cum
1705 4170 1841 4225 ergo

110 4261 264 4301 non
298 4250 447 4299 esset
499 4245 739 4315 dignum
787 4244 849 4299 in
901 4260 1015 4316 quo
1066 4244 1368 4311 habitaret,
1428 4244 1639 4315 repulit
1700 4242 1839 4298 illud

112 4334 302 4406 quod
349 4350 462 4387 non
514 4339 753 4405 propter
798 4350 877 4397 se,
936 4334 1035 4388 sed
1092 4339 1326 4404 propter
1393 4332 1521 4387 illos
1571 4331 1840 4387 instituit.

112 4426 349 4495 (Cass)
371 4423 459 4477 Sic
490 4422 699 4477 deserit
737 4438 976 4493 corpora
1022 4426 1237 4487 nostra,
1268 4438 1397 4493 quas
1430 4422 1676 4494 Spiritus
1707 4438 1842 4476 san-

107 4518 292 4579 ctus,
324 4512 462 4565 dum
492 4512 640 4567 bene
670 4516 1007 4580 tractantur,
1033 4510 1334 4565 inhabitat.

202 4601 387 4654 Vens.
422 4603 508 4655 6i.
540 4630 609 4641 —
631 4604 701 4655 Et
732 4600 984 4654 tradidit.
1030 4600 1224 4669 (Cass)
1273 4598 1332 4653 Si
1372 4598 1527 4653 enim
1557 4614 1686 4653 cum
1710 4614 1843 4669 pec-

102 4689 432 4746 catoribus
474 4694 530 4742 et
582 4688 720 4742 boni
774 4688 1079 4743 traduntur
1144 4687 1476 4758 captivitati,
1510 4688 1844 4742 exercitium

105 4784 252 4847 est,
284 4794 405 4832 non
434 4778 494 4831 in
524 4783 714 4832 mente
763 4777 972 4847 captivi
999 4781 1151 4830 sunt.
1199 4777 1297 4831 Vel
1326 4776 1476 4831 hosti
1504 4777 1718 4841 traditi,
1746 4774 1845 4829 sed

106 4867 314 4924 liberi
355 4871 411 4921 et
433 4868 545 4921 Deo
594 4866 904 4937 conjuncti.
960 4868 1238 4921 Virtutum
1280 4881 1482 4920 eorum.
1537 4864 1848 4935 (Auo.)Ar-

103 4955 305 5015 bitrii
364 4955 684 5009 libertatem
746 4954 1060 5020 imminuit,
1127 4958 1182 5008 et
1219 4954 1456 5008 virtutes
1511 4953 1743 5007 abstulit
1787 4954 1846 5006 in

100 5042 333 5107 malis,
370 5043 523 5113 quod
553 5059 671 5097 non
700 5043 773 5096 sit
803 5042 861 5096 in
893 5042 1077 5109 bonis,
1111 5042 1247 5097 licet
1294 5058 1425 5096 cum
1479 5041 1644 5095 malis
1668 5041 1846 5095 inter-

101 5136 149 5192 d
161 5151 209 5188 ι]
222 5149 285 5186 m
307 5132 667 5202 captiventur
696 5132 1087 5202 corporaliter.

205 5222 392 5276 Vens.
436 5224 522 5275 65.
558 5252 626 5260 -—
670 5224 739 5276 Et
776 5224 1045 5275 excitatus
1074 5224 1173 5276 est.
1233 5221 1402 5287 (CASS.
1455 5222 1511 5273 et
1539 5220 1712 5288 AUG.)
1741 5219 1849 5273 Mo-

96 5326 239 5372 res
252 5307 559 5362 hominum
581 5309 823 5362 Domino
839 5310 1060 5375 tribuit,
1083 5312 1318 5379 proptes
1338 5323 1429 5362 res
1443 5307 1843 5377 explanandas.

220 5398 512 5465 Tanquam
566 5396 863 5451 dormiens.
947 5399 1062 5451 Hoc
1119 5397 1327 5451 dicitur
1377 5413 1410 5450 a
1464 5412 1709 5466 persona
1755 5396 1851 5449 de-

94 5484 458 5548 mentium,
491 5484 591 5554 qui
620 5485 702 5537 ita
732 5489 955 5555 putant,
1002 5485 1230 5555 quando
1260 5484 1709 5555 periclitantibus
1736 5500 1851 5537 non

87 5572 443 5637 subvenit,
492 5572 623 5627 vino
674 5589 798 5629 esse
840 5573 1221 5644 crapulatum,
1282 5573 1511 5644 quando
1568 5588 1684 5627 non
1736 5576 1850 5626 tam

1867 4287 1915 4344 D

1953 3091 2409 3157 suis;ascendens
2439 3091 2505 3145 de
2549 3093 2764 3147 lavacro
2801 3092 3089 3163 baptismi,
3156 3093 3419 3164 geminos
3475 3095 3649 3160 creat,

1952 3196 2127 3251 opera
2156 3181 2367 3234 scilicet
2395 3180 2641 3251 geminae
2684 3180 2977 3235 charitatis
3012 3198 3023 3247 ;
3071 3182 3255 3235 unde:
3309 3182 3512 3236 sterilis
3542 3196 3649 3235 non

1951 3273 2141 3324 eratin
2171 3272 2246 3324 eis
2275 3286 2289 3337 ;
2315 3269 2384 3322 ab
2415 3269 2504 3322 his
2554 3270 2858 3323 translatus
2909 3274 2994 3323 est
3036 3270 3310 3337 Christus,
3347 3269 3446 3324 sed
3471 3268 3650 3341 pascit

1953 3374 2158 3429 greges
2187 3358 2247 3412 in
2277 3356 2545 3429 gentibus
2584 3357 2684 3427 qui
2716 3363 2850 3412 sunt
2866 3358 3063 3426 Jacob,
3096 3362 3151 3411 et
3172 3360 3361 3413 Israel.

2052 3449 2213 3501 Vens.
2284 3450 2372 3500 71.
2427 3477 2495 3485 -
2546 3446 2733 3502 Jacob.
2780 3447 2951 3501 Israel
3018 3447 3387 3501 hereditatem
3470 3462 3646 3502 suam.

1954 3534 2143 3605 (Aura)
2203 3534 2461 3606 Repetit:
2495 3533 2613 3588 Nisi
2662 3534 2899 3601 dicatur,
2956 3552 3109 3589 nunc
3139 3536 3449 3590 secundum
3494 3535 3649 3590 hunc

1951 3631 2162 3680 statum
2186 3624 2355 3679 Jacob
2384 3638 2570 3679 servus
2594 3640 2607 3677 :
2642 3624 2873 3695 quando
2900 3624 3116 3677 videbit
3143 3623 3287 3679 facie
3312 3623 3386 3677 ad
3445 3622 3648 3677 faciem

1953 3714 2263 3769 hereditas.
2290 3713 2446 3766 Unde
2492 3718 2549 3765 et
2604 3727 2819 3765 nomen
2850 3711 3103 3782 accepit:
3154 3713 3327 3766 Israel
3372 3710 3528 3765 enim
3557 3709 3645 3765 di-

1952 3803 2099 3857 citur
2145 3819 2211 3856 ex
2239 3800 2720 3868 contemplatione
2746 3800 2864 3853 Dei.
2896 3800 3210 3853 Transtulit
3262 3815 3395 3854 eum
3438 3800 3505 3853 ad
3535 3801 3648 3855 hoc

1951 3896 2017 3945 ut
2040 3893 2318 3961 pasceret,
2350 3893 2407 3942 et
2433 3888 2511 3941 ita
2541 3888 2691 3941 fecit.

2023 3980 2182 4032 Vens.
2243 3976 2332 4031 72.
2388 4005 2451 4022 σ-
2484 3978 2555 4030 Et
2601 3977 2761 4045 pavit
2808 3990 2915 4041 eos,
2965 3980 3070 4029 etc.
3132 3976 3328 4045 (Auc.)
3388 3975 3645 4031 Videtur.

1953 4068 2117 4136 forte,
2147 4071 2277 4136 etc.,
2316 4080 2487 4135 usque
2516 4064 2591 4118 ad
2620 4067 2677 4117 et
2704 4064 2813 4117 hoc
2860 4063 3049 4117 docuit
3088 4064 3243 4134 quod
3274 4064 3411 4135 egit.

2590 4152 2778 4207 PSAL.
2843 4152 3121 4206 LXXVIII.

2023 4244 2185 4297 Vens.
2246 4245 2292 4295 l.
2324 4270 2395 4282 —
2446 4242 2693 4296 Psalmus
2739 4242 2957 4310 Asaph.
3021 4239 3232 4310 (Cass)
3272 4240 3528 4294 Psalmus
3558 4255 3646 4295 se-

1955 4332 2176 4388 cundus
2206 4330 2275 4385 de
2306 4329 2733 4384 lamentatione.
2795 4328 2958 4383 Genti
2991 4344 3093 4399 pro
3117 4328 3330 4382 duritia
3372 4344 3493 4391 sua,
3525 4344 3651 4399 gra-

1952 4423 2098 4478 viter
2126 4419 2449 4491 afﬂigendaa
2478 4423 2744 4490 precatur
2788 4417 3075 4471 Christum
3104 4416 3426 4470 subvenire.
3454 4416 3649 4471 Mone-

1954 4528 2086 4567 mur
2117 4508 2282 4565 bonis
2309 4506 2705 4579 proximorum
2734 4505 2936 4571 laetari,
2970 4502 3389 4558 calamitatibus
3447 4503 3648 4574 afﬂigi.

2024 4604 2164 4655 Deus
2210 4600 2468 4652 venerunt
2518 4600 2717 4663 gentes.
2783 4593 2905 4662 (10.)
2962 4592 3152 4646 Prima
3184 4596 3269 4646 est
3295 4593 3648 4663 conquestio,

1956 4696 2013 4745 et
2034 4690 2444 4744 enumerantur
2472 4688 2689 4756 quanta
2712 4682 2907 4737 tulerit
2933 4680 3245 4736 Jerusalem
3296 4679 3652 4751 temporibus

1954 4775 2238 4843 Antiochi,
2275 4774 2373 4827 ubi
2405 4790 2520 4827 non
2546 4772 2831 4825 destructa
2866 4768 2994 4836 fuit,
3035 4772 3271 4837 propter
3298 4784 3428 4839 quae
3456 4768 3649 4837 signa-

1955 4874 2050 4923 tur
2078 4864 2339 4921 Ecclesiaa
2380 4860 2719 4932 persecutio.
2773 4861 2955 4925 (Αυα.)
3018 4858 3307 4911 Venerunt.
3364 4857 3489 4909 Non
3515 4856 3653 4910 dicit

1959 4954 2120 5027 quasi
2145 4949 2437 5015 nescienti,
2497 4953 2628 5013 etc.,
2684 4960 2852 5013 usque
2891 4943 2966 4998 ad
2987 4943 3110 5014 jam
3168 4958 3300 4996 vero
3357 4942 3654 4997 evidenter

1958 5046 2089 5096 sunt
2121 5039 2377 5111 impleta.

2028 5132 2100 5184 In
2134 5126 2499 5183 hereditatem
2541 5128 2710 5178 tuam.
2765 5122 2893 5191 (Ιο.)
2936 5121 3015 5175 De
3062 5120 3278 5191 populo
3311 5120 3518 5177 Israel:
3548 5120 3656 5175 haz-

1960 5218 2173 5273 reditas
2222 5215 2322 5270 Dei
2379 5219 2511 5267 sunt
2573 5210 2760 5277 electi,
2813 5209 2909 5263 sed
2968 5224 3082 5263 non
3138 5208 3403 5262 excecati
3456 5224 3470 5275 ;

1960 5310 2201 5380 possunt
2223 5306 2346 5359 haec
2388 5301 2499 5358 dici
2555 5300 2625 5355 de
2674 5297 3029 5369 temporibus
3079 5301 3210 5368 post
3266 5296 3656 5352 ascensionem

1963 5393 2211 5459 Christi;
2276 5391 2373 5446 sed
2427 5392 2732 5459 antequam
2785 5384 3041 5441 Christus
3091 5384 3355 5451 venisset,
3422 5390 3482 5440 et
3521 5390 3659 5440 tunc

1964 5482 2120 5539 enim
2146 5479 2471 5544 hereditas,
2501 5477 2602 5530 ubi
2651 5475 2974 5545 Prophetas,
3006 5478 3063 5527 et
3090 5473 3274 5527 sancti
3302 5474 3569 5529 conducti
3598 5475 3658 5528 in

1968 5568 2253 5640 Babylone
2282 5583 2296 5632 ;
2329 5565 2416 5620 vel
2441 5564 2545 5619 sub
2603 5562 2885 5617 Antiocho
2915 5560 3182 5616 maxime.
3209 5561 3399 5632 (Cnss.)
3423 5562 3585 5627 Quod
3613 5561 3660 5615 si

3520 5224 3655 5278 ergo
3722 5267 3737 5287 ρ
