4082 6184
419 291 520 343 975

1033 285 1428 339 WALAFRIDI
1470 282 1713 338 STRABI
1754 282 1950 337 FULD.
1997 281 2158 337 MON.
2197 281 2348 338 OPP.
2389 282 2572 339 PARS
2612 285 2652 338 Ι.
2695 313 2761 320 --
2800 283 3253 338 THEOLOGICA.

3805 287 3902 339 9'76

415 417 562 486 quis,
615 418 702 468 etc
745 457 757 480 ,
806 427 977 481 usque
1022 411 1096 464 ad
1163 411 1326 480 cujus
1383 408 1714 464 circumitus
1771 424 1874 478 per
1921 412 2109 462 totum
2140 411 2184 462 A
2219 413 2485 478 pereunt,
2516 407 2666 478 quod
2688 407 2780 460 hic
2817 407 2956 461 dicit
2997 423 3111 460 non
3160 407 3432 478 optando,
3488 406 3587 461 sed
3631 408 3916 478 propheti-

417 505 638 568 orbem,
671 503 767 555 ubi
799 507 854 555 et
878 499 1197 570 persecutio
1221 499 1303 553 fit.

487 594 644 645 Vens.
677 598 727 644 2.
765 591 1157 643 —Morticiua.
1209 587 1416 657 (Cass)
1450 587 1751 647 Cadavera,
1806 586 1967 657 quasi
1995 602 2111 639 non

417 681 586 734 modo
643 680 700 732 in
759 678 1011 731 viventes
1072 676 1337 730 saeviunt.
1409 675 1662 746 Sepelire
1711 675 1940 744 pietatis
2005 678 2110 743 est,

414 769 658 838 adjicere
689 766 1062 820 crudelitatis.
1105 765 1468 834 Effuderunt.
1516 765 1642 834 (ln.)
1679 765 2012 834 Exaggerat,
2050 768 2114 817 ut

407 857 660 927 judiCem
705 859 946 908 moveat.

485 947 646 998 Vens.
718 945 770 997 4.
843 945 1013 997 Facti.
1080 942 1282 1012 (Cass)
1351 941 1541 996 Gloria
1607 940 1921 994 Jerusalem
1993 944 2110 994 toto

415 1033 553 1087 orbe
586 1031 864 1085 mirabilis
895 1046 1055 1084 versa
1086 1034 1170 1082 est
1208 1030 1267 1083 in
1298 1030 1648 1099 opprobrium
1692 1031 1908 1094 vicinis,
1962 1027 2113 1098 quod

415 1121 644 1193 gravius
674 1124 758 1173 cst
797 1136 969 1190 quam
1010 1119 1055 1171 si
1101 1118 1358 1186 remotis,
1411 1119 1546 1188 quia
1598 1116 1658 1170 hi
1708 1121 1840 1170 sunt
1877 1115 2108 1170 assidui.

412 1209 529 1275 Vel,
587 1207 780 1272 vicini,
830 1206 1180 1273 affectiones,
1238 1204 1577 1276 propinquis
1617 1205 1739 1275 jam
1785 1202 2109 1257 volentibus

416 1295 666 1362 credere,
704 1299 764 1348 ut
793 1301 1072 1365 martyres
1099 1295 1207 1346 hoc
1239 1293 1448 1346 dicant.

485 1385 650 1437 Vnus.
682 1386 732 1437 5.
765 1415 834 1423 -
868 1385 1171 1452 Usquequo,
1200 1385 1428 1437 Domine
1455 1384 1484 1436 ‘P
1514 1383 1729 1449 (Cass)
1781 1381 2112 1451 Deprecatio

414 1489 518 1543 pro
550 1478 707 1544 parte
739 1489 841 1526 sua
872 1478 1069 1526 contra
1098 1472 1360 1525 inimicos
1398 1475 1452 1524 et
1491 1471 1827 1524 insultantes
1854 1469 2069 1522 vicinos
2095 1486 2109 1533 ;

412 1562 575 1632 quasi
607 1561 691 1614 illi
723 1563 800 1614 ita
849 1560 1092 1614 saeviunt
1127 1577 1139 1613 :
1201 1560 1328 1624 Sed,
1361 1577 1394 1611 o
1452 1559 1712 1626 Domine,
1765 1559 2112 1628 usquequo?

413 1651 614 1721 (AUG.)
649 1651 828 1719 Rogat
852 1665 922 1702 ne
955 1665 1132 1718 usque
1166 1648 1226 1700 in
1251 1648 1424 1700 tinem
1473 1647 1767 1708 irascatur,
1805 1646 1860 1699 id
1895 1651 1996 1713 est,
2039 1662 2110 1698 ne
2145 1687 2184 1739 Β

411 1739 510 1791 illa
541 1737 775 1790 vastatio
827 1740 1170 1806 perseveret,
1203 1735 1302 1788 sed
1352 1739 1631 1805 temperet
1675 1735 2107 1788 correctionem.

416 1825 657 1879 Nomine
697 1828 811 1891 irae,
870 1823 1114 1876 vindicta
1168 1822 1487 1893 iniquitatis
1529 1823 1818 1892 accipitur,
1877 1823 2110 1877 nomine

411 1915 532 1980 zeli,
567 1913 782 1967 exactio
833 1912 1126 1978 castitatis,
1190 1927 1259 1964 ne
1317 1911 1506 1964 anima
1538 1928 1570 1963 a
1631 1913 1743 1964 Deo
1774 1910 2107 1966 fornicetur.

415 2002 579 2067 Nota,
605 2001 712 2054 hoc
733 2017 838 2070 pro
869 2001 1112 2070 peccatis
1134 2000 1360 2052 evenire
1376 1999 1726 2062 hominibus,
1760 1999 1895 2054 licet
1920 2000 2106 2070 justis,

412 2089 556 2142 sicut
587 2094 696 2143 tres
727 2089 910 2160 pueri,
945 2093 1000 2141 et
1028 2089 1323 2158 Propheta:
1356 2088 1414 2141 in
1446 2087 1772 2158 captivitate
1803 2093 2105 2142 testantur.

414 2179 569 2232 Velut
600 2181 762 2245 ignis.
790 2177 928 2247 (10.)
959 2178 1064 2231 Ure
1095 2177 1314 2242 tandiu,
1364 2177 1548 2231 donec
1577 2192 1780 2231 aurum
1831 2177 2110 2231 virtutum

407 2265 654 2335 perfecte
687 2271 984 2336 purgetur,
1021 2265 1193 2335 ligna,
1227 2265 1283 2319 id
1335 2269 1419 2319 est
1447 2265 1604 2332 vitia,
1635 2265 1983 2320 cinerentur.

483 2355 640 2409 Vsus.
673 2359 728 2409 7.
765 2385 832 2394 —
859 2355 1227 2410 Comederunt.
1285 2356 1472 2421 (Αυο.)
1507 2355 1778 2408 Ferarum
1838 2353 2109 2409 dentibus

410 2443 712 2499 tradendo.
769 2445 1168 2508 Desolaverunt,
1223 2442 1514 2496 eversione
1563 2443 1828 2510 civitatis,
1864 2459 1992 2513 qua:
2023 2442 2106 2496 ci-

410 2532 573 2586 vibus
605 2532 720 2585 suis
743 2531 956 2585 nudata
994 2535 1097 2596 est,
1133 2531 1237 2595 vel,
1269 2530 1405 2601 quia
1454 2530 1784 2584 occiderunt
1831 2531 2106 2585 substitu-

408 2624 498 2673 tos
528 2620 652 2672 loco
684 2619 894 2673 civium
916 2619 1231 2673 occisorum
1265 2619 1468 2684 ;Jacob
1489 2635 1592 2689 pro
1618 2618 1874 2685 homine,
1911 2618 2104 2686 homo,

409 2706 623 2760 scilicet
652 2723 754 2776 pro
776 2712 966 2776 gente,
1019 2723 1148 2777 quae
1202 2706 1461 2760 offendit.
1523 2708 1728 2760 Gratus
1759 2706 2104 2777 patriarcha.

408 2799 472 2847 ut
501 2795 622 2863 ejus
657 2793 933 2847 memoria
957 2797 1188 2864 peccata
1209 2793 1407 2863 populi
1428 2793 1668 2863 mitiget.
1696 2794 1890 2848 Jacob.
1918 2794 2105 2865 (AUG.)

413 2883 540 2936 Haec
572 2888 655 2936 est
685 2899 858 2953 supra
889 2882 1039 2936 dicta
1069 2882 1391 2936 haereditas
1410 2883 1601 2936 Locus.
1635 2882 1838 2952 (Cass)
1873 2881 2102 2949 Civitas,

413 2972 510 3026 ubi
532 2973 836 3042 templum,
870 2987 981 3042 quo
1010 2972 1509 3042 congregabantur
1532 2970 1604 3025 ad
1633 2970 1788 3025 festa.

479 3060 645 3116 Vens.
687 3063 737 3114 8.
771 3090 840 3101 —
871 3062 1231 3130 Iniquitatum
1269 3065 1601 3114 nostrarum.
1660 3057 1879 3130 (ΒεοΑ.)
1911 3059 1970 3113 Id
2003 3064 2104 3113 est.

409 3165 552 3220 quas
583 3166 615 3202 a
652 3149 910 3220 patribus
940 3149 1343 3212 contraximus,
1375 3149 1582 3220 quibus
1605 3149 1815 3202 scilicet
1838 3149 1957 3218 jam
1993 3163 2109 3202 non

413 3238 654 3291 debetur
698 3236 988 3300 correctio,
1021 3237 1118 3289 sed
1184 3235 1496 3300 damnatio,
1555 3234 1663 3288 nisi
1717 3235 1865 3289 adsit
1907 3235 2106 3305 gratiae

411 3330 524 3379 tuae
553 3325 862 3378 miseratio.
918 3324 1206 3393 Scriptum
1240 3330 1326 3377 est
1381 3323 1533 3379 enim
1568 3342 1584 3376 :
1616 3325 1816 3378 Anima
1853 3339 1972 3392 qua
1992 3339 2108 3392 pec-

411 3415 614 3466 caverit
634 3412 763 3481 ipsa
811 3414 1089 3465 morietur.
1125 3413 1208 3475 Et,
1278 3412 1522 3465 Visitabo
1551 3416 1771 3480 peccata
1799 3417 2019 3480 patrum
2051 3415 2108 3465 in

410 3502 570 3570 ﬁlios,
638 3514 807 3567 usque
866 3501 924 3552 in
980 3501 1196 3552 tertiam
1265 3504 1315 3552 et
1389 3503 1640 3566 quartam
1707 3503 2108 3565 generationem

413 3589 621 3661 (Ezech.
654 3586 833 3657 xviu.)
866 3589 1259 3655 Antiquarum.
1300 3587 1502 3658 (Cass)
1533 3588 1655 3644 Non
1701 3588 1839 3642 dicit
1863 3589 1934 3643 de
1965 3606 2109 3660 pra;-

412 3676 596 3732 tcritis
626 3681 871 3742 tantum,
913 3691 1044 3729 cum
1077 3681 1132 3729 et
1185 3675 1291 3728 hoc
1345 3680 1605 3746 tempore
1651 3676 1887 3747 quidam
1924 3677 2108 3733 Judaei

411 3765 567 3819 idola
615 3768 1036 3834 sequerentur;
1081 3764 1178 3817 sed
1233 3763 1509 3816 similium
1577 3764 1847 3835 antiquis,
1895 3765 2105 3836 quibus

411 3853 730 3908 innumeris
761 3853 926 3906 annis
955 3857 1351 3922 peccaverunt.
1397 3853 1739 3922 Anticipent.
1784 3853 1914 3922 (ln.)
1962 3856 2106 3908 Ante

406 3943 687 4013 judicium
732 3941 886 4012 quod
936 3941 1101 3994 timet
1145 3940 1333 3994 omnis
1377 3941 1574 4007 homo,
1604 3940 1739 4010 quia
1771 3940 1881 3994 nisi
1910 3940 2106 3995 indul-

411 4031 606 4100 gentia
660 4029 976 4100 przeveniat
1027 4029 1085 4082 in
1135 4027 1377 4098 judicio,
1426 4045 1546 4082 non
1596 4027 1910 4083 absolvitur
1950 4045 2100 4084 reus.

409 4122 603 4177 Nimis.
643 4120 721 4172 Ne
752 4118 881 4188 quis
912 4117 979 4171 de
1002 4117 1220 4170 actibus
1249 4122 1577 4193 praesumat.

481 4209 639 4261 Vens.
674 4210 724 4259 9.
757 4238 823 4245 —
884 4206 1126 4274 Adjuva.
1173 4205 1374 4274 (Cass)
1440 4207 1506 4258 In
1557 4206 1707 4260 bello
1747 4206 2098 4262 defensionis

412 4297 623 4366 legum,
666 4294 800 4365 quia
831 4310 942 4347 non
975 4295 1032 4346 in
1061 4295 1197 4359 suis,
1230 4295 1328 4347 sed
1355 4294 1416 4347 in
1449 4294 1752 4348 virtutibus
1787 4294 1886 4348 Dei
1917 4297 2096 4349 conti-

409 4386 570 4440 dunt.
631 4386 857 4453 Propter
911 4383 1167 4449 gloriam.
1232 4382 1356 4436 Non
1429 4388 1668 4452 propter
1715 4383 1987 4438 meritum
2042 4389 2106 4439 ut

409 4473 611 4545 erepti,
648 4476 741 4526 tuo
772 4470 993 4525 nomini
1025 4471 1307 4524 honorem
1355 4471 1682 4526 reddamus.
1718 4474 1943 4542 Propter
1980 4474 2101 4542 glo-

407 4565 550 4616 riam
603 4562 836 4615 nominis
890 4561 994 4612 tui.
1044 4558 1247 4612 Pietati
1275 4559 1452 4612 sancti
1507 4560 1755 4614 nominis
1792 4561 2098 4628 tribuatur,

410 4667 524 4705 non
563 4649 748 4714 nobis,
782 4647 936 4718 quod
979 4647 1199 4701 actibus
1250 4647 1463 4701 nostris
1495 4665 1610 4702 non
1664 4655 1849 4718 potest
1879 4649 2096 4706 haberi.

408 4739 636 4808 Adjuva
661 4752 755 4792 nos
785 4740 939 4791 Deus.
984 4737 1090 4790 Per
1131 4737 1237 4790 hoc
1292 4738 1398 4790 nec
1454 4736 1714 4808 ingratus
1762 4742 1845 4792 est
1875 4739 2095 4809 gratiae,

409 4844 511 4882 nec
551 4826 703 4881 tollit—
753 4826 1000 4880 liberum
1067 4824 1389 4879 arbitrium.
1446 4825 1554 4889 Qui
1585 4825 1740 4879 enim
1771 4827 2094 4897 adjuvatur,

408 4917 580 4971 etiam
609 4931 710 4986 per
756 4915 1006 4985 seipsum
1065 4913 1283 4984 aliquid
1345 4913 1478 4984 agit.
1540 4915 1730 4969 Libera
1757 4930 1870 4969 nos.
1909 4917 2094 4986 (Auc.)

411 5006 654 5070 Liberet,
689 5003 744 5058 id
777 5007 884 5070 est,
923 5001 1069 5054 eruit
1100 5019 1132 5055 a
1160 5001 1346 5067 malis,
1398 5018 1526 5056 cum
1555 5007 1613 5056 et
1641 5003 1875 5073 adjuvat
1917 5004 1983 5058 ad
2012 5004 2098 5058 fa-

405 5093 667 5148 ciendam
711 5090 1019 5161 justitiam,
1071 5094 1126 5144 et
1178 5090 1466 5161 propitius
1518 5094 1602 5144 est
1652 5090 1923 5160 peccatis,
1973 5090 2095 5146 sine

405 5182 615 5253 quibus
638 5179 729 5233 hic
766 5194 884 5232 non
904 5177 1129 5232 vivitur.

475 5270 636 5322 Vnus.
700 5269 784 5322 l0.
834 5295 907 5307 —
953 5267 1029 5322 Ne
1079 5266 1239 5332 forte.
1295 5265 1492 5338 (AUG.)
1549 5265 1691 5321 illud
1733 5265 2008 5322 usitatum
2062 5287 2096 5324 a

402 5356 674 5426 perfidis:
709 5355 816 5410 Ubi
865 5354 997 5409 est?
1031 5353 1124 5408 Vel
1172 5370 1286 5409 non
1314 5359 1416 5422 est,
1449 5356 1538 5409 vel
1578 5371 1696 5409 non
1749 5360 1936 5426 potest
1964 5375 1981 5424 ;
2010 5357 2094 5412 in-

402 5444 636 5498 sultatio
670 5459 785 5497 non
812 5443 1064 5498 ferenda.
1109 5445 1426 5498 Innotescat.
1473 5445 1568 5498 Vel
1598 5443 1690 5498 hic
1715 5443 1776 5498 in
1806 5446 2092 5500 conversis

2225 497 2421 550 zando.
2454 495 2636 566 (Acs)
2689 493 2834 559 Quia
2883 495 3069 566 justus
3117 511 3234 550 non
3294 495 3610 550 delectatur
3641 496 3712 550 de
3750 513 3910 566 praua

2223 583 2462 645 inimici,
2497 585 2632 655 quia
2659 600 2774 638 non
2823 600 2956 638 eum
3015 584 3154 650 odit,
3214 584 3311 638 sed
3359 585 3429 639 de
3456 584 3907 655 divinajustitia,

2223 673 2358 744 quia
2381 675 2562 728 Deum
2591 673 2800 744 diligit,
2831 678 3064 727 econtra
3086 673 3332 744 iniustus
3359 673 3513 727 facit.

2292 763 2454 816 Vens.
2510 765 2594 818 ll.
2629 791 2696 803 —
2751 763 3202 830 Compeditorum.
3275 763 3457 833 (Aus)
3509 763 3910 834 Corruptibili-

2222 855 2335 904 tate
2366 850 2575 919 carnis,
2624 867 2754 921 quas
2800 856 3075 921 aggravet
3130 851 3405 916 animam,
3444 867 3546 922 per
3575 867 3749 922 quam
3777 868 3914 923 pra:-

2222 939 2370 993 valet
2398 938 2707 1009 aliquando
2733 944 3070 1010 persecutor
3096 957 3108 994 :
3168 941 3270 994 has
3317 940 3620 1011 compedes
3647 957 3764 994 non
3795 957 3915 994 sen-

2222 1027 2373 1082 tiunt
2422 1027 2533 1080 nisi
2587 1027 2691 1094 illi,
2751 1027 2850 1098 qui
2925 1029 3310 1098 ingemiscunt
3385 1028 3648 1099 gravati;
3707 1029 3780 1083 ab
3835 1029 3916 1083 his

2220 1116 2486 1186 cupiebat
2540 1115 2772 1170 dissolvi
2818 1117 3142 1186 Apostolus,
3199 1121 3256 1170 et
3309 1132 3430 1170 esse
3485 1132 3616 1170 cum
3677 1115 3913 1170 Christo.

2223 1203 2342 1270 Vel,
2372 1205 2680 1275 compedes
2711 1209 2845 1258 sunt
2898 1210 3183 1276 prmcepta
3219 1205 3340 1271 Dei,
3393 1205 3612 1275 quibus
3643 1204 3920 1274 colligan-

2222 1297 2317 1346 tur
2338 1294 2536 1360 sancti,
2595 1309 2724 1364 qua
2777 1293 3066 1364 patienter
3113 1298 3430 1348 sustentata
3483 1292 3541 1346 in
3582 1299 3918 1347 ornamenta

2224 1387 2548 1447 vertuntur,
2597 1382 2798 1436 unde:
2856 1382 3023 1450 Injice
3058 1381 3250 1452 pedem
3295 1387 3446 1436 tuum
3520 1384 3581 1435 in
3642 1381 3916 1450 compedes

2221 1471 2337 1539 ejus
2357 1471 2548 1540 (Eccli.
2581 1471 2673 1540 v1).
2729 1470 2934 1541 (CASS.)
2984 1471 3439 1540 Compeditorum,
3481 1469 3550 1525 ad
3579 1469 3838 1523 litteram
3856 1470 3916 1523 de

2221 1560 2310 1614 his
2371 1560 2526 1626 dicit,
2563 1559 2729 1631 'quos
2794 1559 3038 1630 gentiles
3104 1559 3410 1613 vinxerunt
3459 1575 3473 1613 :
3535 1557 3637 1628 qui
3698 1559 3916 1628 gemitu

2223 1654 2410 1714 orant,
2444 1653 2507 1702 ut
2546 1647 2792 1702 Ecclesia
2844 1648 2903 1701 in
2970 1647 3242 1702 fratribus
3297 1663 3415 1700 non
3465 1646 3710 1712 deﬁciat,
3757 1653 3818 1700 et
3846 1647 3918 1700 sic

2221 1753 2317 1790 eos
2342 1753 2511 1807 paena
2532 1737 2842 1790 consumit.
2891 1737 3192 1792 Secundum
3234 1735 3684 1802 magnitudinem.
3731 1735 3916 1804 (Acs)

2222 1827 2332 1880 Res
2361 1825 2514 1878 enim
2540 1830 2654 1878 tam
2678 1841 2888 1894 magna
2923 1825 2981 1878 in
3015 1824 3352 1878 Christianis
3382 1829 3573 1877 secuta
3603 1831 3712 1891 est,
3745 1840 3917 1895 quam

2219 1929 2518 1984 nunquam
2544 1913 2844 1967 crederent
2878 1911 3112 1966 inimici.
3153 1912 3340 1975 Filios,
3368 1911 3503 1982 quia
3536 1911 3756 1964 accensi
3787 1919 3923 1966 sunt

2219 2001 2502 2072 exemplo,
2558 2017 2673 2054 non
2731 2001 2938 2054 territi.
2997 2000 3217 2054 Posside
3262 2001 3403 2068 ﬁlios
3439 2002 3908 2067 mortiﬁcata-um.

2219 2088 2338 2159 (1ο.)
2393 2092 2507 2144 Hoc
2555 2105 2784 2159 semper
2847 2093 3156 2142 oraverunt
3229 2087 3407 2142 sancti
3476 2091 3782 2156 martyres,
3847 2103 3911 2140 ne

2217 2177 2607 2232 infructuosus
2645 2183 2794 2232 esset
2838 2177 3081 2248 posteris
3135 2176 3370 2246 sanguis
3421 2191 3643 2237 eorum.
3695 2175 3906 2230 utinde

2217 2272 2493 2344 cresceret
2517 2283 2698 2337 seges,
2733 2267 2886 2321 unde
2914 2266 3224 2337 putabatur
3254 2265 3531 2335 peritura.
3573 2265 3781 2333 (Cass)
3816 2265 3902 2319 Pia

2215 2349 2492 2426 precatio‘,‘
2517 2373 2588 2410 ne
2622 2355 2768 2410 lilios
2807 2371 3004 2409 eorum
3037 2353 3314 2426 projiciat,
3341 2353 3440 2424 qui
3469 2369 3574 2424 pro
3624 2370 3693 2408 eo
3722 2354 3900 2425 puniti

2217 2449 2367 2498 sunt.
2401 2445 2641 2511 Posside,
2675 2460 2745 2498 ne
2779 2460 2892 2515 quo
2918 2459 3111 2497 errore
3144 2442 3523 2496 maculentur.

2291 2533 2458 2586 Vens.
2499 2535 2585 2586 l2.
2622 2563 2689 2571 —
2747 2534 2815 2586 Et
2875 2531 3059 2586 redde.
3122 2530 3316 2599 (Cass)
3376 2530 3488 2584 Etsi
3535 2531 3910 2600 corporaliter»

2216 2619 2420 2684 reddit,
2457 2621 2608 2674 salus
2648 2617 2734 2674 est
2791 2623 2982 2673 tamen
3025 2619 3234 2672 anima:
3285 2634 3511 2671 eorum.
3575 2619 3910 2688 Septuplum,

2213 2708 2622 2778 perfectionem
2658 2707 2792 2762 doni
2826 2708 3066 2762 cretestis
3096 2706 3398 2777 significat,
3433 2706 3664 2776 quando
3698 2706 3919 2777 Spiritu

2214 2803 2406 2851 sancto
2439 2798 2746 2868 replemur.
2784 2798 2843 2851 In
2864 2799 3008 2851 sinu.
3063 2797 3126 2849 In
3160 2799 3381 2849 secreto
3436 2795 3785 2861 animorum,
3824 2796 3924 2849 ubi

2214 2882 2279 2936 ﬁt
2361 2882 2674 2937 conversio.
2729 2883 3154 2953 Improperium,
3210 2898 3318 2952 pro
3363 2881 3591 2952 injuriis
3666 2881 3926 2936 reddant

2137 2976 2177 3030 C
2215 2971 2448 3026 laudes:
2483 2971 2735 3043 gloriosa
2775 2971 3104 3038 vindicatio,
3153 2971 3384 3040 quando
3411 2969 3678 3024 inimicor
3726 2987 3782 3024 m
3818 2988 3919 3025 ore

2218 3059 2484 3113 laudatur
2517 3060 2678 3113 Deus.
2717 3059 2812 3112 Vel
2839 3060 3164 3129 septuplum.
3204 3058 3478 3129 Septupla
3532 3057 3924 3113 retributione

2217 3148 2624 3218 perfectionem
2683 3163 2870 3218 pinum
2953 3147 3258 3218 significat,
3317 3148 3463 3201 sicut
3491 3152 3549 3201 et
3603 3147 3673 3200 de
3725 3147 3924 3210 bonis,

2215 3252 2344 3290 cum
2373 3234 2585 3290 dicitur
2618 3237 2945 3306 septuplum
2977 3235 3215 3306 accipiet
3257 3236 3316 3290 in
3345 3236 3453 3290 hoc
3481 3236 3690 3290 saeculo
3717 3252 3733 3290 :
3764 3236 3926 3307 quod

2216 3323 2464 3395 positum
2493 3329 2576 3376 est
2601 3339 2704 3394 pro
2736 3323 3005 3378 omnibus
3035 3323 3221 3390 bonis,
3251 3324 3415 3395 quasi
3437 3324 3580 3378 nihil
3611 3323 3926 3392 habentes,

2216 3417 2273 3466 et
2301 3413 2492 3466 omnia
2519 3412 2872 3482 possidentes
2902 3431 2917 3479 ;
2943 3412 3077 3482 quia
3106 3411 3166 3466 in
3196 3413 3301 3466 hoc
3329 3427 3570 3465 numero
3608 3412 3927 3482 plenitudo

2215 3501 2586 3570 signiﬁcatur.
2618 3501 2712 3554 Vel
2743 3502 3070 3570 septuplum,
3094 3516 3196 3571 pro
3224 3499 3466 3554 infinito.
3493 3501 3926 3570 lmproperium,

2216 3587 2401 3660 (Αυρ.)
2438 3590 2551 3642 Hoc
2578 3588 2770 3657 redde,
2809 3588 2865 3642 id
2895 3595 2999 3654 est,
3034 3605 3136 3659 pro
3181 3589 3288 3643 isto
3339 3588 3651 3659 opprobrio
3702 3588 3780 3642 da
3826 3606 3928 3642 eos

2213 3676 2273 3730 in
2307 3676 2612 3746 reprobum
2643 3692 2895 3732 sensum.
2944 3678 3125 3731 Homo
3155 3693 3427 3748 namque,
3485 3692 3616 3730 cum
3648 3675 3834 3731 datur
3866 3677 3929 3731 in

2213 3764 2524 3834 reprobum
2555 3781 2807 3830 sensum,
2839 3765 2896 3820 id
2939 3770 3042 3832 est,
3074 3765 3133 3819 in
3163 3765 3426 3821 interiori
3469 3780 3660 3830 sensu,
3707 3766 3931 3837 accipit

2213 3852 2625 3923 suppliciorum
2655 3853 2924 3907 meritum
2959 3854 3308 3908 futurorum.

2283 3942 2444 3995 Vsus.
2483 3943 2563 3995 l3.
2623 3971 2690 3980 —
2732 3943 2843 3997 Nos
2872 3946 3073 3998 autem.
3133 3940 3328 4011 (Cass)
3387 3939 3686 3995 Conclusio
3739 3943 3935 3996 exsul-

2212 4029 2404 4094 tativa,
2463 4044 2578 4082 non
2629 4029 2928 4096 victorum,
3003 4029 3100 4083 sed
3173 4029 3535 4100 patientium.
3603 4029 3672 4082 Et
3728 4030 3936 4084 suavis

2211 4117 2496 4172 conclusio
2524 4117 2966 4172 lamentationis.
3014 4117 3207 4187 (Αυσ.)
3259 4120 3364 4173 Nos
3404 4122 3599 4172 autem.
3634 4118 3740 4172 Ha:
3792 4123 3934 4174 sunt

2212 4207 2471 4278 reliquie
2500 4224 2534 4261 a
2561 4207 2828 4261 Matatbia
2855 4212 3235 4278 congregatas.
3272 4207 3390 4271 Vel,
3436 4207 3819 4277 generaliter,
3860 4209 3932 4262 de

2212 4297 2372 4350 omni
2427 4312 2638 4367 genere
2689 4296 2921 4366 piorum
2979 4313 3041 4350 ac
3122 4311 3391 4350 verorum
3448 4295 3926 4352 Christianorum

2211 4385 2609 4456 accipiendum
2661 4389 2766 4453 est,
2815 4390 2878 4440 ut
2933 4385 3105 4440 etiam
3160 4383 3513 4439 Christianus
3557 4386 3826 4455 populus
3846 4386 3928 4440 ibi

2210 4474 2283 4527 sit
2303 4473 2504 4526 mistus
2528 4493 2543 4541 ;
2571 4473 2662 4527 hic
2691 4478 2780 4527 est
2819 4489 2962 4544 grex
2985 4489 3089 4544 pro
3129 4489 3245 4544 quo
3303 4473 3508 4542 oravit,
3561 4488 3635 4526 ne
3690 4473 3928 4529 diutius

2208 4561 2566 4615 irasceretur.
2604 4563 2738 4630 (11).)
2771 4561 2888 4628 Vel,
2921 4563 2979 4616 in
3006 4563 3361 4628 generatione,
3391 4560 3450 4616 id
3482 4566 3586 4627 est,
3632 4559 3696 4614 in
3719 4561 3925 4616 futuro

2209 4651 2419 4705 saeculo
2471 4649 2964 4716 annuntiabimus,
3021 4666 3139 4704 non
3199 4665 3303 4720 pro
3350 4649 3595 4704 aliorum
3657 4649 3924 4707 instruc-

2206 4737 2380 4802 tione,
2406 4738 2504 4792 sed
2528 4753 2632 4808 pro
2660 4737 2850 4792 debito
2873 4738 3114 4793 honore.

2809 4881 3122 4937 PSALMUS
3162 4881 3379 4936 LXXIX.

2267 5007 2436 5062 Vsus.
2494 5010 2542 5061 l.
2592 5037 2663 5046 —
2711 5007 3014 5062 Intellectus
3062 5021 3166 5076 pro
3217 5007 3301 5060 his
3365 5008 3462 5075 qui
3489 5009 3924 5064 commutaban-

2205 5099 2308 5149 tur.
2351 5094 2535 5167 (Acs)
2589 5095 2655 5149 In
2708 5095 2932 5159 melius,
2989 5099 3120 5162 etc.,
3169 5111 3339 5164 usque
3382 5095 3457 5150 ad
3501 5095 3925 5152 testimonium

2200 5185 2706 5254 perfidiae.Asaph.
2741 5184 3106 5238 llluminatur
3129 5184 3252 5256 agit
3281 5184 3351 5238 de
3381 5185 3632 5240 adventu
3662 5185 3922 5241 Christis

2201 5276 2258 5326 et
2285 5273 2354 5327 de
2387 5272 2550 5328 vinea
2579 5273 2724 5344 ejus,
2746 5273 2964 5328 bonum
3018 5273 3416 5328 testimonium
3462 5273 3531 5327 de
3561 5273 3754 5344 capite
3788 5275 3916 5346 ipso

2200 5364 2259 5416 et
2281 5376 2518 5431 corpore
2548 5363 2691 5433 ejus,
2733 5378 2866 5432 rege
2893 5366 2949 5417 et
2985 5362 3172 5432 plebe,
3213 5366 3441 5432 pastore
3469 5377 3666 5433 grege.

2269 5449 2430 5503 Vsus.
2489 5453 2544 5506 2.
2601 5478 2662 5490 —
2717 5451 2827 5515 Qui
2880 5451 3044 5516 regis,
3093 5455 3200 5505 etc.
3256 5449 3442 5522 (Αυα.)
3499 5451 3597 5505 Hic
3643 5451 3919 5522 loquitur

401 5532 708 5603 perimitur
743 5531 1032 5602 iniquitas,
1067 5533 1218 5602 quod
1239 5537 1372 5588 ante
1395 5536 1707 5602 optaverat,
1742 5533 1854 5600 vel,
1885 5533 1948 5590 in
1973 5533 2088 5589 fine
2195 5537 2387 5608 Asaph
2418 5537 2774 5593 illuminatus
2803 5537 2871 5592 de
2911 5538 3161 5595 adventu
3195 5537 3426 5608 Christi,
3479 5538 3576 5610 qui
3621 5541 3921 5595 convertit
