4082 6184
214 292 319 344 977

1330 291 1585 347 GLOSSA
1622 292 2025 349 ORDINARIA.
2064 320 2138 334 —
2176 292 2306 346 LIB.
2357 291 2602 346 PSALM.

3621 301 3723 355 978

205 413 525 481 hominem,
556 416 613 466 et
666 410 895 466 vineam
945 411 1014 467 de
1056 413 1298 483 Egypto
1355 414 1616 468 eductam
1675 415 1910 469 solidat:
1941 415 1990 468 Α
2026 413 2269 484 incepta,
2322 418 2379 468 et
2432 413 2700 484 perfecta'
2761 416 2932 485 (AUC.
2994 421 3052 471 et
3127 417 3313 485 Cass.)
3381 421 3605 474 Vineam
3659 421 3724 474 de

208 504 316 558 hoc
340 506 424 557 est
453 501 854 556 testimonium
877 518 983 572 pro
1004 501 1095 555 his
1111 501 1212 572 qui
1269 501 1667 558 immutantur.
1702 503 1906 574 (Cass.)

205 591 391 662 Supra
430 590 708 660 trepidus,
745 591 846 660 qui
894 606 997 660 pro
1025 590 1270 661 peccatis
1318 591 1634 661 Synagoga:
1678 592 1901 645 orabat:

2020 504 2291 572 lEgypto,
2325 503 2509 573 quasi,
2536 520 2638 557 nos
2660 504 2800 557 salvi
2830 504 3063 573 erimus,
3108 508 3207 561 scd
3236 508 3485 573 Judaaos,
3514 509 3722 578 quibus

2017 596 2103 645 tot
2130 592 2327 657 fecisti,
2385 591 2672 645 destrues:
2730 592 2885 663 quod
2944 609 3063 647 non
3117 611 3221 664 pro
3256 594 3368 648 levi
3405 597 3593 666 culpa,
3622 597 3723 651 sed

199 681 324 751 jam
354 679 674 749 praesumit,
733 678 1097 733 commutatis
1163 678 1225 732 in
1278 680 1485 733 melius
1511 679 1906 734 testimonium
1999 679 2153 749 quia
2184 680 2488 734 adventum
2533 680 2744 736 Christi
2774 697 2888 734 non
2940 686 3240 736 noverunt.
3274 684 3393 749 Vel,
3428 685 3568 738 salvi
3603 685 3719 738 eri-

206 768 323 822 dat.
360 767 459 821 Hic
485 766 741 837 psalmus
762 766 1079 837 Synagogas
1100 770 1184 819 est
1204 765 1598 821 testimonium
1627 767 1694 821 de
1721 768 1905 837 capite

202 855 331 927 ipso
370 860 425 910 et
452 871 690 926 corpore
740 855 881 926 ejus.
916 856 1044 927 (ῐο.)
1096 855 1428 925 Deprecatio
1486 857 1658 927 primi
1687 856 1903 910 adven-

202 948 317 1009 tns,
372 960 476 1015 per
523 960 693 1014 quem
745 944 809 997 ﬁt
864 944 1146 1014 reparatio
1179 943 1406 1014 generis
1453 944 1709 998 humani.
1772 944 1901 1015 (lo.)

202 1034 473 1087 Peractus
492 1032 712 1087 deﬁnit.
751 1033 794 1087 Ο
829 1033 997 1098 Deus,
1030 1031 1132 1086 ﬁli.
1156 1034 1264 1098 Qui
1311 1034 1477 1101 regis,
1499 1032 1898 1102 spiritualiter,

196 1122 392 1189 Israel,
440 1120 702 1175 videntes
732 1123 809 1187 te,
863 1121 1104 1185 Intende,
1166 1121 1219 1174 id
1259 1126 1362 1187 est,
1422 1121 1620 1175 lumen
1669 1121 1899 1191 pietatis

201 1226 378 1281 super
408 1226 514 1264 nos
538 1209 797 1277 infunde,
831 1214 892 1263 ut
923 1214 1037 1263 ate
1077 1209 1257 1262 simus
1314 1210 1474 1277 clari,
1533 1210 1632 1280 qui
1660 1226 1766 1280 per
1796 1225 1900 1263 nos

196 1315 401 1353 sumus
450 1298 755 1353 tenebrosi.
829 1298 1045 1367 Joseph.
1122 1297 1253 1368 (10.)
1312 1298 1560 1351 Fidelem
1622 1299 1898 1369 populum

198 1387 361 1442 ducis
386 1387 447 1441 in
503 1387 692 1441 caulas
746 1386 864 1452 Dei,
900 1390 964 1438 ut
1013 1401 1144 1439 oves
1175 1385 1244 1438 ad
1290 1402 1516 1456 pascua,
1551 1385 1621 1439 de
1656 1386 1893 1456 quibus:

197 1478 361 1533 Alias
385 1492 504 1532 oves
550 1477 715 1531 habeo
755 1491 874 1545 quae
898 1490 1004 1529 non
1066 1479 1193 1529 sunt
1223 1475 1289 1529 de
1336 1476 1430 1529 hoc
1465 1476 1616 1540 ovili,
1667 1480 1717 1529 et
1770 1476 1895 1529 illas

196 1569 404 1635 oportet
430 1580 512 1619 me
565 1563 852 1628 adducere,
885 1567 945 1616 ut
985 1561 1093 1631 ﬁat
1145 1578 1312 1616 unum
1351 1563 1488 1616 ovile
1511 1567 1562 1615 et
1593 1578 1732 1616 unus
1756 1578 1894 1631 pas-

200 1660 286 1710 tor
314 1657 493 1722 (Joan.
524 1654 596 1722 x).
630 1651 867 1721 Propria
919 1652 1158 1723 singulis
1188 1652 1392 1706 verba:
1452 1654 1663 1720 regitur
1700 1652 1892 1719 Israel,

198 1745 421 1799 ducitur
448 1741 681 1811 Ioseph,
722 1740 780 1794 id
802 1744 906 1807 est,
940 1740 1178 1795 devotus
1199 1740 1468 1810 populus.
1516 1742 1892 1807 Manifestare.

199 1834 323 1901 (Ιυ.)
374 1832 577 1900 Rogat,
629 1833 693 1883 ut
748 1827 849 1899 qui
879 1828 938 1882 in
997 1832 1211 1882 secreto
1264 1828 1574 1897 majestatis
1626 1832 1747 1882 erat
1795 1845 1901 1900 per

192 1917 964 1987 incarnationem,appareat
989 1933 1182 1971 coram
1212 1916 1421 1971 Iudaeis
1452 1922 1515 1971 ut
1548 1917 1899 1986 promissum

193 2011 337 2072 erat,
379 2005 593 2060 faciens
621 2006 680 2058 in
712 2004 794 2059 eis
842 2005 944 2059 has
974 2005 1234 2074 virtutes,
1283 2021 1413 2076 quae
1448 2004 1537 2059 his
1566 2005 1899 2061 nominibus

194 2094 521 2163 signantur,
573 2093 863 2163 Ephraim,
912 2092 1232 2163 Benjamin,
1267 2098 1325 2147 et
1374 2094 1645 2147 Manasse.
1708 2094 1896 2165 (AUG.)

188 2184 552 2249 Manifestare
609 2197 807 2236 coram.
859 2181 1093 2253 Angelis
1136 2186 1329 2251 notus,
1390 2182 1679 2236 innotesce
1709 2182 1897 2237 homi-

189 2271 387 2327 nibus.

263 2360 430 2412 Vens.
471 2360 501 2411 3
566 2388 629 2397 —
667 2358 859 2413 Coram
912 2356 1201 2427 Ephraim.
1275 2358 1459 2427 (Ave)
1499 2358 1564 2412 Id
1592 2362 1693 2423 est,
1728 2361 1897 2428 gente

183 2447 545 2508 Iudaeorum,
582 2445 682 2499 ubi
711 2447 802 2501 hae
859 2446 1065 2515 tribus,
1111 2446 1325 2500 scilicet
1358 2462 1551 2500 coram
1583 2446 1894 2499 fructiﬁca-

188 2537 374 2603 tione,
408 2540 463 2590 et
509 2535 630 2589 ﬁlio
680 2535 945 2601 dexteras,
987 2540 1050 2589 ut
1096 2540 1155 2589 et
1209 2551 1315 2589 nos
1372 2535 1549 2588 simus
1602 2534 1896 2604 plenitudo

192 2624 449 2679 scientiae
478 2640 585 2694 per
636 2623 993 2691 charitatem,
1047 2640 1175 2694 qua:
1239 2625 1383 2685 Deus
1430 2628 1543 2690 est;
1596 2629 1653 2677 et
1702 2640 1890 2679 coram

186 2713 462 2777 Manasse,
492 2711 551 2765 id
582 2717 686 2776 est,
720 2712 918 2772 oblito,
958 2716 1018 2765 ut
1039 2712 1160 2782 jam
1193 2712 1279 2766 illi
1307 2712 1499 2766 venias
1523 2711 1583 2765 in
1617 2717 1891 2780 mentem,

183 2801 344 2871 juxta
434 2800 616 2854 illud:
684 2802 1133 2862 Reminiscentur,
1209 2806 1260 2855 et
1332 2806 1705 2855 convertentur
1782 2804 1895 2855 uni-

189 2892 335 2944 versi
383 2892 512 2958 ﬁnes
571 2894 746 2944 terrai.
802 2889 930 2960 (10.)
980 2891 1199 2944 Emcita.
1256 2889 1502 2960 Repetit,
1537 2896 1667 2957 etc.,
1726 2905 1895 2959 usque

2016 783 2145 822 mus
2195 768 2330 838 quia
2378 768 2457 822 ita
2486 768 2896 839 'przesignasti.
2945 772 3164 825 Vineam
3196 771 3262 825 de
3319 776 3578 843 Egypto.
3612 774 3719 829 Sed

2014 872 2210 926 quare,
2246 857 2540 911 destrues?
2565 858 2674 911 hoc
2720 858 2787 911 de
2836 858 3184 914 inﬁdelibus.
3221 862 3289 914 De
3334 862 3603 930 Egypto.
3653 864 3721 917 Ut

2012 944 2140 998 illos
2181 946 2249 999 de
2305 945 2570 1016 Egypto,
2629 946 2708 999 ita
2759 947 3061 1001 Ecclesiam
3122 948 3191 1001 de
3250 950 3495 1003 tenebris
3554 951 3720 1020 ejecit

2012 1032 2312 1088 vitiorum:
2370 1038 2568 1103 gentes
2612 1035 2832 1103 plantat
2887 1035 2946 1089 in
2991 1036 3313 1103 virtutibus,
3348 1042 3405 1091 et
3446 1037 3595 1091 ducit
3615 1053 3717 1107 per

2012 1122 2118 1175 hoc
2195 1123 2484 1176 desertum
2548 1123 2766 1176 saeculi.
2831 1124 3081 1190 Radices,
3143 1131 3419 1196 martyres
3476 1131 3530 1178 et
3572 1125 3717 1180 alios

2010 1210 2208 1264 ﬁrmos
2251 1210 2404 1273 facit,
2467 1216 2524 1264 et
2582 1212 2786 1280 implet
2835 1212 3050 1266 orbem.
3116 1213 3320 1283 (Cass)
3387 1218 3612 1269 Vineam
3651 1214 3715 1267 de

2008 1299 2279 1367 JEgypto,
2336 1315 2439 1369 per
2485 1300 2749 1369 mysticus
2800 1300 3188 1370 ﬁgurationes,
3238 1307 3364 1369 etc.,
3416 1317 3584 1371 usque
3640 1304 3714 1356 ad

2010 1400 2139 1455 quas
2169 1385 2247 1439 ita
2276 1402 2378 1455 per
2409 1386 2605 1439 orbem
2636 1386 2870 1441 dilatata
2891 1392 2990 1441 est.
3027 1390 3173 1454 Dum,
3206 1388 3343 1442 dum
3399 1405 3525 1442 eam
3558 1389 3715 1444 ducit

2009 1472 2294 1543 spirituali
2348 1473 2573 1527 itinere.
2655 1475 2909 1541 Radices,
2977 1476 3303 1545 prophetas,
3388 1479 3709 1546 Apostolos,

2008 1566 2287 1632 martyres
2316 1566 2373 1616 et
2398 1562 2562 1629 alios,
2600 1562 2669 1616 de
2726 1563 2937 1633 quibus
2963 1566 3217 1633 palmites
3269 1565 3508 1619 tendens
3541 1582 3709 1621 mun-

2011 1650 2148 1704 dum
2171 1655 2411 1721 occupat
2441 1654 2496 1705 et
2551 1650 2753 1721 operit.
2788 1654 2912 1705 Duc:
2963 1654 3196 1707 itineris.
3234 1655 3424 1724 (Αυα.)
3455 1655 3552 1708 Vel
3601 1656 3712 1709 alia

2010 1739 2220 1805 littera,
2245 1744 2376 1809 etc.,
2424 1754 2593 1808 usque
2641 1740 2714 1793 ad
2744 1745 2801 1793 et
2850 1756 2970 1794 non
3019 1746 3104 1795 est
3128 1743 3328 1807 altera,
3383 1743 3482 1797 sed
3508 1744 3709 1798 eadem

2008 1827 2204 1882 vinea:
2232 1828 2365 1882 inde
2438 1828 2711 1899 Apostoli,
2744 1828 2878 1883 inde
2936 1834 2993 1884 et
3042 1830 3139 1883 alii
3180 1831 3342 1901 justi,
3394 1831 3500 1886 etsi
3532 1833 3709 1903 aliqui

2008 1916 2157 1971 rami
2187 1916 2371 1970 fracti.

2078 2006 2238 2059 Vens.
2276 2008 2361 2059 ll.
2415 2008 2498 2058 l2.
2556 2033 2624 2045 —
2674 2006 2917 2074 Operuit.
2946 2005 3143 2077 (Cass)
3191 2008 3425 2062 Alitudo
3481 2012 3537 2062 et
3576 2009 3707 2063 lati-

2007 2094 2145 2148 tudo
2176 2093 2354 2147 vineas
2408 2093 2498 2147 hic
2547 2094 2872 2163 exponitur.
2924 2095 3185 2165 Superna
3214 2101 3298 2150 est
3358 2096 3544 2163 vinea,
3580 2114 3708 2168 quas

2008 2187 2065 2237 et
2123 2187 2346 2237 montes
2377 2182 2761 2249 sublimiores,
2818 2182 2931 2236 vita
2976 2172 3029 2236 et
3082 2184 3344 2238 doctrina
3377 2185 3700 2250 obumbrat,

2007 2276 2064 2325 et
2094 2272 2315 2341 magnis
2344 2287 2595 2325 crescere
2624 2271 2777 2325 facit.
2815 2272 2984 2338 Vites,
3038 2289 3165 2342 quae
3222 2274 3454 2328 arbores
3506 2292 3702 2330 ascen-

2006 2360 2169 2427 dunt,
2191 2360 2417 2414 arbusta
2439 2360 2834 2428 nominantur,
2866 2376 2968 2430 per
2992 2377 3118 2431 quae
3152 2361 3401 2416 minores
3430 2363 3489 2416 in
3524 2365 3704 2418 Eccle-

2007 2448 2091 2502 sia
2117 2447 2491 2518 accipiuntur.
2525 2449 2706 2516 Cedri,
2729 2465 2843 2502 non
2876 2449 3126 2519 superbi,
3162 2451 3258 2503 sed
3278 2451 3378 2521 qui
3418 2456 3550 2506 sunt
3581 2456 3698 2519 Dei,

2006 2542 2284 2608 martyres
2323 2544 2472 2599 sunt,
2507 2537 2608 2607 qui
2664 2537 2724 2590 in
2778 2538 3024 2591 Ecclesia
3054 2538 3153 2592 alti
3182 2544 3332 2605 sunt,
3368 2540 3470 2594 hos
3526 2541 3700 2595 etiam

2006 2626 2250 2681 Ecclesia
2284 2625 2340 2679 in
2397 2625 2639 2696 gremio
2676 2642 2780 2680 suo
2828 2628 3095 2697 protegit.
3153 2631 3505 2698 Propagines,
3554 2631 3700 2684 ﬁlios

2004 2714 2477 2786 regenerationis,
2511 2714 2673 2785 quia
2718 2714 2955 2769 ﬂumine
3001 2717 3244 2770 Jordane
3298 2723 3694 2785 manaverunt,

2005 2804 2140 2874 quia
2187 2803 2266 2857 ibi
2314 2803 2485 2873 coepit
2512 2803 2707 2873 regula
2758 2803 3043 2873 baptismi.
3079 2809 3295 2860 Montes.
3337 2805 3696 2876 (AUG.)P1‘0-

2002 2892 2213 2962 phetas,
2249 2897 2379 2957 etc.,
2442 2907 2610 2960 usque
2638 2892 2713 2944 ad
2771 2891 3032 2946 similiter
3063 2895 3314 2961 operiunt
3367 2894 3550 2949 cedros
3578 2897 3692 2960 Dei,

187 2978 264 3032 ad
318 2977 620 3031 crucifixua
695 2993 763 3031 ex
824 2976 1179 3043 inﬁrmitate,
1233 2994 1470 3049 resurgo
1539 2995 1607 3032 ex
1664 2978 1889 3033 virtute.
1924 2980 1967 3035 C
2001 2980 2061 3035 id
2092 2985 2198 3048 est,
2254 2980 2531 3034 doctores.
2596 2981 2792 3036 Cedros
2843 2982 2957 3035 Dei.
3020 2981 3138 3050 (lo.)
3171 2981 3313 3045 Quia
3370 2987 3503 3037 sunt
3544 2984 3697 3038 cedri

223 3065 425 3135 (Cass)
461 3066 665 3119 Excita
691 3067 986 3135 potentiam
1017 3067 1446 3134 miraculorum,
1480 3071 1610 3133 etc.,
1629 3083 1797 3137 usque
1818 3068 1891 3122 ad

188 3152 379 3207 unde:
407 3153 609 3207 Fidelis
643 3156 802 3220 Deus,
835 3156 934 3224 qui
963 3169 1069 3209 non
1100 3156 1315 3224 patitur
1370 3170 1463 3209 vos
1495 3159 1699 3210 tentari
1722 3170 1892 3225 supra

186 3242 249 3295 id
279 3242 426 3311 quod
450 3244 696 3311 potestis,
728 3245 833 3296 etc.
871 3243 930 3311 (1
960 3244 1075 3299 Cor.
1101 3245 1181 3313 x).

260 3330 424 3383 Vens.
455 3332 507 3383 4.
554 3360 608 3369 -
636 3332 848 3385 Faciem
896 3335 1064 3385 tuam.
1117 3330 1312 3401 (Auc.)
1358 3332 1488 3384 Haec
1517 3331 1688 3386 facies
1710 3332 1893 3386 velata

185 3418 299 3472 fuit
344 3418 538 3489 Asaph
610 3422 872 3488 tempore
923 3418 1272 3473 inﬁrmitatis
1341 3419 1571 3487 Christi,
1632 3424 1686 3473 et
1756 3426 1893 3475 tunc

188 3507 493 3578 aegrotavit
524 3508 736 3577 Asaph,
786 3523 903 3561 non
934 3508 1128 3561 valens
1158 3507 1370 3561 intueri
1400 3509 1648 3563 velatum
1708 3510 1887 3564 nube:

190 3595 259 3648 de
290 3610 405 3665 qua
446 3594 681 3649 dicitur:
712 3595 975 3650 Ascendit
1008 3599 1141 3651 Deus
1196 3611 1359 3666 super
1404 3597 1597 3651 nubem
1627 3600 1811 3667 levem,
1837 3604 1894 3653 et

190 3682 425 3737 intrabit
467 3683 555 3737 vel
612 3683 967 3754 ingredietur
1016 3686 1341 3756 Egyptum,
1389 3686 1444 3739 id
1507 3690 1608 3754 est,
1661 3703 1891 3741 carnem

188 3771 515 3827 immunem
563 3789 598 3826 a
642 3776 913 3843 peccato;
986 3773 1331 3828 illuminavit
1385 3789 1518 3828 vero
1573 3790 1699 3829 eam
1760 3792 1891 3829 cum

182 3860 437 3914 surrexit
462 3866 520 3915 et
548 3861 823 3928 ascendit,
847 3867 903 3915 et
926 3861 1004 3916 ita
1033 3863 1338 3916 salvamur.

261 3951 426 4003 Vens.
462 3953 510 4004 5.
545 3980 612 3989 —
645 3950 932 4019 Quousque
978 3950 1278 4006 irasceris?
1324 3950 1512 4020 (Auc.)
1539 3950 1765 4004 Transit
1804 3949 1889 4004 ira

185 4054 221 4092 a
241 4054 427 4106 servo,
450 4042 515 4092 ut
540 4054 659 4092 non
686 4038 940 4109 flagellet
968 4043 1032 4093 ut
1061 4044 1235 4110 patet,
1292 4038 1386 4095 sed
1417 4054 1488 4093 ne
1541 4038 1802 4093 damnet:
1836 4041 1890 4092 et

180 4126 447 4179 conversi
501 4124 655 4179 enim
733 4126 901 4179 durat
947 4125 1051 4193 ira,
1115 4128 1210 4181 sed
1274 4127 1587 4197 corrigens.
1628 4127 1891 4195 Flagellat

177 4216 331 4269 enim
379 4229 584 4268 omnem
630 4216 806 4283 ﬁlium
864 4230 1019 4283 quem
1044 4216 1239 4285 recipit
1292 4216 1425 4284 (Isa.
1489 4230 1569 4282 IX,
1621 4215 1749 4268 Heb.
1792 4214 1886 4283 xu)

254 4303 423 4356 Vens.
477 4304 528 4357 6.
579 4331 648 4342 —
680 4302 1130 4373 Cibabis.(Auc.)
1193 4302 1547 4373 Exponithic
1572 4302 1884 4372 passiones,

178 4407 334 4463 quas
380 4390 559 4444 sancti
613 4394 872 4461 tempore
914 4390 1192 4445 adventus
1249 4390 1470 4461 passuri
1517 4396 1667 4444 sunt.
1717 4390 1887 4454 Quasi

180 4480 432 4535 diceret:
493 4477 609 4532 Etsi
677 4484 870 4549 optem
928 4478 1137 4535 Christi
1183 4479 1509 4544 adventum,
1568 4483 1761 4532 tamen
1818 4495 1886 4533 eo

178 4573 453 4637 tempore
506 4568 686 4621 multa
735 4567 956 4639 passuri
987 4584 1202 4635 sumus,
1261 4566 1397 4639 quia
1423 4567 1647 4633 cibavit,
1701 4570 1805 4620 etc.
1828 4568 1889 4621 In

177 4671 463 4721 mensura,
507 4659 612 4711 etc.
656 4658 838 4722 (Auo.)
898 4656 1005 4709 Pro
1059 4656 1275 4710 viribus
1302 4656 1417 4710 tuis
1465 4660 1529 4709 ut.
1586 4654 1883 4723 erudiaris,

179 4762 309 4800 non
341 4743 715 4814 opprimaris;
748 4745 933 4799 unde:
973 4745 1169 4799 Fidelis
1204 4748 1343 4800 Deus
1400 4748 1497 4814 qui
1541 4760 1646 4798 non
1670 4747 1889 4814 patitur

179 4850 281 4890 vos
342 4836 544 4889 tentari
600 4849 791 4904 supra,
849 4838 955 4889 etc.
1011 4833 1069 4904 (Ι
1117 4835 1235 4891 Cor.
1294 4833 1370 4904 x).
1400 4834 1519 4900 Vel,
1568 4849 1673 4903 pro
1716 4832 1887 4886 modo

175 4925 512 4993 culparum.

257 5014 423 5066 Vaas.
458 5016 508 5067 '7.
537 5041 605 5052 —-
634 5015 870 5068 Posuisti
916 5028 1012 5068 nos
1037 5014 1096 5067 in
1131 5012 1628 5069 contradictionem.
1663 5012 1887 5081 (CASS.)

173 5103 337 5157 Dum
379 5100 573 5168 vicini,
628 5101 727 5172 qui
782 5102 852 5156 de
903 5102 1087 5168 nobis,
1138 5107 1270 5157 sunt
1317 5106 1516 5157 contra
1577 5116 1709 5154 nos.
1754 5099 1889 5153 Irri-

171 5192 326 5248 dent
356 5189 593 5255 inimici,
620 5190 879 5262 aquibus
926 5190 1213 5258 omnibus,
1252 5194 1318 5245 ut
1348 5190 1489 5244 salvi
1529 5188 1728 5253 simus,
1752 5191 1891 5243 Deus

169 5284 475 5345 virtutum,
508 5282 612 5333 etc.

254 5370 423 5424 Vens.
488 5370 539 5423 8.
587 5397 647 5408 —
705 5371 843 5424 Deus
901 5370 1187 5423 virtutum.
1257 5368 1447 5437 (Auo.)
1507 5364 1891 5421 Desiderantis

170 5474 316 5516 mos
343 5460 429 5509 est
446 5456 780 5526 frequenter
800 5463 1058 5527 repetere
1089 5474 1218 5528 qum
1244 5457 1415 5510 tantis
1446 5456 1710 5525 precibus
1741 5459 1885 5507 orat.

254 5547 427 5599 Vens.
463 5548 516 5611 9,
554 5549 637 5600 l0.
681 5574 746 5587 —
787 5548 1027 5602 Vineam.
1061 5547 1269 5615 (Cass)
1305 5547 1380 5601 De
1411 5544 1574 5599 vinea
1597 5542 1889 5614 quomodo

1999 3068 2343 3133 avertendae,
2408 3067 2638 3138 superbi
2692 3067 2903 3123 scilicet
2952 3069 3050 3139 qui
3099 3074 3231 3123 sunt
3276 3070 3429 3125 cedri
3483 3071 3693 3137 saeculi,

2000 3158 2097 3211 sed
2128 3172 2247 3210 non
2271 3155 2389 3210 Dei.

2070 3246 2228 3299 Vens.
2258 3247 2339 3299 13.
2392 3273 2459 3284 -
2495 3247 2561 3299 Ut
2611 3245 2763 3314 quid.
2825 3245 3060 3299 Miratur
3086 3263 3188 3299 cur
3241 3248 3374 3301 huic
3430 3248 3527 3302 tali
3566 3250 3692 3303 sub-

1999 3337 2177 3388 tracta
2198 3338 2281 3387 est
2318 3333 2547 3387 Domini
2581 3333 2851 3389 defensio.
2889 3333 3082 3402 (Αιιο.)
3117 3336 3183 3389 Ut
3238 3334 3392 3403 quid.
3425 3332 3569 3397 Quia
3599 3348 3691 3386 su-

1997 3422 2177 3493 perba
2212 3422 2323 3475 fuit
2378 3422 2650 3476 adversus
2697 3423 3098 3492 plantatorem,
3157 3428 3213 3476 et
3264 3438 3455 3476 servos
3485 3421 3696 3475 occidit

1998 3511 2069 3564 ad
2092 3526 2150 3564 se
2202 3509 2425 3575 missos,
2457 3514 2512 3562 et
2536 3508 2764 3562 tandem
2820 3508 3003 3562 ﬁlium
3054 3508 3364 3573 haeredem,
3412 3509 3695 3563 destructa

1999 3601 2085 3650 est
2104 3595 2374 3664 maceria,
2432 3600 2489 3648 et
2515 3595 2859 3649 invenerunt
2897 3612 3023 3649 eam
3082 3601 3279 3665 gentes
3324 3595 3691 3659 destructam,

1998 3688 2053 3736 et
2081 3683 2428 3737 deleverunt.
2491 3684 2605 3736 Hoc
2652 3682 2838 3752 primo
2879 3682 3100 3752 plangit
3153 3681 3363 3751 Asaph,
3422 3681 3517 3735 sed
3574 3696 3693 3735 non

1999 3771 2119 3824 sine
2147 3787 2276 3841 spe:
2311 3770 2380 3824 de
2410 3770 2790 3840 dirigentibus
2820 3769 2974 3823 enim
3001 3770 3230 3839 corjam
3262 3769 3536 3839 loquitur.

2068 3860 2229 3913 Vens.
2287 3859 2368 3912 14.
2422 3888 2490 3898 -
2542 3860 2711 3927 Aper.
2755 3858 2916 3927 (Ave.
2968 3863 3023 3911 et
3082 3858 3261 3926 Cass.)
3318 3857 3694 3927 Vespasianus

1998 3947 2161 4002 fortis
2198 3951 2255 4001 et
2284 3963 2487 4011 saevus,
2530 3951 2585 3999 et
2613 3946 2928 4000 contrarius
2956 3946 3185 4013 Judmis,
3220 3945 3319 4017 qui
3345 3946 3451 3999 hoc
3481 3946 3694 3999 animal

1999 4035 2151 4090 inter
2201 4040 2405 4089 caetera
2459 4034 2675 4089 habent
2719 4035 3102 4089 immundum.
3153 4036 3464 4103 Singularis
3517 4036 3690 4100 ferus.

1999 4125 2177 4191 Titus,
2227 4122 2327 4194 qui
2359 4122 2628 4193 reliquias
2682 4122 2926 4177 terribili
2960 4122 3291 4192 depastione
3319 4122 3691 4193 consumpsit,

2001 4211 2099 4282 qui
2128 4211 2335 4265 dicitur
2390 4212 2710 4277 singularis,
2768 4211 2827 4265 id
2854 4216 2939 4265 est
2964 4212 3260 4282 superbus.
3317 4212 3413 4265 Vel
3466 4227 3571 4281 pro
3598 4227 3692 4265 eo-

2001 4300 2132 4355 dem
2179 4299 2452 4370 accipitur
2481 4315 2637 4370 aper,
2670 4305 2726 4353 et
2760 4302 2912 4367 ferus
2942 4300 3153 4355 scilicet
3209 4303 3501 4355 Romanus
3532 4316 3692 4354 exer-

1996 4388 2159 4442 citus.
2198 4389 2264 4442 Et
2293 4388 2421 4442 vide
2442 4388 2651 4458 quibus
2672 4389 2917 4459 peccatis
2936 4390 3157 4443 laboret
3186 4394 3242 4442 et
3270 4394 3466 4459 pereat
3495 4390 3690 4443 homo.

1996 4478 2326 4544 Singularis.
2383 4478 2566 4546 (Αυθ.)
2627 4478 2771 4532 Dicit
2800 4478 2989 4532 omnis
3046 4478 3351 4547 superbus:
3386 4480 3498 4546 Ego
3552 4493 3690 4543 sum,

1996 4581 2090 4635 ego
2118 4581 2235 4619 sum
2262 4570 2312 4619 et
2352 4582 2502 4620 nemo
2546 4567 2708 4621 alius.
2740 4568 2908 4636 Aper.
2978 4567 3185 4636 (Cass)
3220 4556 3487 4620 Diabolus
3535 4564 3695 4619 fortis

1998 4658 2053 4709 et
2081 4654 2258 4721 ferox,
2292 4655 2358 4708 de
2384 4656 2545 4717 silva,
2598 4656 2735 4726 quia
2773 4655 3149 4726 cogitationes
3196 4656 3320 4725 ejus
3368 4659 3614 4724 agrestes
3639 4656 3696 4707 et

1997 4743 2136 4797 avia‘
2172 4747 2323 4798 sunt.
2372 4743 2477 4798 Sed
2535 4748 2612 4809 tu,
2680 4746 2897 4798 Domine
2949 4746 3080 4797 Deus
3125 4745 3408 4797 virtutum.
3470 4743 3567 4797 Vel
3616 4742 3696 4795 ita

1997 4831 2297 4886 continua:
2334 4833 2413 4886 Ita
2442 4838 2658 4887 vastata
2682 4837 2768 4887 est
2795 4832 2978 4897 vinea,
3027 4832 3122 4886 sed
3156 4838 3218 4885 ut
3243 4831 3503 4902 reliquias
3530 4831 3695 4885 salvan

2000 4921 2139 4987 sint,
2198 4922 2241 4977 0
2280 4925 2423 4977 Deus
2476 4924 2741 4977 virtutum
2799 4927 3119 4988 convertere,
3172 4920 3232 4974 in
3279 4921 3451 4974 ﬁnem
3503 4919 3693 4973 saeculi

1999 5010 2253 5081 supremi
2293 5026 2545 5079 serenus.
2575 5012 2775 5079 aspice,
2834 5008 3197 5063 commutatis
3230 5010 3288 5062 in
3356 5008 3560 5062 melius
3590 5008 3696 5061 hoc

1998 5099 2317 5153 remedium
2347 5104 2629 5169 precatur.

2070 5189 2230 5242 Vens.
2259 5192 2342 5242 16.
2376 5218 2444 5227 -
2476 5190 2545 5243 Et
2567 5186 2769 5256 perﬁce
2800 5202 2916 5240 eam
2948 5202 3112 5255 quam
3162 5186 3434 5255 plantavit
3471 5185 3697 5239 dextera

2001 5279 2096 5331 tua
2135 5275 2320 5346 (Auc.)
2359 5276 2484 5330 Non
2513 5275 2684 5329 aliam
2734 5274 2987 5336 institue.
3046 5275 3140 5329 sed
3191 5274 3338 5328 hanc
3367 5273 3596 5344 perﬁce.
3632 5275 3697 5328 In

2000 5365 2106 5420 hac
2133 5364 2288 5419 enim
2319 5370 2404 5418 est
2424 5379 2618 5417 semen
2648 5364 2919 5418 Abrahae:
2953 5363 3032 5418 ibi
3082 5368 3167 5417 est
3215 5363 3377 5417 radix
3410 5379 3539 5434 quae
3565 5379 3696 5433 por-

2000 5456 2081 5506 tat
2105 5454 2434 5506 oleastrum.
2469 5452 2701 5519 Perﬁce,
2734 5455 2867 5523 quia
2894 5454 3104 5506 caecitas
3153 5468 3219 5505 ea)
3270 5456 3427 5521 parte
3473 5455 3697 5519 contigit

2002 5545 2060 5596 in
2097 5543 2282 5606 Israel,
2332 5546 2390 5596 ut
2416 5543 2694 5610 plenitudo
2737 5544 2975 5611 gentium
3026 5543 3278 5607 intraret,
3309 5546 3359 5595 et
3396 5542 3475 5596 sic
3526 5541 3695 5595 omnis
