4082 6184
354 283 458 336 979

1014 279 1406 335 WALAFRIDI
1447 280 1695 336 STRABI
1735 280 1939 336 FULD.
1983 283 2149 338 MON.
2191 281 2344 338 OPP.
2389 279 2565 336 PARS
2604 281 2647 335 l.
2687 307 2758 318 —-
2795 276 3253 334 THEOLOGICA.

3757 281 3858 333 980

354 405 526 459 Israel
569 405 752 460 salvus
805 407 979 474 ﬁeret,
1006 403 1176 474 (Rom.
1212 404 1334 473 xu.)
1392 404 1571 472 Super
1624 404 1825 469 ﬁlium.
1870 403 2064 474 (ΟΑεε.)
2096 406 2143 458 Α
2251 404 2419 458 Vens.
2469 405 2521 458 8.
2556 433 2622 442 —
2688 403 2763 456 1n
2813 400 3184 466 tribulatione,
3224 403 3332 453 etc.
3387 398 3697 469 (Cass.)Sic
3726 402 3868 454 Pro-

355 493 546 564 Super
586 497 644 547 et
686 493 1005 560 fundatam,
1058 497 1191 561 etc.,
1220 507 1389 560 usque
1430 492 1505 545 ad
1569 492 1640 546 de
1691 491 1824 563 igne
1873 495 2064 545 autem

358 581 499 636 boni
531 581 742 636 amoris
787 581 1023 635 dicitur:
1055 582 1240 648 Ignem
1298 583 1422 634 veni
1468 583 1680 635 mittere
1734 583 1794 635 in
1840 585 2062 647 terram,

359 675 410 725 et
436 671 572 739 quid
600 671 735 733 volo,
776 672 887 724 nisi
905 674 968 723 ut
993 669 1222 724 ardeat?
1244 671 1389 738 (Luc.
1440 668 1566 739 xu.)

431 760 594 814 Vens.
659 760 743 813 18.
784 787 853 797 -
900 760 1024 812 Fiat
1069 773 1282 812 manus.
1348 758 1551 829 (Cess)
1611 758 1831 813 Grande
1887 773 2066 811 sacra-

359 853 642 913 mentum,
675 849 732 901 et
751 862 961 901 munus
991 848 1128 914 Deo,
1161 847 1298 918 quia
1328 848 1527 902 tandiu
1555 849 1705 902 salus
1755 847 1928 902 Israel
1958 846 2064 901 du-

359 935 529 991 bitari
569 936 780 1006 potuit,
833 937 1014 990 donec
1071 936 1326 990 Christus
1371 935 1552 990 venit:
1603 935 1703 990 sed
1746 940 1881 990 tunc
1910 951 2066 990 com-

358 1024 513 1094 pleta
565 1029 652 1078 est
676 1023 1004 1094 promissio,
1031 1039 1138 1077 nec
1158 1023 1308 1078 ultra
1357 1023 1594 1078 discedit
1621 1023 1689 1077 ab
1722 1040 1788 1078 eo
1823 1023 2069 1078 Ecclesia

359 1127 571 1182 sponso
620 1115 941 1183 conjuncta.
984 1111 1130 1166 Dicit
1168 1127 1334 1181 ergo:
1377 1114 1500 1166 Fiat
1530 1126 1746 1181 manus,
1779 1111 2066 1182 operatio-

359 1217 496 1254 nem
529 1206 738 1255 sanctaa
769 1201 1178 1255 incarnationis
1210 1205 1497 1271 precatur.

434 1290 600 1342 Vens.
667 1294 748 1343 19.
786 1320 852 1328 -
883 1291 998 1345 Non
1045 1289 1394 1343 discedimus.
1454 1288 1652 1356 (Cass)
1714 1289 1888 1353 Ultra,
1937 1303 2065 1341 cum

359 1376 549 1431 ﬁlium
580 1378 833 1432 hominis
861 1379 1193 1446 viviﬁcabis:
1229 1379 1350 1431 haec
1381 1382 1464 1431 est
1497 1378 1709 1430 utilitas
1731 1377 1800 1431 ab
1829 1393 1918 1430 eo.

441 1466 597 1520 Vens.
653 1467 742 1520 20.
789 1497 858 1505 —
893 1467 1121 1520 Domine
1151 1470 1290 1521 Deus
1338 1469 1621 1532 virtutum,
1671 1471 1914 1520 converte
1942 1479 2058 1527 nos,

361 1554 578 1608 ostende
633 1553 829 1620 faciem
878 1559 1047 1618 tuam,
1097 1559 1147 1609 et
1195 1555 1337 1608 salvi
1364 1557 1582 1608 erimus.
1619 1554 1814 1624 (Cass)
1865 1555 2067 1622 Magna

364 1641 614 1695 suavitas
643 1642 814 1710 hujus
847 1641 1128 1706 versiculi,
1165 1641 1222 1694 in
1255 1658 1369 1711 quo
1401 1642 1655 1711 regulam
1706 1641 1880 1695 totius
1927 1640 2065 1694 reli—

366 1729 558 1800 gionis
585 1729 835 1799 exponit.
887 1729 1078 1782 Primo
1137 1729 1292 1782 enim
1338 1731 1486 1784 Deus
1543 1745 1650 1782 nos
1682 1731 1960 1794 convertit,
2009 1735 2066 1783 et

368 1823 506 1873 tunc
538 1834 639 1871 nos
663 1824 787 1872 ante
814 1819 1019 1884 faciem
1065 1818 1336 1884 ostendit,
1365 1818 1421 1872 id
1453 1822 1561 1880 est,
1591 1819 1808 1872 lumine
1837 1817 2064 1888 pietatis

368 1922 472 1960 nos
528 1906 788 1976 inspicit:
847 1910 977 1976 post
1031 1907 1184 1976 quod
1241 1923 1344 1960 nos
1383 1907 1615 1961 tandem
1663 1909 1857 1962 salvat.
1906 1909 2066 1961 Hunc

367 2010 504 2066 ergo
534 1995 816 2064 propheta
845 1994 1033 2060 iterat,
1086 1995 1222 2065 quia
1251 2011 1354 2065 per
1382 1995 1571 2066 ipsum
1603 1996 1844 2068 quisque
1880 1995 2064 2050 brevi-

367 2087 457 2136 ter
486 2083 639 2154 quod
671 2083 920 2154 expedit,
949 2083 1244 2154 implorat.

944 2225 1256 2280 PSALMUS
1299 2227 1485 2281 LXXX.

438 2348 597 2402 Vens.
657 2351 704 2403 1.
767 2377 840 2388 -
893 2351 996 2403 Pro
1049 2351 1428 2405 torcularibus.
1491 2352 1680 2421 (AUG.)
1741 2352 1805 2406 In
1858 2353 2067 2425 quibus

364 2433 496 2502 tria,
526 2439 655 2500 etc.,
709 2451 878 2504 usque
924 2436 999 2490 ad
1045 2443 1308 2492 cantatur
1338 2439 1594 2509 psalmus
1638 2441 1850 2512 Asapli,
1878 2442 1937 2496 id
1958 2448 2063 2508 est,

369 2524 681 2579 Dominicas
720 2527 1168 2597 congregationi.
1223 2529 1438 2598 Asaph,
1512 2533 1614 2583 etc.
1670 2529 1863 2599 (Cass)
1923 2531 2068 2595 Quia

364 2614 682 2668 secundum
730 2614 1030 2669 historiam
1057 2616 1289 2685 Iudaeis,
1318 2617 1688 2688 spiritualiter
1731 2618 2066 2674 Christianis

363 2702 638 2772 loquitur.
674 2702 864 2773 (Auc.)
911 2704 1103 2758 Primo
1149 2705 1290 2760 dicit
1343 2705 1480 2778 quid
1529 2707 1816 2777 agendum
1847 2708 2062 2777 electis,

361 2789 461 2860 qui
483 2794 634 2856 sunt,
658 2791 868 2859 oleum,
895 2791 1113 2857 vinum,
1146 2807 1295 2846 aves.

433 2878 593 2932 Vens.
647 2881 698 2932 2.
755 2909 817 2919 —
877 2882 1138 2935 Exsultat
1195 2884 1319 2936 Deo.
1374 2882 1584 2952 Asaph,
1614 2883 1912 2954 praposita
1957 2885 2066 2939 sibi

2175 491 2371 562 pheta:
2417 490 2656 546 Divertit
2688 490 2964 544 Dominus
2995 489 3208 553 dicens,
3254 487 3326 542 In
3363 489 3730 553 tribulatione,
3767 489 3866 542 im-

2173 585 2448 651 putantur
2468 580 2551 633 eis
2579 578 2859 633 beneﬁcia
2904 577 3027 641 Dei,
3081 582 3144 630 ut
3166 577 3395 648 gravior
3433 576 3751 631 aestimetur
3780 577 3867 630 of-

2171 669 2351 723 fensa.
2387 669 2666 723 Emaudivi
2717 673 2764 721 te
2823 670 2882 720 in
2935 666 3265 721 abscondito.
3324 666 3518 736 (AUG.)
3579 667 3647 720 Ut
3701 666 3869 738 conde

2173 757 2370 811 credas
2400 757 2469 810 ad
2521 756 2826 826 justitiam.
2885 755 3130 820 Probavi,
3181 760 3243 807 ut
3296 769 3396 808 ore
3455 754 3557 808 ﬁat
3587 754 3867 808 confessio

2174 847 2244 900 ad
2301 846 2561 899 salutem.
2597 845 2970 912 Tempestatis,
3040 847 3146 896 etc.
3231 843 3356 896 Non
3416 843 3474 896 in
3531 847 3870 913 tempestate

2173 934 2367 1000 maris,
2399 935 2496 987 sed
2549 932 2771 987 cordis:
2803 931 2905 986 ubi
2952 931 3253 985 exauditus
3301 930 3471 985 debet
3496 931 3750 1001 probari,
3812 931 3872 985 in

2170 1039 2322 1093 aqua
2375 1019 2871 1076 contradictionis:
2921 1021 3044 1090 jam
3077 1020 3230 1073 enim
3255 1020 3522 1088 gradiens
3558 1021 3712 1074 viam
3746 1020 3867 1086 Dei,

2171 1111 2345 1165 habet
2370 1110 2566 1164 multis
2613 1108 2798 1164 modis
2854 1108 3210 1162 obsistentes.
3255 1109 3380 1162 Haec
3433 1116 3517 1162 est
3545 1125 3696 1179 aqua
3738 1124 3872 1162 con-

2173 1199 2554 1269 tradictionis,
2611 1214 2782 1269 quam
2814 1203 3118 1252 senserunt
3146 1197 3385 1268 antiqui,
3428 1197 3524 1251 sed
3573 1197 3696 1266 jam
3728 1196 3875 1250 bene

2172 1289 2379 1343 siccata
2409 1293 2527 1341 est:
2571 1292 2708 1342 tunc
2760 1287 2912 1341 enim
2971 1302 3139 1356 aqua:
3187 1286 3531 1357 populorum
3564 1285 3877 1340 turbaban-

2179 1382 2292 1443 tur,
2322 1382 2379 1431 et
2403 1377 2610 1431 acriter
2637 1375 3001 1430 resistebant.
3029 1376 3186 1428 Tunc
3243 1375 3504 1429 Samsoni
3556 1375 3696 1428 forti
3726 1375 3870 1439 viro,

2174 1467 2230 1520 id
2263 1472 2348 1520 est
2381 1465 2624 1533 Christo,
2670 1465 2876 1519 ducere
2925 1464 3086 1518 eunti
3121 1479 3358 1517 uxorem
3407 1464 3476 1518 de
3508 1463 3869 1534 alienigenis,

2172 1555 2229 1609 id
2259 1559 2344 1608 est
2384 1553 2691 1608 Ecclesiam
2723 1553 2792 1608 de
2845 1552 3133 1624 gentibus,
3184 1553 3433 1606 occurrit
3462 1553 3550 1606 leo
3596 1553 3876 1616 fremens,

2174 1643 2231 1698 id
2261 1646 2344 1697 est
2390 1643 2637 1714 populus
2667 1641 2947 1713 gentium,
3006 1641 3106 1696 sed
3147 1641 3438 1711 dissipavit
3466 1657 3621 1704 eum,
3656 1647 3721 1694 ut
3761 1642 3881 1695 ha:-

2175 1732 2311 1786 dum
2339 1746 2669 1802 caprarum:
2705 1735 2760 1784 et
2816 1729 3225 1800 quiapopulus
3272 1729 3376 1782 iste
3433 1729 3683 1783 fremens
3731 1729 3880 1783 nihil

2173 1825 2316 1889 erat,
2348 1819 2459 1873 nisi
2490 1819 2797 1889 languidus
2822 1824 3104 1889 peccator.
3137 1817 3331 1873 Occisa
3353 1823 3545 1873 autem
3579 1818 3639 1874 in
3670 1834 3740 1872 eo
3783 1818 3882 1871 illa

2177 1908 2418 1977 feritate,
2443 1908 2566 1978 jam
2590 1924 2706 1962 non
2735 1907 2816 1961 sic
2843 1907 3056 1974 fremit,
3093 1907 3210 1960 imo
3231 1907 3353 1978 jam
3409 1907 3468 1961 in
3489 1907 3616 1977 ipso
3657 1907 3882 1960 inveni-

2175 2014 2303 2052 mus
2347 1998 2500 2068 leges
2563 2013 2667 2067 pro
2708 1997 2970 2058 Ecclesia,
3007 1997 3172 2068 quasi
3208 1997 3401 2050 favum
3450 1996 3510 2050 in
3537 2013 3636 2050 ore
3667 1997 3872 2050 leonis.

2173 2089 2337 2155 Aqua
2363 2086 2830 2140 contradictionis.
2891 2085 3146 2140 Christus
3193 2085 3303 2140 fuit
3348 2085 3522 2139 etiam
3568 2086 3629 2138 in
3660 2085 3873 2155 seipso,

2176 2182 2239 2231 ut
2259 2176 2329 2230 de
2357 2192 2423 2230 eo
2479 2179 2614 2229 nato
2662 2175 2877 2229 dictum
2925 2180 3040 2228 est:
3066 2176 3198 2228 Erit
3226 2175 3311 2228 hic
3341 2177 3399 2228 in
3427 2176 3648 2228 ruinam
3694 2179 3747 2228 et
3790 2190 3872 2228 re-

2173 2265 2554 2317 surrectionem
2606 2263 2917 2330 multorum,
2984 2265 3040 2315 in
3088 2265 3304 2330 signum
3361 2264 3449 2315 cui
3475 2261 3874 2316 contradicetur

2174 2349 2324 2421 (Luc.
2357 2351 2438 2419 ιι),
2473 2355 2539 2404 ut
2565 2351 2750 2406 Judaei
2771 2351 3238 2405 contradixerunt
3259 2350 3424 2404 titulo
3456 2349 3657 2403 crucis.

2248 2440 2418 2494 Vens.
2456 2443 2506 2493 9.
2529 2469 2596 2478 —
2623 2439 2774 2494 Audi
2809 2441 3040 2508 populus
3073 2454 3237 2493 meus.
3281 2439 3478 2508 (Cass)
3522 2439 3862 2508 Diapsalma.

2176 2527 2457 2580 Hactenus
2483 2527 2552 2581 de
2585 2527 2713 2580 oleo
2751 2527 3146 2590 torcularium,
3182 2527 3302 2596 jam
3333 2526 3401 2579 de
3435 2541 3685 2590 amurca,
3722 2525 3875 2596 quod

2175 2615 2382 2670 dicitur
2409 2616 2481 2670 ad
2524 2616 2862 2682 cavendum,
2921 2615 3015 2669 hic
3071 2618 3392 2685 arguuntur
3439 2614 3691 2685 reprobi.
3742 2616 3877 2670 Con-

2177 2704 2410 2759 testabor
2437 2709 2502 2758 te.
2539 2705 2666 2774 Ipse
2723 2703 3002 2757 Dominus
3029 2702 3229 2771 judicii
3257 2707 3461 2756 testem
3514 2719 3572 2756 se
3619 2702 3753 2756 facit
3782 2720 3882 2756 ve-

2172 2792 2381 2858 ritatis,
2414 2796 2532 2846 tam
2582 2792 2676 2846 hic
2708 2808 2880 2862 quam
2913 2792 2975 2844 in
3026 2790 3238 2856 futuro,
3295 2796 3355 2844 ut
3385 2791 3576 2845 nullus
3631 2791 3879 2845 dubitet.

2178 2880 2392 2934 Deinde
2417 2881 2558 2952 quid
2604 2881 2743 2936 velit
2771 2897 2904 2935 eum
2960 2880 3298 2951 intelligere,
3355 2879 3572 2934 subdit:
3629 2880 3798 2934 Israel
3837 2881 3888 2934 si

359 2964 614 3036 imagine
641 2966 938 3037 cujusdam
969 2969 1365 3038 solemnitatis,
1425 2971 1632 3026 electos
1660 2973 1728 3026 ad
1759 2973 2056 3028 celebrita-
2093 2970 2134 3026 C
2172 2985 2264 3022 me
2320 2969 2590 3036 audieris,
2637 2969 2888 3023 vocando
2947 2985 3080 3022 eum
3133 2969 3324 3033 Israel,
3388 2968 3729 3022 familiarem
3764 2969 3879 3023 sibi

360 3055 478 3106 tem
505 3051 730 3109 incitat.

433 3141 597 3195 Vens.
638 3144 690 3196 3.
737 3172 806 3183 —
861 3143 1068 3199 Sumite
1117 3145 1410 3214 psalmum.
1468 3146 1654 3218 (Auc.)
1701 3147 1883 3203 Verba
1936 3149 2057 3217 Dei,

364 3231 426 3282 ut
461 3228 700 3284 humani
750 3236 908 3285 actus
954 3233 1296 3286 conveniant
1352 3233 1412 3286 in
1470 3249 1644 3287 unam
1697 3235 2057 3290 societatem:

362 3315 484 3370 haec
511 3318 665 3372 enim
695 3323 780 3373 est
808 3335 917 3389 pax
968 3321 1304 3387 Jerusalem,
1354 3321 1477 3375 haec
1530 3327 1614 3376 est
1657 3323 1802 3378 ratio
1861 3325 1979 3379 dati
2009 3330 2065 3380 et

364 3407 616 3474 accepti;
665 3407 821 3460 unde
849 3409 1182 3476 Apostolus:
1246 3411 1307 3464 Si
1328 3412 1656 3478 spiritualia
1682 3415 2064 3468 seminavimus

361 3490 514 3544 vobis
575 3507 831 3560 magnum
897 3498 976 3546 est
1033 3496 1083 3547 si
1149 3496 1397 3550 carnalia
1463 3502 1645 3550 vestra
1699 3503 1960 3553 metamus
2019 3501 2068 3569 (1

364 3579 484 3636 Cor.
519 3579 620 3650 ix).

435 3668 595 3722 Vens.
628 3667 680 3723 4.
733 3698 802 3708 -
833 3671 1140 3724 Buccinate.
1191 3671 1383 3742 (Αῠις.)
1433 3673 1734 3744 [lucusque
1787 3674 1856 3728 ad
1885 3674 2066 3745 parti-

366 3755 604 3823 tionem,
637 3757 723 3810 vel
756 3757 827 3811 ad
857 3757 1126 3826 litteram,
1173 3759 1507 3829 simpliciter
1552 3761 1620 3815 de
1673 3762 1882 3817 Iudaeis
1922 3764 2066 3818 acci-

363 3844 574 3915 pienda
605 3851 758 3910 sunt,
819 3848 906 3901 vel
963 3848 1266 3918 allegorice
1326 3849 1394 3903 de
1452 3849 1804 3906 Christianis.
1865 3851 2064 3924 (AUG.)

362 3935 670 4003 Buccinate,
697 3939 756 3989 et
792 3937 1152 4001 annuntiate,
1192 3943 1322 4002 etc.,
1354 3954 1521 4007 usque
1545 3940 1620 3993 ad
1671 3941 1824 3995 unde
1866 3942 2063 3997 Isaias:

364 4023 564 4076 Clama
610 4038 675 4078 ne
724 4039 910 4092 cesses,
951 4030 1014 4079 ut
1046 4026 1177 4080 tuba
1220 4028 1405 4082 eccalta
1441 4043 1617 4082 vocem
1650 4034 1819 4093 tuam,
1866 4034 1971 4085 etc.
1998 4031 2068 4085 In

361 4113 642 4165 neomenia
698 4112 847 4166 tuba.
915 4114 1107 4183 (Cass)
1166 4115 1229 4168 In
1277 4114 1440 4170 initio
1497 4117 1710 4171 mensis
1758 4118 1908 4186 jussi
1935 4125 2068 4173 sunt

363 4194 546 4248 Judmi
592 4195 729 4250 tuba
784 4211 1010 4267 canere,
1061 4197 1118 4252 id
1178 4201 1280 4265 est,
1357 4199 1418 4254 in
1467 4200 1633 4255 initio
1681 4218 1842 4256 novae
1885 4203 2056 4270 lunas,

2087 4254 2134 4311 D

2169 3057 2471 3128 significat,
2504 3063 2560 3112 et
2615 3058 2686 3112 ad
2731 3058 2893 3127 jussa
2927 3057 3146 3112 invitat.
3193 3059 3266 3111 In
3322 3062 3390 3123 te,
3445 3057 3505 3110 in
3562 3058 3738 3112 corde
3785 3063 3888 3112 tuo

2171 3147 2270 3202 ubi
2298 3147 2528 3216 veritas,
2558 3163 2677 3201 non
2734 3146 2948 3201 falsitas
2998 3147 3169 3200 debet
3217 3162 3358 3200 esse.
3406 3148 3601 3202 Recens
3643 3162 3714 3200 ne
3751 3163 3889 3202 ver-

2168 3236 2306 3290 bum
2365 3235 2544 3289 Patris
2591 3239 2824 3306 putetur
2890 3234 2995 3288 sub
3055 3239 3333 3305 tempore.
3392 3237 3558 3289 Deum
3614 3236 3887 3302 alienum,

2171 3324 2272 3396 qui
2305 3325 2560 3389 nomine,
2612 3339 2726 3378 non
2780 3322 3046 3378 essentia.
3106 3324 3389 3377 Alienum:
3442 3324 3590 3377 Pene
3641 3340 3750 3394 par
3800 3329 3890 3378 est

2173 3413 2355 3467 scelus
2383 3417 2672 3466 recentem
2696 3414 2875 3466 Deum
2905 3416 3128 3481 putare,
3157 3416 3212 3465 et
3236 3412 3404 3465 idolis
3425 3411 3658 3466 servire.

2246 3504 2404 3556 Vens.
2457 3504 2541 3558 10.
2591 3531 2652 3542 --
2707 3504 2822 3558 Non
2845 3504 2948 3555 erit
2966 3506 3025 3554 in
3055 3505 3104 3554 te
3134 3504 3268 3555 Deus
3288 3515 3468 3554 recens
3517 3517 3706 3569 neque,
3771 3507 3885 3556 etc.

2172 3589 2355 3660 (Αυρ.)
2381 3589 2491 3643 Alii
2519 3588 2737 3643 faciunt
2793 3588 2901 3642 sibi
2952 3592 3205 3642 recentes
3237 3589 3394 3658 deos,
3452 3589 3541 3643 vel
3587 3590 3761 3650 idola,
3798 3589 3891 3644 vel

2175 3677 2462 3732 Christum
2491 3676 2773 3747 imparem
2813 3675 2989 3744 Patri,
3021 3679 3077 3729 et
3129 3675 3240 3729 alia
3270 3676 3601 3746 hujnsmodi
3651 3677 3893 3748 ﬁngunt

2173 3765 2233 3819 in
2255 3765 2454 3819 corde:
2489 3770 2545 3819 et
2564 3765 2644 3819 ita
2673 3768 2806 3818 sunt
2838 3763 3053 3832 templa
3100 3763 3537 3819 simulacrorum
3592 3765 3654 3819 in
3683 3767 3891 3820 omni-

2173 3852 2278 3906 bus
2309 3857 2538 3907 terrena
2594 3852 2898 3924 cogitatio;
2945 3850 3140 3921 opinio
3188 3851 3430 3917 diversa,
3471 3852 3694 3906 vanitas
3743 3870 3885 3907 una.

2175 3941 2307 3996 Ideo
2345 3941 2585 3996 Samson
2615 3941 2821 3994 caudas
2853 3939 3108 4010 vulpium
3139 3939 3445 4010 colligavit,
3495 3945 3558 3994 ut
3603 3940 3891 3996 incende-

2172 4034 2262 4083 ret
2329 4044 2540 4083 messes
2605 4029 3090 4083 Philisthieorum.
3150 4029 3391 4082 Samson
3466 4028 3893 4098 interpretatur

2173 4118 2252 4173 sol
2281 4133 2505 4186 eorum,
2535 4117 2762 4182 scilicet,
2819 4117 3030 4189 quibus
3051 4119 3193 4187 .ipse
3245 4119 3414 4184 lucet,
3446 4132 3560 4171 non
3584 4117 3886 4172 omnium:

2174 4205 2242 4259 de
2267 4221 2380 4276 quo
2407 4205 2544 4259 mali
2586 4205 2794 4260 dicturi
2837 4211 2998 4261 sunt:
3056 4207 3378 4263 Erravimus
3407 4220 3443 4259 a
3488 4207 3580 4259 via
3603 4207 3886 4271 veritatis,

363 4283 518 4353 quod
546 4287 603 4336 et
648 4284 856 4338 festum
901 4285 1168 4340 tubarum
1215 4287 1442 4355 dicitur,
1497 4289 1654 4360 quod
1700 4291 2062 4348 celebrabant
2087 4283 2134 4311 υ
2171 4297 2222 4347 et
2250 4295 2330 4347 sol
2350 4294 2584 4362 justitiz
2611 4309 2717 4348 non
2743 4294 2933 4348 illuxit
2979 4297 3130 4350 nobis
3159 4295 3312 4365 (Sap.
3339 4297 3414 4361 v).
3469 4293 3541 4348 Et
3587 4293 3760 4348 alibi:
3798 4296 3889 4350 Sol

361 4369 421 4424 in
479 4372 818 4426 memoriam
876 4371 1042 4428 istius
1106 4375 1207 4442 rei,
1271 4376 1430 4446 quod
1483 4377 1762 4432 Dominus
1815 4382 2064 4437 ostendit
2163 4380 2398 4450 justitiz
2423 4386 2519 4447 est,
2551 4386 2602 4434 et
2621 4383 2832 4436 sanitas
2861 4383 2917 4435 in
2942 4385 3138 4450 pennis
3165 4383 3283 4449 ejus
3333 4381 3552 4451 (Malae.
3587 4382 3683 4449 iv).
3739 4383 3884 4436 Vul-

360 4459 604 4514 Abrahae
650 4459 890 4515 arietem
941 4461 1094 4517 inter
1149 4479 1348 4534 vepres
1378 4464 1713 4533 haerentem,
1745 4482 1916 4538 quem
1957 4483 2062 4539 pro

365 4548 520 4602 Isaac
548 4547 886 4604 immolavit.

431 4637 592 4691 Vens.
627 4640 678 4691 5.
710 4668 777 4678 —
819 4638 960 4705 Quia
996 4644 1328 4710 praceptum
1374 4643 1434 4695 in
1482 4643 1657 4698 Israel
1706 4647 1815 4710 est;
1862 4648 1913 4698 et
1961 4645 2060 4714 ju-

361 4723 588 4791 dicium,
615 4730 720 4779 etc.
767 4728 887 4795 (11).)
918 4727 1048 4781 Ideo
1093 4728 1230 4782 tuba
1271 4729 1614 4797 canendum,
1659 4731 1795 4802 quia
1818 4733 1904 4786 lex
1929 4733 2063 4788 data

361 4817 447 4867 est
474 4813 686 4868 Judaais
707 4830 812 4885 per
841 4815 1090 4885 Moysen,
1117 4822 1171 4870 et
1202 4818 1337 4888 quia
1361 4819 1540 4889 judex
1568 4820 1793 4875 futurus
1822 4826 1925 4878 est.

433 4903 593 4959 Vens.
630 4905 681 4958 6.
723 4932 792 4943 —
837 4905 905 4958 In
921 4905 1138 4974 Joseph.
1189 4904 1375 4978 (Auc.)
1430 4909 1636 4963 Gentes
1667 4914 1800 4965 sunt
1819 4911 2052 4983 Ioseph,

361 4993 492 5056 etc.,
521 5006 690 5060 usque
717 4991 792 5045 ad
822 4991 919 5046 ubi
941 4991 1186 5048 debebat
1209 4994 1420 5050 habere
1447 5011 1562 5051 cor.

431 5079 593 5133 Vens.
621 5083 674 5132 7.
703 5109 772 5118 —
801 5079 892 5133 Ab
931 5081 1199 5136 oneribus.
1259 5082 1446 5153 (Ave)
1504 5084 1720 5148 Quibus
1767 5087 2056 5157 oneribus,

358 5181 552 5221 manus
579 5168 639 5220 in
668 5167 913 5237 cophino,
958 5168 1015 5223 id
1046 5173 1149 5236 est,
1179 5172 1369 5226 servili
1399 5188 1595 5243 opere.
1654 5176 1892 5230 Peccata
1940 5192 2056 5231 ser-

356 5256 490 5310 vilia
539 5272 712 5328 opera
762 5263 912 5325 sunt,
962 5259 1125 5330 juxta
1185 5261 1353 5316 illud:
1406 5264 1514 5329 Qui
1563 5266 1702 5331 facit
1759 5271 2055 5334 peccatum,

357 5359 544 5399 servus
593 5351 671 5400 est
722 5349 935 5415 peccati
978 5347 1155 5418 (Joan.
1188 5351 1325 5418 VIII).
1377 5353 1449 5406 In
1477 5354 1704 5422 cophino
1732 5356 2052 5410 servierunt.

361 5429 494 5500 (11).)
552 5431 612 5484 In
643 5431 1025 5489 immunditiis
1076 5441 1459 5505 peccatorum,
1491 5437 1554 5492 in
1601 5439 1844 5494 terrenis
1873 5439 2057 5510 operi-

357 5517 467 5574 bus
495 5522 552 5574 et
579 5519 795 5574 lutosis.

2171 4484 2272 4539 pes
2296 4473 2427 4523 sunt
2454 4469 2735 4536 insidiosi,
2767 4469 3017 4525 maxime
3047 4469 3319 4537 haeretici,
3353 4469 3595 4524 latentes
3658 4469 3722 4523 in
3773 4476 3890 4524 tor-

2168 4557 2348 4611 tuosis
2402 4558 2677 4627 cavernis,
2740 4559 3112 4629 decipientes,
3162 4559 3334 4613 odore
3417 4563 3721 4628 patentes:
3788 4560 3888 4631 qui

2171 4645 2277 4700 etsi
2305 4645 2608 4700 dissentire
2639 4646 2706 4700 ab
2735 4647 2980 4702 invicem
3010 4648 3292 4714 videntur,
3329 4647 3390 4700 in
3411 4647 3626 4700 malum
3661 4652 3885 4725 tamen,

2173 4731 2364 4801 idest,
2413 4733 2474 4786 in
2524 4734 2938 4803 posterioribus
2987 4734 3373 4799 consentiunt,
3423 4733 3598 4787 simili
3625 4735 3887 4790 vanitate

2169 4824 2456 4888 tenentur,
2491 4826 2546 4876 et
2590 4821 2904 4876 incendunt
2947 4839 3159 4877 messes
3191 4839 3306 4877 non
3358 4827 3711 4887 nostrorum,
3749 4825 3890 4896 quia

2170 4909 2332 4964 novit
2363 4910 2512 4964 Deus
2570 4910 2669 4981 qui
2703 4915 2839 4965 sunt
2893 4911 3042 4982 ejus;
3073 4911 3167 4966 sed
3222 4911 3708 4982 alienigenarum,
3757 4929 3887 4985 qua

2173 5003 2308 5053 sunt
2333 5014 2466 5054 vasa
2491 5000 2876 5055 contumelias.

2245 5089 2408 5144 Vens.
2445 5092 2528 5144 11.
2561 5118 2629 5129 —-
2663 5090 2772 5155 Qui
2799 5089 2969 5144 eduxi
2998 5095 3066 5144 te.
3139 5089 3322 5144 Factis
3369 5088 3619 5161 propriis
3671 5088 3886 5144 indica-

2171 5179 2268 5230 tur
2294 5177 2466 5232 Deus.

2239 5265 2394 5319 Vens.
2433 5265 2518 5319 13.
2561 5293 2629 5304 —
2661 5267 2732 5319 Et
2760 5264 2993 5320 dimisit.
3024 5265 3090 5320 Et
3137 5265 3184 5319 si
3230 5263 3464 5335 implevi
3495 5281 3596 5319 ora
3624 5265 3880 5336 Prophe-

2167 5355 2378 5422 tarum,
2412 5368 2530 5406 non
2558 5357 2751 5408 tamen
2778 5352 2847 5406 ab
2872 5368 3104 5407 amurca
3121 5353 3306 5407 auditi
3342 5359 3496 5419 sunt,
3515 5353 3673 5408 unde
3701 5353 3874 5424 digna

2165 5441 2343 5494 ultio:
2373 5441 2510 5512 quia
2536 5446 2586 5495 et
2610 5441 2818 5507 dimisi,
2852 5445 2958 5496 etc.

2236 5529 2396 5583 Vens.
2453 5530 2560 5584 15..
2596 5559 2665 5568 -
2718 5531 2822 5584 Pro
2862 5530 3039 5584 nihilo
3071 5531 3329 5596 forsitan.
3389 5529 3582 5599 (Cass)
3641 5528 3701 5587 Si
3759 5532 3866 5585 Deo
