  <div class='ocr_page' id='page_1' title='image "/cluster/home/n/w/nwhite01/storage/ocr_20150623/113/hvd.32044054759782/496.png"; bbox 0 0 4082 6184; ppageno 0'>
   <div class='ocr_carea' id='block_1_1' title="bbox 193 280 297 334">
    <p class='ocr_par' dir='ltr' id='par_1_1' title="bbox 193 280 297 334">
     <span class='ocr_line' id='line_1_1' title="bbox 193 280 297 334; baseline 0.01 -1"><span class='ocrx_word' id='word_1_1' title='bbox 193 280 297 334; x_wconf 81' lang='grc'>981</span> 
     </span>
    </p>
   </div>
   <div class='ocr_carea' id='block_1_2' title="bbox 1322 272 2582 332">
    <p class='ocr_par' dir='ltr' id='par_1_2' title="bbox 1322 272 2582 332">
     <span class='ocr_line' id='line_1_2' title="bbox 1322 272 2582 332; baseline -0.005 -1"><span class='ocrx_word' id='word_1_2' title='bbox 1322 274 1577 332; x_wconf 80' lang='lat' dir='ltr'>GLOSSA</span> <span class='ocrx_word' id='word_1_3' title='bbox 1615 274 2020 331; x_wconf 79' lang='lat' dir='ltr'>0RDINARIA.</span> <span class='ocrx_word' id='word_1_4' title='bbox 2061 303 2129 313; x_wconf 88' lang='lat'>-—</span> <span class='ocrx_word' id='word_1_5' title='bbox 2164 274 2296 329; x_wconf 87' lang='lat' dir='ltr'>LIB.</span> <span class='ocrx_word' id='word_1_6' title='bbox 2341 272 2582 330; x_wconf 84' lang='lat' dir='ltr'>PSALM.</span> 
     </span>
    </p>
   </div>
   <div class='ocr_carea' id='block_1_3' title="bbox 3602 281 3708 335">
    <p class='ocr_par' dir='ltr' id='par_1_3' title="bbox 3602 281 3708 335">
     <span class='ocr_line' id='line_1_3' title="bbox 3602 281 3708 335; baseline 0 -2"><span class='ocrx_word' id='word_1_7' title='bbox 3602 281 3708 335; x_wconf 77' lang='lat'>982</span> 
     </span>
    </p>
   </div>
   <div class='ocr_carea' id='block_1_4' title="bbox 186 393 3708 467">
    <p class='ocr_par' dir='ltr' id='par_1_4' title="bbox 186 393 3708 467">
     <span class='ocr_line' id='line_1_4' title="bbox 186 393 3708 467; baseline 0 -16"><span class='ocrx_word' id='word_1_8' title='bbox 186 398 546 466; x_wconf 81' lang='lat' dir='ltr'>resistemus,</span> <span class='ocrx_word' id='word_1_9' title='bbox 606 396 728 467; x_wconf 90' lang='lat' dir='ltr'>ipse</span> <span class='ocrx_word' id='word_1_10' title='bbox 780 411 901 450; x_wconf 91' lang='lat' dir='ltr'>non</span> <span class='ocrx_word' id='word_1_11' title='bbox 971 395 1312 451; x_wconf 79' lang='lat' dir='ltr'>contradicit</span> <span class='ocrx_word' id='word_1_12' title='bbox 1372 395 1616 450; x_wconf 92' lang='lat' dir='ltr'>inimicis</span> <span class='ocrx_word' id='word_1_13' title='bbox 1662 395 1894 465; x_wconf 88' lang='lat' dir='ltr'>nostris,</span> <span class='ocrx_word' id='word_1_14' title='bbox 1924 398 1972 449; x_wconf 84' lang='lat' dir='ltr'><strong>A</strong></span> <span class='ocrx_word' id='word_1_15' title='bbox 2010 393 2183 459; x_wconf 83' lang='lat' dir='ltr'>Quasi</span> <span class='ocrx_word' id='word_1_16' title='bbox 2212 393 2362 448; x_wconf 82' lang='lat' dir='ltr'>dicat</span> <span class='ocrx_word' id='word_1_17' title='bbox 2416 410 2518 465; x_wconf 91' lang='lat' dir='ltr'>per</span> <span class='ocrx_word' id='word_1_18' title='bbox 2569 394 2718 449; x_wconf 92' lang='lat' dir='ltr'>hanc</span> <span class='ocrx_word' id='word_1_19' title='bbox 2768 395 2939 449; x_wconf 83' lang='lat' dir='ltr'>Israel</span> <span class='ocrx_word' id='word_1_20' title='bbox 2992 394 3324 464; x_wconf 83' lang='lat' dir='ltr'>caecitatem,</span> <span class='ocrx_word' id='word_1_21' title='bbox 3358 396 3708 452; x_wconf 83' lang='lat' dir='ltr'>movebuntur</span> 
     </span>
    </p>
   </div>
   <div class='ocr_carea' id='block_1_5' title="bbox 188 484 1490 556">
    <p class='ocr_par' dir='ltr' id='par_1_5' title="bbox 188 484 1490 556">
     <span class='ocr_line' id='line_1_5' title="bbox 188 484 1490 556; baseline -0.004 -13"><span class='ocrx_word' id='word_1_22' title='bbox 188 504 299 544; x_wconf 90' lang='lat' dir='ltr'>nec</span> <span class='ocrx_word' id='word_1_23' title='bbox 331 502 571 541; x_wconf 87' lang='lat' dir='ltr'>manum</span> <span class='ocrx_word' id='word_1_24' title='bbox 601 485 949 540; x_wconf 81' lang='lat' dir='ltr'>defensionis</span> <span class='ocrx_word' id='word_1_25' title='bbox 978 500 1151 556; x_wconf 86' lang='lat' dir='ltr'>super</span> <span class='ocrx_word' id='word_1_26' title='bbox 1181 501 1279 538; x_wconf 92' lang='lat' dir='ltr'>eos</span> <span class='ocrx_word' id='word_1_27' title='bbox 1309 484 1490 555; x_wconf 88' lang='lat' dir='ltr'>ponit.</span> 
     </span>
    </p>
   </div>
   <div class='ocr_carea' id='block_1_6' title="bbox 266 572 1946 643">
    <p class='ocr_par' dir='ltr' id='par_1_6' title="bbox 266 572 1946 643">
     <span class='ocr_line' id='line_1_6' title="bbox 266 572 1946 643; baseline 0.001 -13"><span class='ocrx_word' id='word_1_28' title='bbox 266 577 427 630; x_wconf 70' lang='lat' dir='ltr'>Vsus.</span> <span class='ocrx_word' id='word_1_29' title='bbox 466 578 551 630; x_wconf 80' lang='grc'>16.</span> <span class='ocrx_word' id='word_1_30' title='bbox 583 604 654 614; x_wconf 93' lang='grc'><strong><em>-</em></strong></span> <span class='ocrx_word' id='word_1_31' title='bbox 682 576 900 629; x_wconf 83' lang='lat' dir='ltr'>Inimici</span> <span class='ocrx_word' id='word_1_32' title='bbox 957 575 1193 640; x_wconf 78' lang='lat' dir='ltr'>Domini,</span> <span class='ocrx_word' id='word_1_33' title='bbox 1233 579 1339 628; x_wconf 89' lang='lat' dir='ltr'>etc.</span> <span class='ocrx_word' id='word_1_34' title='bbox 1372 572 1571 643; x_wconf 78' lang='lat' dir='ltr'>(Auc.)</span> <span class='ocrx_word' id='word_1_35' title='bbox 1602 573 1730 626; x_wconf 84' lang='lat' dir='ltr'>Haec</span> <span class='ocrx_word' id='word_1_36' title='bbox 1759 573 1898 627; x_wconf 86' lang='lat' dir='ltr'>item</span> <span class='ocrx_word' id='word_1_37' title='bbox 1940 625 1946 631; x_wconf 88' lang='lat'>.</span> 
     </span>
    </p>
   </div>
   <div class='ocr_carea' id='block_1_7' title="bbox 192 661 1898 735">
    <p class='ocr_par' dir='ltr' id='par_1_7' title="bbox 192 661 1898 735">
     <span class='ocr_line' id='line_1_7' title="bbox 192 661 1898 735; baseline -0.001 -17"><span class='ocrx_word' id='word_1_38' title='bbox 192 665 501 734; x_wconf 86' lang='lat' dir='ltr'>Propheta.</span> <span class='ocrx_word' id='word_1_39' title='bbox 534 666 777 720; x_wconf 73' lang='lat' dir='ltr'>Mentiti.</span> <span class='ocrx_word' id='word_1_40' title='bbox 817 664 941 718; x_wconf 84' lang='lat' dir='ltr'>Non</span> <span class='ocrx_word' id='word_1_41' title='bbox 987 679 1091 735; x_wconf 90' lang='lat' dir='ltr'>per</span> <span class='ocrx_word' id='word_1_42' title='bbox 1147 666 1381 733; x_wconf 81' lang='lat' dir='ltr'>agentes</span> <span class='ocrx_word' id='word_1_43' title='bbox 1434 661 1754 733; x_wconf 87' lang='lat' dir='ltr'>promissa:</span> <span class='ocrx_word' id='word_1_44' title='bbox 1788 662 1898 716; x_wconf 91' lang='lat' dir='ltr'>hoc</span> 
     </span>
    </p>
   </div>
   <div class='ocr_carea' id='block_1_8' title="bbox 190 752 1372 824">
    <p class='ocr_par' dir='ltr' id='par_1_8' title="bbox 190 752 1372 824">
     <span class='ocr_line' id='line_1_8' title="bbox 190 752 1372 824; baseline -0.001 -18"><span class='ocrx_word' id='word_1_45' title='bbox 190 768 315 808; x_wconf 91' lang='lat' dir='ltr'>non</span> <span class='ocrx_word' id='word_1_46' title='bbox 344 754 577 824; x_wconf 80' lang='lat' dir='ltr'>pagani,</span> <span class='ocrx_word' id='word_1_47' title='bbox 610 752 749 824; x_wconf 84' lang='lat' dir='ltr'>quia</span> <span class='ocrx_word' id='word_1_48' title='bbox 776 752 920 806; x_wconf 89' lang='lat' dir='ltr'>nihil</span> <span class='ocrx_word' id='word_1_49' title='bbox 960 752 1372 823; x_wconf 89' lang='lat' dir='ltr'>promiserunt.</span> 
     </span>
    </p>
   </div>
   <div class='ocr_carea' id='block_1_9' title="bbox 264 838 1896 911">
    <p class='ocr_par' dir='ltr' id='par_1_9' title="bbox 264 838 1896 911">
     <span class='ocr_line' id='line_1_9' title="bbox 264 838 1896 911; baseline -0.001 -16"><span class='ocrx_word' id='word_1_50' title='bbox 264 843 427 896; x_wconf 76' lang='lat' dir='ltr'>Vens.</span> <span class='ocrx_word' id='word_1_51' title='bbox 487 845 571 896; x_wconf 82' lang='lat' dir='ltr'>l7.</span> <span class='ocrx_word' id='word_1_52' title='bbox 606 871 676 881; x_wconf 90' lang='lat'><strong>—</strong></span> <span class='ocrx_word' id='word_1_53' title='bbox 725 844 811 895; x_wconf 68' lang='lat' dir='ltr'>Ere</span> <span class='ocrx_word' id='word_1_54' title='bbox 879 840 1042 911; x_wconf 85' lang='lat' dir='ltr'>adipe</span> <span class='ocrx_word' id='word_1_55' title='bbox 1105 842 1387 907; x_wconf 78' lang='lat' dir='ltr'>frumenti,</span> <span class='ocrx_word' id='word_1_56' title='bbox 1442 844 1547 894; x_wconf 87' lang='lat' dir='ltr'>etc.</span> <span class='ocrx_word' id='word_1_57' title='bbox 1602 838 1896 911; x_wconf 82' lang='lat' dir='ltr'>(Auo.)Ad</span> 
     </span>
    </p>
   </div>
   <div class='ocr_carea' id='block_1_10' title="bbox 188 927 1896 1000">
    <p class='ocr_par' dir='ltr' id='par_1_10' title="bbox 188 927 1896 1000">
     <span class='ocr_line' id='line_1_10' title="bbox 188 927 1896 1000; baseline -0.002 -16"><span class='ocrx_word' id='word_1_58' title='bbox 188 930 469 997; x_wconf 79' lang='lat' dir='ltr'>litteram,</span> <span class='ocrx_word' id='word_1_59' title='bbox 504 930 593 984; x_wconf 92' lang='lat' dir='ltr'>vel</span> <span class='ocrx_word' id='word_1_60' title='bbox 627 946 857 998; x_wconf 90' lang='lat' dir='ltr'>manna,</span> <span class='ocrx_word' id='word_1_61' title='bbox 911 930 1003 983; x_wconf 88' lang='lat' dir='ltr'>vel</span> <span class='ocrx_word' id='word_1_62' title='bbox 1051 945 1289 1000; x_wconf 90' lang='lat' dir='ltr'>corpore</span> <span class='ocrx_word' id='word_1_63' title='bbox 1340 928 1567 997; x_wconf 86' lang='lat' dir='ltr'>Christi,</span> <span class='ocrx_word' id='word_1_64' title='bbox 1601 929 1687 982; x_wconf 85' lang='lat' dir='ltr'>vel</span> <span class='ocrx_word' id='word_1_65' title='bbox 1720 927 1896 998; x_wconf 92' lang='lat' dir='ltr'>spiri-</span> 
     </span>
    </p>
   </div>
   <div class='ocr_carea' id='block_1_11' title="bbox 193 1019 683 1076">
    <p class='ocr_par' dir='ltr' id='par_1_11' title="bbox 193 1019 683 1076">
     <span class='ocr_line' id='line_1_11' title="bbox 193 1019 683 1076; baseline 0.004 -2"><span class='ocrx_word' id='word_1_66' title='bbox 193 1019 341 1075; x_wconf 91' lang='lat' dir='ltr'>tuali</span> <span class='ocrx_word' id='word_1_67' title='bbox 368 1020 683 1076; x_wconf 89' lang='lat' dir='ltr'>intellectu.</span> 
     </span>
    </p>
   </div>
   <div class='ocr_carea' id='block_1_12' title="bbox 837 1158 1397 1215">
    <p class='ocr_par' dir='ltr' id='par_1_12' title="bbox 837 1158 1397 1215">
     <span class='ocr_line' id='line_1_12' title="bbox 837 1158 1397 1215; baseline -0.004 -1"><span class='ocrx_word' id='word_1_68' title='bbox 837 1158 1150 1215; x_wconf 77' lang='lat' dir='ltr'>PSALMUS</span> <span class='ocrx_word' id='word_1_69' title='bbox 1182 1158 1397 1213; x_wconf 85' lang='lat' dir='ltr'>LXXXI.</span> 
     </span>
    </p>
   </div>
   <div class='ocr_carea' id='block_1_13' title="bbox 260 1281 1893 1353">
    <p class='ocr_par' dir='ltr' id='par_1_13' title="bbox 260 1281 1893 1353">
     <span class='ocr_line' id='line_1_13' title="bbox 260 1281 1893 1353; baseline -0.002 -14"><span class='ocrx_word' id='word_1_70' title='bbox 260 1286 425 1340; x_wconf 76' lang='lat' dir='ltr'>Vsas.</span> <span class='ocrx_word' id='word_1_71' title='bbox 491 1287 538 1339; x_wconf 81' lang='lat' dir='ltr'>l.</span> <span class='ocrx_word' id='word_1_72' title='bbox 595 1314 662 1324; x_wconf 94' lang='lat'>—</span> <span class='ocrx_word' id='word_1_73' title='bbox 701 1285 948 1339; x_wconf 86' lang='lat' dir='ltr'>Psalmus</span> <span class='ocrx_word' id='word_1_74' title='bbox 1000 1284 1216 1352; x_wconf 76' lang='lat' dir='ltr'>Asaph.</span> <span class='ocrx_word' id='word_1_75' title='bbox 1268 1282 1476 1353; x_wconf 70' lang='lat' dir='ltr'>(CASS.)</span> <span class='ocrx_word' id='word_1_76' title='bbox 1545 1281 1802 1336; x_wconf 90' lang='lat' dir='ltr'>Psalmus</span> <span class='ocrx_word' id='word_1_77' title='bbox 1824 1281 1893 1336; x_wconf 90' lang='lat' dir='ltr'>de</span> 
     </span>
    </p>
   </div>
   <div class='ocr_carea' id='block_1_14' title="bbox 189 1371 1892 1442">
    <p class='ocr_par' dir='ltr' id='par_1_14' title="bbox 189 1371 1892 1442">
     <span class='ocr_line' id='line_1_14' title="bbox 189 1371 1892 1442; baseline -0.004 -12"><span class='ocrx_word' id='word_1_78' title='bbox 189 1374 417 1430; x_wconf 90' lang='lat' dir='ltr'>duabus</span> <span class='ocrx_word' id='word_1_79' title='bbox 466 1372 688 1428; x_wconf 89' lang='lat' dir='ltr'>naturis</span> <span class='ocrx_word' id='word_1_80' title='bbox 739 1373 802 1426; x_wconf 92' lang='lat' dir='ltr'>in</span> <span class='ocrx_word' id='word_1_81' title='bbox 846 1372 1089 1438; x_wconf 83' lang='lat' dir='ltr'>Christo,</span> <span class='ocrx_word' id='word_1_82' title='bbox 1132 1388 1247 1442; x_wconf 92' lang='lat' dir='ltr'>quo</span> <span class='ocrx_word' id='word_1_83' title='bbox 1308 1371 1586 1437; x_wconf 87' lang='lat' dir='ltr'>Christus,</span> <span class='ocrx_word' id='word_1_84' title='bbox 1637 1372 1723 1425; x_wconf 89' lang='lat' dir='ltr'>vel</span> <span class='ocrx_word' id='word_1_85' title='bbox 1754 1373 1892 1425; x_wconf 87' lang='lat' dir='ltr'>Pro-</span> 
     </span>
    </p>
   </div>
   <div class='ocr_carea' id='block_1_15' title="bbox 189 1460 1891 1535">
    <p class='ocr_par' dir='ltr' id='par_1_15' title="bbox 189 1460 1891 1535">
     <span class='ocr_line' id='line_1_15' title="bbox 189 1460 1891 1535; baseline -0.004 -17"><span class='ocrx_word' id='word_1_86' title='bbox 189 1464 370 1535; x_wconf 88' lang='lat' dir='ltr'>pheta</span> <span class='ocrx_word' id='word_1_87' title='bbox 399 1463 660 1533; x_wconf 89' lang='lat' dir='ltr'>loquens,</span> <span class='ocrx_word' id='word_1_88' title='bbox 713 1461 1019 1533; x_wconf 82' lang='lat' dir='ltr'>exprobrat</span> <span class='ocrx_word' id='word_1_89' title='bbox 1064 1460 1174 1532; x_wconf 90' lang='lat' dir='ltr'>ipsi</span> <span class='ocrx_word' id='word_1_90' title='bbox 1220 1460 1433 1530; x_wconf 87' lang='lat' dir='ltr'>Asaph,</span> <span class='ocrx_word' id='word_1_91' title='bbox 1474 1460 1534 1513; x_wconf 91' lang='lat' dir='ltr'>id</span> <span class='ocrx_word' id='word_1_92' title='bbox 1576 1464 1679 1527; x_wconf 88' lang='lat' dir='ltr'>est,</span> <span class='ocrx_word' id='word_1_93' title='bbox 1712 1460 1891 1529; x_wconf 87' lang='lat' dir='ltr'>Syna-</span> 
     </span>
    </p>
   </div>
   <div class='ocr_carea' id='block_1_16' title="bbox 189 1549 1893 1625">
    <p class='ocr_par' dir='ltr' id='par_1_16' title="bbox 189 1549 1893 1625">
     <span class='ocr_line' id='line_1_16' title="bbox 189 1549 1893 1625; baseline -0.003 -19"><span class='ocrx_word' id='word_1_94' title='bbox 189 1569 379 1625; x_wconf 64' lang='grc' dir='ltr'>εοεαε,</span> <span class='ocrx_word' id='word_1_95' title='bbox 428 1568 559 1623; x_wconf 68' lang='lat' dir='ltr'>quae</span> <span class='ocrx_word' id='word_1_96' title='bbox 609 1551 922 1605; x_wconf 87' lang='lat' dir='ltr'>Dominum</span> <span class='ocrx_word' id='word_1_97' title='bbox 973 1549 1350 1621; x_wconf 86' lang='lat' dir='ltr'>corporaliter</span> <span class='ocrx_word' id='word_1_98' title='bbox 1401 1549 1561 1616; x_wconf 87' lang='lat' dir='ltr'>vidit,</span> <span class='ocrx_word' id='word_1_99' title='bbox 1617 1552 1669 1602; x_wconf 90' lang='lat' dir='ltr'>et</span> <span class='ocrx_word' id='word_1_100' title='bbox 1703 1553 1893 1602; x_wconf 90' lang='lat' dir='ltr'>tamen</span> 
     </span>
    </p>
   </div>
   <div class='ocr_carea' id='block_1_17' title="bbox 187 1636 1961 1727">
    <p class='ocr_par' dir='ltr' id='par_1_17' title="bbox 187 1636 1961 1727">
     <span class='ocr_line' id='line_1_17' title="bbox 187 1636 1961 1727; baseline -0.004 -30"><span class='ocrx_word' id='word_1_101' title='bbox 187 1657 325 1697; x_wconf 89' lang='lat' dir='ltr'>eum</span> <span class='ocrx_word' id='word_1_102' title='bbox 356 1657 473 1695; x_wconf 92' lang='lat' dir='ltr'>non</span> <span class='ocrx_word' id='word_1_103' title='bbox 503 1640 786 1711; x_wconf 82' lang='lat' dir='ltr'>cognovit.</span> <span class='ocrx_word' id='word_1_104' title='bbox 822 1640 1016 1694; x_wconf 88' lang='lat' dir='ltr'>Primo</span> <span class='ocrx_word' id='word_1_105' title='bbox 1072 1639 1303 1693; x_wconf 90' lang='lat' dir='ltr'>nuntiat</span> <span class='ocrx_word' id='word_1_106' title='bbox 1351 1640 1532 1692; x_wconf 90' lang='lat' dir='ltr'>Deum</span> <span class='ocrx_word' id='word_1_107' title='bbox 1564 1636 1803 1705; x_wconf 89' lang='lat' dir='ltr'>stetisse,</span> <span class='ocrx_word' id='word_1_108' title='bbox 1833 1642 1891 1691; x_wconf 86' lang='lat' dir='ltr'>et</span> <span class='ocrx_word' id='word_1_109' title='bbox 1916 1648 1961 1727; x_wconf 75' lang='grc' dir='ltr'>’Β</span> 
     </span>
    </p>
   </div>
   <div class='ocr_carea' id='block_1_18' title="bbox 184 1727 1888 1801">
    <p class='ocr_par' dir='ltr' id='par_1_18' title="bbox 184 1727 1888 1801">
     <span class='ocr_line' id='line_1_18' title="bbox 184 1727 1888 1801; baseline -0.002 -17"><span class='ocrx_word' id='word_1_110' title='bbox 184 1730 383 1801; x_wconf 83' lang='lat' dir='ltr'>arguit</span> <span class='ocrx_word' id='word_1_111' title='bbox 431 1729 767 1797; x_wconf 90' lang='lat' dir='ltr'>contrarios,</span> <span class='ocrx_word' id='word_1_112' title='bbox 817 1732 927 1783; x_wconf 88' lang='lat' dir='ltr'>stat</span> <span class='ocrx_word' id='word_1_113' title='bbox 978 1728 1175 1797; x_wconf 91' lang='lat' dir='ltr'>homo,</span> <span class='ocrx_word' id='word_1_114' title='bbox 1233 1727 1502 1781; x_wconf 85' lang='lat' dir='ltr'>discernit</span> <span class='ocrx_word' id='word_1_115' title='bbox 1550 1728 1717 1781; x_wconf 89' lang='lat' dir='ltr'>Deus.</span> <span class='ocrx_word' id='word_1_116' title='bbox 1750 1730 1888 1781; x_wconf 87' lang='lat' dir='ltr'>Deus</span> 
     </span>
    </p>
   </div>
   <div class='ocr_carea' id='block_1_19' title="bbox 183 1816 1892 1888">
    <p class='ocr_par' dir='ltr' id='par_1_19' title="bbox 183 1816 1892 1888">
     <span class='ocr_line' id='line_1_19' title="bbox 183 1816 1892 1888; baseline -0.005 -13"><span class='ocrx_word' id='word_1_117' title='bbox 183 1822 358 1875; x_wconf 79' lang='lat' dir='ltr'>stetit.</span> <span class='ocrx_word' id='word_1_118' title='bbox 406 1819 577 1888; x_wconf 88' lang='lat' dir='ltr'>Cujus</span> <span class='ocrx_word' id='word_1_119' title='bbox 630 1835 749 1872; x_wconf 93' lang='lat' dir='ltr'>non</span> <span class='ocrx_word' id='word_1_120' title='bbox 799 1822 886 1872; x_wconf 89' lang='lat' dir='ltr'>est</span> <span class='ocrx_word' id='word_1_121' title='bbox 964 1822 1136 1884; x_wconf 91' lang='lat' dir='ltr'>stare,</span> <span class='ocrx_word' id='word_1_122' title='bbox 1181 1817 1279 1888; x_wconf 88' lang='lat' dir='ltr'>qui</span> <span class='ocrx_word' id='word_1_123' title='bbox 1328 1816 1533 1871; x_wconf 80' lang='lat' dir='ltr'>ccelum</span> <span class='ocrx_word' id='word_1_124' title='bbox 1581 1820 1638 1869; x_wconf 91' lang='lat' dir='ltr'>et</span> <span class='ocrx_word' id='word_1_125' title='bbox 1679 1820 1892 1869; x_wconf 90' lang='lat' dir='ltr'>terram</span> 
     </span>
    </p>
   </div>
   <div class='ocr_carea' id='block_1_20' title="bbox 190 1905 1892 1978">
    <p class='ocr_par' dir='ltr' id='par_1_20' title="bbox 190 1905 1892 1978">
     <span class='ocr_line' id='line_1_20' title="bbox 190 1905 1892 1978; baseline -0.003 -16"><span class='ocrx_word' id='word_1_126' title='bbox 190 1909 463 1978; x_wconf 89' lang='lat' dir='ltr'>complet,</span> <span class='ocrx_word' id='word_1_127' title='bbox 514 1907 614 1978; x_wconf 89' lang='lat' dir='ltr'>qui</span> <span class='ocrx_word' id='word_1_128' title='bbox 657 1911 742 1961; x_wconf 89' lang='lat' dir='ltr'>est</span> <span class='ocrx_word' id='word_1_129' title='bbox 793 1907 944 1961; x_wconf 87' lang='lat' dir='ltr'>intra</span> <span class='ocrx_word' id='word_1_130' title='bbox 987 1906 1183 1960; x_wconf 90' lang='lat' dir='ltr'>omnia</span> <span class='ocrx_word' id='word_1_131' title='bbox 1235 1922 1350 1960; x_wconf 91' lang='lat' dir='ltr'>non</span> <span class='ocrx_word' id='word_1_132' title='bbox 1400 1905 1673 1971; x_wconf 88' lang='lat' dir='ltr'>inclusus,</span> <span class='ocrx_word' id='word_1_133' title='bbox 1732 1908 1892 1958; x_wconf 84' lang='lat' dir='ltr'>extra</span> 
     </span>
    </p>
   </div>
   <div class='ocr_carea' id='block_1_21' title="bbox 183 1993 1889 2063">
    <p class='ocr_par' dir='ltr' id='par_1_21' title="bbox 183 1993 1889 2063">
     <span class='ocr_line' id='line_1_21' title="bbox 183 1993 1889 2063; baseline -0.003 -12"><span class='ocrx_word' id='word_1_134' title='bbox 183 1997 385 2052; x_wconf 90' lang='lat' dir='ltr'>omnia</span> <span class='ocrx_word' id='word_1_135' title='bbox 425 2012 545 2051; x_wconf 93' lang='lat' dir='ltr'>non</span> <span class='ocrx_word' id='word_1_136' title='bbox 591 1997 873 2063; x_wconf 87' lang='lat' dir='ltr'>exclusus,</span> <span class='ocrx_word' id='word_1_137' title='bbox 925 1995 1024 2049; x_wconf 89' lang='lat' dir='ltr'>sed</span> <span class='ocrx_word' id='word_1_138' title='bbox 1072 1995 1319 2050; x_wconf 88' lang='lat' dir='ltr'>breviter</span> <span class='ocrx_word' id='word_1_139' title='bbox 1368 1996 1545 2049; x_wconf 91' lang='lat' dir='ltr'>Deum</span> <span class='ocrx_word' id='word_1_140' title='bbox 1595 1993 1889 2048; x_wconf 89' lang='lat' dir='ltr'>hominem</span> 
     </span>
    </p>
   </div>
   <div class='ocr_carea' id='block_1_22' title="bbox 183 2083 1890 2157">
    <p class='ocr_par' dir='ltr' id='par_1_22' title="bbox 183 2083 1890 2157">
     <span class='ocr_line' id='line_1_22' title="bbox 183 2083 1890 2157; baseline -0.002 -17"><span class='ocrx_word' id='word_1_141' title='bbox 183 2087 421 2141; x_wconf 88' lang='lat' dir='ltr'>indicat.</span> <span class='ocrx_word' id='word_1_142' title='bbox 469 2087 646 2141; x_wconf 79' lang='lat' dir='ltr'>Stetit.</span> <span class='ocrx_word' id='word_1_143' title='bbox 709 2084 908 2157; x_wconf 83' lang='lat' dir='ltr'>(AUG.)</span> <span class='ocrx_word' id='word_1_144' title='bbox 957 2084 1155 2151; x_wconf 86' lang='lat' dir='ltr'>Filius,</span> <span class='ocrx_word' id='word_1_145' title='bbox 1221 2083 1319 2153; x_wconf 89' lang='lat' dir='ltr'>qui</span> <span class='ocrx_word' id='word_1_146' title='bbox 1376 2084 1584 2137; x_wconf 89' lang='lat' dir='ltr'>missus</span> <span class='ocrx_word' id='word_1_147' title='bbox 1639 2084 1707 2137; x_wconf 90' lang='lat' dir='ltr'>ad</span> <span class='ocrx_word' id='word_1_148' title='bbox 1758 2099 1890 2137; x_wconf 87' lang='lat' dir='ltr'>oves</span> 
     </span>
    </p>
   </div>
   <div class='ocr_carea' id='block_1_23' title="bbox 185 2170 1876 2242">
    <p class='ocr_par' dir='ltr' id='par_1_23' title="bbox 185 2170 1876 2242">
     <span class='ocr_line' id='line_1_23' title="bbox 185 2170 1876 2242; baseline -0.003 -15"><span class='ocrx_word' id='word_1_149' title='bbox 185 2173 395 2227; x_wconf 89' lang='lat' dir='ltr'>domus</span> <span class='ocrx_word' id='word_1_150' title='bbox 428 2173 623 2238; x_wconf 87' lang='lat' dir='ltr'>Israel,</span> <span class='ocrx_word' id='word_1_151' title='bbox 668 2172 978 2242; x_wconf 90' lang='lat' dir='ltr'>spiritualis</span> <span class='ocrx_word' id='word_1_152' title='bbox 1026 2178 1218 2225; x_wconf 90' lang='lat' dir='ltr'>autem</span> <span class='ocrx_word' id='word_1_153' title='bbox 1266 2170 1575 2241; x_wconf 68' lang='lat' dir='ltr'>prmsentia</span> <span class='ocrx_word' id='word_1_154' title='bbox 1621 2170 1876 2236; x_wconf 88' lang='lat' dir='ltr'>Deitatis,</span> 
     </span>
    </p>
   </div>
   <div class='ocr_carea' id='block_1_24' title="bbox 183 2259 1884 2334">
    <p class='ocr_par' dir='ltr' id='par_1_24' title="bbox 183 2259 1884 2334">
     <span class='ocr_line' id='line_1_24' title="bbox 183 2259 1884 2334; baseline -0.003 -18"><span class='ocrx_word' id='word_1_155' title='bbox 183 2279 319 2334; x_wconf 67' lang='lat' dir='ltr'>quae</span> <span class='ocrx_word' id='word_1_156' title='bbox 376 2262 590 2333; x_wconf 91' lang='lat' dir='ltr'>ubique</span> <span class='ocrx_word' id='word_1_157' title='bbox 640 2277 756 2315; x_wconf 92' lang='lat' dir='ltr'>non</span> <span class='ocrx_word' id='word_1_158' title='bbox 790 2260 1020 2332; x_wconf 90' lang='lat' dir='ltr'>proprie</span> <span class='ocrx_word' id='word_1_159' title='bbox 1074 2261 1143 2314; x_wconf 91' lang='lat' dir='ltr'>ad</span> <span class='ocrx_word' id='word_1_160' title='bbox 1200 2261 1564 2331; x_wconf 85' lang='lat' dir='ltr'>Synagogam</span> <span class='ocrx_word' id='word_1_161' title='bbox 1616 2259 1884 2329; x_wconf 86' lang='lat' dir='ltr'>pertinet,</span> 
     </span>
    </p>
   </div>
   <div class='ocr_carea' id='block_1_25' title="bbox 182 2349 1886 2421">
    <p class='ocr_par' dir='ltr' id='par_1_25' title="bbox 182 2349 1886 2421">
     <span class='ocr_line' id='line_1_25' title="bbox 182 2349 1886 2421; baseline -0.001 -16"><span class='ocrx_word' id='word_1_162' title='bbox 182 2367 294 2405; x_wconf 90' lang='lat' dir='ltr'>nec</span> <span class='ocrx_word' id='word_1_163' title='bbox 343 2355 599 2421; x_wconf 88' lang='lat' dir='ltr'>tempore</span> <span class='ocrx_word' id='word_1_164' title='bbox 651 2349 922 2404; x_wconf 87' lang='lat' dir='ltr'>variatur.</span> <span class='ocrx_word' id='word_1_165' title='bbox 971 2351 1083 2405; x_wconf 94' lang='lat' dir='ltr'>Cur</span> <span class='ocrx_word' id='word_1_166' title='bbox 1112 2349 1192 2404; x_wconf 90' lang='lat' dir='ltr'>ibi</span> <span class='ocrx_word' id='word_1_167' title='bbox 1239 2349 1437 2403; x_wconf 88' lang='lat' dir='ltr'>stetit:</span> <span class='ocrx_word' id='word_1_168' title='bbox 1473 2352 1605 2404; x_wconf 88' lang='lat' dir='ltr'>Ecce</span> <span class='ocrx_word' id='word_1_169' title='bbox 1642 2350 1765 2404; x_wconf 85' lang='lat' dir='ltr'>deos</span> <span class='ocrx_word' id='word_1_170' title='bbox 1798 2350 1886 2404; x_wconf 90' lang='lat' dir='ltr'>di-</span> 
     </span>
    </p>
   </div>
   <div class='ocr_carea' id='block_1_26' title="bbox 165 2437 1886 2510">
    <p class='ocr_par' dir='ltr' id='par_1_26' title="bbox 165 2437 1886 2510">
     <span class='ocr_line' id='line_1_26' title="bbox 165 2437 1886 2510; baseline 0 -17"><span class='ocrx_word' id='word_1_171' title='bbox 165 2440 415 2510; x_wconf 84' lang='lat' dir='ltr'>judicat,</span> <span class='ocrx_word' id='word_1_172' title='bbox 448 2439 503 2494; x_wconf 92' lang='lat' dir='ltr'>id</span> <span class='ocrx_word' id='word_1_173' title='bbox 535 2444 639 2506; x_wconf 87' lang='lat' dir='ltr'>est,</span> <span class='ocrx_word' id='word_1_174' title='bbox 659 2439 971 2493; x_wconf 91' lang='lat' dir='ltr'>secundum</span> <span class='ocrx_word' id='word_1_175' title='bbox 996 2438 1151 2509; x_wconf 89' lang='lat' dir='ltr'>quod</span> <span class='ocrx_word' id='word_1_176' title='bbox 1177 2440 1347 2506; x_wconf 91' lang='lat' dir='ltr'>Deus,</span> <span class='ocrx_word' id='word_1_177' title='bbox 1372 2437 1432 2492; x_wconf 91' lang='lat' dir='ltr'>id</span> <span class='ocrx_word' id='word_1_178' title='bbox 1456 2442 1561 2506; x_wconf 88' lang='lat' dir='ltr'>est,</span> <span class='ocrx_word' id='word_1_179' title='bbox 1575 2454 1693 2491; x_wconf 91' lang='lat' dir='ltr'>non</span> <span class='ocrx_word' id='word_1_180' title='bbox 1707 2439 1886 2493; x_wconf 87' lang='lat' dir='ltr'>meri-</span> 
     </span>
    </p>
   </div>
   <div class='ocr_carea' id='block_1_27' title="bbox 173 2527 1886 2599">
    <p class='ocr_par' dir='ltr' id='par_1_27' title="bbox 173 2527 1886 2599">
     <span class='ocr_line' id='line_1_27' title="bbox 173 2527 1886 2599; baseline 0 -17"><span class='ocrx_word' id='word_1_181' title='bbox 173 2529 271 2594; x_wconf 91' lang='lat' dir='ltr'>tis,</span> <span class='ocrx_word' id='word_1_182' title='bbox 302 2529 401 2582; x_wconf 92' lang='lat' dir='ltr'>sed</span> <span class='ocrx_word' id='word_1_183' title='bbox 440 2528 627 2599; x_wconf 86' lang='lat' dir='ltr'>gratia</span> <span class='ocrx_word' id='word_1_184' title='bbox 682 2527 954 2582; x_wconf 88' lang='lat' dir='ltr'>discernit</span> <span class='ocrx_word' id='word_1_185' title='bbox 1000 2543 1152 2594; x_wconf 89' lang='lat' dir='ltr'>vasa,</span> <span class='ocrx_word' id='word_1_186' title='bbox 1184 2528 1297 2581; x_wconf 88' lang='lat' dir='ltr'>alia</span> <span class='ocrx_word' id='word_1_187' title='bbox 1344 2527 1407 2581; x_wconf 89' lang='lat' dir='ltr'>in</span> <span class='ocrx_word' id='word_1_188' title='bbox 1442 2527 1742 2594; x_wconf 86' lang='lat' dir='ltr'>honorem,</span> <span class='ocrx_word' id='word_1_189' title='bbox 1777 2528 1886 2582; x_wconf 90' lang='lat' dir='ltr'>alia</span> 
     </span>
    </p>
   </div>
   <div class='ocr_carea' id='block_1_28' title="bbox 177 2615 1881 2683">
    <p class='ocr_par' dir='ltr' id='par_1_28' title="bbox 177 2615 1881 2683">
     <span class='ocr_line' id='line_1_28' title="bbox 177 2615 1881 2683; baseline -0.001 -11"><span class='ocrx_word' id='word_1_190' title='bbox 177 2618 243 2672; x_wconf 92' lang='lat' dir='ltr'>in</span> <span class='ocrx_word' id='word_1_191' title='bbox 304 2618 731 2671; x_wconf 90' lang='lat' dir='ltr'>contumeliam.</span> <span class='ocrx_word' id='word_1_192' title='bbox 788 2617 903 2670; x_wconf 85' lang='lat' dir='ltr'>Hoc</span> <span class='ocrx_word' id='word_1_193' title='bbox 959 2621 1153 2671; x_wconf 89' lang='lat' dir='ltr'>autem</span> <span class='ocrx_word' id='word_1_194' title='bbox 1202 2615 1337 2670; x_wconf 90' lang='lat' dir='ltr'>facit</span> <span class='ocrx_word' id='word_1_195' title='bbox 1391 2620 1545 2669; x_wconf 89' lang='lat' dir='ltr'>stans</span> <span class='ocrx_word' id='word_1_196' title='bbox 1576 2615 1635 2668; x_wconf 92' lang='lat' dir='ltr'>in</span> <span class='ocrx_word' id='word_1_197' title='bbox 1668 2616 1881 2683; x_wconf 90' lang='lat' dir='ltr'>medio,</span> 
     </span>
    </p>
   </div>
   <div class='ocr_carea' id='block_1_29' title="bbox 180 2705 1883 2775">
    <p class='ocr_par' dir='ltr' id='par_1_29' title="bbox 180 2705 1883 2775">
     <span class='ocr_line' id='line_1_29' title="bbox 180 2705 1883 2775; baseline -0.002 -14"><span class='ocrx_word' id='word_1_198' title='bbox 180 2707 337 2761; x_wconf 82' lang='lat' dir='ltr'>unde</span> <span class='ocrx_word' id='word_1_199' title='bbox 374 2723 386 2760; x_wconf 93' lang='lat'>:</span> <span class='ocrx_word' id='word_1_200' title='bbox 420 2706 629 2761; x_wconf 80' lang='lat' dir='ltr'>Medius</span> <span class='ocrx_word' id='word_1_201' title='bbox 657 2709 895 2759; x_wconf 83' lang='lat' dir='ltr'>vestrum</span> <span class='ocrx_word' id='word_1_202' title='bbox 922 2707 1090 2773; x_wconf 88' lang='lat' dir='ltr'>stetit,</span> <span class='ocrx_word' id='word_1_203' title='bbox 1123 2720 1279 2775; x_wconf 84' lang='lat' dir='ltr'>quem</span> <span class='ocrx_word' id='word_1_204' title='bbox 1306 2718 1398 2759; x_wconf 87' lang='lat' dir='ltr'>vos</span> <span class='ocrx_word' id='word_1_205' title='bbox 1456 2707 1696 2770; x_wconf 79' lang='lat' dir='ltr'>nescitis,</span> <span class='ocrx_word' id='word_1_206' title='bbox 1731 2705 1883 2758; x_wconf 91' lang='lat' dir='ltr'>unde</span> 
     </span>
    </p>
   </div>
   <div class='ocr_carea' id='block_1_30' title="bbox 188 2792 1883 2865">
    <p class='ocr_par' dir='ltr' id='par_1_30' title="bbox 188 2792 1883 2865">
     <span class='ocr_line' id='line_1_30' title="bbox 188 2792 1883 2865; baseline -0.001 -15"><span class='ocrx_word' id='word_1_207' title='bbox 188 2800 242 2850; x_wconf 88' lang='lat' dir='ltr'>et</span> <span class='ocrx_word' id='word_1_208' title='bbox 300 2795 438 2850; x_wconf 91' lang='lat' dir='ltr'>hic:</span> <span class='ocrx_word' id='word_1_209' title='bbox 487 2797 806 2853; x_wconf 87' lang='lat' dir='ltr'>Nescierunt</span> <span class='ocrx_word' id='word_1_210' title='bbox 854 2810 1023 2865; x_wconf 90' lang='lat' dir='ltr'>neque</span> <span class='ocrx_word' id='word_1_211' title='bbox 1068 2794 1466 2858; x_wconf 67' lang='lat' dir='ltr'>intellexerunt,</span> <span class='ocrx_word' id='word_1_212' title='bbox 1523 2792 1620 2847; x_wconf 91' lang='lat' dir='ltr'>sed</span> <span class='ocrx_word' id='word_1_213' title='bbox 1676 2795 1883 2848; x_wconf 87' lang='lat' dir='ltr'>amicus</span> 
     </span>
    </p>
   </div>
   <div class='ocr_carea' id='block_1_31' title="bbox 185 2881 1883 2954">
    <p class='ocr_par' dir='ltr' id='par_1_31' title="bbox 185 2881 1883 2954">
     <span class='ocr_line' id='line_1_31' title="bbox 185 2881 1883 2954; baseline -0.004 -14"><span class='ocrx_word' id='word_1_214' title='bbox 185 2887 371 2954; x_wconf 78' lang='lat' dir='ltr'>sponsi</span> <span class='ocrx_word' id='word_1_215' title='bbox 398 2888 511 2939; x_wconf 88' lang='lat' dir='ltr'>stat</span> <span class='ocrx_word' id='word_1_216' title='bbox 555 2889 605 2938; x_wconf 91' lang='lat' dir='ltr'>et</span> <span class='ocrx_word' id='word_1_217' title='bbox 634 2884 812 2951; x_wconf 83' lang='lat' dir='ltr'>audit,</span> <span class='ocrx_word' id='word_1_218' title='bbox 839 2887 889 2937; x_wconf 93' lang='lat' dir='ltr'>et</span> <span class='ocrx_word' id='word_1_219' title='bbox 944 2883 1147 2952; x_wconf 88' lang='lat' dir='ltr'>gaudio</span> <span class='ocrx_word' id='word_1_220' title='bbox 1193 2882 1395 2951; x_wconf 86' lang='lat' dir='ltr'>gaudet</span> <span class='ocrx_word' id='word_1_221' title='bbox 1450 2884 1697 2935; x_wconf 80' lang='lat' dir='ltr'>Deorum.</span> <span class='ocrx_word' id='word_1_222' title='bbox 1732 2881 1883 2945; x_wconf 88' lang='lat' dir='ltr'>Quos</span> 
     </span>
    </p>
   </div>
   <div class='ocr_carea' id='block_1_32' title="bbox 2008 483 3707 557">
    <p class='ocr_par' dir='ltr' id='par_1_32' title="bbox 2008 483 3707 557">
     <span class='ocr_line' id='line_1_32' title="bbox 2008 483 3707 557; baseline 0.002 -20"><span class='ocrx_word' id='word_1_223' title='bbox 2008 484 2076 537; x_wconf 91' lang='lat' dir='ltr'>ad</span> <span class='ocrx_word' id='word_1_224' title='bbox 2106 483 2302 549; x_wconf 82' lang='lat' dir='ltr'>fidem,</span> <span class='ocrx_word' id='word_1_225' title='bbox 2333 486 2515 538; x_wconf 82' lang='lat' dir='ltr'>omnia</span> <span class='ocrx_word' id='word_1_226' title='bbox 2544 484 2907 551; x_wconf 82' lang='lat' dir='ltr'>fundamenta</span> <span class='ocrx_word' id='word_1_227' title='bbox 2957 489 3129 553; x_wconf 72' lang='lat' dir='ltr'>terrae,</span> <span class='ocrx_word' id='word_1_228' title='bbox 3178 485 3237 541; x_wconf 90' lang='lat' dir='ltr'>id</span> <span class='ocrx_word' id='word_1_229' title='bbox 3268 490 3372 554; x_wconf 91' lang='lat' dir='ltr'>est,</span> <span class='ocrx_word' id='word_1_230' title='bbox 3409 486 3707 557; x_wconf 89' lang='lat' dir='ltr'>plenitudo</span> 
     </span>
    </p>
   </div>
   <div class='ocr_carea' id='block_1_33' title="bbox 2006 572 3710 644">
    <p class='ocr_par' dir='ltr' id='par_1_33' title="bbox 2006 572 3710 644">
     <span class='ocr_line' id='line_1_33' title="bbox 2006 572 3710 644; baseline 0.002 -18"><span class='ocrx_word' id='word_1_231' title='bbox 2006 573 2263 643; x_wconf 86' lang='lat' dir='ltr'>gentium</span> <span class='ocrx_word' id='word_1_232' title='bbox 2288 574 2546 628; x_wconf 87' lang='lat' dir='ltr'>intrabit.</span> <span class='ocrx_word' id='word_1_233' title='bbox 2578 573 2674 627; x_wconf 92' lang='lat' dir='ltr'>Vel</span> <span class='ocrx_word' id='word_1_234' title='bbox 2726 572 2786 626; x_wconf 91' lang='lat' dir='ltr'>in</span> <span class='ocrx_word' id='word_1_235' title='bbox 2818 577 3020 640; x_wconf 90' lang='lat' dir='ltr'>morte,</span> <span class='ocrx_word' id='word_1_236' title='bbox 3076 580 3134 627; x_wconf 90' lang='lat' dir='ltr'>et</span> <span class='ocrx_word' id='word_1_237' title='bbox 3183 574 3445 644; x_wconf 89' lang='lat' dir='ltr'>passione</span> <span class='ocrx_word' id='word_1_238' title='bbox 3481 575 3710 629; x_wconf 88' lang='lat' dir='ltr'>Domini</span> 
     </span>
    </p>
   </div>
   <div class='ocr_carea' id='block_1_34' title="bbox 2006 662 3707 735">
    <p class='ocr_par' dir='ltr' id='par_1_34' title="bbox 2006 662 3707 735">
     <span class='ocr_line' id='line_1_34' title="bbox 2006 662 3707 735; baseline 0.002 -22"><span class='ocrx_word' id='word_1_239' title='bbox 2006 666 2159 715; x_wconf 86' lang='lat' dir='ltr'>mota</span> <span class='ocrx_word' id='word_1_240' title='bbox 2190 667 2273 716; x_wconf 91' lang='lat' dir='ltr'>est</span> <span class='ocrx_word' id='word_1_241' title='bbox 2302 667 2473 715; x_wconf 89' lang='lat' dir='ltr'>terra.</span> <span class='ocrx_word' id='word_1_242' title='bbox 2508 662 2603 716; x_wconf 88' lang='lat' dir='ltr'>Vel</span> <span class='ocrx_word' id='word_1_243' title='bbox 2658 662 3040 729; x_wconf 80' lang='lat' dir='ltr'>fundamenta,</span> <span class='ocrx_word' id='word_1_244' title='bbox 3076 662 3131 716; x_wconf 91' lang='lat' dir='ltr'>id</span> <span class='ocrx_word' id='word_1_245' title='bbox 3164 667 3266 729; x_wconf 86' lang='lat' dir='ltr'>est,</span> <span class='ocrx_word' id='word_1_246' title='bbox 3317 663 3511 717; x_wconf 89' lang='lat' dir='ltr'>felices</span> <span class='ocrx_word' id='word_1_247' title='bbox 3541 663 3707 735; x_wconf 90' lang='lat' dir='ltr'>copia</span> 
     </span>
    </p>
   </div>
   <div class='ocr_carea' id='block_1_35' title="bbox 2005 751 3708 823">
    <p class='ocr_par' dir='ltr' id='par_1_35' title="bbox 2005 751 3708 823">
     <span class='ocr_line' id='line_1_35' title="bbox 2005 751 3708 823; baseline 0.002 -21"><span class='ocrx_word' id='word_1_248' title='bbox 2005 754 2371 804; x_wconf 91' lang='lat' dir='ltr'>terrenorum</span> <span class='ocrx_word' id='word_1_249' title='bbox 2420 751 2822 804; x_wconf 87' lang='lat' dir='ltr'>movebuntur.</span> <span class='ocrx_word' id='word_1_250' title='bbox 2858 751 2955 804; x_wconf 89' lang='lat' dir='ltr'>Vel</span> <span class='ocrx_word' id='word_1_251' title='bbox 2988 751 3322 805; x_wconf 90' lang='lat' dir='ltr'>admirando</span> <span class='ocrx_word' id='word_1_252' title='bbox 3348 752 3458 806; x_wconf 91' lang='lat' dir='ltr'>coli</span> <span class='ocrx_word' id='word_1_253' title='bbox 3487 768 3708 823; x_wconf 90' lang='lat' dir='ltr'>paupe-</span> 
     </span>
    </p>
   </div>
   <div class='ocr_carea' id='block_1_36' title="bbox 2004 840 3706 911">
    <p class='ocr_par' dir='ltr' id='par_1_36' title="bbox 2004 840 3706 911">
     <span class='ocr_line' id='line_1_36' title="bbox 2004 840 3706 911; baseline 0.002 -19"><span class='ocrx_word' id='word_1_254' title='bbox 2004 854 2129 893; x_wconf 90' lang='lat' dir='ltr'>rem</span> <span class='ocrx_word' id='word_1_255' title='bbox 2158 844 2470 893; x_wconf 89' lang='lat' dir='ltr'>mortuum.</span> <span class='ocrx_word' id='word_1_256' title='bbox 2506 840 2605 893; x_wconf 86' lang='lat' dir='ltr'>Vel</span> <span class='ocrx_word' id='word_1_257' title='bbox 2635 855 2765 893; x_wconf 91' lang='lat' dir='ltr'>cum</span> <span class='ocrx_word' id='word_1_258' title='bbox 2798 840 3142 911; x_wconf 88' lang='lat' dir='ltr'>contemptis</span> <span class='ocrx_word' id='word_1_259' title='bbox 3198 841 3439 895; x_wconf 87' lang='lat' dir='ltr'>terrenis</span> <span class='ocrx_word' id='word_1_260' title='bbox 3488 847 3706 895; x_wconf 90' lang='lat' dir='ltr'>sectan-</span> 
     </span>
    </p>
   </div>
   <div class='ocr_carea' id='block_1_37' title="bbox 2004 928 3702 999">
    <p class='ocr_par' dir='ltr' id='par_1_37' title="bbox 2004 928 3702 999">
     <span class='ocr_line' id='line_1_37' title="bbox 2004 928 3702 999; baseline 0.001 -18"><span class='ocrx_word' id='word_1_261' title='bbox 2004 928 2097 982; x_wconf 92' lang='lat' dir='ltr'>do.</span> <span class='ocrx_word' id='word_1_262' title='bbox 2129 928 2301 982; x_wconf 87' lang='lat' dir='ltr'>Addit</span> <span class='ocrx_word' id='word_1_263' title='bbox 2336 931 2537 991; x_wconf 82' lang='lat' dir='ltr'>omnia,</span> <span class='ocrx_word' id='word_1_264' title='bbox 2590 929 2725 999; x_wconf 88' lang='lat' dir='ltr'>quia</span> <span class='ocrx_word' id='word_1_265' title='bbox 2776 929 2968 982; x_wconf 90' lang='lat' dir='ltr'>nullus</span> <span class='ocrx_word' id='word_1_266' title='bbox 3014 934 3101 983; x_wconf 89' lang='lat' dir='ltr'>est</span> <span class='ocrx_word' id='word_1_267' title='bbox 3123 929 3221 999; x_wconf 92' lang='lat' dir='ltr'>qui</span> <span class='ocrx_word' id='word_1_268' title='bbox 3271 945 3389 982; x_wconf 90' lang='lat' dir='ltr'>non</span> <span class='ocrx_word' id='word_1_269' title='bbox 3440 929 3702 996; x_wconf 87' lang='lat' dir='ltr'>miretur,</span> 
     </span>
    </p>
   </div>
   <div class='ocr_carea' id='block_1_38' title="bbox 2002 1018 3702 1089">
    <p class='ocr_par' dir='ltr' id='par_1_38' title="bbox 2002 1018 3702 1089">
     <span class='ocr_line' id='line_1_38' title="bbox 2002 1018 3702 1089; baseline 0.001 -20"><span class='ocrx_word' id='word_1_270' title='bbox 2002 1018 2091 1071; x_wconf 92' lang='lat' dir='ltr'>vel</span> <span class='ocrx_word' id='word_1_271' title='bbox 2139 1021 2520 1072; x_wconf 84' lang='lat' dir='ltr'>convertatur.</span> <span class='ocrx_word' id='word_1_272' title='bbox 2568 1019 2831 1072; x_wconf 79' lang='lat' dir='ltr'>Terrenae</span> <span class='ocrx_word' id='word_1_273' title='bbox 2876 1022 3068 1072; x_wconf 88' lang='lat' dir='ltr'>autem</span> <span class='ocrx_word' id='word_1_274' title='bbox 3112 1018 3395 1072; x_wconf 90' lang='lat' dir='ltr'>felicitatis</span> <span class='ocrx_word' id='word_1_275' title='bbox 3460 1033 3702 1089; x_wconf 90' lang='lat' dir='ltr'>regnum</span> 
     </span>
    </p>
   </div>
   <div class='ocr_carea' id='block_1_39' title="bbox 2002 1105 3700 1177">
    <p class='ocr_par' dir='ltr' id='par_1_39' title="bbox 2002 1105 3700 1177">
     <span class='ocr_line' id='line_1_39' title="bbox 2002 1105 3700 1177; baseline -0.001 -17"><span class='ocrx_word' id='word_1_276' title='bbox 2002 1110 2087 1160; x_wconf 88' lang='lat' dir='ltr'>est</span> <span class='ocrx_word' id='word_1_277' title='bbox 2114 1106 2405 1176; x_wconf 89' lang='lat' dir='ltr'>superbia,</span> <span class='ocrx_word' id='word_1_278' title='bbox 2440 1112 2640 1160; x_wconf 88' lang='lat' dir='ltr'>contra</span> <span class='ocrx_word' id='word_1_279' title='bbox 2699 1122 2872 1177; x_wconf 89' lang='lat' dir='ltr'>quam</span> <span class='ocrx_word' id='word_1_280' title='bbox 2930 1106 3084 1160; x_wconf 86' lang='lat' dir='ltr'>venit</span> <span class='ocrx_word' id='word_1_281' title='bbox 3137 1105 3373 1160; x_wconf 89' lang='lat' dir='ltr'>humilis</span> <span class='ocrx_word' id='word_1_282' title='bbox 3426 1106 3700 1173; x_wconf 82' lang='lat' dir='ltr'>Christus,</span> 
     </span>
    </p>
   </div>
   <div class='ocr_carea' id='block_1_40' title="bbox 2001 1193 3698 1265">
    <p class='ocr_par' dir='ltr' id='par_1_40' title="bbox 2001 1193 3698 1265">
     <span class='ocr_line' id='line_1_40' title="bbox 2001 1193 3698 1265; baseline 0 -18"><span class='ocrx_word' id='word_1_283' title='bbox 2001 1194 2351 1263; x_wconf 84' lang='lat' dir='ltr'>exprobrans</span> <span class='ocrx_word' id='word_1_284' title='bbox 2383 1194 2483 1258; x_wconf 90' lang='lat' dir='ltr'>eis,</span> <span class='ocrx_word' id='word_1_285' title='bbox 2514 1210 2656 1265; x_wconf 91' lang='lat' dir='ltr'>quos</span> <span class='ocrx_word' id='word_1_286' title='bbox 2688 1195 2809 1247; x_wconf 87' lang='lat' dir='ltr'>vult</span> <span class='ocrx_word' id='word_1_287' title='bbox 2857 1194 3041 1247; x_wconf 83' lang='lat' dir='ltr'>facere</span> <span class='ocrx_word' id='word_1_288' title='bbox 3076 1193 3218 1247; x_wconf 92' lang='lat' dir='ltr'>altos</span> <span class='ocrx_word' id='word_1_289' title='bbox 3262 1209 3364 1263; x_wconf 92' lang='lat' dir='ltr'>per</span> <span class='ocrx_word' id='word_1_290' title='bbox 3399 1193 3698 1247; x_wconf 88' lang='lat' dir='ltr'>humilita-</span> 
     </span>
    </p>
   </div>
   <div class='ocr_carea' id='block_1_41' title="bbox 2000 1282 3701 1350">
    <p class='ocr_par' dir='ltr' id='par_1_41' title="bbox 2000 1282 3701 1350">
     <span class='ocr_line' id='line_1_41' title="bbox 2000 1282 3701 1350; baseline 0.001 -15"><span class='ocrx_word' id='word_1_291' title='bbox 2000 1286 2139 1348; x_wconf 88' lang='lat' dir='ltr'>tem,</span> <span class='ocrx_word' id='word_1_292' title='bbox 2173 1282 2262 1336; x_wconf 91' lang='lat' dir='ltr'>his</span> <span class='ocrx_word' id='word_1_293' title='bbox 2310 1282 2532 1337; x_wconf 89' lang='lat' dir='ltr'>verbis:</span> <span class='ocrx_word' id='word_1_294' title='bbox 2566 1286 2677 1350; x_wconf 84' lang='lat' dir='ltr'>Ego</span> <span class='ocrx_word' id='word_1_295' title='bbox 2736 1283 2862 1336; x_wconf 74' lang='lat' dir='ltr'>dimi</span> <span class='ocrx_word' id='word_1_296' title='bbox 2895 1299 2907 1336; x_wconf 94' lang='lat'>:</span> <span class='ocrx_word' id='word_1_297' title='bbox 2943 1283 3028 1336; x_wconf 87' lang='lat' dir='ltr'>dii</span> <span class='ocrx_word' id='word_1_298' title='bbox 3069 1284 3217 1347; x_wconf 83' lang='lat' dir='ltr'>estis,</span> <span class='ocrx_word' id='word_1_299' title='bbox 3279 1298 3377 1336; x_wconf 90' lang='lat' dir='ltr'>vos</span> <span class='ocrx_word' id='word_1_300' title='bbox 3404 1282 3577 1335; x_wconf 90' lang='lat' dir='ltr'>boni:</span> <span class='ocrx_word' id='word_1_301' title='bbox 3609 1297 3701 1337; x_wconf 84' lang='lat' dir='ltr'>vos</span> 
     </span>
    </p>
   </div>
   <div class='ocr_carea' id='block_1_42' title="bbox 2001 1369 3702 1437">
    <p class='ocr_par' dir='ltr' id='par_1_42' title="bbox 2001 1369 3702 1437">
     <span class='ocr_line' id='line_1_42' title="bbox 2001 1369 3702 1437; baseline 0 -14"><span class='ocrx_word' id='word_1_302' title='bbox 2001 1376 2179 1425; x_wconf 89' lang='lat' dir='ltr'>autem</span> <span class='ocrx_word' id='word_1_303' title='bbox 2226 1370 2384 1437; x_wconf 88' lang='lat' dir='ltr'>mali,</span> <span class='ocrx_word' id='word_1_304' title='bbox 2442 1374 2580 1425; x_wconf 83' lang='lat' dir='ltr'>sicut</span> <span class='ocrx_word' id='word_1_305' title='bbox 2636 1372 2872 1425; x_wconf 85' lang='lat' dir='ltr'>homines</span> <span class='ocrx_word' id='word_1_306' title='bbox 2922 1372 3245 1424; x_wconf 81' lang='lat' dir='ltr'>moriemini.</span> <span class='ocrx_word' id='word_1_307' title='bbox 3305 1371 3400 1423; x_wconf 89' lang='lat' dir='ltr'>Vel</span> <span class='ocrx_word' id='word_1_308' title='bbox 3433 1369 3702 1424; x_wconf 90' lang='lat' dir='ltr'>omnibus</span> 
     </span>
    </p>
   </div>
   <div class='ocr_carea' id='block_1_43' title="bbox 2002 1458 3700 1528">
    <p class='ocr_par' dir='ltr' id='par_1_43' title="bbox 2002 1458 3700 1528">
     <span class='ocr_line' id='line_1_43' title="bbox 2002 1458 3700 1528; baseline 0 -15"><span class='ocrx_word' id='word_1_309' title='bbox 2002 1458 2162 1513; x_wconf 88' lang='lat' dir='ltr'>dicit:</span> <span class='ocrx_word' id='word_1_310' title='bbox 2189 1459 2272 1513; x_wconf 89' lang='lat' dir='ltr'>dii</span> <span class='ocrx_word' id='word_1_311' title='bbox 2299 1462 2449 1521; x_wconf 82' lang='lat' dir='ltr'>estis.</span> <span class='ocrx_word' id='word_1_312' title='bbox 2478 1460 2534 1514; x_wconf 93' lang='lat' dir='ltr'>id</span> <span class='ocrx_word' id='word_1_313' title='bbox 2558 1464 2659 1521; x_wconf 88' lang='lat' dir='ltr'>est,</span> <span class='ocrx_word' id='word_1_314' title='bbox 2695 1460 2966 1513; x_wconf 89' lang='lat' dir='ltr'>omnibus</span> <span class='ocrx_word' id='word_1_315' title='bbox 3006 1458 3245 1528; x_wconf 89' lang='lat' dir='ltr'>promisi</span> <span class='ocrx_word' id='word_1_316' title='bbox 3288 1459 3576 1525; x_wconf 80' lang='lat' dir='ltr'>coelestia;</span> <span class='ocrx_word' id='word_1_317' title='bbox 3607 1474 3700 1513; x_wconf 83' lang='lat' dir='ltr'>vos</span> 
     </span>
    </p>
   </div>
   <div class='ocr_carea' id='block_1_44' title="bbox 1999 1546 3693 1617">
    <p class='ocr_par' dir='ltr' id='par_1_44' title="bbox 1999 1546 3693 1617">
     <span class='ocr_line' id='line_1_44' title="bbox 1999 1546 3693 1617; baseline 0 -16"><span class='ocrx_word' id='word_1_318' title='bbox 1999 1552 2180 1602; x_wconf 88' lang='lat' dir='ltr'>autem</span> <span class='ocrx_word' id='word_1_319' title='bbox 2208 1550 2348 1602; x_wconf 86' lang='lat' dir='ltr'>sicut</span> <span class='ocrx_word' id='word_1_320' title='bbox 2406 1548 2644 1602; x_wconf 84' lang='lat' dir='ltr'>homines</span> <span class='ocrx_word' id='word_1_321' title='bbox 2708 1546 2900 1617; x_wconf 87' lang='lat' dir='ltr'>primi,</span> <span class='ocrx_word' id='word_1_322' title='bbox 2948 1546 3047 1617; x_wconf 91' lang='lat' dir='ltr'>qui</span> <span class='ocrx_word' id='word_1_323' title='bbox 3107 1546 3370 1601; x_wconf 89' lang='lat' dir='ltr'>suasione</span> <span class='ocrx_word' id='word_1_324' title='bbox 3426 1563 3693 1617; x_wconf 61' lang='lat' dir='ltr'>peccaveo</span> 
     </span>
    </p>
   </div>
   <div class='ocr_carea' id='block_1_45' title="bbox 2000 1636 3702 1707">
    <p class='ocr_par' dir='ltr' id='par_1_45' title="bbox 2000 1636 3702 1707">
     <span class='ocr_line' id='line_1_45' title="bbox 2000 1636 3702 1707; baseline 0 -16"><span class='ocrx_word' id='word_1_325' title='bbox 2000 1641 2154 1703; x_wconf 90' lang='lat' dir='ltr'>runt,</span> <span class='ocrx_word' id='word_1_326' title='bbox 2210 1640 2266 1691; x_wconf 91' lang='lat' dir='ltr'>et</span> <span class='ocrx_word' id='word_1_327' title='bbox 2308 1652 2409 1691; x_wconf 89' lang='lat' dir='ltr'>vos</span> <span class='ocrx_word' id='word_1_328' title='bbox 2468 1637 2709 1707; x_wconf 85' lang='lat' dir='ltr'>majores</span> <span class='ocrx_word' id='word_1_329' title='bbox 2770 1636 2915 1690; x_wconf 89' lang='lat' dir='ltr'>sicut</span> <span class='ocrx_word' id='word_1_330' title='bbox 2955 1636 3232 1704; x_wconf 88' lang='lat' dir='ltr'>diabolus,</span> <span class='ocrx_word' id='word_1_331' title='bbox 3283 1637 3382 1707; x_wconf 89' lang='lat' dir='ltr'>qui</span> <span class='ocrx_word' id='word_1_332' title='bbox 3430 1636 3702 1707; x_wconf 90' lang='lat' dir='ltr'>superbia</span> 
     </span>
    </p>
   </div>
   <div class='ocr_carea' id='block_1_46' title="bbox 2003 1725 2275 1795">
    <p class='ocr_par' dir='ltr' id='par_1_46' title="bbox 2003 1725 2275 1795">
     <span class='ocr_line' id='line_1_46' title="bbox 2003 1725 2275 1795; baseline 0.004 -17"><span class='ocrx_word' id='word_1_333' title='bbox 2003 1725 2275 1795; x_wconf 90' lang='lat' dir='ltr'>peccavit.</span> 
     </span>
    </p>
   </div>
   <div class='ocr_carea' id='block_1_47' title="bbox 2073 1813 3698 1885">
    <p class='ocr_par' dir='ltr' id='par_1_47' title="bbox 2073 1813 3698 1885">
     <span class='ocr_line' id='line_1_47' title="bbox 2073 1813 3698 1885; baseline 0.001 -17"><span class='ocrx_word' id='word_1_334' title='bbox 2073 1815 2233 1868; x_wconf 73' lang='lat' dir='ltr'>Vens.</span> <span class='ocrx_word' id='word_1_335' title='bbox 2270 1817 2321 1868; x_wconf 87' lang='lat'>6.</span> <span class='ocrx_word' id='word_1_336' title='bbox 2344 1844 2413 1854; x_wconf 93' lang='lat'><strong><em>—</em></strong></span> <span class='ocrx_word' id='word_1_337' title='bbox 2443 1816 2555 1880; x_wconf 87' lang='lat' dir='ltr'>Ego</span> <span class='ocrx_word' id='word_1_338' title='bbox 2586 1814 2728 1868; x_wconf 72' lang='lat' dir='ltr'>dimi.</span> <span class='ocrx_word' id='word_1_339' title='bbox 2767 1813 2961 1885; x_wconf 83' lang='lat' dir='ltr'>(CASS.)</span> <span class='ocrx_word' id='word_1_340' title='bbox 3006 1814 3151 1879; x_wconf 89' lang='lat' dir='ltr'>Quid</span> <span class='ocrx_word' id='word_1_341' title='bbox 3182 1814 3262 1868; x_wconf 91' lang='lat' dir='ltr'>eis</span> <span class='ocrx_word' id='word_1_342' title='bbox 3291 1815 3698 1885; x_wconf 87' lang='lat' dir='ltr'>propositum?</span> 
     </span>
    </p>
   </div>
   <div class='ocr_carea' id='block_1_48' title="bbox 2002 1902 3698 1974">
    <p class='ocr_par' dir='ltr' id='par_1_48' title="bbox 2002 1902 3698 1974">
     <span class='ocr_line' id='line_1_48' title="bbox 2002 1902 3698 1974; baseline 0.001 -18"><span class='ocrx_word' id='word_1_343' title='bbox 2002 1902 2101 1956; x_wconf 90' lang='lat' dir='ltr'>sed</span> <span class='ocrx_word' id='word_1_344' title='bbox 2132 1902 2445 1974; x_wconf 88' lang='lat' dir='ltr'>perierunt.</span> <span class='ocrx_word' id='word_1_345' title='bbox 2478 1906 2592 1970; x_wconf 88' lang='lat' dir='ltr'>Ego</span> <span class='ocrx_word' id='word_1_346' title='bbox 2623 1903 2749 1956; x_wconf 75' lang='lat' dir='ltr'>disci</span> <span class='ocrx_word' id='word_1_347' title='bbox 2806 1920 2820 1956; x_wconf 93' lang='lat'>:</span> <span class='ocrx_word' id='word_1_348' title='bbox 2853 1906 3170 1959; x_wconf 84' lang='lat' dir='ltr'>Nescierunt</span> <span class='ocrx_word' id='word_1_349' title='bbox 3199 1919 3367 1973; x_wconf 82' lang='lat' dir='ltr'>neque</span> <span class='ocrx_word' id='word_1_350' title='bbox 3414 1905 3698 1958; x_wconf 72' lang='lat' dir='ltr'>intelleme—</span> 
     </span>
    </p>
   </div>
   <div class='ocr_carea' id='block_1_49' title="bbox 1999 1991 3697 2062">
    <p class='ocr_par' dir='ltr' id='par_1_49' title="bbox 1999 1991 3697 2062">
     <span class='ocr_line' id='line_1_49' title="bbox 1999 1991 3697 2062; baseline 0 -17"><span class='ocrx_word' id='word_1_351' title='bbox 1999 1996 2175 2056; x_wconf 86' lang='lat' dir='ltr'>runt;</span> <span class='ocrx_word' id='word_1_352' title='bbox 2226 1995 2417 2044; x_wconf 89' lang='lat' dir='ltr'>tamen</span> <span class='ocrx_word' id='word_1_353' title='bbox 2481 2006 2574 2062; x_wconf 87' lang='lat' dir='ltr'>ego</span> <span class='ocrx_word' id='word_1_354' title='bbox 2626 1991 2766 2045; x_wconf 69' lang='lat' dir='ltr'>dimi.</span> <span class='ocrx_word' id='word_1_355' title='bbox 2840 1992 2947 2045; x_wconf 88' lang='lat' dir='ltr'>Has</span> <span class='ocrx_word' id='word_1_356' title='bbox 3022 1991 3431 2062; x_wconf 91' lang='lat' dir='ltr'>promissiones</span> <span class='ocrx_word' id='word_1_357' title='bbox 3498 2008 3697 2045; x_wconf 89' lang='lat' dir='ltr'>omnes</span> 
     </span>
    </p>
   </div>
   <div class='ocr_carea' id='block_1_50' title="bbox 1999 2079 3696 2151">
    <p class='ocr_par' dir='ltr' id='par_1_50' title="bbox 1999 2079 3696 2151">
     <span class='ocr_line' id='line_1_50' title="bbox 1999 2079 3696 2151; baseline -0.001 -16"><span class='ocrx_word' id='word_1_358' title='bbox 1999 2081 2304 2151; x_wconf 89' lang='lat' dir='ltr'>accipiunt,</span> <span class='ocrx_word' id='word_1_359' title='bbox 2358 2079 2405 2132; x_wconf 91' lang='lat' dir='ltr'>si</span> <span class='ocrx_word' id='word_1_360' title='bbox 2462 2080 2731 2133; x_wconf 89' lang='lat' dir='ltr'>mandata</span> <span class='ocrx_word' id='word_1_361' title='bbox 2782 2080 3132 2147; x_wconf 87' lang='lat' dir='ltr'>custodiunt,</span> <span class='ocrx_word' id='word_1_362' title='bbox 3193 2083 3256 2133; x_wconf 90' lang='lat' dir='ltr'>ut</span> <span class='ocrx_word' id='word_1_363' title='bbox 3312 2081 3425 2134; x_wconf 89' lang='lat' dir='ltr'>sint</span> <span class='ocrx_word' id='word_1_364' title='bbox 3495 2080 3599 2134; x_wconf 81' lang='lat' dir='ltr'>filii</span> <span class='ocrx_word' id='word_1_365' title='bbox 3640 2084 3696 2134; x_wconf 90' lang='lat' dir='ltr'>et</span> 
     </span>
    </p>
   </div>
   <div class='ocr_carea' id='block_1_51' title="bbox 1998 2169 3408 2239">
    <p class='ocr_par' dir='ltr' id='par_1_51' title="bbox 1998 2169 3408 2239">
     <span class='ocr_line' id='line_1_51' title="bbox 1998 2169 3408 2239; baseline -0.003 -14"><span class='ocrx_word' id='word_1_366' title='bbox 1998 2171 2099 2225; x_wconf 91' lang='lat' dir='ltr'>Dei</span> <span class='ocrx_word' id='word_1_367' title='bbox 2129 2187 2142 2224; x_wconf 95' lang='lat'>:</span> <span class='ocrx_word' id='word_1_368' title='bbox 2176 2170 2285 2224; x_wconf 93' lang='lat' dir='ltr'>hoc</span> <span class='ocrx_word' id='word_1_369' title='bbox 2306 2169 2372 2223; x_wconf 92' lang='lat' dir='ltr'>ad</span> <span class='ocrx_word' id='word_1_370' title='bbox 2394 2169 2616 2239; x_wconf 89' lang='lat' dir='ltr'>justos;</span> <span class='ocrx_word' id='word_1_371' title='bbox 2645 2184 2737 2223; x_wconf 84' lang='lat' dir='ltr'>vos</span> <span class='ocrx_word' id='word_1_372' title='bbox 2766 2170 3088 2237; x_wconf 88' lang='lat' dir='ltr'>autem,hoc</span> <span class='ocrx_word' id='word_1_373' title='bbox 3115 2170 3182 2224; x_wconf 90' lang='lat' dir='ltr'>ad</span> <span class='ocrx_word' id='word_1_374' title='bbox 3211 2169 3408 2223; x_wconf 92' lang='lat' dir='ltr'>malos.</span> 
     </span>
    </p>
   </div>
   <div class='ocr_carea' id='block_1_52' title="bbox 2089 2257 3694 2329">
    <p class='ocr_par' dir='ltr' id='par_1_52' title="bbox 2089 2257 3694 2329">
     <span class='ocr_line' id='line_1_52' title="bbox 2089 2257 3694 2329; baseline -0.001 -16"><span class='ocrx_word' id='word_1_375' title='bbox 2089 2260 2260 2314; x_wconf 72' lang='lat' dir='ltr'>Vens.</span> <span class='ocrx_word' id='word_1_376' title='bbox 2309 2262 2363 2312; x_wconf 88' lang='lat'>&#39;7.</span> <span class='ocrx_word' id='word_1_377' title='bbox 2415 2287 2484 2297; x_wconf 94' lang='lat'>—</span> <span class='ocrx_word' id='word_1_378' title='bbox 2532 2258 2682 2313; x_wconf 87' lang='lat' dir='ltr'>Sicut</span> <span class='ocrx_word' id='word_1_379' title='bbox 2727 2259 2982 2312; x_wconf 86' lang='lat' dir='ltr'>homines.</span> <span class='ocrx_word' id='word_1_380' title='bbox 3028 2258 3216 2329; x_wconf 83' lang='lat' dir='ltr'>(AUG.)</span> <span class='ocrx_word' id='word_1_381' title='bbox 3272 2257 3444 2322; x_wconf 88' lang='lat' dir='ltr'>Quasi</span> <span class='ocrx_word' id='word_1_382' title='bbox 3490 2274 3501 2310; x_wconf 95' lang='lat'>:</span> <span class='ocrx_word' id='word_1_383' title='bbox 3554 2258 3694 2313; x_wconf 89' lang='lat' dir='ltr'>Cum</span> 
     </span>
    </p>
   </div>
   <div class='ocr_carea' id='block_1_53' title="bbox 1996 2345 3695 2415">
    <p class='ocr_par' dir='ltr' id='par_1_53' title="bbox 1996 2345 3695 2415">
     <span class='ocr_line' id='line_1_53' title="bbox 1996 2345 3695 2415; baseline -0.002 -13"><span class='ocrx_word' id='word_1_384' title='bbox 1996 2346 2130 2415; x_wconf 90' lang='lat' dir='ltr'>cito,</span> <span class='ocrx_word' id='word_1_385' title='bbox 2160 2346 2305 2401; x_wconf 89' lang='lat' dir='ltr'>sicut</span> <span class='ocrx_word' id='word_1_386' title='bbox 2328 2345 2612 2412; x_wconf 91' lang='lat' dir='ltr'>homines,</span> <span class='ocrx_word' id='word_1_387' title='bbox 2664 2345 2785 2401; x_wconf 89' lang='lat' dir='ltr'>sitis</span> <span class='ocrx_word' id='word_1_388' title='bbox 2841 2346 3128 2415; x_wconf 89' lang='lat' dir='ltr'>morituri,</span> <span class='ocrx_word' id='word_1_389' title='bbox 3180 2362 3294 2400; x_wconf 90' lang='lat' dir='ltr'>non</span> <span class='ocrx_word' id='word_1_390' title='bbox 3349 2345 3483 2401; x_wconf 90' lang='lat' dir='ltr'>inde</span> <span class='ocrx_word' id='word_1_391' title='bbox 3514 2345 3695 2399; x_wconf 92' lang='lat' dir='ltr'>corri-</span> 
     </span>
    </p>
   </div>
   <div class='ocr_carea' id='block_1_54' title="bbox 1996 2434 3693 2507">
    <p class='ocr_par' dir='ltr' id='par_1_54' title="bbox 1996 2434 3693 2507">
     <span class='ocr_line' id='line_1_54' title="bbox 1996 2434 3693 2507; baseline -0.003 -16"><span class='ocrx_word' id='word_1_392' title='bbox 1996 2436 2204 2507; x_wconf 88' lang='lat' dir='ltr'>gimini</span> <span class='ocrx_word' id='word_1_393' title='bbox 2232 2455 2246 2502; x_wconf 89' lang='lat'><strong>;</strong></span> <span class='ocrx_word' id='word_1_394' title='bbox 2279 2436 2375 2489; x_wconf 90' lang='lat' dir='ltr'>sed</span> <span class='ocrx_word' id='word_1_395' title='bbox 2398 2440 2464 2488; x_wconf 89' lang='lat' dir='ltr'>ut</span> <span class='ocrx_word' id='word_1_396' title='bbox 2494 2435 2776 2498; x_wconf 80' lang='lat' dir='ltr'>diabolus,</span> <span class='ocrx_word' id='word_1_397' title='bbox 2816 2435 2918 2505; x_wconf 90' lang='lat' dir='ltr'>qui</span> <span class='ocrx_word' id='word_1_398' title='bbox 2956 2451 3123 2489; x_wconf 84' lang='lat' dir='ltr'>carne</span> <span class='ocrx_word' id='word_1_399' title='bbox 3154 2451 3268 2489; x_wconf 91' lang='lat' dir='ltr'>non</span> <span class='ocrx_word' id='word_1_400' title='bbox 3304 2434 3566 2501; x_wconf 88' lang='lat' dir='ltr'>moritur,</span> <span class='ocrx_word' id='word_1_401' title='bbox 3599 2450 3693 2487; x_wconf 89' lang='lat' dir='ltr'>ex-</span> 
     </span>
    </p>
   </div>
   <div class='ocr_carea' id='block_1_55' title="bbox 1994 2522 3695 2595">
    <p class='ocr_par' dir='ltr' id='par_1_55' title="bbox 1994 2522 3695 2595">
     <span class='ocr_line' id='line_1_55' title="bbox 1994 2522 3695 2595; baseline -0.002 -16"><span class='ocrx_word' id='word_1_402' title='bbox 1994 2526 2283 2590; x_wconf 88' lang='lat' dir='ltr'>tollimini,</span> <span class='ocrx_word' id='word_1_403' title='bbox 2342 2529 2405 2579; x_wconf 91' lang='lat' dir='ltr'>ut</span> <span class='ocrx_word' id='word_1_404' title='bbox 2453 2524 2700 2578; x_wconf 78' lang='lat' dir='ltr'>cadetis:</span> <span class='ocrx_word' id='word_1_405' title='bbox 2751 2524 2888 2595; x_wconf 90' lang='lat' dir='ltr'>quia</span> <span class='ocrx_word' id='word_1_406' title='bbox 2934 2540 3036 2594; x_wconf 92' lang='lat' dir='ltr'>per</span> <span class='ocrx_word' id='word_1_407' title='bbox 3070 2523 3405 2593; x_wconf 84' lang='lat' dir='ltr'>superbiam</span> <span class='ocrx_word' id='word_1_408' title='bbox 3449 2522 3695 2575; x_wconf 88' lang='lat' dir='ltr'>diaboli-</span> 
     </span>
    </p>
   </div>
   <div class='ocr_carea' id='block_1_56' title="bbox 1994 2610 3695 2683">
    <p class='ocr_par' dir='ltr' id='par_1_56' title="bbox 1994 2610 3695 2683">
     <span class='ocr_line' id='line_1_56' title="bbox 1994 2610 3695 2683; baseline -0.004 -14"><span class='ocrx_word' id='word_1_409' title='bbox 1994 2630 2119 2669; x_wconf 90' lang='lat' dir='ltr'>cam</span> <span class='ocrx_word' id='word_1_410' title='bbox 2149 2614 2478 2669; x_wconf 90' lang='lat' dir='ltr'>inviderunt</span> <span class='ocrx_word' id='word_1_411' title='bbox 2502 2612 2697 2683; x_wconf 86' lang='lat' dir='ltr'>gloriae</span> <span class='ocrx_word' id='word_1_412' title='bbox 2725 2612 2952 2679; x_wconf 88' lang='lat' dir='ltr'>Christi,</span> <span class='ocrx_word' id='word_1_413' title='bbox 2987 2616 3042 2665; x_wconf 87' lang='lat' dir='ltr'>et</span> <span class='ocrx_word' id='word_1_414' title='bbox 3074 2612 3239 2666; x_wconf 89' lang='lat' dir='ltr'>viluit</span> <span class='ocrx_word' id='word_1_415' title='bbox 3286 2611 3367 2665; x_wconf 91' lang='lat' dir='ltr'>eis</span> <span class='ocrx_word' id='word_1_416' title='bbox 3399 2610 3695 2665; x_wconf 86' lang='lat' dir='ltr'>humilitas</span> 
     </span>
    </p>
   </div>
   <div class='ocr_carea' id='block_1_57' title="bbox 1993 2700 3696 2770">
    <p class='ocr_par' dir='ltr' id='par_1_57' title="bbox 1993 2700 3696 2770">
     <span class='ocr_line' id='line_1_57' title="bbox 1993 2700 3696 2770; baseline -0.004 -13"><span class='ocrx_word' id='word_1_417' title='bbox 1993 2702 2193 2757; x_wconf 89' lang='lat' dir='ltr'>crucis.</span> <span class='ocrx_word' id='word_1_418' title='bbox 2227 2702 2377 2768; x_wconf 82' lang='lat' dir='ltr'>Sed,</span> <span class='ocrx_word' id='word_1_419' title='bbox 2417 2706 2482 2754; x_wconf 91' lang='lat' dir='ltr'>ut</span> <span class='ocrx_word' id='word_1_420' title='bbox 2510 2700 2615 2753; x_wconf 90' lang='lat' dir='ltr'>hoc</span> <span class='ocrx_word' id='word_1_421' title='bbox 2660 2700 2860 2754; x_wconf 89' lang='lat' dir='ltr'>vitium</span> <span class='ocrx_word' id='word_1_422' title='bbox 2905 2704 3137 2754; x_wconf 88' lang='lat' dir='ltr'>sanetur</span> <span class='ocrx_word' id='word_1_423' title='bbox 3184 2716 3249 2754; x_wconf 90' lang='lat' dir='ltr'>ex</span> <span class='ocrx_word' id='word_1_424' title='bbox 3286 2715 3530 2770; x_wconf 90' lang='lat' dir='ltr'>persona</span> <span class='ocrx_word' id='word_1_425' title='bbox 3563 2700 3696 2752; x_wconf 86' lang='lat' dir='ltr'>Pro-</span> 
     </span>
    </p>
   </div>
   <div class='ocr_carea' id='block_1_58' title="bbox 1992 2788 3693 2861">
    <p class='ocr_par' dir='ltr' id='par_1_58' title="bbox 1992 2788 3693 2861">
     <span class='ocr_line' id='line_1_58' title="bbox 1992 2788 3693 2861; baseline -0.002 -16"><span class='ocrx_word' id='word_1_426' title='bbox 1992 2792 2204 2861; x_wconf 71' lang='lat' dir='ltr'>phetes,</span> <span class='ocrx_word' id='word_1_427' title='bbox 2227 2789 2533 2844; x_wconf 87' lang='lat' dir='ltr'>subditur:</span> <span class='ocrx_word' id='word_1_428' title='bbox 2568 2790 2740 2857; x_wconf 82' lang='lat' dir='ltr'>Surge</span> <span class='ocrx_word' id='word_1_429' title='bbox 2769 2792 2930 2855; x_wconf 91' lang='lat' dir='ltr'>Deus,</span> <span class='ocrx_word' id='word_1_430' title='bbox 2958 2792 3087 2855; x_wconf 91' lang='lat' dir='ltr'>etc.,</span> <span class='ocrx_word' id='word_1_431' title='bbox 3120 2792 3260 2843; x_wconf 86' lang='lat' dir='ltr'>sicut</span> <span class='ocrx_word' id='word_1_432' title='bbox 3304 2803 3465 2842; x_wconf 87' lang='lat' dir='ltr'>unus.</span> <span class='ocrx_word' id='word_1_433' title='bbox 3503 2788 3693 2841; x_wconf 89' lang='lat' dir='ltr'>Turba</span> 
     </span>
    </p>
   </div>
   <div class='ocr_carea' id='block_1_59' title="bbox 1992 2875 3688 2950">
    <p class='ocr_par' dir='ltr' id='par_1_59' title="bbox 1992 2875 3688 2950">
     <span class='ocr_line' id='line_1_59' title="bbox 1992 2875 3688 2950; baseline -0.002 -17"><span class='ocrx_word' id='word_1_434' title='bbox 1992 2896 2120 2950; x_wconf 75' lang='lat' dir='ltr'>quae</span> <span class='ocrx_word' id='word_1_435' title='bbox 2150 2878 2349 2932; x_wconf 90' lang='lat' dir='ltr'>cecidit</span> <span class='ocrx_word' id='word_1_436' title='bbox 2395 2876 2603 2931; x_wconf 91' lang='lat' dir='ltr'>dicitur</span> <span class='ocrx_word' id='word_1_437' title='bbox 2650 2893 2822 2944; x_wconf 88' lang='lat' dir='ltr'>unus,</span> <span class='ocrx_word' id='word_1_438' title='bbox 2872 2878 3007 2948; x_wconf 89' lang='lat' dir='ltr'>quia</span> <span class='ocrx_word' id='word_1_439' title='bbox 3036 2878 3096 2931; x_wconf 92' lang='lat' dir='ltr'>in</span> <span class='ocrx_word' id='word_1_440' title='bbox 3145 2876 3415 2948; x_wconf 89' lang='lat' dir='ltr'>superbia</span> <span class='ocrx_word' id='word_1_441' title='bbox 3444 2875 3688 2943; x_wconf 87' lang='lat' dir='ltr'>similis;</span> 
     </span>
    </p>
   </div>
   <div class='ocr_carea' id='block_1_60' title="bbox 180 2959 2534 3043">
    <p class='ocr_par' dir='ltr' id='par_1_60' title="bbox 180 2959 2534 3043">
     <span class='ocr_line' id='line_1_60' title="bbox 180 2959 2534 3043; baseline -0.003 -17"><span class='ocrx_word' id='word_1_442' title='bbox 180 2976 310 3043; x_wconf 89' lang='lat' dir='ltr'>post</span> <span class='ocrx_word' id='word_1_443' title='bbox 350 2973 507 3043; x_wconf 82' lang='lat' dir='ltr'>ﬁlios</span> <span class='ocrx_word' id='word_1_444' title='bbox 546 2972 761 3026; x_wconf 71' lang='lat' dir='ltr'>Emeelsi</span> <span class='ocrx_word' id='word_1_445' title='bbox 789 2970 949 3037; x_wconf 90' lang='lat' dir='ltr'>dicit,</span> <span class='ocrx_word' id='word_1_446' title='bbox 992 2970 1072 3025; x_wconf 89' lang='lat' dir='ltr'>ibi</span> <span class='ocrx_word' id='word_1_447' title='bbox 1105 2986 1118 3024; x_wconf 93' lang='lat'>:</span> <span class='ocrx_word' id='word_1_448' title='bbox 1152 2973 1264 3037; x_wconf 90' lang='lat' dir='ltr'>Ego</span> <span class='ocrx_word' id='word_1_449' title='bbox 1308 2970 1433 3024; x_wconf 70' lang='lat' dir='ltr'>dimi</span> <span class='ocrx_word' id='word_1_450' title='bbox 1464 2986 1477 3023; x_wconf 90' lang='lat'>:</span> <span class='ocrx_word' id='word_1_451' title='bbox 1519 2969 1602 3023; x_wconf 86' lang='lat' dir='ltr'>dii</span> <span class='ocrx_word' id='word_1_452' title='bbox 1650 2971 1800 3035; x_wconf 88' lang='lat' dir='ltr'>estis,</span> <span class='ocrx_word' id='word_1_453' title='bbox 1833 2974 1884 3024; x_wconf 89' lang='lat' dir='ltr'>et</span> <span class='ocrx_word' id='word_1_454' title='bbox 1916 2959 1958 3015; x_wconf 82' lang='lat' dir='ltr'>C</span> <span class='ocrx_word' id='word_1_455' title='bbox 2000 2969 2106 3023; x_wconf 91' lang='lat' dir='ltr'>Vos</span> <span class='ocrx_word' id='word_1_456' title='bbox 2133 2967 2366 3033; x_wconf 87' lang='lat' dir='ltr'>cadetis,</span> <span class='ocrx_word' id='word_1_457' title='bbox 2401 2966 2534 3021; x_wconf 92' lang='lat' dir='ltr'>sed:</span> 
     </span>
    </p>
   </div>
   <div class='ocr_carea' id='block_1_61' title="bbox 182 3058 1883 3131">
    <p class='ocr_par' dir='ltr' id='par_1_61' title="bbox 182 3058 1883 3131">
     <span class='ocr_line' id='line_1_61' title="bbox 182 3058 1883 3131; baseline -0.002 -15"><span class='ocrx_word' id='word_1_458' title='bbox 182 3063 315 3131; x_wconf 83' lang='lat' dir='ltr'>ﬁliis</span> <span class='ocrx_word' id='word_1_459' title='bbox 370 3062 589 3116; x_wconf 69' lang='lat' dir='ltr'>Excelsi</span> <span class='ocrx_word' id='word_1_460' title='bbox 637 3076 841 3118; x_wconf 90' lang='lat' dir='ltr'>omnes.</span> <span class='ocrx_word' id='word_1_461' title='bbox 889 3060 1046 3115; x_wconf 91' lang='lat' dir='ltr'>Unde</span> <span class='ocrx_word' id='word_1_462' title='bbox 1113 3060 1305 3127; x_wconf 89' lang='lat' dir='ltr'>etiam,</span> <span class='ocrx_word' id='word_1_463' title='bbox 1353 3058 1496 3126; x_wconf 86' lang='lat' dir='ltr'>ﬁlios</span> <span class='ocrx_word' id='word_1_464' title='bbox 1549 3060 1787 3112; x_wconf 85' lang='lat' dir='ltr'>enutrivi</span> <span class='ocrx_word' id='word_1_465' title='bbox 1832 3064 1883 3113; x_wconf 89' lang='lat' dir='ltr'>et</span> 
     </span>
    </p>
   </div>
   <div class='ocr_carea' id='block_1_62' title="bbox 182 3148 1881 3219">
    <p class='ocr_par' dir='ltr' id='par_1_62' title="bbox 182 3148 1881 3219">
     <span class='ocr_line' id='line_1_62' title="bbox 182 3148 1881 3219; baseline -0.001 -15"><span class='ocrx_word' id='word_1_466' title='bbox 182 3151 443 3216; x_wconf 67' lang='lat' dir='ltr'>exaltavi,</span> <span class='ocrx_word' id='word_1_467' title='bbox 476 3152 588 3219; x_wconf 86' lang='lat' dir='ltr'>ipsi</span> <span class='ocrx_word' id='word_1_468' title='bbox 616 3154 795 3204; x_wconf 86' lang='lat' dir='ltr'>autem</span> <span class='ocrx_word' id='word_1_469' title='bbox 826 3154 1143 3219; x_wconf 79' lang='lat' dir='ltr'>spreverunt</span> <span class='ocrx_word' id='word_1_470' title='bbox 1171 3165 1270 3203; x_wconf 90' lang='lat' dir='ltr'>me.</span> <span class='ocrx_word' id='word_1_471' title='bbox 1314 3148 1443 3203; x_wconf 87' lang='lat' dir='ltr'>Filii</span> <span class='ocrx_word' id='word_1_472' title='bbox 1466 3148 1734 3202; x_wconf 87' lang='lat' dir='ltr'>dicuntur</span> <span class='ocrx_word' id='word_1_473' title='bbox 1765 3164 1881 3202; x_wconf 91' lang='lat' dir='ltr'>non</span> 
     </span>
    </p>
   </div>
   <div class='ocr_carea' id='block_1_63' title="bbox 180 3237 1879 3309">
    <p class='ocr_par' dir='ltr' id='par_1_63' title="bbox 180 3237 1879 3309">
     <span class='ocr_line' id='line_1_63' title="bbox 180 3237 1879 3309; baseline 0.001 -18"><span class='ocrx_word' id='word_1_474' title='bbox 180 3239 370 3293; x_wconf 90' lang='lat' dir='ltr'>solum</span> <span class='ocrx_word' id='word_1_475' title='bbox 401 3237 585 3308; x_wconf 89' lang='lat' dir='ltr'>gratia</span> <span class='ocrx_word' id='word_1_476' title='bbox 615 3238 744 3292; x_wconf 89' lang='lat' dir='ltr'>novi</span> <span class='ocrx_word' id='word_1_477' title='bbox 773 3237 1122 3304; x_wconf 88' lang='lat' dir='ltr'>testamenti,</span> <span class='ocrx_word' id='word_1_478' title='bbox 1156 3238 1252 3292; x_wconf 87' lang='lat' dir='ltr'>sed</span> <span class='ocrx_word' id='word_1_479' title='bbox 1281 3238 1467 3309; x_wconf 90' lang='lat' dir='ltr'>gratia</span> <span class='ocrx_word' id='word_1_480' title='bbox 1492 3237 1717 3304; x_wconf 89' lang='lat' dir='ltr'>veteris,</span> <span class='ocrx_word' id='word_1_481' title='bbox 1750 3253 1879 3308; x_wconf 66' lang='lat' dir='ltr'>qua:</span> 
     </span>
    </p>
   </div>
   <div class='ocr_carea' id='block_1_64' title="bbox 182 3326 952 3397">
    <p class='ocr_par' dir='ltr' id='par_1_64' title="bbox 182 3326 952 3397">
     <span class='ocr_line' id='line_1_64' title="bbox 182 3326 952 3397; baseline -0.001 -16"><span class='ocrx_word' id='word_1_482' title='bbox 182 3343 281 3382; x_wconf 90' lang='lat' dir='ltr'>eos</span> <span class='ocrx_word' id='word_1_483' title='bbox 312 3326 383 3380; x_wconf 92' lang='lat' dir='ltr'>de</span> <span class='ocrx_word' id='word_1_484' title='bbox 404 3329 643 3397; x_wconf 68' lang='lat' dir='ltr'>Egypto</span> <span class='ocrx_word' id='word_1_485' title='bbox 675 3326 952 3381; x_wconf 88' lang='lat' dir='ltr'>liberavit.</span> 
     </span>
    </p>
   </div>
   <div class='ocr_carea' id='block_1_65' title="bbox 253 3413 1879 3486">
    <p class='ocr_par' dir='ltr' id='par_1_65' title="bbox 253 3413 1879 3486">
     <span class='ocr_line' id='line_1_65' title="bbox 253 3413 1879 3486; baseline 0 -18"><span class='ocrx_word' id='word_1_486' title='bbox 253 3417 411 3470; x_wconf 76' lang='lat' dir='ltr'>Vens.</span> <span class='ocrx_word' id='word_1_487' title='bbox 436 3417 489 3469; x_wconf 85' lang='lat'>2.</span> <span class='ocrx_word' id='word_1_488' title='bbox 528 3445 601 3455; x_wconf 89' lang='lat'><strong><em>—</em></strong></span> <span class='ocrx_word' id='word_1_489' title='bbox 632 3418 931 3485; x_wconf 89' lang='lat' dir='ltr'>Usquequo.</span> <span class='ocrx_word' id='word_1_490' title='bbox 974 3414 1160 3486; x_wconf 80' lang='lat' dir='ltr'>(AUG.)</span> <span class='ocrx_word' id='word_1_491' title='bbox 1224 3416 1353 3469; x_wconf 65' lang='lat' dir='ltr'>Haec</span> <span class='ocrx_word' id='word_1_492' title='bbox 1379 3418 1463 3468; x_wconf 90' lang='lat' dir='ltr'>est</span> <span class='ocrx_word' id='word_1_493' title='bbox 1510 3430 1619 3469; x_wconf 86' lang='lat' dir='ltr'>vox</span> <span class='ocrx_word' id='word_1_494' title='bbox 1662 3413 1879 3469; x_wconf 91' lang='lat' dir='ltr'>discer-</span> 
     </span>
    </p>
   </div>
   <div class='ocr_carea' id='block_1_66' title="bbox 178 3502 1878 3574">
    <p class='ocr_par' dir='ltr' id='par_1_66' title="bbox 178 3502 1878 3574">
     <span class='ocr_line' id='line_1_66' title="bbox 178 3502 1878 3574; baseline -0.001 -15"><span class='ocrx_word' id='word_1_495' title='bbox 178 3505 406 3559; x_wconf 90' lang='lat' dir='ltr'>nentis:</span> <span class='ocrx_word' id='word_1_496' title='bbox 445 3503 603 3558; x_wconf 87' lang='lat' dir='ltr'>misit</span> <span class='ocrx_word' id='word_1_497' title='bbox 641 3504 831 3574; x_wconf 90' lang='lat' dir='ltr'>legem</span> <span class='ocrx_word' id='word_1_498' title='bbox 872 3508 927 3557; x_wconf 93' lang='lat' dir='ltr'>et</span> <span class='ocrx_word' id='word_1_499' title='bbox 970 3504 1304 3573; x_wconf 88' lang='lat' dir='ltr'>Prophetas,</span> <span class='ocrx_word' id='word_1_500' title='bbox 1336 3507 1394 3557; x_wconf 91' lang='lat' dir='ltr'>et</span> <span class='ocrx_word' id='word_1_501' title='bbox 1440 3502 1750 3570; x_wconf 88' lang='lat' dir='ltr'>restitistis,</span> <span class='ocrx_word' id='word_1_502' title='bbox 1779 3504 1878 3559; x_wconf 92' lang='lat' dir='ltr'>sed</span> 
     </span>
    </p>
   </div>
   <div class='ocr_carea' id='block_1_67' title="bbox 181 3591 1875 3663">
    <p class='ocr_par' dir='ltr' id='par_1_67' title="bbox 181 3591 1875 3663">
     <span class='ocr_line' id='line_1_67' title="bbox 181 3591 1875 3663; baseline 0.001 -20"><span class='ocrx_word' id='word_1_503' title='bbox 181 3592 523 3661; x_wconf 89' lang='lat' dir='ltr'>quousque?</span> <span class='ocrx_word' id='word_1_504' title='bbox 557 3592 703 3645; x_wconf 85' lang='lat' dir='ltr'>Num</span> <span class='ocrx_word' id='word_1_505' title='bbox 734 3608 915 3663; x_wconf 90' lang='lat' dir='ltr'>usque</span> <span class='ocrx_word' id='word_1_506' title='bbox 947 3592 1019 3647; x_wconf 90' lang='lat' dir='ltr'>ad</span> <span class='ocrx_word' id='word_1_507' title='bbox 1047 3592 1357 3646; x_wconf 89' lang='lat' dir='ltr'>adventum</span> <span class='ocrx_word' id='word_1_508' title='bbox 1380 3591 1510 3645; x_wconf 92' lang='lat' dir='ltr'>misi</span> <span class='ocrx_word' id='word_1_509' title='bbox 1538 3592 1875 3662; x_wconf 90' lang='lat' dir='ltr'>Prophetas,</span> 
     </span>
    </p>
   </div>
   <div class='ocr_carea' id='block_1_68' title="bbox 180 3678 1873 3749">
    <p class='ocr_par' dir='ltr' id='par_1_68' title="bbox 180 3678 1873 3749">
     <span class='ocr_line' id='line_1_68' title="bbox 180 3678 1873 3749; baseline 0.001 -20"><span class='ocrx_word' id='word_1_510' title='bbox 180 3682 233 3730; x_wconf 88' lang='lat' dir='ltr'>et</span> <span class='ocrx_word' id='word_1_511' title='bbox 262 3678 487 3747; x_wconf 86' lang='lat' dir='ltr'>injuriis</span> <span class='ocrx_word' id='word_1_512' title='bbox 518 3679 802 3747; x_wconf 77' lang='lat' dir='ltr'>effecistis,</span> <span class='ocrx_word' id='word_1_513' title='bbox 836 3679 924 3733; x_wconf 91' lang='lat' dir='ltr'>vel</span> <span class='ocrx_word' id='word_1_514' title='bbox 972 3678 1353 3744; x_wconf 90' lang='lat' dir='ltr'>interfecistis,</span> <span class='ocrx_word' id='word_1_515' title='bbox 1398 3679 1487 3732; x_wconf 89' lang='lat' dir='ltr'>vel</span> <span class='ocrx_word' id='word_1_516' title='bbox 1516 3678 1625 3733; x_wconf 92' lang='lat' dir='ltr'>hoc</span> <span class='ocrx_word' id='word_1_517' title='bbox 1653 3679 1873 3749; x_wconf 90' lang='lat' dir='ltr'>agenti-</span> 
     </span>
    </p>
   </div>
   <div class='ocr_carea' id='block_1_69' title="bbox 173 3764 1878 3836">
    <p class='ocr_par' dir='ltr' id='par_1_69' title="bbox 173 3764 1878 3836">
     <span class='ocr_line' id='line_1_69' title="bbox 173 3764 1878 3836; baseline 0 -18"><span class='ocrx_word' id='word_1_518' title='bbox 173 3764 287 3819; x_wconf 88' lang='lat' dir='ltr'>bus</span> <span class='ocrx_word' id='word_1_519' title='bbox 309 3766 714 3822; x_wconf 85' lang='lat' dir='ltr'>consensistis?</span> <span class='ocrx_word' id='word_1_520' title='bbox 742 3766 849 3822; x_wconf 91' lang='lat' dir='ltr'>Sed</span> <span class='ocrx_word' id='word_1_521' title='bbox 879 3783 1010 3821; x_wconf 90' lang='lat' dir='ltr'>cum</span> <span class='ocrx_word' id='word_1_522' title='bbox 1058 3766 1182 3821; x_wconf 79' lang='lat' dir='ltr'>haec</span> <span class='ocrx_word' id='word_1_523' title='bbox 1238 3765 1540 3836; x_wconf 87' lang='lat' dir='ltr'>agentibus</span> <span class='ocrx_word' id='word_1_524' title='bbox 1586 3782 1691 3819; x_wconf 91' lang='lat' dir='ltr'>nec</span> <span class='ocrx_word' id='word_1_525' title='bbox 1721 3764 1878 3836; x_wconf 91' lang='lat' dir='ltr'>loqui</span> 
     </span>
    </p>
   </div>
   <div class='ocr_carea' id='block_1_70' title="bbox 175 3852 1873 3925">
    <p class='ocr_par' dir='ltr' id='par_1_70' title="bbox 175 3852 1873 3925">
     <span class='ocr_line' id='line_1_70' title="bbox 175 3852 1873 3925; baseline -0.002 -18"><span class='ocrx_word' id='word_1_526' title='bbox 175 3853 420 3924; x_wconf 85' lang='lat' dir='ltr'>dignum</span> <span class='ocrx_word' id='word_1_527' title='bbox 451 3855 545 3922; x_wconf 90' lang='lat' dir='ltr'>sit,</span> <span class='ocrx_word' id='word_1_528' title='bbox 580 3870 677 3907; x_wconf 89' lang='lat' dir='ltr'>vos</span> <span class='ocrx_word' id='word_1_529' title='bbox 715 3854 813 3925; x_wconf 91' lang='lat' dir='ltr'>qui</span> <span class='ocrx_word' id='word_1_530' title='bbox 844 3853 1124 3922; x_wconf 82' lang='lat' dir='ltr'>tacuistis,</span> <span class='ocrx_word' id='word_1_531' title='bbox 1152 3858 1208 3907; x_wconf 90' lang='lat' dir='ltr'>et</span> <span class='ocrx_word' id='word_1_532' title='bbox 1233 3852 1449 3907; x_wconf 90' lang='lat' dir='ltr'>imitari</span> <span class='ocrx_word' id='word_1_533' title='bbox 1475 3868 1571 3906; x_wconf 92' lang='lat' dir='ltr'>eos</span> <span class='ocrx_word' id='word_1_534' title='bbox 1595 3852 1873 3919; x_wconf 89' lang='lat' dir='ltr'>voluistis,</span> 
     </span>
    </p>
   </div>
   <div class='ocr_carea' id='block_1_71' title="bbox 176 3942 1879 4011">
    <p class='ocr_par' dir='ltr' id='par_1_71' title="bbox 176 3942 1879 4011">
     <span class='ocr_line' id='line_1_71' title="bbox 176 3942 1879 4011; baseline -0.002 -15"><span class='ocrx_word' id='word_1_535' title='bbox 176 3957 456 4011; x_wconf 88' lang='lat' dir='ltr'>usquequo</span> <span class='ocrx_word' id='word_1_536' title='bbox 505 3942 774 4010; x_wconf 86' lang='lat' dir='ltr'>judicatis</span> <span class='ocrx_word' id='word_1_537' title='bbox 828 3944 1179 4011; x_wconf 87' lang='lat' dir='ltr'>iniquitatem</span> <span class='ocrx_word' id='word_1_538' title='bbox 1208 3946 1258 3995; x_wconf 88' lang='lat' dir='ltr'>et</span> <span class='ocrx_word' id='word_1_539' title='bbox 1312 3943 1481 4009; x_wconf 84' lang='lat' dir='ltr'>facies</span> <span class='ocrx_word' id='word_1_540' title='bbox 1532 3945 1879 4009; x_wconf 81' lang='lat' dir='ltr'>peccatorum</span> 
     </span>
    </p>
   </div>
   <div class='ocr_carea' id='block_1_72' title="bbox 181 4027 1880 4098">
    <p class='ocr_par' dir='ltr' id='par_1_72' title="bbox 181 4027 1880 4098">
     <span class='ocr_line' id='line_1_72' title="bbox 181 4027 1880 4098; baseline -0.001 -15"><span class='ocrx_word' id='word_1_541' title='bbox 181 4032 398 4084; x_wconf 82' lang='lat' dir='ltr'>sumitis</span> <span class='ocrx_word' id='word_1_542' title='bbox 423 4031 452 4083; x_wconf 89' lang='lat'>?</span> <span class='ocrx_word' id='word_1_543' title='bbox 478 4030 625 4083; x_wconf 87' lang='lat' dir='ltr'>Num</span> <span class='ocrx_word' id='word_1_544' title='bbox 657 4034 712 4083; x_wconf 91' lang='lat' dir='ltr'>et</span> <span class='ocrx_word' id='word_1_545' title='bbox 741 4029 925 4084; x_wconf 65' lang='lat' dir='ltr'>haeres</span> <span class='ocrx_word' id='word_1_546' title='bbox 956 4028 1300 4084; x_wconf 86' lang='lat' dir='ltr'>occidendus</span> <span class='ocrx_word' id='word_1_547' title='bbox 1322 4033 1427 4097; x_wconf 86' lang='lat' dir='ltr'>est,</span> <span class='ocrx_word' id='word_1_548' title='bbox 1459 4028 1557 4098; x_wconf 91' lang='lat' dir='ltr'>qui</span> <span class='ocrx_word' id='word_1_549' title='bbox 1588 4043 1691 4097; x_wconf 92' lang='lat' dir='ltr'>pro</span> <span class='ocrx_word' id='word_1_550' title='bbox 1720 4027 1880 4081; x_wconf 91' lang='lat' dir='ltr'>vobis</span> 
     </span>
    </p>
   </div>
   <div class='ocr_carea' id='block_1_73' title="bbox 178 4115 1879 4189">
    <p class='ocr_par' dir='ltr' id='par_1_73' title="bbox 178 4115 1879 4189">
     <span class='ocr_line' id='line_1_73' title="bbox 178 4115 1879 4189; baseline 0 -21"><span class='ocrx_word' id='word_1_551' title='bbox 178 4116 360 4183; x_wconf 86' lang='lat' dir='ltr'>venit,</span> <span class='ocrx_word' id='word_1_552' title='bbox 390 4116 489 4188; x_wconf 90' lang='lat' dir='ltr'>qui</span> <span class='ocrx_word' id='word_1_553' title='bbox 532 4134 637 4188; x_wconf 91' lang='lat' dir='ltr'>pro</span> <span class='ocrx_word' id='word_1_554' title='bbox 698 4117 856 4171; x_wconf 88' lang='lat' dir='ltr'>vobis</span> <span class='ocrx_word' id='word_1_555' title='bbox 890 4118 1011 4171; x_wconf 91' lang='lat' dir='ltr'>sine</span> <span class='ocrx_word' id='word_1_556' title='bbox 1067 4122 1228 4189; x_wconf 90' lang='lat' dir='ltr'>patre</span> <span class='ocrx_word' id='word_1_557' title='bbox 1271 4132 1393 4170; x_wconf 90' lang='lat' dir='ltr'>esse</span> <span class='ocrx_word' id='word_1_558' title='bbox 1448 4115 1634 4170; x_wconf 90' lang='lat' dir='ltr'>voluit</span> <span class='ocrx_word' id='word_1_559' title='bbox 1679 4120 1743 4170; x_wconf 94' lang='lat' dir='ltr'>ut</span> <span class='ocrx_word' id='word_1_560' title='bbox 1772 4132 1879 4187; x_wconf 89' lang='lat' dir='ltr'>pu-</span> 
     </span>
    </p>
   </div>
   <div class='ocr_carea' id='block_1_74' title="bbox 177 4204 1880 4277">
    <p class='ocr_par' dir='ltr' id='par_1_74' title="bbox 177 4204 1880 4277">
     <span class='ocr_line' id='line_1_74' title="bbox 177 4204 1880 4277; baseline 0 -18"><span class='ocrx_word' id='word_1_561' title='bbox 177 4204 404 4276; x_wconf 88' lang='lat' dir='ltr'>pillus?</span> <span class='ocrx_word' id='word_1_562' title='bbox 435 4206 534 4277; x_wconf 92' lang='lat' dir='ltr'>qui</span> <span class='ocrx_word' id='word_1_563' title='bbox 558 4212 796 4277; x_wconf 91' lang='lat' dir='ltr'>propter</span> <span class='ocrx_word' id='word_1_564' title='bbox 814 4222 915 4260; x_wconf 89' lang='lat' dir='ltr'>vos</span> <span class='ocrx_word' id='word_1_565' title='bbox 944 4205 1181 4261; x_wconf 89' lang='lat' dir='ltr'>esurivit</span> <span class='ocrx_word' id='word_1_566' title='bbox 1209 4209 1265 4259; x_wconf 92' lang='lat' dir='ltr'>et</span> <span class='ocrx_word' id='word_1_567' title='bbox 1318 4204 1515 4271; x_wconf 90' lang='lat' dir='ltr'>sitivit,</span> <span class='ocrx_word' id='word_1_568' title='bbox 1575 4208 1637 4258; x_wconf 90' lang='lat' dir='ltr'>ut</span> <span class='ocrx_word' id='word_1_569' title='bbox 1666 4221 1880 4276; x_wconf 86' lang='lat' dir='ltr'>egenus</span> 
     </span>
    </p>
   </div>
   <div class='ocr_carea' id='block_1_75' title="bbox 180 4292 1808 4366">
    <p class='ocr_par' dir='ltr' id='par_1_75' title="bbox 180 4292 1808 4366">
     <span class='ocr_line' id='line_1_75' title="bbox 180 4292 1808 4366; baseline 0.001 -20"><span class='ocrx_word' id='word_1_570' title='bbox 180 4292 286 4364; x_wconf 92' lang='lat' dir='ltr'>qui</span> <span class='ocrx_word' id='word_1_571' title='bbox 318 4299 555 4365; x_wconf 91' lang='lat' dir='ltr'>propter</span> <span class='ocrx_word' id='word_1_572' title='bbox 582 4310 681 4347; x_wconf 91' lang='lat' dir='ltr'>vos</span> <span class='ocrx_word' id='word_1_573' title='bbox 705 4311 925 4366; x_wconf 90' lang='lat' dir='ltr'>pauper</span> <span class='ocrx_word' id='word_1_574' title='bbox 952 4295 1132 4349; x_wconf 90' lang='lat' dir='ltr'>factus</span> <span class='ocrx_word' id='word_1_575' title='bbox 1167 4300 1272 4359; x_wconf 87' lang='lat' dir='ltr'>est,</span> <span class='ocrx_word' id='word_1_576' title='bbox 1313 4310 1443 4348; x_wconf 90' lang='lat' dir='ltr'>cum</span> <span class='ocrx_word' id='word_1_577' title='bbox 1466 4298 1611 4348; x_wconf 88' lang='lat' dir='ltr'>esset</span> <span class='ocrx_word' id='word_1_578' title='bbox 1633 4293 1808 4348; x_wconf 86' lang='lat' dir='ltr'>dives.</span> 
     </span>
    </p>
   </div>
   <div class='ocr_carea' id='block_1_76' title="bbox 257 4383 1883 4454">
    <p class='ocr_par' dir='ltr' id='par_1_76' title="bbox 257 4383 1883 4454">
     <span class='ocr_line' id='line_1_76' title="bbox 257 4383 1883 4454; baseline 0 -18"><span class='ocrx_word' id='word_1_579' title='bbox 257 4383 426 4436; x_wconf 71' lang='lat' dir='ltr'>Vens.</span> <span class='ocrx_word' id='word_1_580' title='bbox 460 4386 510 4438; x_wconf 89' lang='lat'>3.</span> <span class='ocrx_word' id='word_1_581' title='bbox 542 4414 610 4422; x_wconf 93' lang='lat'><em>—</em></span> <span class='ocrx_word' id='word_1_582' title='bbox 639 4384 899 4439; x_wconf 86' lang='lat' dir='ltr'>Judicate</span> <span class='ocrx_word' id='word_1_583' title='bbox 928 4399 1088 4453; x_wconf 86' lang='lat' dir='ltr'>egeno</span> <span class='ocrx_word' id='word_1_584' title='bbox 1136 4388 1186 4438; x_wconf 86' lang='lat' dir='ltr'>et</span> <span class='ocrx_word' id='word_1_585' title='bbox 1219 4384 1454 4454; x_wconf 85' lang='lat' dir='ltr'>pupillo,</span> <span class='ocrx_word' id='word_1_586' title='bbox 1484 4398 1776 4451; x_wconf 86' lang='lat' dir='ltr'>pauperem</span> <span class='ocrx_word' id='word_1_587' title='bbox 1832 4386 1883 4436; x_wconf 89' lang='lat' dir='ltr'>et</span> 
     </span>
    </p>
   </div>
   <div class='ocr_carea' id='block_1_77' title="bbox 178 4470 1883 4543">
    <p class='ocr_par' dir='ltr' id='par_1_77' title="bbox 178 4470 1883 4543">
     <span class='ocr_line' id='line_1_77' title="bbox 178 4470 1883 4543; baseline -0.001 -18"><span class='ocrx_word' id='word_1_588' title='bbox 178 4472 443 4526; x_wconf 77' lang='lat' dir='ltr'>humilem</span> <span class='ocrx_word' id='word_1_589' title='bbox 457 4472 776 4540; x_wconf 71' lang='lat' dir='ltr'>Justi/icate.</span> <span class='ocrx_word' id='word_1_590' title='bbox 815 4472 1007 4542; x_wconf 65' lang='lat' dir='ltr'>(Cass)</span> <span class='ocrx_word' id='word_1_591' title='bbox 1067 4471 1412 4543; x_wconf 91' lang='lat' dir='ltr'>Diapsalma,</span> <span class='ocrx_word' id='word_1_592' title='bbox 1445 4476 1641 4525; x_wconf 89' lang='lat' dir='ltr'>monet</span> <span class='ocrx_word' id='word_1_593' title='bbox 1668 4470 1883 4525; x_wconf 86' lang='lat' dir='ltr'>intelli-</span> 
     </span>
    </p>
   </div>
   <div class='ocr_carea' id='block_1_78' title="bbox 174 4559 1883 4632">
    <p class='ocr_par' dir='ltr' id='par_1_78' title="bbox 174 4559 1883 4632">
     <span class='ocr_line' id='line_1_78' title="bbox 174 4559 1883 4632; baseline 0 -19"><span class='ocrx_word' id='word_1_594' title='bbox 174 4564 342 4631; x_wconf 86' lang='lat' dir='ltr'>geret</span> <span class='ocrx_word' id='word_1_595' title='bbox 371 4559 658 4615; x_wconf 88' lang='lat' dir='ltr'>Christum</span> <span class='ocrx_word' id='word_1_596' title='bbox 713 4576 833 4615; x_wconf 91' lang='lat' dir='ltr'>esse</span> <span class='ocrx_word' id='word_1_597' title='bbox 892 4562 1094 4627; x_wconf 88' lang='lat' dir='ltr'>Deum,</span> <span class='ocrx_word' id='word_1_598' title='bbox 1146 4565 1202 4616; x_wconf 90' lang='lat' dir='ltr'>et</span> <span class='ocrx_word' id='word_1_599' title='bbox 1258 4560 1304 4614; x_wconf 91' lang='lat' dir='ltr'>si</span> <span class='ocrx_word' id='word_1_600' title='bbox 1335 4576 1549 4632; x_wconf 87' lang='lat' dir='ltr'>egenus</span> <span class='ocrx_word' id='word_1_601' title='bbox 1577 4564 1632 4615; x_wconf 91' lang='lat' dir='ltr'>et</span> <span class='ocrx_word' id='word_1_602' title='bbox 1660 4575 1883 4630; x_wconf 91' lang='lat' dir='ltr'>pauper</span> 
     </span>
    </p>
   </div>
   <div class='ocr_carea' id='block_1_79' title="bbox 175 4647 1181 4719">
    <p class='ocr_par' dir='ltr' id='par_1_79' title="bbox 175 4647 1181 4719">
     <span class='ocr_line' id='line_1_79' title="bbox 175 4647 1181 4719; baseline -0.001 -16"><span class='ocrx_word' id='word_1_603' title='bbox 175 4647 311 4715; x_wconf 88' lang='lat' dir='ltr'>fuit,</span> <span class='ocrx_word' id='word_1_604' title='bbox 346 4648 500 4719; x_wconf 89' lang='lat' dir='ltr'>quod</span> <span class='ocrx_word' id='word_1_605' title='bbox 532 4664 625 4701; x_wconf 92' lang='lat' dir='ltr'>eos</span> <span class='ocrx_word' id='word_1_606' title='bbox 656 4664 771 4701; x_wconf 93' lang='lat' dir='ltr'>non</span> <span class='ocrx_word' id='word_1_607' title='bbox 800 4648 997 4703; x_wconf 89' lang='lat' dir='ltr'>fecisse</span> <span class='ocrx_word' id='word_1_608' title='bbox 1024 4649 1181 4709; x_wconf 85' lang='lat' dir='ltr'>dicit.</span> 
     </span>
    </p>
   </div>
   <div class='ocr_carea' id='block_1_80' title="bbox 254 4736 1885 4807">
    <p class='ocr_par' dir='ltr' id='par_1_80' title="bbox 254 4736 1885 4807">
     <span class='ocr_line' id='line_1_80' title="bbox 254 4736 1885 4807; baseline 0 -16"><span class='ocrx_word' id='word_1_609' title='bbox 254 4739 423 4791; x_wconf 70' lang='lat' dir='ltr'>Vens.</span> <span class='ocrx_word' id='word_1_610' title='bbox 457 4739 509 4791; x_wconf 78' lang='grc'>4,</span> <span class='ocrx_word' id='word_1_611' title='bbox 548 4766 608 4776; x_wconf 92' lang='grc'><strong><em>-</em></strong></span> <span class='ocrx_word' id='word_1_612' title='bbox 635 4740 849 4806; x_wconf 87' lang='lat' dir='ltr'>Eripite</span> <span class='ocrx_word' id='word_1_613' title='bbox 891 4753 1211 4807; x_wconf 85' lang='lat' dir='ltr'>pauperem,</span> <span class='ocrx_word' id='word_1_614' title='bbox 1255 4736 1436 4807; x_wconf 81' lang='lat' dir='ltr'>(Auo.)</span> <span class='ocrx_word' id='word_1_615' title='bbox 1468 4736 1746 4805; x_wconf 89' lang='lat' dir='ltr'>Ostendit,</span> <span class='ocrx_word' id='word_1_616' title='bbox 1780 4752 1885 4791; x_wconf 88' lang='lat' dir='ltr'>nec</span> 
     </span>
    </p>
   </div>
   <div class='ocr_carea' id='block_1_81' title="bbox 174 4824 1885 4896">
    <p class='ocr_par' dir='ltr' id='par_1_81' title="bbox 174 4824 1885 4896">
     <span class='ocr_line' id='line_1_81' title="bbox 174 4824 1885 4896; baseline -0.001 -17"><span class='ocrx_word' id='word_1_617' title='bbox 174 4825 314 4879; x_wconf 90' lang='lat' dir='ltr'>illos</span> <span class='ocrx_word' id='word_1_618' title='bbox 343 4825 629 4879; x_wconf 90' lang='lat' dir='ltr'>immunes</span> <span class='ocrx_word' id='word_1_619' title='bbox 651 4826 747 4895; x_wconf 92' lang='lat' dir='ltr'>qui</span> <span class='ocrx_word' id='word_1_620' title='bbox 776 4825 1165 4895; x_wconf 89' lang='lat' dir='ltr'>permiserunt</span> <span class='ocrx_word' id='word_1_621' title='bbox 1207 4824 1565 4896; x_wconf 91' lang='lat' dir='ltr'>principibus</span> <span class='ocrx_word' id='word_1_622' title='bbox 1595 4824 1885 4879; x_wconf 90' lang='lat' dir='ltr'>Christum</span> 
     </span>
    </p>
   </div>
   <div class='ocr_carea' id='block_1_82' title="bbox 176 4913 1887 4984">
    <p class='ocr_par' dir='ltr' id='par_1_82' title="bbox 176 4913 1887 4984">
     <span class='ocr_line' id='line_1_82' title="bbox 176 4913 1887 4984; baseline 0 -17"><span class='ocrx_word' id='word_1_623' title='bbox 176 4930 317 4968; x_wconf 87' lang='lat' dir='ltr'>cum</span> <span class='ocrx_word' id='word_1_624' title='bbox 346 4930 466 4984; x_wconf 72' lang='lat' dir='ltr'>prce</span> <span class='ocrx_word' id='word_1_625' title='bbox 499 4913 872 4967; x_wconf 89' lang='lat' dir='ltr'>multitudine</span> <span class='ocrx_word' id='word_1_626' title='bbox 919 4914 1282 4980; x_wconf 90' lang='lat' dir='ltr'>timerentur,</span> <span class='ocrx_word' id='word_1_627' title='bbox 1330 4918 1387 4968; x_wconf 89' lang='lat' dir='ltr'>et</span> <span class='ocrx_word' id='word_1_628' title='bbox 1420 4918 1655 4983; x_wconf 89' lang='lat' dir='ltr'>possent</span> <span class='ocrx_word' id='word_1_629' title='bbox 1695 4914 1824 4967; x_wconf 92' lang='lat' dir='ltr'>illos</span> <span class='ocrx_word' id='word_1_630' title='bbox 1856 4930 1887 4967; x_wconf 86' lang='lat' dir='ltr'>a</span> 
     </span>
    </p>
   </div>
   <div class='ocr_carea' id='block_1_83' title="bbox 175 5001 1887 5074">
    <p class='ocr_par' dir='ltr' id='par_1_83' title="bbox 175 5001 1887 5074">
     <span class='ocr_line' id='line_1_83' title="bbox 175 5001 1887 5074; baseline 0.001 -20"><span class='ocrx_word' id='word_1_631' title='bbox 175 5001 353 5070; x_wconf 88' lang='lat' dir='ltr'>facto,</span> <span class='ocrx_word' id='word_1_632' title='bbox 390 5005 447 5054; x_wconf 93' lang='lat' dir='ltr'>et</span> <span class='ocrx_word' id='word_1_633' title='bbox 473 5018 531 5055; x_wconf 91' lang='lat' dir='ltr'>se</span> <span class='ocrx_word' id='word_1_634' title='bbox 563 5017 597 5055; x_wconf 86' lang='lat' dir='ltr'>a</span> <span class='ocrx_word' id='word_1_635' title='bbox 625 5017 909 5058; x_wconf 90' lang='lat' dir='ltr'>consensu</span> <span class='ocrx_word' id='word_1_636' title='bbox 938 5003 1202 5058; x_wconf 90' lang='lat' dir='ltr'>liberare.</span> <span class='ocrx_word' id='word_1_637' title='bbox 1238 5001 1436 5074; x_wconf 66' lang='lat' dir='ltr'>(Cass)</span> <span class='ocrx_word' id='word_1_638' title='bbox 1464 5002 1573 5067; x_wconf 86' lang='lat' dir='ltr'>Qui</span> <span class='ocrx_word' id='word_1_639' title='bbox 1610 5002 1763 5057; x_wconf 90' lang='lat' dir='ltr'>enim</span> <span class='ocrx_word' id='word_1_640' title='bbox 1789 5002 1887 5056; x_wconf 85' lang='lat' dir='ltr'>de-</span> 
     </span>
    </p>
   </div>
   <div class='ocr_carea' id='block_1_84' title="bbox 173 5089 1310 5163">
    <p class='ocr_par' dir='ltr' id='par_1_84' title="bbox 173 5089 1310 5163">
     <span class='ocr_line' id='line_1_84' title="bbox 173 5089 1310 5163; baseline 0.001 -19"><span class='ocrx_word' id='word_1_641' title='bbox 173 5089 320 5144; x_wconf 88' lang='lat' dir='ltr'>sinit</span> <span class='ocrx_word' id='word_1_642' title='bbox 349 5090 576 5145; x_wconf 88' lang='lat' dir='ltr'>obviare</span> <span class='ocrx_word' id='word_1_643' title='bbox 604 5107 736 5146; x_wconf 92' lang='lat' dir='ltr'>cum</span> <span class='ocrx_word' id='word_1_644' title='bbox 764 5096 977 5163; x_wconf 89' lang='lat' dir='ltr'>potest,</span> <span class='ocrx_word' id='word_1_645' title='bbox 1008 5091 1310 5147; x_wconf 91' lang='lat' dir='ltr'>consentit.</span> 
     </span>
    </p>
   </div>
   <div class='ocr_carea' id='block_1_85' title="bbox 258 5178 1888 5251">
    <p class='ocr_par' dir='ltr' id='par_1_85' title="bbox 258 5178 1888 5251">
     <span class='ocr_line' id='line_1_85' title="bbox 258 5178 1888 5251; baseline 0 -18"><span class='ocrx_word' id='word_1_646' title='bbox 258 5178 420 5233; x_wconf 72' lang='lat' dir='ltr'>Vens.</span> <span class='ocrx_word' id='word_1_647' title='bbox 456 5183 506 5234; x_wconf 87' lang='lat'>5.</span> <span class='ocrx_word' id='word_1_648' title='bbox 540 5209 611 5219; x_wconf 89' lang='lat'>—</span> <span class='ocrx_word' id='word_1_649' title='bbox 652 5180 1027 5235; x_wconf 84' lang='lat' dir='ltr'>Movebuntur.</span> <span class='ocrx_word' id='word_1_650' title='bbox 1059 5179 1260 5251; x_wconf 70' lang='lat' dir='ltr'>(Cass)</span> <span class='ocrx_word' id='word_1_651' title='bbox 1298 5178 1438 5234; x_wconf 85' lang='lat' dir='ltr'>Hinc</span> <span class='ocrx_word' id='word_1_652' title='bbox 1466 5182 1622 5250; x_wconf 89' lang='lat' dir='ltr'>patet</span> <span class='ocrx_word' id='word_1_653' title='bbox 1649 5179 1718 5234; x_wconf 90' lang='lat' dir='ltr'>de</span> <span class='ocrx_word' id='word_1_654' title='bbox 1773 5194 1888 5249; x_wconf 90' lang='lat' dir='ltr'>quo</span> 
     </span>
    </p>
   </div>
   <div class='ocr_carea' id='block_1_86' title="bbox 178 5267 1890 5339">
    <p class='ocr_par' dir='ltr' id='par_1_86' title="bbox 178 5267 1890 5339">
     <span class='ocr_line' id='line_1_86' title="bbox 178 5267 1890 5339; baseline -0.001 -16"><span class='ocrx_word' id='word_1_655' title='bbox 178 5267 460 5323; x_wconf 89' lang='lat' dir='ltr'>dixerat:</span> <span class='ocrx_word' id='word_1_656' title='bbox 512 5268 622 5323; x_wconf 93' lang='lat' dir='ltr'>hoc</span> <span class='ocrx_word' id='word_1_657' title='bbox 665 5269 896 5339; x_wconf 91' lang='lat' dir='ltr'>signum</span> <span class='ocrx_word' id='word_1_658' title='bbox 936 5269 999 5322; x_wconf 92' lang='lat' dir='ltr'>in</span> <span class='ocrx_word' id='word_1_659' title='bbox 1044 5268 1411 5323; x_wconf 85' lang='lat' dir='ltr'>cruciﬁxione</span> <span class='ocrx_word' id='word_1_660' title='bbox 1460 5267 1727 5338; x_wconf 90' lang='lat' dir='ltr'>contigit.</span> <span class='ocrx_word' id='word_1_661' title='bbox 1792 5268 1890 5322; x_wconf 91' lang='lat' dir='ltr'>Vel</span> 
     </span>
    </p>
   </div>
   <div class='ocr_carea' id='block_1_87' title="bbox 176 5356 1890 5427">
    <p class='ocr_par' dir='ltr' id='par_1_87' title="bbox 176 5356 1890 5427">
     <span class='ocr_line' id='line_1_87' title="bbox 176 5356 1890 5427; baseline -0.001 -15"><span class='ocrx_word' id='word_1_662' title='bbox 176 5356 588 5427; x_wconf 85' lang='lat' dir='ltr'>spiritualiter,</span> <span class='ocrx_word' id='word_1_663' title='bbox 645 5357 858 5412; x_wconf 91' lang='lat' dir='ltr'>terreni</span> <span class='ocrx_word' id='word_1_664' title='bbox 908 5359 1051 5413; x_wconf 87' lang='lat' dir='ltr'>moti</span> <span class='ocrx_word' id='word_1_665' title='bbox 1097 5363 1233 5413; x_wconf 89' lang='lat' dir='ltr'>sunt</span> <span class='ocrx_word' id='word_1_666' title='bbox 1297 5357 1397 5411; x_wconf 93' lang='lat' dir='ltr'>illo</span> <span class='ocrx_word' id='word_1_667' title='bbox 1439 5361 1721 5427; x_wconf 90' lang='lat' dir='ltr'>tempore,</span> <span class='ocrx_word' id='word_1_668' title='bbox 1770 5356 1890 5411; x_wconf 93' lang='lat' dir='ltr'>viso</span> 
     </span>
    </p>
   </div>
   <div class='ocr_carea' id='block_1_88' title="bbox 2084 3054 3689 3125">
    <p class='ocr_par' dir='ltr' id='par_1_88' title="bbox 2084 3054 3689 3125">
     <span class='ocr_line' id='line_1_88' title="bbox 2084 3054 3689 3125; baseline -0.001 -17"><span class='ocrx_word' id='word_1_669' title='bbox 2084 3056 2245 3110; x_wconf 70' lang='lat' dir='ltr'>Vens.</span> <span class='ocrx_word' id='word_1_670' title='bbox 2318 3057 2369 3109; x_wconf 91' lang='lat'>8.</span> <span class='ocrx_word' id='word_1_671' title='bbox 2422 3086 2491 3094; x_wconf 93' lang='lat'>—</span> <span class='ocrx_word' id='word_1_672' title='bbox 2555 3055 2727 3121; x_wconf 87' lang='lat' dir='ltr'>Surge</span> <span class='ocrx_word' id='word_1_673' title='bbox 2773 3055 2939 3109; x_wconf 89' lang='lat' dir='ltr'>Deus.</span> <span class='ocrx_word' id='word_1_674' title='bbox 3000 3054 3182 3125; x_wconf 83' lang='lat' dir='ltr'>(AUG.)</span> <span class='ocrx_word' id='word_1_675' title='bbox 3238 3054 3299 3109; x_wconf 91' lang='lat' dir='ltr'>Id</span> <span class='ocrx_word' id='word_1_676' title='bbox 3347 3057 3453 3120; x_wconf 90' lang='lat' dir='ltr'>est,</span> <span class='ocrx_word' id='word_1_677' title='bbox 3480 3054 3689 3108; x_wconf 89' lang='lat' dir='ltr'>damna</span> 
     </span>
    </p>
   </div>
   <div class='ocr_carea' id='block_1_89' title="bbox 1990 3141 3691 3214">
    <p class='ocr_par' dir='ltr' id='par_1_89' title="bbox 1990 3141 3691 3214">
     <span class='ocr_line' id='line_1_89' title="bbox 1990 3141 3691 3214; baseline -0.001 -17"><span class='ocrx_word' id='word_1_678' title='bbox 1990 3143 2145 3209; x_wconf 90' lang='lat' dir='ltr'>istos,</span> <span class='ocrx_word' id='word_1_679' title='bbox 2180 3143 2316 3214; x_wconf 87' lang='lat' dir='ltr'>quia</span> <span class='ocrx_word' id='word_1_680' title='bbox 2366 3142 2454 3197; x_wconf 93' lang='lat' dir='ltr'>his</span> <span class='ocrx_word' id='word_1_681' title='bbox 2507 3142 2772 3213; x_wconf 87' lang='lat' dir='ltr'>repulsis,</span> <span class='ocrx_word' id='word_1_682' title='bbox 2830 3146 2892 3195; x_wconf 89' lang='lat' dir='ltr'>tu</span> <span class='ocrx_word' id='word_1_683' title='bbox 2942 3141 3323 3196; x_wconf 68' lang='lat' dir='ltr'>hmreditabis.</span> <span class='ocrx_word' id='word_1_684' title='bbox 3374 3142 3469 3196; x_wconf 91' lang='lat' dir='ltr'>Vel</span> <span class='ocrx_word' id='word_1_685' title='bbox 3497 3142 3691 3212; x_wconf 81' lang='lat' dir='ltr'>judice.</span> 
     </span>
    </p>
   </div>
   <div class='ocr_carea' id='block_1_90' title="bbox 1992 3229 3684 3302">
    <p class='ocr_par' dir='ltr' id='par_1_90' title="bbox 1992 3229 3684 3302">
     <span class='ocr_line' id='line_1_90' title="bbox 1992 3229 3684 3302; baseline -0.001 -16"><span class='ocrx_word' id='word_1_686' title='bbox 1992 3232 2293 3298; x_wconf 84' lang='lat' dir='ltr'>mundum,</span> <span class='ocrx_word' id='word_1_687' title='bbox 2346 3230 2482 3302; x_wconf 88' lang='lat' dir='ltr'>quia</span> <span class='ocrx_word' id='word_1_688' title='bbox 2510 3234 2643 3284; x_wconf 88' lang='lat' dir='ltr'>tuus</span> <span class='ocrx_word' id='word_1_689' title='bbox 2679 3234 2782 3296; x_wconf 89' lang='lat' dir='ltr'>est,</span> <span class='ocrx_word' id='word_1_690' title='bbox 2816 3235 2873 3284; x_wconf 90' lang='lat' dir='ltr'>et</span> <span class='ocrx_word' id='word_1_691' title='bbox 2902 3231 3011 3284; x_wconf 92' lang='lat' dir='ltr'>hoc</span> <span class='ocrx_word' id='word_1_692' title='bbox 3040 3235 3144 3297; x_wconf 87' lang='lat' dir='ltr'>est,</span> <span class='ocrx_word' id='word_1_693' title='bbox 3204 3235 3267 3284; x_wconf 91' lang='lat' dir='ltr'>tu</span> <span class='ocrx_word' id='word_1_694' title='bbox 3296 3229 3684 3286; x_wconf 71' lang='lat' dir='ltr'>haereditabis.</span> 
     </span>
    </p>
   </div>
   <div class='ocr_carea' id='block_1_91' title="bbox 2595 3372 3179 3427">
    <p class='ocr_par' dir='ltr' id='par_1_91' title="bbox 2595 3372 3179 3427">
     <span class='ocr_line' id='line_1_91' title="bbox 2595 3372 3179 3427; baseline -0.003 0"><span class='ocrx_word' id='word_1_695' title='bbox 2595 3372 2723 3427; x_wconf 84' lang='lat' dir='ltr'>PSA</span> <span class='ocrx_word' id='word_1_696' title='bbox 2732 3373 2907 3427; x_wconf 86' lang='lat' dir='ltr'>LMUS</span> <span class='ocrx_word' id='word_1_697' title='bbox 2937 3372 3179 3427; x_wconf 88' lang='lat' dir='ltr'><strong>LXXXII.</strong></span> 
     </span>
    </p>
   </div>
   <div class='ocr_carea' id='block_1_92' title="bbox 2058 3494 3688 3566">
    <p class='ocr_par' dir='ltr' id='par_1_92' title="bbox 2058 3494 3688 3566">
     <span class='ocr_line' id='line_1_92' title="bbox 2058 3494 3688 3566; baseline 0.002 -16"><span class='ocrx_word' id='word_1_698' title='bbox 2058 3498 2222 3552; x_wconf 72' lang='lat' dir='ltr'>Vens.</span> <span class='ocrx_word' id='word_1_699' title='bbox 2286 3499 2335 3550; x_wconf 87' lang='grc'>1.</span> <span class='ocrx_word' id='word_1_700' title='bbox 2398 3526 2466 3536; x_wconf 90' lang='lat'><strong>—</strong></span> <span class='ocrx_word' id='word_1_701' title='bbox 2517 3496 2795 3553; x_wconf 86' lang='lat' dir='ltr'>Canticum</span> <span class='ocrx_word' id='word_1_702' title='bbox 2848 3496 3072 3563; x_wconf 84' lang='lat' dir='ltr'>psalmi.</span> <span class='ocrx_word' id='word_1_703' title='bbox 3144 3494 3353 3566; x_wconf 62' lang='lat' dir='ltr'>(Cass)</span> <span class='ocrx_word' id='word_1_704' title='bbox 3428 3496 3575 3561; x_wconf 88' lang='lat' dir='ltr'>Quia</span> <span class='ocrx_word' id='word_1_705' title='bbox 3627 3498 3688 3553; x_wconf 91' lang='lat' dir='ltr'>in</span> 
     </span>
    </p>
   </div>
   <div class='ocr_carea' id='block_1_93' title="bbox 1986 3582 3684 3655">
    <p class='ocr_par' dir='ltr' id='par_1_93' title="bbox 1986 3582 3684 3655">
     <span class='ocr_line' id='line_1_93' title="bbox 1986 3582 3684 3655; baseline 0.001 -15"><span class='ocrx_word' id='word_1_706' title='bbox 1986 3586 2158 3640; x_wconf 90' lang='lat' dir='ltr'>rebus</span> <span class='ocrx_word' id='word_1_707' title='bbox 2185 3583 2520 3649; x_wconf 89' lang='lat' dir='ltr'>actualibus,</span> <span class='ocrx_word' id='word_1_708' title='bbox 2578 3583 2840 3637; x_wconf 89' lang='lat' dir='ltr'>habenda</span> <span class='ocrx_word' id='word_1_709' title='bbox 2885 3588 2968 3636; x_wconf 90' lang='lat' dir='ltr'>est</span> <span class='ocrx_word' id='word_1_710' title='bbox 3015 3582 3210 3637; x_wconf 90' lang='lat' dir='ltr'>divina</span> <span class='ocrx_word' id='word_1_711' title='bbox 3255 3586 3684 3655; x_wconf 90' lang='lat' dir='ltr'>contemplatio.</span> 
     </span>
    </p>
   </div>
   <div class='ocr_carea' id='block_1_94' title="bbox 1988 3672 3678 3743">
    <p class='ocr_par' dir='ltr' id='par_1_94' title="bbox 1988 3672 3678 3743">
     <span class='ocr_line' id='line_1_94' title="bbox 1988 3672 3678 3743; baseline 0 -15"><span class='ocrx_word' id='word_1_712' title='bbox 1988 3676 2245 3729; x_wconf 89' lang='lat' dir='ltr'>Deterret</span> <span class='ocrx_word' id='word_1_713' title='bbox 2275 3677 2465 3727; x_wconf 91' lang='lat' dir='ltr'>autem</span> <span class='ocrx_word' id='word_1_714' title='bbox 2514 3672 2743 3742; x_wconf 90' lang='lat' dir='ltr'>iniquos</span> <span class='ocrx_word' id='word_1_715' title='bbox 2772 3687 2804 3725; x_wconf 91' lang='lat' dir='ltr'>a</span> <span class='ocrx_word' id='word_1_716' title='bbox 2857 3673 3253 3742; x_wconf 89' lang='lat' dir='ltr'>persecutione</span> <span class='ocrx_word' id='word_1_717' title='bbox 3292 3674 3495 3743; x_wconf 92' lang='lat' dir='ltr'>populi</span> <span class='ocrx_word' id='word_1_718' title='bbox 3550 3674 3678 3729; x_wconf 92' lang='lat' dir='ltr'>Dei:</span> 
     </span>
    </p>
   </div>
   <div class='ocr_carea' id='block_1_95' title="bbox 1986 3760 3680 3829">
    <p class='ocr_par' dir='ltr' id='par_1_95' title="bbox 1986 3760 3680 3829">
     <span class='ocr_line' id='line_1_95' title="bbox 1986 3760 3680 3829; baseline -0.001 -12"><span class='ocrx_word' id='word_1_719' title='bbox 1986 3762 2164 3817; x_wconf 89' lang='lat' dir='ltr'>bonos</span> <span class='ocrx_word' id='word_1_720' title='bbox 2216 3777 2349 3814; x_wconf 90' lang='lat' dir='ltr'>vero</span> <span class='ocrx_word' id='word_1_721' title='bbox 2372 3765 2567 3814; x_wconf 91' lang='lat' dir='ltr'>monet</span> <span class='ocrx_word' id='word_1_722' title='bbox 2625 3760 2695 3813; x_wconf 89' lang='lat' dir='ltr'>ad</span> <span class='ocrx_word' id='word_1_723' title='bbox 2754 3760 3116 3829; x_wconf 87' lang='lat' dir='ltr'>patientiam.</span> <span class='ocrx_word' id='word_1_724' title='bbox 3184 3762 3440 3815; x_wconf 90' lang='lat' dir='ltr'>Psalmus</span> <span class='ocrx_word' id='word_1_725' title='bbox 3469 3762 3538 3816; x_wconf 94' lang='lat' dir='ltr'>de</span> <span class='ocrx_word' id='word_1_726' title='bbox 3577 3762 3680 3816; x_wconf 88' lang='lat' dir='ltr'>ad-</span> 
     </span>
    </p>
   </div>
   <div class='ocr_carea' id='block_1_96' title="bbox 1986 3847 3686 3920">
    <p class='ocr_par' dir='ltr' id='par_1_96' title="bbox 1986 3847 3686 3920">
     <span class='ocr_line' id='line_1_96' title="bbox 1986 3847 3686 3920; baseline 0 -17"><span class='ocrx_word' id='word_1_727' title='bbox 1986 3856 2160 3905; x_wconf 91' lang='lat' dir='ltr'>ventu</span> <span class='ocrx_word' id='word_1_728' title='bbox 2186 3849 2396 3905; x_wconf 90' lang='lat' dir='ltr'>Christi</span> <span class='ocrx_word' id='word_1_729' title='bbox 2426 3849 2494 3902; x_wconf 93' lang='lat' dir='ltr'>ad</span> <span class='ocrx_word' id='word_1_730' title='bbox 2531 3847 2836 3917; x_wconf 91' lang='lat' dir='ltr'>judicium,</span> <span class='ocrx_word' id='word_1_731' title='bbox 2878 3848 2977 3902; x_wconf 90' lang='lat' dir='ltr'>ubi</span> <span class='ocrx_word' id='word_1_732' title='bbox 3021 3848 3177 3913; x_wconf 91' lang='lat' dir='ltr'>boni,</span> <span class='ocrx_word' id='word_1_733' title='bbox 3213 3849 3309 3919; x_wconf 88' lang='lat' dir='ltr'>qui</span> <span class='ocrx_word' id='word_1_734' title='bbox 3342 3850 3433 3903; x_wconf 92' lang='lat' dir='ltr'>hic</span> <span class='ocrx_word' id='word_1_735' title='bbox 3458 3850 3686 3920; x_wconf 86' lang='lat' dir='ltr'>patiun-</span> 
     </span>
    </p>
   </div>
   <div class='ocr_carea' id='block_1_97' title="bbox 1987 3936 3679 4007">
    <p class='ocr_par' dir='ltr' id='par_1_97' title="bbox 1987 3936 3679 4007">
     <span class='ocr_line' id='line_1_97' title="bbox 1987 3936 3679 4007; baseline 0 -15"><span class='ocrx_word' id='word_1_736' title='bbox 1987 3942 2102 4005; x_wconf 88' lang='lat' dir='ltr'>tur,</span> <span class='ocrx_word' id='word_1_737' title='bbox 2134 3936 2578 4002; x_wconf 88' lang='lat' dir='ltr'>coronabuntur,</span> <span class='ocrx_word' id='word_1_738' title='bbox 2616 3952 2629 3990; x_wconf 95' lang='lat'>:</span> <span class='ocrx_word' id='word_1_739' title='bbox 2655 3936 2961 4002; x_wconf 90' lang='lat' dir='ltr'>malivero,</span> <span class='ocrx_word' id='word_1_740' title='bbox 2993 3936 3205 4007; x_wconf 86' lang='lat' dir='ltr'>quieos</span> <span class='ocrx_word' id='word_1_741' title='bbox 3236 3942 3679 4007; x_wconf 90' lang='lat' dir='ltr'>persequuntur.</span> 
     </span>
    </p>
   </div>
   <div class='ocr_carea' id='block_1_98' title="bbox 1989 4027 2431 4098">
    <p class='ocr_par' dir='ltr' id='par_1_98' title="bbox 1989 4027 2431 4098">
     <span class='ocr_line' id='line_1_98' title="bbox 1989 4027 2431 4098; baseline -0.007 -17"><span class='ocrx_word' id='word_1_742' title='bbox 1989 4027 2431 4098; x_wconf 89' lang='lat' dir='ltr'>torquebuntur.</span> 
     </span>
    </p>
   </div>
   <div class='ocr_carea' id='block_1_99' title="bbox 2061 4112 3685 4185">
    <p class='ocr_par' dir='ltr' id='par_1_99' title="bbox 2061 4112 3685 4185">
     <span class='ocr_line' id='line_1_99' title="bbox 2061 4112 3685 4185; baseline -0.001 -17"><span class='ocrx_word' id='word_1_743' title='bbox 2061 4117 2220 4170; x_wconf 71' lang='lat' dir='ltr'>Vens.</span> <span class='ocrx_word' id='word_1_744' title='bbox 2260 4119 2312 4169; x_wconf 82' lang='lat'>2.</span> <span class='ocrx_word' id='word_1_745' title='bbox 2346 4143 2414 4155; x_wconf 95' lang='lat'><strong><em>—</em></strong></span> <span class='ocrx_word' id='word_1_746' title='bbox 2471 4116 2613 4169; x_wconf 80' lang='lat' dir='ltr'>Deus</span> <span class='ocrx_word' id='word_1_747' title='bbox 2667 4114 2789 4181; x_wconf 89' lang='lat' dir='ltr'>quis</span> <span class='ocrx_word' id='word_1_748' title='bbox 2845 4112 3089 4168; x_wconf 84' lang='lat' dir='ltr'>similis?</span> <span class='ocrx_word' id='word_1_749' title='bbox 3149 4112 3354 4185; x_wconf 78' lang='lat' dir='ltr'>(CASS.)</span> <span class='ocrx_word' id='word_1_750' title='bbox 3386 4113 3685 4185; x_wconf 90' lang='lat' dir='ltr'>Proposito</span> 
     </span>
    </p>
   </div>
   <div class='ocr_carea' id='block_1_100' title="bbox 1909 4201 3686 4300">
    <p class='ocr_par' dir='ltr' id='par_1_100' title="bbox 1909 4201 3686 4300">
     <span class='ocr_line' id='line_1_100' title="bbox 1909 4201 3686 4300; baseline -0.002 -41"><span class='ocrx_word' id='word_1_751' title='bbox 1909 4235 1956 4300; x_wconf 63' lang='grc' dir='ltr'>Β</span> <span class='ocrx_word' id='word_1_752' title='bbox 1993 4204 2200 4259; x_wconf 89' lang='lat' dir='ltr'>timore</span> <span class='ocrx_word' id='word_1_753' title='bbox 2234 4202 2410 4258; x_wconf 81' lang='lat' dir='ltr'>futuri</span> <span class='ocrx_word' id='word_1_754' title='bbox 2436 4202 2665 4271; x_wconf 90' lang='lat' dir='ltr'>judicis,</span> <span class='ocrx_word' id='word_1_755' title='bbox 2695 4201 2963 4255; x_wconf 91' lang='lat' dir='ltr'>describit</span> <span class='ocrx_word' id='word_1_756' title='bbox 3010 4201 3287 4255; x_wconf 88' lang='lat' dir='ltr'>malitiam</span> <span class='ocrx_word' id='word_1_757' title='bbox 3318 4202 3686 4257; x_wconf 90' lang='lat' dir='ltr'>inimicorum</span> 
     </span>
    </p>
   </div>
   <div class='ocr_carea' id='block_1_101' title="bbox 1994 4288 3688 4365">
    <p class='ocr_par' dir='ltr' id='par_1_101' title="bbox 1994 4288 3688 4365">
     <span class='ocr_line' id='line_1_101' title="bbox 1994 4288 3688 4365; baseline -0.003 -17"><span class='ocrx_word' id='word_1_758' title='bbox 1994 4292 2177 4365; x_wconf 82' lang='lat' dir='ltr'>(AUG.)</span> <span class='ocrx_word' id='word_1_759' title='bbox 2230 4295 2366 4346; x_wconf 89' lang='lat' dir='ltr'>Deus</span> <span class='ocrx_word' id='word_1_760' title='bbox 2410 4293 2532 4361; x_wconf 87' lang='lat' dir='ltr'>quis</span> <span class='ocrx_word' id='word_1_761' title='bbox 2574 4290 2820 4345; x_wconf 85' lang='lat' dir='ltr'>similis?</span> <span class='ocrx_word' id='word_1_762' title='bbox 2871 4290 2983 4344; x_wconf 88' lang='lat' dir='ltr'>Etsi</span> <span class='ocrx_word' id='word_1_763' title='bbox 3040 4290 3237 4355; x_wconf 92' lang='lat' dir='ltr'>homo,</span> <span class='ocrx_word' id='word_1_764' title='bbox 3294 4294 3358 4344; x_wconf 88' lang='lat' dir='ltr'>ut</span> <span class='ocrx_word' id='word_1_765' title='bbox 3412 4290 3551 4356; x_wconf 88' lang='lat' dir='ltr'>alii;</span> <span class='ocrx_word' id='word_1_766' title='bbox 3581 4288 3688 4343; x_wconf 92' lang='lat' dir='ltr'>etsi</span> 
     </span>
    </p>
   </div>
   <div class='ocr_carea' id='block_1_102' title="bbox 1986 4378 3686 4454">
    <p class='ocr_par' dir='ltr' id='par_1_102' title="bbox 1986 4378 3686 4454">
     <span class='ocr_line' id='line_1_102' title="bbox 1986 4378 3686 4454; baseline -0.002 -18"><span class='ocrx_word' id='word_1_767' title='bbox 1986 4382 2291 4454; x_wconf 86' lang='lat' dir='ltr'>judicatus,</span> <span class='ocrx_word' id='word_1_768' title='bbox 2342 4396 2472 4434; x_wconf 93' lang='lat' dir='ltr'>cum</span> <span class='ocrx_word' id='word_1_769' title='bbox 2519 4379 2734 4450; x_wconf 91' lang='lat' dir='ltr'>iniquis</span> <span class='ocrx_word' id='word_1_770' title='bbox 2783 4378 3108 4449; x_wconf 89' lang='lat' dir='ltr'>deputaris:</span> <span class='ocrx_word' id='word_1_771' title='bbox 3144 4378 3270 4450; x_wconf 86' lang='lat' dir='ltr'>quis</span> <span class='ocrx_word' id='word_1_772' title='bbox 3300 4378 3522 4444; x_wconf 84' lang='lat' dir='ltr'>similis,</span> <span class='ocrx_word' id='word_1_773' title='bbox 3556 4394 3686 4433; x_wconf 92' lang='lat' dir='ltr'>cum</span> 
     </span>
    </p>
   </div>
   <div class='ocr_carea' id='block_1_103' title="bbox 1991 4465 3687 4539">
    <p class='ocr_par' dir='ltr' id='par_1_103' title="bbox 1991 4465 3687 4539">
     <span class='ocr_line' id='line_1_103' title="bbox 1991 4465 3687 4539; baseline -0.002 -16"><span class='ocrx_word' id='word_1_774' title='bbox 1991 4469 2052 4524; x_wconf 93' lang='lat' dir='ltr'>in</span> <span class='ocrx_word' id='word_1_775' title='bbox 2081 4468 2333 4523; x_wconf 86' lang='lat' dir='ltr'>claritate</span> <span class='ocrx_word' id='word_1_776' title='bbox 2357 4467 2682 4539; x_wconf 88' lang='lat' dir='ltr'>judicabis?</span> <span class='ocrx_word' id='word_1_777' title='bbox 2711 4467 2842 4522; x_wconf 90' lang='lat' dir='ltr'>ideo</span> <span class='ocrx_word' id='word_1_778' title='bbox 2871 4472 3008 4522; x_wconf 91' lang='lat' dir='ltr'>tunc</span> <span class='ocrx_word' id='word_1_779' title='bbox 3036 4484 3108 4521; x_wconf 92' lang='lat' dir='ltr'>ne</span> <span class='ocrx_word' id='word_1_780' title='bbox 3136 4472 3342 4534; x_wconf 89' lang='lat' dir='ltr'>taceas,</span> <span class='ocrx_word' id='word_1_781' title='bbox 3372 4465 3472 4538; x_wconf 91' lang='lat' dir='ltr'>qui</span> <span class='ocrx_word' id='word_1_782' title='bbox 3500 4466 3687 4537; x_wconf 92' lang='lat' dir='ltr'>primo</span> 
     </span>
    </p>
   </div>
   <div class='ocr_carea' id='block_1_104' title="bbox 1990 4555 3688 4629">
    <p class='ocr_par' dir='ltr' id='par_1_104' title="bbox 1990 4555 3688 4629">
     <span class='ocr_line' id='line_1_104' title="bbox 1990 4555 3688 4629; baseline -0.003 -15"><span class='ocrx_word' id='word_1_783' title='bbox 1990 4558 2237 4623; x_wconf 86' lang='lat' dir='ltr'>tacuisti,</span> <span class='ocrx_word' id='word_1_784' title='bbox 2297 4564 2352 4611; x_wconf 91' lang='lat' dir='ltr'>et</span> <span class='ocrx_word' id='word_1_785' title='bbox 2396 4560 2739 4629; x_wconf 86' lang='lat' dir='ltr'>potestatem</span> <span class='ocrx_word' id='word_1_786' title='bbox 2788 4555 3206 4627; x_wconf 90' lang='lat' dir='ltr'>compescuisti,</span> <span class='ocrx_word' id='word_1_787' title='bbox 3259 4561 3325 4609; x_wconf 93' lang='lat' dir='ltr'>ut</span> <span class='ocrx_word' id='word_1_788' title='bbox 3371 4571 3564 4627; x_wconf 88' lang='lat' dir='ltr'>posses</span> <span class='ocrx_word' id='word_1_789' title='bbox 3604 4559 3688 4609; x_wconf 88' lang='lat' dir='ltr'>te-</span> 
     </span>
    </p>
   </div>
   <div class='ocr_carea' id='block_1_105' title="bbox 1995 4642 3688 4718">
    <p class='ocr_par' dir='ltr' id='par_1_105' title="bbox 1995 4642 3688 4718">
     <span class='ocr_line' id='line_1_105' title="bbox 1995 4642 3688 4718; baseline -0.002 -16"><span class='ocrx_word' id='word_1_790' title='bbox 1995 4647 2118 4702; x_wconf 91' lang='lat' dir='ltr'>neri</span> <span class='ocrx_word' id='word_1_791' title='bbox 2157 4652 2214 4701; x_wconf 90' lang='lat' dir='ltr'>et</span> <span class='ocrx_word' id='word_1_792' title='bbox 2238 4646 2465 4718; x_wconf 91' lang='lat' dir='ltr'>perimi.</span> <span class='ocrx_word' id='word_1_793' title='bbox 2499 4650 2637 4701; x_wconf 90' lang='lat' dir='ltr'>Deus</span> <span class='ocrx_word' id='word_1_794' title='bbox 2687 4648 2810 4714; x_wconf 86' lang='lat' dir='ltr'>quis</span> <span class='ocrx_word' id='word_1_795' title='bbox 2857 4646 3055 4699; x_wconf 87' lang='lat' dir='ltr'>similis</span> <span class='ocrx_word' id='word_1_796' title='bbox 3083 4645 3113 4698; x_wconf 87' lang='lat'>?</span> <span class='ocrx_word' id='word_1_797' title='bbox 3157 4645 3281 4698; x_wconf 87' lang='lat' dir='ltr'>Non</span> <span class='ocrx_word' id='word_1_798' title='bbox 3311 4644 3382 4699; x_wconf 90' lang='lat' dir='ltr'>ad</span> <span class='ocrx_word' id='word_1_799' title='bbox 3425 4642 3688 4698; x_wconf 87' lang='lat' dir='ltr'>divinita-</span> 
     </span>
    </p>
   </div>
   <div class='ocr_carea' id='block_1_106' title="bbox 1991 4732 3691 4802">
    <p class='ocr_par' dir='ltr' id='par_1_106' title="bbox 1991 4732 3691 4802">
     <span class='ocr_line' id='line_1_106' title="bbox 1991 4732 3691 4802; baseline -0.003 -12"><span class='ocrx_word' id='word_1_800' title='bbox 1991 4739 2107 4790; x_wconf 88' lang='lat' dir='ltr'>tem</span> <span class='ocrx_word' id='word_1_801' title='bbox 2127 4735 2233 4789; x_wconf 91' lang='lat' dir='ltr'>hoc</span> <span class='ocrx_word' id='word_1_802' title='bbox 2268 4735 2535 4801; x_wconf 85' lang='lat' dir='ltr'>refertur,</span> <span class='ocrx_word' id='word_1_803' title='bbox 2594 4733 2684 4788; x_wconf 93' lang='lat' dir='ltr'>cui</span> <span class='ocrx_word' id='word_1_804' title='bbox 2731 4734 2954 4787; x_wconf 90' lang='lat' dir='ltr'>nullum</span> <span class='ocrx_word' id='word_1_805' title='bbox 3005 4732 3302 4786; x_wconf 90' lang='lat' dir='ltr'>hominem</span> <span class='ocrx_word' id='word_1_806' title='bbox 3359 4748 3691 4802; x_wconf 88' lang='lat' dir='ltr'>comparan-</span> 
     </span>
    </p>
   </div>
   <div class='ocr_carea' id='block_1_107' title="bbox 1994 4819 3690 4894">
    <p class='ocr_par' dir='ltr' id='par_1_107' title="bbox 1994 4819 3690 4894">
     <span class='ocr_line' id='line_1_107' title="bbox 1994 4819 3690 4894; baseline -0.002 -16"><span class='ocrx_word' id='word_1_807' title='bbox 1994 4825 2132 4879; x_wconf 91' lang='lat' dir='ltr'>dum</span> <span class='ocrx_word' id='word_1_808' title='bbox 2159 4824 2448 4894; x_wconf 86' lang='lat' dir='ltr'>cogitavit.</span> <span class='ocrx_word' id='word_1_809' title='bbox 2503 4823 2634 4877; x_wconf 91' lang='lat' dir='ltr'>Ideo</span> <span class='ocrx_word' id='word_1_810' title='bbox 2692 4838 2810 4876; x_wconf 93' lang='lat' dir='ltr'>non</span> <span class='ocrx_word' id='word_1_811' title='bbox 2841 4821 2961 4875; x_wconf 90' lang='lat' dir='ltr'>ait:</span> <span class='ocrx_word' id='word_1_812' title='bbox 2996 4822 3131 4887; x_wconf 87' lang='lat' dir='ltr'>Quis</span> <span class='ocrx_word' id='word_1_813' title='bbox 3169 4822 3363 4875; x_wconf 88' lang='lat' dir='ltr'>similis</span> <span class='ocrx_word' id='word_1_814' title='bbox 3410 4825 3489 4875; x_wconf 85' lang='lat' dir='ltr'>est</span> <span class='ocrx_word' id='word_1_815' title='bbox 3543 4819 3690 4875; x_wconf 84' lang='lat' dir='ltr'>tibi?</span> 
     </span>
    </p>
   </div>
   <div class='ocr_carea' id='block_1_108' title="bbox 1995 4906 3689 4984">
    <p class='ocr_par' dir='ltr' id='par_1_108' title="bbox 1995 4906 3689 4984">
     <span class='ocr_line' id='line_1_108' title="bbox 1995 4906 3689 4984; baseline -0.002 -17"><span class='ocrx_word' id='word_1_816' title='bbox 1995 4912 2151 4984; x_wconf 91' lang='lat' dir='ltr'>quod</span> <span class='ocrx_word' id='word_1_817' title='bbox 2208 4911 2407 4982; x_wconf 90' lang='lat' dir='ltr'>utique</span> <span class='ocrx_word' id='word_1_818' title='bbox 2464 4911 2534 4965; x_wconf 94' lang='lat' dir='ltr'>ad</span> <span class='ocrx_word' id='word_1_819' title='bbox 2594 4909 2951 4965; x_wconf 88' lang='lat' dir='ltr'>divinitatem</span> <span class='ocrx_word' id='word_1_820' title='bbox 2990 4909 3337 4976; x_wconf 89' lang='lat' dir='ltr'>referretur;</span> <span class='ocrx_word' id='word_1_821' title='bbox 3392 4908 3492 4962; x_wconf 90' lang='lat' dir='ltr'>sed</span> <span class='ocrx_word' id='word_1_822' title='bbox 3534 4906 3689 4963; x_wconf 87' lang='lat' dir='ltr'>dicit.</span> 
     </span>
    </p>
   </div>
   <div class='ocr_carea' id='block_1_109' title="bbox 1997 4995 3691 5067">
    <p class='ocr_par' dir='ltr' id='par_1_109' title="bbox 1997 4995 3691 5067">
     <span class='ocr_line' id='line_1_109' title="bbox 1997 4995 3691 5067; baseline -0.004 -12"><span class='ocrx_word' id='word_1_823' title='bbox 1997 5001 2127 5067; x_wconf 87' lang='lat' dir='ltr'>Quis</span> <span class='ocrx_word' id='word_1_824' title='bbox 2151 5001 2347 5055; x_wconf 88' lang='lat' dir='ltr'>similis</span> <span class='ocrx_word' id='word_1_825' title='bbox 2378 5002 2481 5054; x_wconf 84' lang='lat' dir='ltr'>erit</span> <span class='ocrx_word' id='word_1_826' title='bbox 2510 4998 2659 5055; x_wconf 85' lang='lat' dir='ltr'>tibi?</span> <span class='ocrx_word' id='word_1_827' title='bbox 2690 4998 2800 5052; x_wconf 92' lang='lat' dir='ltr'>hoc</span> <span class='ocrx_word' id='word_1_828' title='bbox 2829 4997 2899 5051; x_wconf 92' lang='lat' dir='ltr'>ad</span> <span class='ocrx_word' id='word_1_829' title='bbox 2935 4997 3182 5051; x_wconf 90' lang='lat' dir='ltr'>formam</span> <span class='ocrx_word' id='word_1_830' title='bbox 3244 4996 3390 5050; x_wconf 91' lang='lat' dir='ltr'>servi</span> <span class='ocrx_word' id='word_1_831' title='bbox 3418 4995 3691 5063; x_wconf 86' lang='lat' dir='ltr'>referens,</span> 
     </span>
    </p>
   </div>
   <div class='ocr_carea' id='block_1_110' title="bbox 1997 5084 3693 5161">
    <p class='ocr_par' dir='ltr' id='par_1_110' title="bbox 1997 5084 3693 5161">
     <span class='ocr_line' id='line_1_110' title="bbox 1997 5084 3693 5161; baseline -0.002 -18"><span class='ocrx_word' id='word_1_832' title='bbox 1997 5104 2111 5161; x_wconf 89' lang='lat' dir='ltr'>qua</span> <span class='ocrx_word' id='word_1_833' title='bbox 2137 5093 2272 5143; x_wconf 89' lang='lat' dir='ltr'>tunc</span> <span class='ocrx_word' id='word_1_834' title='bbox 2301 5088 2518 5143; x_wconf 70' lang='lat' dir='ltr'>caeteris</span> <span class='ocrx_word' id='word_1_835' title='bbox 2576 5085 2867 5142; x_wconf 90' lang='lat' dir='ltr'>dissimilis</span> <span class='ocrx_word' id='word_1_836' title='bbox 2920 5085 3251 5140; x_wconf 91' lang='lat' dir='ltr'>hominibus</span> <span class='ocrx_word' id='word_1_837' title='bbox 3300 5084 3430 5151; x_wconf 88' lang='lat' dir='ltr'>erit,</span> <span class='ocrx_word' id='word_1_838' title='bbox 3462 5084 3693 5156; x_wconf 90' lang='lat' dir='ltr'>quando</span> 
     </span>
    </p>
   </div>
   <div class='ocr_carea' id='block_1_111' title="bbox 1994 5172 3695 5249">
    <p class='ocr_par' dir='ltr' id='par_1_111' title="bbox 1994 5172 3695 5249">
     <span class='ocr_line' id='line_1_111' title="bbox 1994 5172 3695 5249; baseline -0.003 -18"><span class='ocrx_word' id='word_1_839' title='bbox 1994 5179 2171 5249; x_wconf 88' lang='lat' dir='ltr'>judex</span> <span class='ocrx_word' id='word_1_840' title='bbox 2191 5176 2251 5231; x_wconf 91' lang='lat' dir='ltr'>in</span> <span class='ocrx_word' id='word_1_841' title='bbox 2308 5177 2492 5247; x_wconf 88' lang='lat' dir='ltr'>gloria</span> <span class='ocrx_word' id='word_1_842' title='bbox 2518 5174 2819 5246; x_wconf 89' lang='lat' dir='ltr'>apparebit</span> <span class='ocrx_word' id='word_1_843' title='bbox 2846 5191 2860 5241; x_wconf 88' lang='lat'><strong>;</strong></span> <span class='ocrx_word' id='word_1_844' title='bbox 2887 5174 2973 5228; x_wconf 90' lang='lat' dir='ltr'>vel</span> <span class='ocrx_word' id='word_1_845' title='bbox 3007 5177 3193 5245; x_wconf 91' lang='lat' dir='ltr'>potest</span> <span class='ocrx_word' id='word_1_846' title='bbox 3237 5172 3346 5227; x_wconf 91' lang='lat' dir='ltr'>hoc</span> <span class='ocrx_word' id='word_1_847' title='bbox 3383 5172 3582 5228; x_wconf 90' lang='lat' dir='ltr'>referri</span> <span class='ocrx_word' id='word_1_848' title='bbox 3624 5172 3695 5227; x_wconf 89' lang='lat' dir='ltr'>ad</span> 
     </span>
    </p>
   </div>
   <div class='ocr_carea' id='block_1_112' title="bbox 2001 5262 3695 5335">
    <p class='ocr_par' dir='ltr' id='par_1_112' title="bbox 2001 5262 3695 5335">
     <span class='ocr_line' id='line_1_112' title="bbox 2001 5262 3695 5335; baseline -0.004 -13"><span class='ocrx_word' id='word_1_849' title='bbox 2001 5266 2355 5322; x_wconf 80' lang='lat' dir='ltr'>divinitatem</span> <span class='ocrx_word' id='word_1_850' title='bbox 2389 5264 2703 5319; x_wconf 89' lang='lat' dir='ltr'>secundum</span> <span class='ocrx_word' id='word_1_851' title='bbox 2760 5263 2912 5335; x_wconf 92' lang='lat' dir='ltr'>quod</span> <span class='ocrx_word' id='word_1_852' title='bbox 2954 5262 3089 5316; x_wconf 85' lang='lat' dir='ltr'>dicit</span> <span class='ocrx_word' id='word_1_853' title='bbox 3121 5279 3134 5316; x_wconf 96' lang='lat'>:</span> <span class='ocrx_word' id='word_1_854' title='bbox 3169 5264 3213 5319; x_wconf 93' lang='lat'><em>0</em></span> <span class='ocrx_word' id='word_1_855' title='bbox 3261 5264 3422 5328; x_wconf 87' lang='lat' dir='ltr'>Deus,</span> <span class='ocrx_word' id='word_1_856' title='bbox 3455 5265 3579 5331; x_wconf 89' lang='lat' dir='ltr'>quis</span> <span class='ocrx_word' id='word_1_857' title='bbox 3617 5263 3695 5316; x_wconf 86' lang='lat' dir='ltr'>si-</span> 
     </span>
    </p>
   </div>
   <div class='ocr_carea' id='block_1_113' title="bbox 2002 5350 3696 5425">
    <p class='ocr_par' dir='ltr' id='par_1_113' title="bbox 2002 5350 3696 5425">
     <span class='ocr_line' id='line_1_113' title="bbox 2002 5350 3696 5425; baseline -0.004 -15"><span class='ocrx_word' id='word_1_858' title='bbox 2002 5356 2148 5411; x_wconf 91' lang='lat' dir='ltr'>milis</span> <span class='ocrx_word' id='word_1_859' title='bbox 2167 5357 2267 5409; x_wconf 86' lang='lat' dir='ltr'>tibi</span> <span class='ocrx_word' id='word_1_860' title='bbox 2290 5356 2318 5409; x_wconf 87' lang='lat'>?</span> <span class='ocrx_word' id='word_1_861' title='bbox 2343 5354 2403 5408; x_wconf 93' lang='lat' dir='ltr'>in</span> <span class='ocrx_word' id='word_1_862' title='bbox 2428 5353 2685 5425; x_wconf 90' lang='lat' dir='ltr'>potentia</span> <span class='ocrx_word' id='word_1_863' title='bbox 2715 5352 2981 5407; x_wconf 90' lang='lat' dir='ltr'>Deitatis:</span> <span class='ocrx_word' id='word_1_864' title='bbox 3016 5350 3305 5406; x_wconf 90' lang='lat' dir='ltr'>Christum</span> <span class='ocrx_word' id='word_1_865' title='bbox 3323 5350 3494 5420; x_wconf 65' lang='lat' dir='ltr'>enim,</span> <span class='ocrx_word' id='word_1_866' title='bbox 3524 5366 3696 5422; x_wconf 90' lang='lat' dir='ltr'>quem</span> 
     </span>
    </p>
   </div>
   <div class='ocr_carea' id='block_1_114' title="bbox 175 5438 3699 5518">
    <p class='ocr_par' dir='ltr' id='par_1_114' title="bbox 175 5438 3699 5518">
     <span class='ocr_line' id='line_1_114' title="bbox 175 5438 3699 5518; baseline -0.002 -17"><span class='ocrx_word' id='word_1_867' title='bbox 175 5449 353 5501; x_wconf 81' lang='lat' dir='ltr'>tanto</span> <span class='ocrx_word' id='word_1_868' title='bbox 382 5445 703 5513; x_wconf 89' lang='lat' dir='ltr'>miraculo;</span> <span class='ocrx_word' id='word_1_869' title='bbox 737 5451 801 5501; x_wconf 90' lang='lat' dir='ltr'>ut</span> <span class='ocrx_word' id='word_1_870' title='bbox 828 5447 1110 5514; x_wconf 87' lang='lat' dir='ltr'>centurio,</span> <span class='ocrx_word' id='word_1_871' title='bbox 1168 5445 1268 5518; x_wconf 91' lang='lat' dir='ltr'>qui</span> <span class='ocrx_word' id='word_1_872' title='bbox 1316 5445 1459 5501; x_wconf 85' lang='lat' dir='ltr'>dixit</span> <span class='ocrx_word' id='word_1_873' title='bbox 1493 5462 1506 5499; x_wconf 93' lang='lat'>:</span> <span class='ocrx_word' id='word_1_874' title='bbox 1546 5448 1676 5500; x_wconf 76' lang='lat' dir='ltr'>Vere</span> <span class='ocrx_word' id='word_1_875' title='bbox 1722 5446 1893 5500; x_wconf 86' lang='lat' dir='ltr'>Filius</span> <span class='ocrx_word' id='word_1_876' title='bbox 2001 5444 2141 5498; x_wconf 91' lang='lat' dir='ltr'>mali</span> <span class='ocrx_word' id='word_1_877' title='bbox 2174 5444 2439 5497; x_wconf 89' lang='lat' dir='ltr'>viderunt</span> <span class='ocrx_word' id='word_1_878' title='bbox 2488 5446 2663 5510; x_wconf 85' lang='lat' dir='ltr'>extra,</span> <span class='ocrx_word' id='word_1_879' title='bbox 2720 5441 2825 5495; x_wconf 89' lang='lat' dir='ltr'>iste</span> <span class='ocrx_word' id='word_1_880' title='bbox 2869 5440 3021 5495; x_wconf 89' lang='lat' dir='ltr'>videt</span> <span class='ocrx_word' id='word_1_881' title='bbox 3053 5439 3205 5493; x_wconf 90' lang='lat' dir='ltr'>intra</span> <span class='ocrx_word' id='word_1_882' title='bbox 3248 5438 3462 5493; x_wconf 88' lang='lat' dir='ltr'>scilicet</span> <span class='ocrx_word' id='word_1_883' title='bbox 3507 5438 3699 5494; x_wconf 87' lang='lat' dir='ltr'>omni-</span> 
     </span>
    </p>
   </div>
   <div class='ocr_carea' id='block_1_115' title="bbox 180 5533 1888 5605">
    <p class='ocr_par' dir='ltr' id='par_1_115' title="bbox 180 5533 1888 5605">
     <span class='ocr_line' id='line_1_115' title="bbox 180 5533 1888 5605; baseline -0.001 -15"><span class='ocrx_word' id='word_1_884' title='bbox 180 5535 292 5590; x_wconf 90' lang='lat' dir='ltr'>Dei</span> <span class='ocrx_word' id='word_1_885' title='bbox 320 5539 440 5589; x_wconf 85' lang='lat' dir='ltr'>erat</span> <span class='ocrx_word' id='word_1_886' title='bbox 496 5536 616 5589; x_wconf 87' lang='lat' dir='ltr'>iste.</span> <span class='ocrx_word' id='word_1_887' title='bbox 658 5534 846 5605; x_wconf 75' lang='grc' dir='ltr'>(ΑΗΕ.)</span> <span class='ocrx_word' id='word_1_888' title='bbox 900 5535 1250 5591; x_wconf 75' lang='lat' dir='ltr'>Movebuntur</span> <span class='ocrx_word' id='word_1_889' title='bbox 1281 5536 1464 5589; x_wconf 87' lang='lat' dir='ltr'>omnia</span> <span class='ocrx_word' id='word_1_890' title='bbox 1509 5533 1888 5599; x_wconf 86' lang='lat' dir='ltr'>fundamenta.</span> 
     </span>
    </p>
   </div>
   <div class='ocr_carea' id='block_1_116' title="bbox 2004 5537 2321 5604">
    <p class='ocr_par' dir='ltr' id='par_1_116' title="bbox 2004 5537 2321 5604">
     <span class='ocr_line' id='line_1_116' title="bbox 2004 5537 2321 5604; baseline -0.006 -17"><span class='ocrx_word' id='word_1_891' title='bbox 2004 5537 2321 5604; x_wconf 87' lang='lat' dir='ltr'>potentem.</span> 
     </span>
    </p>
   </div>
  </div>
