4082 6184
409 324 512 378 983

1059 317 1458 374 WALAFRIDI
1497 317 1745 373 STRABI
1789 315 1985 372 FULD.
2033 315 2108 372 Μ(

2231 317 2382 373 ΟΡΡ.
2426 315 2604 370 PARS
2641 313 2682 366 Ι.
2723 341 2789 351 -
2827 309 3294 366 THEOLOGICA.

3802 309 3897 361 984

482 451 648 504 Vens.
698 449 749 503 3.
793 477 862 488 —
911 447 1176 518 Quoniam
1226 459 1356 510 ecce,
1398 447 1504 496 etc.
1555 441 1741 513 (Auo.)
1790 440 2108 495 Novissima
2136 441 2181 492 A
2221 439 2378 494 illud.
2414 437 2718 494 Tribulatio
2755 433 2842 490 vel
2897 434 3155 502 angustia
3197 433 3257 485 in
3294 446 3498 486 omnem
3552 430 3786 483 animam
3814 431 3898 482 ho-

409 542 672 610 tempora
723 533 1058 591 Antichristi
1113 531 1391 601 designat,
1443 524 1676 602 quando
1739 546 1868 602 quas
1937 529 2104 584 modo

409 630 754 699 premuntur
780 629 956 685 metu,
989 622 1049 676 in
1095 622 1334 676 liberam
1365 635 1554 674 vocem
1598 623 1940 690 erumpent:
1975 633 2105 689 quae

410 731 516 770 vox
563 713 698 785 quia
748 709 1160 766 irrationabilis
1205 715 1345 776 erat,
1409 709 1589 780 magis
1629 708 1869 774 sonitus,
1931 723 2104 778 quam

409 801 625 856 locutio
657 799 885 855 dicitur.
919 799 1025 865 Qui
1055 799 1302 853 oderunt.
1326 797 1525 864 (Cass)
1547 798 1762 856 Plures,
1797 795 1893 850 sed
1924 811 2105 850 unum

408 894 576 962 caput
637 888 1062 944 Antichristus:
1106 886 1263 959 quod
1315 886 1526 940 elatum
1579 889 1681 954 est,
1739 889 1803 940 ut
1844 885 1990 939 Deus
2019 884 2103 939 di-

408 985 591 1033 catur.

482 1068 642 1122 Vens.
675 1066 728 1121 4.
759 1095 826 1106 —-
857 1065 1031 1134 Super
1067 1065 1327 1133 populum
1363 1067 1533 1117 tuum.
1588 1061 1768 1132 Caput
1807 1077 1971 1115 suum
2004 1076 2103 1115 ex-

408 1157 682 1224 tulerunt,
707 1155 803 1210 sed
836 1171 953 1209 non
974 1153 1256 1225 populum
1282 1157 1446 1206 tuum
1485 1153 1905 1221 depresserunt.

478 1244 635 1315 (Anc)
687 1245 860 1314 Super
906 1244 1169 1313 populum
1223 1247 1393 1296 tuum.
1443 1240 1751 1294 Irridenter
1782 1239 1892 1294 hoc
1931 1237 2100 1293 dicit:

408 1335 532 1398 Non
583 1333 739 1386 enim
769 1336 1005 1404 possunt
1063 1347 1268 1384 nocere
1310 1329 1522 1400 populo
1583 1329 1677 1382 Dei
1730 1345 1834 1398 pro
1884 1345 1997 1398 quo
2021 1334 2107 1382 est

413 1424 581 1491 Deus,
617 1421 767 1475 unde
815 1419 1156 1491 Apostolus:
1187 1417 1247 1473 Si
1288 1416 1431 1471 Deus
1458 1433 1560 1486 pro
1603 1416 1776 1482 nobis,
1811 1418 1932 1484 quis
1980 1432 2105 1470 con-

411 1516 499 1566 tra
530 1525 624 1564 nos
652 1509 680 1564 ?
713 1512 880 1576 (Rom.
917 1509 1055 1577 vni).

478 1599 644 1653 Vsus.
687 1602 739 1652 5.
797 1625 867 1638 —
917 1597 1188 1650 Dixerunt
1230 1595 1422 1647 venite.
1484 1591 1664 1663 (Αυρ.)
1713 1592 1848 1646 Ecce
1915 1592 2106 1646 consi-

405 1687 567 1752 lium,
600 1703 714 1757 quo
765 1684 1016 1739 meditati
1051 1687 1174 1736 sunt
1209 1684 1419 1735 inania.
1487 1683 1596 1734 lste
1649 1683 1733 1735 est
1778 1680 1873 1735 ille
1904 1697 2101 1743 sonus,

408 1775 509 1846 qui
537 1791 654 1830 non
686 1779 771 1828 est
823 1788 1031 1834 sermo,
1085 1770 1182 1824 sed
1239 1769 1489 1823 inaniter
1541 1769 1760 1840 strepit.
1807 1771 1880 1822 De
1930 1774 2100 1838 gente.

409 1863 606 1934 (Cass)
636 1859 1033 1930 Singulariter,
1057 1857 1193 1929 quia
1223 1873 1422 1911 omnes
1443 1857 1749 1911 Christiani
1807 1873 1922 1910 una
1945 1873 2107 1928 gens,

408 1967 540 2006 cum
572 1966 638 2004 ex
671 1965 784 2004 uno
813 1947 969 2002 fonte
996 1945 1358 2016 baptismatis
1389 1944 1507 1999 nati
1540 1963 1553 2012 ;
1607 1945 1694 1999 vel
1726 1961 1925 1999 omnes
1949 1945 2106 2008 boni,

409 2055 552 2110 quos
601 2037 698 2092 ille
743 2035 1143 2107 [Antichristus
1201 2039 1362 2088 vocat
1415 2049 1591 2088 unam
1654 2039 1929 2104 gentem:
1981 2052 2108 2090 ecce

409 2126 732 2198 persecutio
764 2123 1118 2190 Antichristi,
1152 2123 1252 2194 qui
1283 2138 1498 2177 nomen
1525 2122 1916 2178 Christianum
1943 2123 2109 2195 quasi

407 2215 627 2271 malum
655 2213 904 2268 intendit
935 2213 1136 2267 tollere
1166 2211 1442 2266 funditus.

507 2305 673 2358 Vaas.
724 2305 775 2357 6.
845 2331 912 2342 —
977 2301 1376 2356 Testamentum
1447 2299 1854 2370 disposuerunt.
1923 2302 2108 2369 (Ana)

407 2394 854 2459 Testamentum,
885 2389 1100 2461 quippe
1129 2388 1191 2443 in
1223 2388 1534 2459 Scripturis
1566 2405 1683 2442 non
1727 2389 1869 2444 illud
1925 2391 2109 2444 solum

411 2481 638 2547 dicitur,
686 2479 841 2552 quod
895 2495 1010 2532 non
1060 2479 1232 2546 valet,
1263 2477 1374 2531 nisi
1423 2480 1690 2532 testatore
1729 2482 1982 2546 mortuo,
2012 2479 2109 2532 sed

409 2569 582 2625 etiam
635 2584 806 2623 omne
863 2571 1113 2638 pactum,
1165 2572 1222 2620 et
1273 2567 1546 2636 placitum
1589 2566 1742 2636 quod
1778 2567 1928 2621 inter
1954 2567 2110 2621 vivos

409 2659 579 2726 valet,
628 2660 1036 2712 testamentum
1083 2659 1339 2721 vocatur,
1379 2653 1528 2708 sicut
1583 2654 1773 2709 Laban
1834 2659 1891 2710 et
1938 2656 2109 2711 Jacob

407 2750 816 2802 testamentum
873 2744 1150 2798 fecerunt.
1205 2744 1288 2797 Ita
1347 2747 1406 2797 et
1450 2741 1586 2796 mali
1638 2739 1788 2798 inter
1832 2759 1891 2797 se
1947 2744 2110 2814 quasi

409 2839 644 2905 pactum
700 2832 977 2898 fecerunt,
1033 2831 1183 2902 quod
1243 2828 1607 2884 unanimiter
1673 2830 1853 2885 bonos
1911 2846 2107 2901 perse-

414 2926 750 2994 querentur.

2214 531 2378 584 minis
2412 529 2686 599 Ope-rantis
2719 525 2948 580 malum.
2982 525 3155 588 (Rom.
3203 523 3285 587 ιι.)
3316 521 3510 581 Assur,
3554 517 3897 588 Deprimens,

2215 619 2301 672 vel
2331 619 2534 682 elatus,
2585 617 2702 670 Lot.
2754 611 3075 675 Declinans,
3126 609 3315 680 angeli
3364 612 3655 678 apostataz,
3688 607 3790 660 ﬁlii
3818 607 3902 660 de-

2215 706 2560 770 clinationis,
2599 704 2731 774 quia
2769 720 2795 754 τι
2828 701 3064 754 veritate
3107 697 3442 752 declinando
3478 696 3534 750 in
3583 695 3899 750 satellitium

2214 795 2428 852 diaboli
2459 795 2859 855 discesserunt,
2906 790 3055 843 unde
3102 788 3163 841 in
3200 786 3578 858 Apocalypsi:
3609 786 3783 838 Draco
3813 801 3901 836 ce-

2213 884 2370 949 cidit,
2421 889 2478 938 et
2516 881 2684 936 traxit
2724 896 2917 934 secum
2966 876 3194 931 tertiam
3243 883 3460 947 partem
3497 875 3807 938 stellarum,
3841 873 3901 925 de

2215 973 2421 1044 quibus
2449 970 2788 1042 Apostolus:
2839 971 2960 1024 Non
3011 972 3090 1021 est
3113 966 3266 1020 nobis
3306 965 3611 1020 colluctatio
3655 963 3901 1016 adversus

2165 1061 2179 1069 ’
2214 1077 2428 1116 carnem
2456 1065 2506 1114 et
2532 1061 2872 1126 sanguinem,
2919 1056 3014 1112 sed
3052 1055 3312 1109 adversus
3364 1055 3709 1123 principatus
3736 1057 3785 1106 et
3813 1067 3901 1120 po-

2216 1155 2431 1207 testates
2452 1150 2672 1218 (Ephes.
2697 1151 2795 1214 VI).

2286 1245 2446 1297 Vens.
2479 1244 2562 1296 10.
2587 1272 2652 1280 -
2682 1239 2928 1295 Madian.
2957 1237 3254 1292 Declinans
3294 1233 3594 1306 judicium.
3639 1233 3850 1297 Sisara,
3880 1232 3904 1286 ?

2215 1331 2465 1386 exclusio
2495 1329 2708 1400 gaudii.
2739 1328 2929 1394 Jabin,
2964 1327 3210 1396 sapiens,
3245 1324 3314 1379 de
3345 1339 3492 1395 quo:
3534 1323 3636 1377 Ubi
3655 1320 3904 1391 sapiens?

2233 1418 2328 1472 ubi
2355 1415 2570 1472 scriba?
2601 1416 2781 1479 Cison,
2810 1413 2906 1468 ubi
2939 1411 3070 1465 victi
3101 1411 3347 1473 fuerunt,
3384 1408 3595 1463 duritia
3626 1407 3904 1478 interpre-

2215 1510 2387 1560 tatur.
2438 1504 2643 1569 Endor,
2697 1503 2798 1556 ubi
2843 1500 3159 1571 perierunt,
3203 1499 3329 1552 fons
3388 1495 3800 1569 generationis.
3850 1495 3905 1547 Et

2214 1593 2556 1663 intelligitur
2587 1589 2878 1662 generatio
2912 1587 3174 1655 carnalis,
3208 1603 3326 1640 non
3354 1601 3502 1658 aqua
3530 1583 3803 1656 baptismi
3826 1599 3905 1635 re-

2216 1682 2496 1754 generati.
2544 1681 2700 1746 Oreb,
2753 1677 2991 1742 siccitas,
3043 1677 3162 1742 Zcb,
3215 1675 3407 1746 lupus,
3464 1673 3642 1736 Zebec,
3686 1671 3906 1725 victima

2217 1772 2360 1842 lupi,
2411 1786 2528 1825 non
2586 1769 2704 1823 Dei.
2741 1769 3027 1833 Salmana,
3068 1765 3274 1819 umbra
3320 1761 3743 1816 commotionis.
3791 1763 3907 1814 Haec

2217 1860 2412 1915 omnia
2437 1862 2765 1929 congruunt
2814 1856 2996 1923 malis,
3031 1870 3174 1926 quos
3210 1854 3268 1907 in
3309 1853 3461 1906 bono
3509 1851 3643 1904 vicit
3671 1851 3906 1922 populus

2217 1948 2336 2004 Dei.
2388 1950 2497 2002 Fac
2533 1949 2647 2001 illis
2697 1948 2835 2000 sicut
2893 1943 3139 2009 Madian,
3199 1947 3248 1996 et
3289 1941 3509 2008 Sisara,
3567 1942 3709 1993 sicut
3739 1939 3904 1991 Jahin

2214 2040 2274 2092 in
2329 2041 2578 2092 torrente.
2661 2033 2856 2104 (Cass)
2910 2034 2986 2087 De
3048 2030 3299 2084 vindicta
3345 2029 3722 2100 iniquorum;
3774 2027 3904 2080 sicut

2215 2142 2416 2181 omnes
2450 2123 2532 2178 illi
2560 2123 2690 2177 victi
2722 2127 2855 2176 sunt
2886 2121 2946 2174 in
2973 2119 3157 2190 ﬁgura
3187 2135 3218 2172 a
3258 2117 3470 2188 populo
3512 2115 3635 2180 Dei,
3671 2116 3750 2168 sic
3779 2114 3900 2168 istos

2215 2220 2483 2287 precatur
2511 2214 2571 2267 in
2620 2212 2858 2266 veritate
2907 2209 3186 2280 superari.
3245 2209 3394 2263 Sicut
3441 2205 3690 2261 Madian.
3727 2203 3894 2272 (Ara)

2218 2307 2421 2376 Utpote
2486 2302 2589 2370 illi,
2631 2301 2732 2373 qui
2780 2299 3068 2354 declinant
3105 2296 3410 2368 judicium,
3458 2312 3516 2350 se
3567 2294 3893 2365 judicaudos

2217 2409 2330 2446 non
2363 2394 2665 2462 putantes:
2703 2393 2758 2443 et
2805 2387 2904 2459 qui
2944 2387 3251 2442 excludunt
3307 2385 3559 2438 futurum
3605 2383 3886 2452 judicium,

2217 2487 2272 2536 et
2294 2481 2353 2535 hi
2383 2496 2585 2534 omnes
2613 2478 2670 2532 in
2702 2478 2890 2544 Cison,
2936 2483 2992 2530 et
3021 2477 3080 2529 in
3112 2476 3264 2529 fonte
3307 2473 3492 2527 Endor
3521 2472 3830 2542 perierunt.

2288 2571 2445 2624 Vsus.
2478 2569 2558 2623 t2.
2595 2597 2656 2607 -—
2706 2569 2844 2621 Pone
2887 2564 3164 2635 principes
3217 2578 3398 2617 eorum
3454 2562 3613 2626 sicut,
3645 2565 3749 2612 etc.
3784 2560 3894 2612 Hac

2217 2657 2485 2714 omnibus
2524 2654 2927 2710 communiter.
2962 2652 3072 2708 Sed
3095 2651 3431 2723 specialiter,
3468 2664 3606 2721 pone
3640 2651 3898 2718 principes

2215 2763 2396 2802 eorum
2423 2763 2435 2800 :
2470 2745 2578 2798 hoc
2614 2749 2774 2815 optat
2805 2743 3086 2797 militibus
3114 2739 3464 2804 Antichristi,
3494 2738 3592 2809 qui
3634 2754 3753 2791 non
3783 2738 3905 2789 sunt

2220 2833 2612 2890 conVertendi.

2291 2923 2453 2977 Vsus.
2512 2923 2596 2976 13.
2647 2951 2712 2959 -
2755 2919 3083 2974 Haereditate
3123 2917 3496 2985 possideamus
3539 2914 3909 2969 sanctuarium

484 3010 643 3063 Vens.
722 3012 772 3062 7.
835 3037 903 3047 —-
979 3006 1349 3062 Tabernacula
1410 3005 1786 3061 Idumoeorum.
1843 3007 2112 3078 Exposuit
2141 3009 2182 3066 C
2220 3010 2344 3065 Dei.
2379 3009 2569 3081 (Αυα.)
2604 3008 2723 3076 Dei,
2753 3007 3026 3062 invadunt
3052 3011 3118 3060 ut
3137 3021 3319 3059 suam.

411 3113 526 3171 quo
551 3096 739 3153 studio
782 3096 1277 3167 malignaverunt:
1327 3094 1576 3150 ostendit
1629 3095 1838 3150 deinde
1861 3096 1981 3166 jam
2011 3094 2112 3166 qui

411 3187 527 3242 sint
597 3185 999 3257 malignantes,
1074 3184 1320 3238 dicens:
1397 3184 1767 3239 Tabernacula
1849 3183 2110 3240 Idumaeo-

412 3290 557 3340 rum,
627 3278 733 3328 etc.
789 3273 1178 3338 Idumzorum,
1237 3277 1287 3327 et
1351 3273 1667 3326 lsmaelitz.
1746 3271 1945 3344 (Cass)
2006 3273 2113 3326 Per

413 3363 538 3418 haec
564 3361 820 3427 nomine,
851 3360 1064 3416 Christi
1103 3360 1368 3414 inimicos
1393 3359 1661 3426 declarat,
1711 3359 1808 3431 qui
1837 3360 2110 3431 tempori-

415 3449 523 3505 bus
542 3448 874 3504 Antichristi
904 3453 989 3502 tot
1021 3447 1187 3502 malis
1209 3447 1569 3501 similantur:
1630 3447 1766 3519 quia
1815 3447 1961 3502 sicut
2015 3448 2112 3502 isti

415 3540 612 3591 contra
640 3536 830 3598 Israel,
878 3536 959 3590 ita
988 3535 1070 3590 illi
1118 3541 1314 3590 contra
1362 3535 1712 3590 Christianos
1760 3540 1896 3590 tunc
1941 3535 2113 3591 bella-

413 3624 579 3679 bunt.
627 3624 897 3681 Moabitz.
937 3626 1126 3694 (Ana,
1171 3623 1362 3695 HIER.)
1409 3624 1566 3679 Unde
1619 3624 1896 3693 Moabitae,
1937 3642 2111 3697 quem

416 3713 521 3768 Lot
549 3712 741 3767 ebrius
771 3712 841 3768 de
897 3712 1112 3783 majore
1169 3713 1288 3767 ﬁlia
1346 3729 1448 3767 sua
1477 3713 1696 3779 genuit.
1731 3714 1994 3783 Agareni.
2027 3715 2111 3770 Ab

414 3803 586 3872 Agar,
617 3801 718 3873 qui
747 3806 805 3856 et
826 3803 1095 3872 proselyti
1127 3801 1596 3872 interpretantur.

486 3890 658 3946 Vens.
696 3893 748 3946 8.
790 3920 858 3931 —
916 3890 1096 3947 Gebal.
1158 3892 1323 3956 Aua.,
1381 3889 1567 3960 Hum.)
1625 3889 1792 3944 Vallis
1820 3906 1983 3944 vana.
2037 3892 2112 3946 Ge

415 3977 572 4032 enim
627 3977 805 4044 vallit,
850 3980 970 4046 Bal,
1027 3995 1190 4032 vana.
1247 3981 1498 4032 Ammon.
1552 3979 1708 4034 Unde
1743 3979 2109 4046 Ammonitze,

415 4066 616 4137 genuit
644 4067 748 4121 Lot
776 4065 968 4120 ebrius
996 4066 1066 4121 de
1096 4066 1214 4121 ﬁlia
1247 4083 1349 4120 sua
1381 4066 1621 4122 minore.

485 4156 726 4210 Amalec.
780 4154 954 4210 Filius
998 4154 1234 4226 Eliphaz
1288 4154 1662 4226 primogeniti
1709 4155 1874 4223 Esau,
1908 4172 1942 4210 a
1997 4171 2111 4227 quo

412 4242 759 4297 Amalecitaz.

815 4331 1009 4386 Assur.
1027 4333 1223 4398 (AUG.,
1243 4332 1379 4386 Hum
1407 4331 1423 4402 )
1447 4331 1531 4386 Ad
1559 4331 1806 4386 litteram
1821 4331 2112 4388 Nabucho-
2141 4294 2183 4346 υ

415 4418 681 4483 donosor,
716 4418 816 4490 qui
839 4419 947 4472 fuit
967 4434 1064 4473 rex
1087 4419 1466 4490 Assyriorum.
1487 4420 1742 4475 Idumaei.
1763 4421 1997 4475 Terreni
2022 4422 2111 4477 vel

415 4506 738 4577 sanguinei.
783 4508 1082 4562 lsmaelitae.
1130 4507 1469 4563 Obedientes
1498 4508 1624 4575 sibi,
1658 4525 1774 4564 non
1807 4511 1938 4578 Deo,
1974 4511 2112 4581 quia

411 4609 616 4666 pravas
644 4593 1021 4665 cogitationes
1051 4611 1183 4649 suas
1209 4601 1548 4666 sequuntur.
1595 4598 1776 4664 Moab,
1827 4614 1894 4651 ex
1924 4603 2107 4668 patre,

414 4682 570 4754 quod
587 4682 648 4736 in
668 4683 842 4737 malo.
866 4684 1069 4750 Bonus,
1091 4683 1322 4754 quidem
1335 4691 1515 4755 pater,
1533 4702 1645 4758 quo
1662 4685 1778 4740 ﬁlia
1791 4685 1986 4740 illicito
2007 4703 2111 4742 usa

414 4770 682 4840 est,lsicut
702 4776 759 4825 et
777 4772 868 4825 lex
888 4771 1043 4826 bona
1058 4772 1226 4843 est,|si
1247 4772 1375 4844 quis
1397 4791 1462 4828 ea
1486 4775 1737 4844 legitime
1750 4780 1964 4841 utatur,
1989 4792 2107 4830 non

414 4858 646 4914 inceste.
679 4863 946 4928 Agareni.
999 4862 1296 4934 Proselyti,
1355 4862 1410 4917 id
1445 4868 1548 4931 est,
1579 4863 1830 4928 advenae,
1862 4864 1963 4935 qui
1990 4881 2107 4919 non

411 4946 581 5008 cives.
611 4947 705 5001 sed
728 4947 916 5002 alieno
965 4948 1158 5004 animo
1198 4949 1542 5017 subintraut,
1598 4955 1653 5005 et
1679 4951 1914 5006 inventa
1945 4968 2105 5007 occa-

410 5033 574 5089 sione
629 5035 870 5090 nocendi
913 5052 971 5090 se
1015 5037 1344 5091 ostendunt.
1405 5037 1586 5094 Gebal.
1641 5038 1809 5093 Vallis
1847 5055 2011 5102 vana,
2045 5039 2106 5095 id

409 5128 496 5177 est
524 5123 801 5178 fallaciter
829 5125 1081 5179 humilis.
1115 5125 1366 5180 Ammon.
1401 5127 1655 5197 Populus
1685 5127 1967 5192 turbidus,
2006 5129 2105 5183 Vel

409 5212 693 5267 mmroris.
707 5213 944 5268 Amalec.
974 5214 1227 5284 Populus
1254 5213 1482 5284 lingens
1496 5220 1728 5271 terram.
1749 5217 2100 5284 Alienigense.

411 5298 564 5354 Licet
601 5301 779 5355 latino
829 5301 1062 5374 nomine
1111 5319 1169 5356 se
1226 5303 1480 5358 indicent
1529 5304 1766 5369 alienos,
1799 5309 1856 5359 et
1893 5305 1964 5359 ob
1996 5306 2103 5360 hoc

408 5386 694 5455 inimicos,
747 5393 940 5444 tamen
1001 5391 1262 5446 hebraice
1314 5392 1582 5448 dicuntur
1633 5393 1990 5460 Philisthiim,
2044 5394 2097 5451 id

408 5479 512 5542 est,
545 5477 808 5531 cadentes
836 5479 1094 5550 potione,
1128 5484 1192 5534 ut
1220 5479 1365 5535 ebrii
1418 5481 1646 5536 luxuria
1673 5480 1953 5537 saeculari.
1987 5485 2096 5551 Ty-

404 5578 520 5619 rus.
547 5563 818 5620 Hebraice
845 5581 957 5635 sor,
987 5567 1282 5624 tribulatio
1308 5569 1397 5624 vel
1437 5570 1720 5640 angustia,
1782 5571 2094 5627 secundum

2291 3101 2453 3152 Vens.
2493 3099 2573 3152 14.
2605 3128 2671 3137 -
2728 3099 2794 3152 Ut
2846 3100 3039 3164 rotam,
3073 3101 3122 3148 et
3172 3097 3313 3150 sicut
3355 3093 3616 3162 stipulam
3657 3096 3785 3144 ante
3827 3090 3909 3154 fa-

2221 3191 2352 3245 ciem
2379 3189 2544 3242 uenti.
2611 3185 2807 3256 (Cass)
2870 3186 2974 3238 Per
3003 3183 3150 3237 hanc
3197 3181 3656 3246 similitudinem,
3711 3178 3910 3233 multas

2219 3273 2484 3346 prsedicit
2511 3290 2709 3328 eorum
2740 3272 3104 3328 calamitates.

2300 3364 2506 3430 Venti},
2560 3361 2780 3417 Levitas
2851 3359 3212 3432 peccantium
3287 3364 3456 3412 vento
3524 3362 3908 3428 comparatur,

2221 3451 2357 3523 quia
2375 3451 2486 3504 huc
2511 3454 2568 3504 et
2595 3450 2730 3504 illuc
2759 3449 2976 3503 volitat.

2295 3539 2572 3593 Vens.15.
2618 3566 2692 3579 —
2751 3539 2896 3604 ignis
2951 3541 3003 3591 et
3057 3541 3276 3605 ﬂamma
3326 3534 3636 3588 comburens
3693 3538 3908 3587 montes.

2221 3626 2414 3705 (ᾼυσ.)
2445 3626 2708 3697 Congrue
2737 3628 2798 3679 in
2822 3625 3041 3696 judicio
3097 3641 3217 3681 esse
3272 3623 3559 3690 dicuntur,
3594 3620 3830 3693 quando
3861 3624 3910 3671 et

2220 3715 2409 3771 densae
2455 3714 2610 3768 silva:
2651 3718 3039 3785 peccatorum,
3078 3717 3134 3768 et
3183 3717 3406 3768 montes
3451 3711 3741 3782 superbia:
3799 3725 3909 3762 cre-

2221 3804 2551 3859 mabuntur.

2291 3892 2458 3946 Vens.
2487 3895 2570 3946 17.
2607 3920 2668 3931 -
2713 3891 2882 3960 Imple
2905 3891 3092 3957 facies.
3128 3889 3325 3957 (Cass)
3373 3887 3561 3943 Poenis
3610 3891 3906 3941 contuma-

2222 3979 2375 4034 cium
2408 3978 2780 4050 prophetatis,
2811 3982 2936 4032 orat
2959 3994 3064 4048 pro
3089 3977 3410 4046 credituris,
3431 3977 3532 4047 qui
3557 3993 3675 4030 non
3709 3976 3909 4029 habent

2223 4067 2502 4122 scelerum
2532 4067 2878 4131 laudatores,
2931 4066 3028 4120 sed
3083 4067 3427 4136 culpatores,
3459 4080 3605 4134 quos
3625 4080 3785 4134 saepe
3823 4079 3909 4132 op-

2224 4155 2522 4226 probrium
2569 4154 2824 4224 corrigit.
2861 4153 3048 4222 (Αυσ.)
3083 4153 3278 4208 Melius
3324 4159 3409 4208 est
3442 4167 3608 4206 ruere
3648 4158 3713 4206 ut
3744 4150 3907 4223 posui-

2222 4249 2356 4312 teat,
2389 4259 2562 4314 quam
2591 4243 2697 4297 sub
2727 4259 2830 4314 spe
2869 4242 3161 4313 religionis
3198 4242 3530 4312 superbire:
3585 4241 3744 4295 unde
3777 4241 3905 4294 Pro-

2222 4334 2395 4404 pheta
2417 4333 2530 4386 ait:
2555 4335 2626 4388 Et
2655 4337 2732 4399 tu,
2751 4333 2870 4402 filia
2902 4332 3234 4400 Sion,usque
3253 4331 3328 4385 ad
3357 4330 3688 4401 Babylonem
3718 4331 3901 4390 venies,

2223 4421 2403 4489 ibique
2422 4422 2736 4476 liberaberis
2765 4423 2950 4488 (Mich.
2986 4424 3080 4488 xv).

2289 4511 2458 4580 Imple
2485 4511 2808 4574 facies.,Hoc
2836 4510 3053 4564 bonum
3084 4512 3139 4563 et
3191 4508 3439 4580 optabile
3493 4507 3577 4562 eis
3625 4523 3752 4562 non
3780 4521 3901 4577 pro-

2219 4600 2570 4670 phetaretur,
2635 4600 2744 4654 nisi
2821 4601 2970 4654 inter
3023 4616 3120 4654 eos
3182 4599 3446 4653 inimicos
3515 4604 3713 4653 essent
3756 4597 3898 4659 tales,

2219 4688 2426 4759 quibus
2448 4687 2556 4742 hoc
2586 4692 2714 4742 ante
2739 4687 3023 4758 judicium
3050 4687 3415 4758 praestabitur
3448 4704 3460 4741 :
3506 4686 3644 4757 quia
3688 4691 3745 4740 et
3765 4698 3898 4740 nunc

2217 4775 2368 4830 idem
2391 4792 2595 4847 corpus
2625 4781 2806 4840 sanat,
2832 4781 2890 4830 et
2943 4776 3094 4830 lavat
3126 4780 3320 4846 caput,
3369 4775 3466 4830 sed
3495 4775 3894 4846 particulatim,

2218 4879 2334 4919 non
2360 4863 2754 4918 nniversaliter
2802 4869 2866 4918 ut
2906 4864 2969 4918 in
3015 4865 3165 4919 ﬁne:
3199 4869 3255 4918 et
3301 4869 3495 4919 tamen
3543 4862 3680 4918 inde
3735 4859 3897 4932 aliqui

2216 4956 2638 5019 convertentur,
2675 4968 2779 5022 pro
2803 4951 3009 5022 quibus
3039 4952 3130 5006 hic
3148 4957 3292 5006 orat.

2286 5041 2446 5096 Vens.
2488 5043 2568 5096 18.
2597 5071 2665 5080 -—-
2695 5042 3028 5096 Erubescant
3054 5046 3104 5096 et
3130 5041 3531 5108 conturbantur,
3567 5044 3675 5096 etc.
3713 5037 3894 5107 (Avo)

2215 5129 2313 5185 Hic
2339 5131 2407 5184 de
2436 5129 2620 5197 malis,
2671 5131 2772 5202 qui
2827 5147 2945 5185 non
3001 5135 3420 5185 convertentur.
3467 5127 3896 5192 Erubescant,in

2211 5217 2406 5274 futuro
2444 5219 2514 5274 de
2570 5218 2737 5273 malis
2767 5236 2896 5290 quae
2934 5219 3209 5274 fecerunt.
3267 5221 3348 5274 Et
3401 5219 3806 5284 conturbentur,
3834 5217 3890 5270 de

2210 5307 2397 5378 poenis
2419 5323 2558 5378 quas
2588 5307 2904 5377 patientur.
2927 5309 2988 5362 Et
3008 5308 3118 5362 hoc
3146 5311 3204 5362 in
3233 5309 3483 5363 saeculum
3503 5308 3707 5371 saeculi,
3735 5305 3790 5360 id
3820 5305 3887 5357 est

2211 5395 2272 5449 in
2297 5401 2597 5450 aeternum.
2625 5396 3101 5451 Etconturbentur.
3120 5396 3333 5450 Rursus
3356 5395 3499 5450 redit
3521 5395 3590 5449 ad
3615 5411 3713 5449 eos
3730 5389 3882 5465 quiin

2211 5482 2479 5554 praesenti
2494 5483 2921 5538 confundentnr
2948 5501 3019 5538 ne
3041 5484 3463 5538 confundentnr
3493 5500 3548 5536 in
3579 5489 3878 5538 aeternum;

2210 5572 2371 5643 quasi
2403 5571 2552 5626 dicat
2575 5588 2588 5626 :
2611 5571 2698 5626 llli
2719 5575 3131 5628 conturbentur
3159 5573 3541 5628 inmternum:
3575 5576 3881 5643 quaerentes
