4082 6184
264 283 371 334 985

890 247 1285 337 WALAFRIDI
1326 283 1573 338 STRABI
1612 286 1808 340 FULD.
1854 286 2017 341 ΜΟΝ.
2066 285 2215 342 ΟΡΡ.
2261 285 2434 340 PARS
2474 287 2515 341 l.
2558 316 2625 324 -—
2664 285 3134 343 THEOLOGICA.

3675 290 3777 344 986

262 405 456 457 autem
489 418 697 458 nomeI.
732 402 957 457 Domini
975 403 1170 471 modo,
1209 407 1263 456 et
1284 405 1714 461 confundantur
1734 408 1804 462 de
1844 424 1976 478 pec-
2005 408 2053 461 Α
2092 407 2189 462 sed
2220 408 2280 461 in
2345 407 2480 462 nido
2527 409 2787 463 Ecclesiae
2840 408 2975 463 facit
3032 424 3213 481 opera
3254 408 3403 463 bona
3453 410 3772 466 salubriter.

261 492 400 545 catis
430 492 751 562 salubriter,
797 496 851 546 et
880 496 1139 562 pereant,
1172 491 1512 563 inquantum
1546 495 1682 549 mali
1715 501 1863 551 sunt.
1900 498 1967 551 Et

262 580 341 634 sic
369 586 731 651 cognoscant,
767 582 874 648 vel,
908 581 1483 636 tuncconfundantur
1500 583 1657 651 mali,
1691 584 1880 638 anima
1911 590 1967 639 et

262 687 520 742 corpore,
581 677 637 723 et.
686 676 925 741 pereant
982 671 1175 725 animo
1206 672 1674 743 irreparabiliter.
1725 676 1784 728 Et
1814 690 1966 728 nunc

260 765 624 828 cognoscant,
693 761 846 831 quod
908 760 1079 814 modo
1115 761 1337 814 nolunt.
1381 761 1575 831 (Cass)
1614 763 1960 830 Notandum,

262 849 395 919 quia
450 849 717 902 undecim
766 849 1155 920 superioribus
1207 850 1441 920 psalmis
1470 850 1832 905 introductus
1882 857 1968 906 est

262 937 471 1006 Asapli,
528 941 589 988 ut
619 937 829 991 duritia
880 938 1226 1004 Judaeorum,
1282 939 1565 1009 frequenti
1630 957 1764 994 voce
1788 940 1966 1011 ipsius

261 1025 582 1095 Synagogae
642 1027 1015 1092 mollesceret,
1070 1027 1155 1079 vel
1200 1027 1311 1097 ipsi
1339 1028 1578 1094 nomini,
1629 1032 1717 1081 cui
1778 1028 1966 1083 devoti

264 1129 386 1166 esse
419 1114 779 1181 videbantur,
820 1115 1133 1169 crederent.
1189 1116 1315 1186 Egit
1344 1122 1532 1169 autem
1588 1117 1647 1170 in
1680 1118 1964 1186 praedictis

258 1204 469 1274 psalmi
492 1204 559 1257 de
611 1203 838 1258 Domini
891 1204 1303 1268 incarnatione,
1353 1210 1409 1258 et
1449 1205 1709 1275 gentium
1752 1206 1884 1271 fide,
1909 1210 1967 1260 et

260 1292 331 1345 de
351 1292 587 1362 judicio,
636 1294 705 1346 de
750 1292 959 1363 quibus
1012 1293 1388 1363 transgressio
1418 1294 1745 1347 Judaeorum
1772 1294 1965 1347 redar-

259 1381 475 1452 guitur.
536 1382 694 1435 Unde
752 1399 1008 1452 congrue
1061 1382 1322 1435 undecim
1378 1387 1546 1435 sunt:
1611 1383 1965 1437 undenarius

256 1470 415 1523 enim
447 1487 722 1523 numerus
775 1471 1240 1538 transgressionis
1271 1475 1374 1541 est,
1416 1471 1551 1541 quia
1582 1475 1637 1525 et
1663 1472 1966 1525 denarium

255 1558 481 1625 transit,
516 1564 571 1613 et
626 1560 696 1613 ad
732 1559 1146 1614 duodenarium
1196 1576 1312 1613 non
1363 1560 1640 1629 pervenit,
1676 1561 1825 1614 unde
1859 1578 1966 1615 un-

261 1647 444 1701 decim
495 1648 666 1702 etiam
730 1652 891 1702 erant
948 1648 1071 1701 vela
1123 1647 1429 1717 capillacea
1486 1649 1543 1702 in
1597 1650 1964 1703 tabernaculo

263 1735 508 1799 Domini,
568 1742 622 1790 et
672 1737 730 1790 in
780 1736 1095 1790 undenario
1137 1736 1368 1790 fuerunt
1421 1737 1695 1807 Apostoli,
1756 1740 1963 1807 rejecto

261 1823 659 1878 infelicissimo
688 1825 833 1880 Juda
886 1830 1145 1895 tempore
1188 1825 1490 1896 passionis,
1539 1826 1769 1897 quando
1800 1844 1832 1880 a
1857 1826 1966 1880 ﬁde

258 1910 612 1977 defecerunt,
662 1913 842 1966 unde:
893 1914 1130 1966 Posuisti
1158 1913 1400 1967 tenebras
1450 1917 1498 1966 et
1552 1915 1707 1979 facta
1751 1918 1831 1967 est
1859 1929 1967 1967 ηοω

268 1999 437 2068 (Psal'
473 2000 612 2070 cum
799 2072 1110 2127 PSALMUS
1164 2073 1431 2127 LXXXIII.

336 2176 498 2230 Vens.
545 2180 591 2231 1.
641 2209 710 2218 ——
739 2179 801 2231 In
852 2182 1037 2247 ﬁnem.
1077 2178 1262 2249 (AUG.)
1306 2178 1453 2233 Nihil
1516 2179 1610 2233 hic
1663 2179 1872 2233 dicitur
1896 2179 1965 2234 de

253 2264 638 2319 torcularibus
708 2267 1049 2334 visibilibus,
1123 2268 1269 2321 unde
1350 2272 1570 2321 constat
1647 2269 1965 2339 spiritualia

256 2368 402 2407 esse.
452 2355 565 2408 Uva
613 2355 672 2408 in
714 2355 843 2421 vite,
902 2357 1051 2409 oliva
1108 2356 1166 2409 in
1222 2357 1421 2411 arbore
1474 2357 1732 2427 pendens
1783 2358 1963 2411 libero

248 2440 533 2497 fruuntur
552 2459 702 2512 aere,
733 2460 837 2497 nec
865 2444 960 2497 illa
985 2448 1068 2499 est
1097 2444 1315 2506 vinum,
1351 2460 1455 2498 nec
1485 2445 1590 2497 ista
1620 2444 1807 2498 oleum
1833 2450 1962 2499 ante

248 2546 611 2602 pressuram:
642 2532 721 2586 sic
753 2549 897 2604 quos
942 2533 1226 2603 praescivit
1255 2534 1402 2587 Deus
1434 2538 1564 2587 ante
1609 2534 1817 2587 srecula
1837 2534 1960 2588 ﬁeri

256 2620 582 2674 conformes
628 2622 899 2691 imaginis
926 2622 1050 2687 tilii,
1093 2627 1400 2692 antequam
1434 2622 1706 2676 accedant
1750 2623 1816 2676 ad
1848 2640 1960 2676 ser-

247 2708 489 2764 vitutem
524 2710 645 2776 Dei,
677 2713 950 2766 fruuntur
1000 2712 1060 2765 in
1113 2713 1322 2766 szeculo
1372 2713 1643 2766 deliciosa
1675 2713 1953 2768 libertate.

250 2797 354 2851 Sed
388 2816 517 2853 cum
567 2800 844 2854 accedunt
891 2800 962 2853 ad
1023 2801 1357 2855 servitutem
1401 2801 1520 2865 Dei,
1584 2802 1791 2855 dicitur
1843 2804 1953 2857 eis:

250 2887 379 2951 Fili,
412 2888 668 2942 accedens
713 2889 787 2941 ad
822 2892 1133 2944 servitutem
1176 2891 1296 2956 Dei,
1327 2894 1415 2943 sta
1474 2892 1531 2943 in
1554 2890 1776 2959 justitia
1805 2896 1854 2944 et
1883 2895 1955 2945 ti-

2073 512 2176 567 pro
2208 498 2417 568 quibus
2475 498 2748 551 salvatur:
2788 514 2888 568 per
2947 498 3097 569 quod
3155 498 3345 552 differt
3403 498 3472 553 ab
3525 498 3653 552 aliis
3679 500 3778 570 qui

2073 601 2246 656 opera
2272 586 2504 652 faciunt,
2559 587 2654 640 sed
2713 602 2831 639 non
2861 586 2917 639 in
2951 586 3082 640 nido
3137 587 3288 640 ﬁdei.
3312 587 3452 641 Nam
3482 592 3536 641 et
3567 587 3777 658 pagani

2074 673 2289 727 faciunt
2341 691 2533 744 opera,
2614 675 2864 729 vestiunt
2925 675 3131 742 nudos,
3219 680 3349 743 etc.,
3414 680 3470 731 et
3523 675 3776 730 haeretici

2074 762 2255 815 multa
2309 762 2551 817 faciunt:
2615 763 2711 816 sed
2761 778 2877 815 non
2931 762 2988 815 in
3026 762 3159 815 nido
3216 761 3493 829 Ecclesiae,
3539 766 3595 815 et
3650 762 3776 816 ideo

2074 852 2496 918 conculcantur,
2556 868 2674 904 non
2731 857 3047 905 servantur.
3087 852 3213 905 Haec
3246 866 3375 904 caro
3407 854 3491 904 est
3547 850 3774 915 mulier,

2072 954 2177 1008 per
2215 956 2386 1009 quam
2428 936 2715 993 seducitur
2757 956 2972 1010 passer,
3032 940 3126 993 sed
3171 939 3482 992 salvabitur
3543 956 3644 1009 per
3673 956 3770 1009 ge-

2076 1028 2432 1082 nerationem
2461 1045 2720 1099 operum,
2755 1030 2802 1081 si
2843 1029 2901 1081 in
2953 1028 3111 1095 nido,
3143 1028 3201 1082 id
3231 1031 3335 1095 est,
3369 1026 3413 1079 si
3438 1043 3773 1097 persevcra-

2074 1116 2219 1169 verit
2268 1116 2327 1169 in
2378 1118 2510 1171 fide.
2573 1118 2794 1172 Praebet
2833 1122 3024 1170 autem
3071 1118 3216 1170 Deus
3259 1117 3410 1171 unde
3442 1117 3539 1170 ﬁat
3583 1117 3772 1183 nidus,

2074 1203 2259 1258 induit
2306 1206 2461 1259 enim
2508 1222 2564 1259 se
2590 1206 2718 1259 feno
2757 1205 2943 1258 carnis
2990 1210 3054 1259 ut
3084 1205 3152 1258 ad
3182 1210 3236 1258 te
3265 1206 3503 1259 veniret.
3552 1206 3778 1259 Altaria

2076 1297 2185 1355 tua,
2217 1297 2453 1348 Domine.
2482 1295 2693 1364 (Cass)
2731 1294 2835 1348 Ubi
2880 1293 3093 1347 animas
3116 1294 3325 1348 caelesti
3345 1293 3604 1363 convivio
3636 1310 3775 1365 epu-

2074 1382 2285 1449 lantur,
2340 1383 2436 1436 ubi
2496 1384 2690 1436 anima
2727 1382 2890 1453 quasi
2942 1383 3001 1435 in
3056 1383 3223 1436 domo
3259 1381 3522 1452 gaudeat.
3584 1382 3779 1454 (Auc.)

2076 1471 2141 1523 Et
2183 1487 2313 1524 caro
2355 1472 2577 1542 reponit
2624 1489 2798 1542 opera
2856 1490 2979 1542 sua,
3028 1472 3211 1526 unde:
3260 1471 3417 1525 Beati
3476 1469 3597 1540 qui,
3645 1474 3777 1539 etc.,

2075 1559 2171 1613 ubi
2203 1560 2454 1615 ostendit
2485 1560 2550 1614 ad
2583 1576 2754 1630 quam
2786 1560 3198 1615 beatitudinem
3219 1559 3425 1613 militia
3455 1557 3625 1613 ducit.

2147 1649 2300 1702 Vens.
2363 1652 2414 1702 5.
2465 1678 2533 1687 —
2589 1651 2744 1702 Beati
2771 1651 2868 1716 qui
2915 1649 3166 1702 habitant
3219 1650 3278 1702 in
3321 1648 3474 1701 domo
3522 1653 3637 1710 tua,
3672 1648 3775 1699 Do-

2079 1740 2247 1803 mine;
2280 1739 2337 1790 in
2394 1738 2588 1791 saecula
2629 1739 2952 1792 saeculorum
2984 1738 3286 1791 laudabunt
3334 1745 3399 1791 te.
3436 1734 3621 1806 (AUG.)
3665 1736 3779 1789 Hoc

2074 1825 2210 1879 boni
2237 1827 2359 1895 jam
2413 1827 2643 1892 habent,
2687 1826 2918 1891 scilicet,
2970 1820 3121 1897 quod
3182 1826 3444 1879 habitant
3500 1824 3558 1878 in
3607 1824 3775 1878 domo

2076 1918 2192 1968 tua.
2240 1914 2540 1984 Sequitur:
2592 1916 2663 1968 In
2718 1916 2914 1969 saecula
2981 1915 3296 1969 saeculorum
3350 1912 3650 1967 laudabunt
3703 1918 3771 1966 tc.

2077 2003 2187 2056 Hoc
2232 2006 2417 2056 totum
2456 2003 2751 2073 negotium
2784 2008 2867 2057 est
2913 2002 2993 2056 ibi
3027 2008 3383 2056 sanctorum:
3445 2017 3560 2054 non
3581 2005 3665 2054 est
3693 2000 3775 2054 ibi

2074 2090 2395 2158 necessitas,
2440 2107 2567 2162 que
2601 2095 2783 2144 mater
2812 2095 2898 2145 est
2955 2090 3214 2144 omnium
3246 2091 3630 2143 humanarum
3679 2103 3771 2140 ac-

2073 2179 2318 2245 tionum,
2372 2179 2509 2249 quia
2542 2179 2629 2232 cui
2664 2179 2885 2233 faciunt
2917 2179 2996 2233 ibi
3027 2179 3348 2250 quippiam,
3379 2178 3477 2231 ubi
3511 2177 3654 2231 nulli
3688 2177 3775 2230 in-

2074 2267 2301 2338 digent;
2332 2268 2547 2321 habent
2573 2284 2709 2337 ergo
2740 2272 2795 2321 et
2846 2273 3045 2339 agunt,
3084 2268 3233 2321 unde
3265 2266 3416 2321 beati
3454 2271 3602 2320 sunt.
3634 2266 3777 2320 Om-

2072 2356 2161 2409 nis
2192 2361 2380 2409 autem
2413 2356 2613 2410 beatus
2644 2357 2903 2410 habendo
2937 2356 3023 2409 vel
3056 2356 3278 2427 agendo
3319 2355 3525 2408 dicitur
3554 2355 3772 2409 beatus.

2142 2446 2302 2498 Vsus.
2334 2447 2385 2498 6.
2421 2475 2489 2485 —
2536 2447 2732 2500 Beatus
2782 2448 2869 2498 vir
2907 2446 3060 2513 cujus
3115 2450 3193 2499 est
3241 2445 3511 2497 auxilium
3564 2443 3661 2497 abs
3693 2448 3771 2496 te:

2075 2537 2407 2587 ascensiones
2438 2536 2495 2587 in
2524 2534 2687 2587 corde
2707 2549 2802 2588 suo
2833 2534 3117 2603 disposuit.
3156 2532 3362 2603 (CASS.)
3408 2532 3528 2595 Quo
3558 2529 3770 2583 auxilio

2070 2622 2138 2675 ad
2171 2623 2407 2676 domum
2440 2624 2718 2677 veniatur.

2138 2712 2299 2764 Vens.
2333 2716 2385 2764 7.
2421 2742 2489 2750 -—
2520 2713 2591 2765 In
2633 2712 2773 2764 valle
2803 2712 3189 2778 lacrumarum.
3239 2708 3439 2779 (Cass)
3471 2707 3642 2762 Vallis
3698 2706 3778 2760 la-

2067 2816 2392 2869 crymarum
2452 2806 2538 2853 est
2612 2799 2939 2870 paenitentis
3002 2798 3315 2852 humilitas.
3375 2798 3562 2866 (Anc)
3617 2796 3775 2851 Unde

2069 2893 2257 2942 autem
2292 2889 2555 2959 ploratio,
2588 2889 2723 2960 quia
2771 2889 2894 2958 lege
2927 2904 3028 2941 nos
3072 2887 3293 2952 afﬂixit,
3343 2903 3445 2958 per
3476 2901 3648 2958 quam
3680 2901 3772 2938 co-

251 2988 424 3039 more,
477 2978 530 3028 et
597 2991 856 3045 praepara
929 2979 1169 3031 animam
1242 2982 1394 3030 tuam
1468 2977 1542 3029 ad
1617 2980 1958 3031 tentationem
1989 2980 2033 3036 Ο
2070 2978 2373 3047 guovimus
2402 2983 2698 3047 peccatum
2747 2992 3067 3047 repugnare
3098 2975 3344 3045 spiritui,
3376 2980 3432 3029 et
3465 2974 3770 3045 gemimus,

251 3062 462 3130 (Eccle.
495 3064 574 3132 II).
613 3066 746 3118 Ecce
802 3067 1071 3132 torcular,
1120 3070 1515 3131 conteruntur,
1568 3071 1852 3119 exuuntur
1901 3067 1959 3120 in

257 3152 607 3221 tegumentis
660 3154 973 3207 carnalium
1019 3154 1450 3215 desideriorum,
1518 3153 1679 3224 quasi
1724 3154 1959 3210 vinaciis

253 3248 545 3295 exuuntur
591 3243 766 3295 veteri
820 3243 1075 3311 homine,
1125 3247 1179 3296 et
1233 3243 1289 3296 in
1331 3243 1665 3313 apothecam
1719 3244 1814 3297 Dei
1858 3246 1955 3299 de-

246 3328 471 3384 fluunt:
530 3330 658 3384 ideo
714 3331 1018 3385 toreularia
1070 3332 1338 3385 dicuntur
1371 3333 1625 3386 Ecclesiae
1660 3333 1957 3403 praesentis

241 3417 542 3487 temporis.
605 3419 709 3473 Sed
764 3420 861 3491 qui
927 3421 984 3472 in
1033 3421 1118 3474 his
1173 3421 1276 3474 filii
1335 3422 1497 3488 Core,
1551 3421 1611 3475 id
1657 3427 1741 3476 est
1790 3423 1951 3490 calvi,

250 3504 468 3559 scilicet
523 3506 768 3561 Christi?
823 3509 1023 3562 Calvus
1087 3525 1333 3579 namque
1388 3510 1621 3564 Elisarus
1677 3510 1877 3564 irrisus
1923 3530 1954 3565 a

246 3593 445 3662 pueris
476 3593 659 3665 figura
688 3596 797 3649 fuit
827 3597 1066 3661 Christi,
1094 3597 1191 3667 qui
1244 3598 1303 3649 in
1347 3599 1589 3652 calvaria
1629 3600 1950 3655 cruciﬁxus.

252 3682 386 3735 Ideo
417 3682 509 3736 hic
563 3685 847 3754 premitur
887 3685 1261 3751 Christianus,
1315 3691 1377 3739 ut
1422 3693 1640 3756 quaerat
1670 3688 1948 3757 quietem,

254 3786 385 3841 quae
413 3787 527 3824 non
561 3778 643 3825 est
680 3773 791 3841 hic,
836 3778 893 3828 et
922 3774 986 3828 tit
1015 3774 1066 3827 ei
1123 3775 1267 3828 Deus
1298 3774 1608 3845 refugium.
1659 3775 1760 3839 Qui
1796 3777 1950 3830 enim

246 3857 533 3913 incumbit
564 3863 825 3929 terrenis,
882 3862 1159 3917 incumbit
1208 3864 1263 3916 in
1314 3864 1583 3917 baculum
1631 3865 1945 3919 arundinis.

250 3948 359 4000 Pro
413 3951 790 4004 torcularibus.
843 3952 1028 4021 (Anc)
1062 3953 1123 4006 In
1154 3951 1423 4006 torculari
1456 3952 1668 4005 fructu:
1702 3969 1822 4005 uvze
1861 3952 1949 4005 vel

250 4036 422 4089 olivae
444 4044 698 4092 emanat:
733 4040 811 4093 sic
841 4041 898 4093 in
944 4040 1223 4109 pressuris
1258 4040 1459 4094 merita
1488 4047 1813 4094 sanctorum
1847 4057 1946 4110 pa-

245 4129 395 4190 tent,
420 4142 547 4196 quae
570 4127 628 4180 in
656 4144 791 4198 pace
822 4129 1091 4183 latebant.
1149 4128 1348 4199 (Cass)
1377 4129 1635 4183 Psalmus
1667 4130 1947 4184 secundus

244 4213 324 4267 de
346 4214 641 4270 charitate.
674 4217 862 4271 Primo
889 4218 956 4271 de
986 4216 1377 4271 inaestimabili
1410 4216 1690 4271 desiderio
1716 4223 1945 4272 aeterna

236 4302 472 4361 domus.

320 4392 481 4447 Vens.
542 4397 595 4449 2.
636 4424 709 4435 —
756 4395 927 4460 Quam
970 4394 1185 4447 dilecta.
1256 4395 1391 4447 Ecce
1450 4399 1663 4465 quanta
1721 4395 1944 4451 militia.

240 4480 475 4535 Etenim
499 4497 710 4550 passer,
746 4499 919 4553 quam
950 4498 1165 4536 secura.

318 4569 484 4622 Vens.
522 4570 573 4623 4.
649 4601 715 4609 -
776 4573 986 4625 Etenim
1032 4586 1245 4641 passer,
1306 4574 1409 4623 etc.
1464 4569 1661 4641 (Αυο.)
1718 4572 1948 4626 Duobus

239 4654 367 4708 duo
391 4656 609 4712 reddit:
652 4674 741 4712 cor
771 4664 832 4713 ut
864 4675 1096 4728 passer;
1128 4676 1252 4714 caro
1288 4664 1350 4713 ut
1382 4664 1584 4725 turtur,
1629 4660 1720 4713 cui
1768 4662 1864 4715 dat
1893 4666 1948 4715 et

231 4744 454 4815 pullos:
508 4745 677 4800 corde
734 4748 1050 4818 cogitamus
1102 4749 1300 4815 Deum,
1353 4748 1515 4818 quasi
1544 4749 1696 4802 volet
1750 4766 1946 4819 passer

232 4834 314 4887 ad
351 4834 614 4899 domum;
646 4850 812 4888 carne
861 4836 1083 4905 agimus
1113 4852 1304 4907 opera.
1339 4835 1545 4906 (Cass)
1575 4837 1730 4891 Sicut
1751 4854 1946 4907 passer

232 4922 457 4978 deserit
514 4924 698 4991 silvas,
763 4928 818 4979 et
868 4926 1096 4979 inventa
1153 4925 1321 4979 domo
1376 4925 1624 4993 lmtatur,
1674 4926 1773 4980 ubi
1830 4944 1943 4981 non

226 5014 411 5069 timet
442 5012 673 5067 insidias
714 5030 726 5067 :
761 5013 839 5068 sic
860 5014 1052 5067 anima
1094 5014 1342 5079 laetatur,
1388 5012 1526 5066 dum
1577 5014 1681 5067 scit
1701 5014 1806 5069 sibi
1838 5016 1940 5068 do-

224 5118 401 5157 mum
432 5106 690 5170 paratam
722 5101 782 5155 in
811 5103 971 5157 coelo.
1033 5102 1296 5173 Spiritus,
1360 5101 1459 5172 qui
1489 5106 1575 5155 est
1603 5103 1767 5172 quasi
1805 5120 1941 5173 pas-

220 5207 329 5247 ser
351 5191 547 5244 volans
576 5189 635 5243 in
668 5190 868 5257 altum,
900 5190 1140 5244 tendens
1169 5190 1239 5244 ad
1271 5189 1460 5260 ipsum
1482 5190 1680 5244 Deum.
1715 5191 1935 5259 Nidum,

218 5285 333 5335 etc.
388 5277 588 5348 (AUG.)
640 5279 813 5335 Nidus
861 5278 929 5332 ad
982 5282 1227 5348 tempus,
1283 5279 1474 5333 domus
1510 5294 1642 5331 vera
1676 5278 1734 5332 in
1772 5284 1936 5333 aeter-

218 5384 402 5433 num,
437 5367 643 5421 Nidum
685 5384 823 5437 ergo
874 5366 1012 5421 dicit
1043 5366 1232 5433 fidem,
1267 5371 1325 5421 et
1351 5366 1811 5423 conformitatem
1851 5386 1939 5423 sa-

223 5462 666 5513 cramentorum
705 5457 981 5523 Ecclesiae,
1015 5471 1183 5525 quem
1239 5455 1439 5510 nidum
1490 5455 1695 5525 qumrit
1724 5460 1934 5523 turtur,

221 5552 303 5602 ut
325 5551 568 5615 reponat
597 5545 785 5616 pullos
814 5562 965 5599 suos.
1014 5545 1135 5598 Non
1165 5544 1316 5598 enim
1353 5542 1544 5614 abjicit
1584 5544 1934 5615 ubicunque,

2071 3067 2360 3137 quomodo
2391 3067 2626 3134 scilicet,
2664 3065 2960 3118 veniamus
2990 3066 3057 3118 ad
3106 3066 3291 3117 locum
3325 3080 3498 3135 quem
3552 3061 3769 3134 posuit,

2070 3172 2177 3225 ope
2226 3156 2346 3225 ejus
2399 3160 2455 3207 et
2514 3154 2727 3208 auxilio
2784 3154 3003 3223 utique.
3063 3156 3126 3207 1n
3174 3155 3282 3206 loco
3342 3168 3497 3221 quem
3566 3153 3767 3221 posuit.

2068 3247 2276 3299 Etenim
2330 3244 2742 3297 benedictionem
2781 3244 2960 3297 dabit.
2994 3242 3102 3306 Qui
3150 3258 3267 3295 non
3318 3246 3505 3312 potest
3539 3239 3769 3311 exponi,

2067 3349 2235 3403 quem
2287 3333 2483 3386 oculus
2539 3349 2652 3385 non
2700 3331 2856 3398 vidit,
2902 3347 3004 3384 nec
3048 3330 3202 3383 auris
3262 3329 3495 3395 audivit,
3552 3329 3605 3382 id
3661 3333 3767 3393 est,

2064 3422 2320 3475 futurum
2352 3437 2617 3491 regnum,
2666 3420 2815 3491 quod
2850 3419 3134 3487 disposuit
3178 3424 3233 3473 et
3282 3417 3570 3473 ordinavit
3621 3418 3772 3472 Deus

2066 3514 2127 3562 ut
2158 3509 2225 3562 ad
2250 3508 2309 3562 id
2343 3526 2442 3579 per
2463 3510 2672 3580 gradus
2702 3509 2982 3561 veniatur.

2133 3599 2292 3651 Vens.
2326 3602 2379 3652 9.
2426 3628 2475 3636 ——
2529 3599 2747 3651 Domine
2794 3600 2930 3651 Deus
2960 3599 3250 3650 virtutum.
3294 3594 3494 3664 (Cass)
3530 3595 3664 3649 Orat
3713 3597 3773 3647 et

2060 3688 2327 3742 humiliat
2373 3703 2432 3739 se
2488 3702 2591 3756 pro
2662 3685 3068 3754 impetratione
3136 3684 3308 3754 hujus
3361 3682 3577 3736 auxilii.
3630 3684 3765 3736 Deus

2058 3777 2258 3830 Jacob.
2315 3775 2501 3846 (AUG.)
2557 3776 2736 3838 Quem
2793 3773 2977 3827 fecisti
3027 3774 3198 3827 Israel
3251 3788 3533 3843 apparens
3584 3771 3638 3825 ei
3687 3771 3768 3824 sic

2060 3866 2146 3919 fac
2166 3869 2222 3917 et
2253 3880 2342 3917 me
2374 3863 2559 3916 Israel.

2128 3954 2303 4007 Vens.
2357 3954 2436 4005 lO.
2472 3981 2536 3989 —
2565 3952 2781 4019 Respice
2825 3952 2883 4003 in
2926 3951 3145 4017 faciem,
3182 3953 3285 4003 etc.
3338 3950 3464 4020 Ipse
3487 3947 3643 4003 enim
3673 3948 3765 4001 lo-

2059 4042 2255 4113 quitur
2284 4040 2345 4094 in
2403 4039 2589 4105 nobis,
2648 4039 2801 4093 unde
2852 4038 3181 4109 Apostolus:
3214 4038 3304 4092 An
3342 4039 3765 4107 experimentum

2058 4130 2174 4197 ejus
2204 4131 2464 4198 quaeritis,
2502 4132 2599 4198 qui
2622 4131 2681 4182 in
2720 4144 2800 4182 me
2830 4130 3071 4197 loquitur
3095 4127 3369 4183 Christus!
3408 4127 3471 4180 Et
3504 4126 3562 4179 in
3596 4124 3764 4179 nobis

2060 4217 2350 4289 recipitur,
2385 4218 2531 4271 sicut
2587 4217 2684 4284 ait,
2719 4218 2822 4283 Qui
2869 4232 2960 4271 vos
3005 4218 3219 4285 recipit,
3267 4231 3349 4269 me
3373 4217 3593 4284 recipit.
3632 4217 3761 4269 Res-

2054 4310 2194 4375 pice.
2230 4306 2516 4360 Christum
2564 4307 2731 4360 Pater
2751 4321 2979 4376 semper
3010 4304 3258 4375 respicit.
3295 4303 3506 4374 (Cass)
3539 4303 3646 4357 Sed
3678 4304 3765 4358 fac

2057 4395 2366 4466 praesentia
2423 4394 2832 4448 incarnationis
2885 4409 3017 4448 eum
3073 4392 3333 4447 ventibus
3383 4392 3613 4463 respici:
3649 4392 3758 4445 vel'

2058 4485 2137 4538 ita
2186 4501 2289 4555 per
2337 4484 2537 4538 faciem
2591 4484 3024 4548 innotescimus,
3086 4482 3230 4535 aliis.
3294 4481 3483 4549 (AUG.)
3536 4484 3757 4551 Respice

2058 4590 2193 4643 ergo
2224 4576 2280 4627 in
2309 4574 2527 4639 faciem,
2550 4572 2606 4625 id
2624 4576 2724 4636 est,
2760 4571 3116 4625 innotescere
3148 4570 3235 4623 fac
3266 4570 3535 4623 omnibus
3566 4569 3759 4624 Chris-

2055 4666 2198 4728 tum,
2232 4664 2293 4714 ut
2312 4661 2598 4731 possimus
2630 4660 2712 4713 ire
2741 4660 2809 4714 de
2852 4661 3058 4713 virtute
3087 4659 3146 4712 in
3178 4658 3470 4712 virtutem.

2125 4750 2294 4803 Vens.
2368 4752 2450 4802 H.
2518 4779 2586 4786 —
2659 4749 2782 4802 Dies
2863 4764 2991 4801 una.
3052 4747 3453 4811 Immutabilis,
3524 4745 3756 4812 scilicet,

2052 4837 2175 4891 sine
2206 4842 2335 4891 ortu
2380 4841 2436 4890 et
2490 4851 2709 4899 occasu,
2759 4836 2850 4889 cui
2903 4852 3013 4888 non
3074 4835 3221 4889 cedit
3253 4835 3371 4889 dies
3433 4836 3752 4899 hesternus,

2051 4942 2224 4997 quem
2256 4942 2371 4978 non
2407 4929 2570 4994 urget
2631 4924 2928 4979 crastinus.
2982 4925 3156 4993 Super
3202 4925 3399 4990 millia,
3434 4940 3606 4994 super
3635 4922 3756 4977 inti-

2052 5014 2204 5069 nitos
2235 5014 2355 5069 dies
2377 5015 2709 5084 praesentes,
2731 5012 2832 5082 qui
2859 5013 3069 5066 habent
3090 5012 3291 5067 finem.
3332 5014 3571 5082 Propter
3599 5012 3750 5083 quod

2049 5104 2201 5170 elegi,
2235 5103 2341 5157 etsi
2392 5118 2613 5173 possem
2646 5116 2904 5171 regnare,
2965 5102 3203 5169 abjectus
3252 5100 3521 5171 opinione
3575 5103 3757 5156 homi-

2050 5208 2210 5258 num,
2261 5194 2319 5244 in
2346 5190 2500 5244 domo
2553 5190 2613 5243 in
2674 5188 2942 5255 Ecclesia,
3006 5193 3132 5243 Ecce
3189 5207 3352 5260 quam
3386 5190 3557 5257 dulce,
3604 5193 3759 5258 fasce

2051 5281 2336 5335 torcularis
2358 5281 2548 5348 premi.

2118 5370 2288 5425 Vens.
2364 5370 2451 5420 l2.
2495 5396 2561 5408 —
2589 5366 2728 5432 Quia
2787 5366 3215 5421 misericordiam
3258 5366 3468 5437 (Cass)
3526 5368 3654 5423 Ideo
3694 5368 3757 5423 in

2047 5458 2218 5513 domo
2254 5456 2350 5513 Dei
2384 5457 2532 5510 malo
2562 5472 2683 5510 esse
2732 5472 2904 5526 quam
2958 5455 3115 5519 alibi,
3151 5454 3285 5527 quia
3314 5456 3371 5509 in
3405 5474 3471 5510 ea
3523 5458 3618 5511 dat
3645 5458 3751 5511 mi-

2047 5547 2436 5611 sericordiam,
2480 5562 2592 5617 qua
2629 5545 2923 5615 justiticat,
2975 5549 3100 5615 post
3140 5545 3433 5600 veritatem
3486 5547 3752 5616 promissi
