4082 6184
338 259 437 313 987
963 255 1352 310 WALAFRIDI
1390 255 1637 311 STRABI
1674 254 1872 310 FULD.
1916 253 2078 310 MON.
2120 253 2273 310 OPP.
2318 253 2490 308 PARS
2538 252 2582 307 l.
2622 279 2691 290 —-
2728 249 3190 306 THEOLOGICA.
3733 252 3836 306 988

337 379 583 452 praemii.
616 378 725 435 Sed
752 376 1000 450 quibus?
1029 377 1118 431 his
1148 376 1248 448 qui
1285 376 1582 431 ambulant
1611 375 1671 430 in
1690 376 2035 434 innocentia.
2069 381 2114 434 Α
2220 379 2385 433 Vens.
2441 379 2524 430 11.
2574 404 2643 414 -
2700 374 3099 440 Misericordia,
3181 376 3289 428 etc.
3354 373 3486 446 (ln.)
3544 375 3848 446 Postquam

412 470 571 523 Vens.
620 471 704 523 l3.
753 497 821 507 ——-
886 468 1112 522 Domine
1157 466 1443 530 virtutum,
1493 467 1676 520 beatus
1743 468 1894 520 homo
1946 470 2044 536 qui
2154 466 2314 529 dixit,
2355 470 2485 534 etc.,
2517 479 2686 533 usque
2723 463 2798 518 ad
2826 463 3087 533 quomodo
3119 464 3322 517 veritas
3350 463 3417 517 de
3460 466 3606 517 terra
3623 469 3749 518 orta
3775 468 3849 516 est

335 563 540 628 sperat,
563 561 674 612 etc.
715 556 824 621 Qui
844 559 998 609 tanta
1022 554 1180 620 facis,
1214 569 1344 625 quae
1386 553 1497 608 dici
1527 571 1643 609 non
1673 561 1930 626 possunt.

886 696 1011 751 PSA
1020 696 1108 750 LM
1117 695 1196 751 US
1238 697 1498 751 LXXXIV.

409 820 569 873 Vens.
622 822 676 874 2.
717 849 783 858 —-
841 819 1179 873 Benedimisti
1229 821 1466 873 Domine.
1537 817 1729 888 (AUG.)
1784 820 2040 874 Psalmus

340 908 410 963 de
441 923 587 961 nova
642 907 1059 972 benedictione,
1117 913 1261 974 etc.,
1323 922 1493 977 usque
1521 907 1595 960 ad
1639 907 1709 962 de
1741 909 2039 964 aversione

338 995 680 1066 iniquitatis.

405 1086 592 1139 Vens.
638 1086 688 1139 3.
736 1113 798 1126 -
857 1086 1150 1140 Remisisli.
1206 1082 1334 1154 (10.)
1376 1083 1589 1138 Futura
1617 1082 1752 1138 dicit
1789 1090 1852 1138 ut
1889 1101 2042 1156 prae-

338 1172 529 1228 terita.

406 1260 568 1314 Vens.
616 1259 669 1314 4.
704 1288 769 1300 -
798 1259 1087 1326 Mitigasti.
1123 1259 1318 1330 (ωδε.)
1382 1261 1726 1332 Diapsalma,
1761 1260 1832 1316 de
1881 1277 2040 1316 aver-

333 1347 496 1403 sione
526 1347 648 1414 iraa,
673 1347 733 1402 id
764 1353 866 1413 est,
904 1365 1111 1419 paenae.

408 1437 568 1491 Vens.
612 1440 663 1491 5.
697 1466 766 1478 —
794 1438 1047 1494 Converte
1066 1453 1178 1492 nos.
1215 1438 1363 1493 Petit
1385 1439 1538 1510 quod
1569 1439 1756 1493 adhuc
1784 1438 2042 1494 futurum

337 1525 568 1581 sciebat.
602 1525 794 1592 Quasi,
831 1526 985 1596 quod
1040 1525 1156 1583 dixi
1186 1531 1248 1581 ut
1277 1527 1657 1597 praeteritum,
1685 1543 1786 1581 oro
1818 1533 1882 1581 ut
1918 1526 2038 1582 ﬁat.

353 1613 534 1685 (Αυσ.)
575 1615 828 1671 Converte
881 1629 998 1669 nos.
1033 1615 1373 1686 Pr0phetice
1403 1616 1520 1670 dixi
1553 1615 1762 1683 futura,
1793 1619 1857 1669 ut
1894 1631 2040 1686 prae—

334 1704 525 1774 terita,
584 1703 678 1758 hic
728 1710 920 1758 autem
955 1709 1079 1758 orat
1108 1710 1172 1758 ut
1223 1721 1355 1760 vere
1388 1705 1600 1770 futura,
1662 1705 1872 1769 dicens,
1899 1706 2037 1760 Con-

333 1797 487 1846 verte
543 1798 602 1847 et
657 1797 870 1858 averte,
919 1792 1082 1863 quasi
1136 1793 1305 1859 dicat,
1338 1793 1483 1863 Edixi
1541 1793 1705 1864 quasi
1761 1793 1928 1848 facta.
1975 1795 2043 1848 Et

333 1880 469 1952 quia
495 1880 658 1934 video
689 1881 901 1946 futura,
935 1885 992 1934 et
1019 1881 1153 1952 quia
1185 1898 1300 1936 non
1323 1886 1454 1936 sunt
1485 1898 1588 1936 oro
1618 1887 1682 1937 ut
1707 1881 1869 1937 ﬁant.

407 1969 596 2024 Vens.
631 1972 683 2023 6.
745 1999 811 2009 —-
871 1970 1137 2039 Nunquid
1187 1973 1245 2024 in
1297 1978 1576 2027 aeternum.
1628 1970 1904 2025 Praevidet
1933 1969 2040 2025 iste

336 2057 486 2112 hanc
515 2073 744 2128 poenam
783 2058 1182 2112 transituram:
1220 2061 1364 2125 Quia
1393 2062 1532 2114 sicut
1569 2061 1625 2112 in
1651 2059 1834 2113 Adam
1863 2072 2040 2112 omnes

337 2147 662 2214 moriuntur,
710 2145 792 2200 ita
847 2151 897 2200 et
948 2148 1008 2201 in
1068 2147 1292 2202 Christo
1349 2163 1526 2202 omnes
1585 2147 2035 2218 viviﬁcabuntur.

334 2235 614 2290 Irasceris.
667 2234 847 2306 (AUG.)
880 2235 971 2289 Ira
1000 2235 1102 2289 Dei
1141 2241 1226 2289 est
1276 2236 1462 2290 omnis
1508 2252 1678 2305 paena
1733 2251 1906 2307 quam
1936 2250 2038 2306 pa-

335 2322 497 2377 titur.
531 2322 688 2378 Sicut
725 2323 944 2376 dictum
994 2328 1078 2377 est
1106 2323 1286 2377 Adam
1333 2323 1560 2394 quando
1608 2323 1882 2394 peccavit:
1917 2325 2038 2377 Μα-

335 2410 534 2465 ledicta
565 2415 712 2464 terra
742 2413 802 2464 in
829 2426 986 2480 opere
1019 2417 1128 2477 tuo,
1174 2415 1225 2465 et
1255 2413 1312 2465 in
1344 2413 1522 2465 labore
1569 2417 1618 2466 et
1645 2411 1839 2466 sudore
1857 2413 2039 2465 vultus

338 2501 422 2553 tui
438 2502 669 2555 vesceris
693 2515 839 2569 pane
868 2504 976 2554 tuo.
1021 2501 1101 2554 De
1128 2499 1214 2554 ira
1261 2517 1398 2571 ergo
1460 2501 1727 2554 mortales
1756 2516 1954 2554 sumus
1985 2504 2041 2554 et

336 2587 659 2657 passibiles,
711 2587 809 2641 sed
858 2587 1112 2641 innovati
1169 2588 1231 2641 in
1287 2587 1528 2642 Christo.
1595 2590 1633 2642 Α
1677 2589 2037 2655 generatione.

336 2675 526 2730 Prima
556 2675 850 2746 generatio
879 2675 987 2730 fuit
1041 2676 1301 2731 mortalis
1329 2677 1398 2730 de
1446 2677 1553 2746 ira,
1587 2677 1697 2730 erit
1720 2677 1898 2730 altera
1929 2677 2038 2730 im-

338 2763 599 2818 mortalis
651 2765 721 2818 de
780 2764 1214 2819 misericordia:
1269 2765 1366 2820 sed
1414 2781 1518 2820 nec
1547 2765 1693 2819 hanc
1714 2764 2038 2818 misericor-

338 2853 491 2908 diam
524 2869 816 2907 meremur
845 2854 1100 2908 conversi
1128 2871 1232 2925 per
1269 2871 1374 2909 nos
1404 2855 1476 2908 ad
1508 2855 1708 2921 Deum,
1740 2854 1862 2924 ipse
1885 2853 2038 2908 enim

2152 557 2309 626 (Luc.
2342 553 2483 624 vm).

2223 644 2384 698 Vens.
2422 645 2504 697 l2.
2537 670 2602 682 —
2665 642 2885 696 Veritas
2941 639 3008 694 de
3050 644 3199 694 terra
3223 645 3344 694 orta
3393 643 3492 694 est.
3547 637 3678 708 (10.)
3710 638 3850 693 Cou-

2150 731 2319 785 fessio
2350 731 2418 785 de
2469 729 2727 798 homine,
2757 733 2822 782 ut
2850 745 2909 784 se
2942 733 3187 796 accuset,
3243 734 3371 797 etc.,
3404 743 3572 798 usque
3599 728 3676 781 ad
3723 727 3853 783 data

2150 824 2234 875 est
2256 818 2590 891 justiﬁcatio
2621 817 2966 872 conﬁtentis.

2222 910 2388 963 Vens.
2426 910 2508 963 14.
2563 937 2624 948 -
2656 908 2897 962 Justitia
2929 910 3054 961 ante
3078 922 3216 962 eum.
3250 905 3378 978 (10.)
3436 903 3630 960 Prima
3676 902 3853 957 homi-

2151 997 2240 1052 nis
2262 996 2484 1068 justitia
2513 1000 2619 1064 est,
2669 1001 2800 1063 etc.,
2849 1010 3018 1064 usque
3065 995 3141 1048 ad
3193 998 3249 1049 et
3303 994 3535 1048 visitans
3594 996 3772 1064 ponet
3796 991 3853 1044 in

2150 1086 2246 1141 via
2297 1101 2543 1157 gressus.
2607 1084 2947 1140 Ambulabit.
3015 1086 3325 1150 Accrescet,
3377 1083 3464 1137 vel
3519 1083 3850 1152 praecurret,

2153 1190 2362 1246 parans
2411 1173 2465 1228 ei
2496 1173 2676 1243 viam;
2708 1177 2764 1228 et
2822 1171 3100 1227 Dominus
3156 1172 3217 1226 in
3269 1172 3362 1226 via
3425 1175 3626 1243 parata
3685 1175 3857 1240 ponet

2153 1280 2396 1336 gressus.

2707 1333 2834 1388 PSA
2843 1333 2932 1387 LM
2941 1331 3021 1387 US
3065 1333 3298 1387 LXXXV.

2235 1442 2421 1499 Oratio
2473 1438 2678 1494 David.
2710 1440 2894 1508 (AUG.)
2923 1439 3181 1493 Psalmus
3227 1437 3352 1504 iste,
3411 1435 3699 1490 secundus
3760 1450 3853 1488 eo-

2153 1547 2282 1585 rum
2313 1530 2526 1600 estqui
2577 1529 2853 1583 orationis
2909 1527 3147 1582 nomine
3209 1525 3599 1592 intitulantur,
3652 1525 3716 1578 in
3747 1539 3857 1594 quo

2154 1619 2410 1675 Christus
2454 1618 2554 1672 Dei
2607 1617 2783 1672 Filius
2811 1623 2867 1672 et
2922 1616 3196 1684 hominis,
3227 1632 3376 1671 unus
3413 1615 3559 1668 Deus
3596 1629 3733 1667 cum
3765 1614 3858 1667 Pa-

2152 1713 2260 1775 tre,
2292 1724 2442 1762 unus
2465 1709 2636 1762 homo
2685 1723 2814 1760 cum
2845 1706 3193 1770 hominibus,
3227 1710 3351 1759 orat
3387 1704 3448 1758 in
3476 1703 3659 1757 forma
3687 1700 3856 1768 servi,

2152 1797 2252 1867 qui
2284 1800 2480 1850 oratur
2511 1812 2544 1849 a
2570 1794 2734 1849 nobis
2781 1793 2840 1848 in
2878 1793 3065 1847 forma
3095 1792 3215 1847 Dei.
3278 1792 3414 1847 Orat
3443 1806 3545 1860 pro
3602 1789 3774 1843 nobis
3797 1794 3856 1841 ut

2151 1885 2414 1940 sacerdos
2465 1889 2682 1948 noster;
2735 1887 2858 1938 orat
2912 1883 2972 1937 in
3021 1881 3185 1936 nobis
3232 1885 3295 1936 ut
3348 1884 3522 1951 caput
3569 1883 3850 1940 nostrum,

2151 1979 2346 2029 oratur
2375 1991 2406 2027 a
2435 1973 2598 2028 nobis
2621 1977 2683 2027 ut
2715 1974 2861 2027 Deus
2891 1975 3104 2026 noster.

2221 2061 2420 2132 (Cass)
2453 2059 2658 2116 Christi
2689 2059 2869 2114 oratio
2903 2059 3181 2126 ﬁdelium,
3213 2061 3343 2124 etc.,
3373 2072 3541 2126 usque
3601 2055 3678 2109 ad
3705 2069 3852 2108 com-

2147 2149 2423 2221 primeret
2470 2148 2764 2203 audaciam
2818 2147 3007 2202 stulta:
3037 2150 3092 2200 et
3123 2145 3457 2200 inconsultae
3494 2142 3849 2197 temeritatis.

2219 2238 2411 2310 (Αυο.)
2443 2238 2576 2292 Haec
2629 2237 2769 2293 dicit
2811 2237 3068 2292 Christus
3111 2235 3170 2289 in
3205 2235 3388 2304 nobis,
3421 2239 3478 2288 et
3509 2250 3613 2288 nos
3644 2233 3705 2287 in
3737 2232 3846 2285 illo.

2221 2326 2430 2400 (Cass)
2479 2327 2614 2383 Orat
2667 2325 3050 2394 ascendendo,
3083 2325 3238 2379 unde
3284 2322 3606 2378 concludit:
3647 2321 3847 2378 Omnes

2149 2421 2349 2486 gentes
2369 2415 2690 2470 adorantes.

2221 2505 2382 2557 Vens.
2406 2506 2467 2559 2.
2505 2533 2573 2542 —
2630 2504 2899 2569 Quoniam
2927 2505 3146 2558 sanctus
3199 2516 3336 2556 sum.
3379 2497 3562 2571 (Aea)
3597 2497 3849 2554 Christus

2148 2593 2384 2664 proprie
2442 2596 2669 2646 sanctus
2714 2591 3090 2658 sanctiﬁcans,
3144 2595 3277 2659 etc.,
3328 2603 3499 2658 usque
3565 2587 3640 2642 ad
3695 2585 3852 2639 mise-

2148 2697 2272 2735 rere
2293 2680 2610 2748 clamautis,
2633 2680 2856 2734 laetiﬁca
2886 2680 3154 2733 levatum.

2221 2771 2380 2825 Vens.
2415 2774 2466 2825 5.
2495 2801 2563 2809 —
2594 2772 2765 2825 Mitis.
2815 2767 2948 2840 (Ιυ.)
3005 2769 3246 2822 Portans
3300 2765 3614 2832 hominem,
3675 2763 3853 2818 donec

2146 2858 2406 2930 perﬁciat
2451 2874 2606 2925 eum,
2661 2864 2792 2922 etc.,
2823 2873 2992 2927 usque
3027 2857 3103 2912 ad
3135 2873 3266 2910 cum
3319 2854 3577 2910 nondum
3614 2853 3691 2908 sit
3720 2867 3852 2924 per-

337 2957 443 2997 nos
463 2941 761 2996 convertit.
813 2943 877 2996 Et
906 2942 1040 2997 inde
1093 2942 1320 2997 subdit:
1353 2946 1494 2998 Deus
1524 2948 1850 3010 convertens,
1881 2941 2044 3014 quasi
2084 2941 2124 2996 C
2151 2949 2352 3004 fectus.

338 3031 487 3086 sicut
513 3029 815 3087 viviﬁcatio
837 3036 922 3085 est
945 3048 976 3085 a
1003 3035 1080 3098 te,
1111 3031 1191 3086 ita
1220 3036 1276 3086 et
1296 3031 1611 3087 conversio.

407 3121 568 3174 Vsus.
604 3123 654 3173 7.
696 3149 764 3159 —
797 3122 934 3175 Deus
965 3125 1022 3174 tu
1080 3135 1382 3176 conversus.
1433 3121 1631 3191 (Cass)
1683 3121 1805 3175 Non
1837 3123 2038 3174 exten-

338 3209 499 3274 dens,
561 3207 660 3262 sed
708 3209 856 3262 Deus
901 3213 1258 3262 convertens.
1317 3209 1481 3263 Prius
1527 3210 1624 3264 dat
1683 3213 1873 3263 votum
1907 3224 2040 3262 con-

339 3297 640 3362 versionis,
702 3301 832 3367 post
888 3297 953 3350 ad
1005 3297 1178 3351 vitam
1237 3297 1408 3352 ducit.
1464 3297 1582 3364 Vel,
1615 3298 1762 3352 Deus
1790 3301 1854 3351 tu
1902 3313 2042 3350 cou-

337 3400 536 3438 versus
563 3384 634 3438 ab
660 3383 744 3438 ira
776 3383 837 3437 in
867 3384 1117 3438 adventu
1169 3384 1315 3439 Filii.
1355 3385 1667 3453 Viviﬁcabis
1695 3399 1810 3439 nos.
1861 3385 2040 3438 Tanto

339 3476 602 3542 tempore
651 3477 966 3543 antequam
1038 3473 1338 3528 habeatur.
1387 3474 1451 3527 Et
1519 3476 1672 3538 tunc,
1734 3473 1889 3528 Plebs
1947 3479 2044 3527 tua
2105 3513 2108 3516 .

337 3561 615 3616 laetabitur
637 3562 696 3615 in
727 3565 790 3622 te,
819 3577 948 3632 qua:
975 3561 1134 3632 prius
1158 3561 1218 3615 in
1240 3577 1300 3615 se
1330 3561 1476 3615 male
1509 3560 1811 3615 lmtabitur.

407 3651 585 3703 Vens.
642 3652 694 3704 8.
749 3680 817 3689 —
860 3650 1088 3705 Ostende
1136 3650 1311 3716 nobis,
1370 3652 1609 3705 Domine.
1670 3648 1853 3720 (Αυδ.)
1923 3649 2043 3704 Hoc

335 3737 552 3791 orando
611 3737 874 3807 praedixit
956 3738 1261 3808 Propheta,
1333 3744 1461 3804 etc.,
1519 3754 1689 3808 usque
1742 3739 1816 3793 ad
1882 3740 2044 3794 Beati

336 3824 537 3879 mundo
585 3826 758 3893 corde,
787 3829 1042 3895 quoniam
1069 3828 1180 3896 ipsi
1209 3830 1378 3882 Deum
1420 3827 1682 3884 videbunt
1712 3827 1931 3898 (Matth.
1959 3827 2036 3896 v).

341 3912 553 3984 (Cass)
603 3915 849 3971 Ostende.
883 3916 978 3969 Vel
1010 3915 1151 3986 petit
1204 3913 1310 3969 iste
1356 3915 1463 3970 sibi
1506 3916 1880 3987 spiritualiter
1907 3921 2040 3970 tan-

336 4006 461 4058 tum
488 4003 775 4058 Christum
805 4005 1046 4071 ostendi,
1079 4004 1292 4058 sciebat
1319 4019 1452 4058 eum
1493 4005 1726 4076 quidem
1757 4005 2037 4071 futurum,

335 4091 436 4145 sed
470 4091 614 4162 petit
661 4097 723 4145 ut
775 4107 919 4160 puro
962 4091 1129 4146 corde
1177 4092 1526 4158 intueamur,
1579 4109 1697 4147 non
1753 4093 2040 4164 corporeis

332 4181 510 4235 oculis
541 4185 606 4235 ut
657 4181 950 4236 inﬁdeles:
996 4181 1180 4236 Judaei
1224 4181 1380 4236 enim
1435 4182 1701 4238 viderunt
1749 4187 1805 4238 et
1853 4183 2040 4237 cruci-

332 4269 598 4324 ﬁxeruut.
654 4271 723 4324 Et
769 4269 830 4323 in
865 4270 1088 4324 futuro:
1149 4272 1408 4328 Salutare
1466 4276 1616 4325 tuum
1673 4271 1746 4326 da
1774 4273 1946 4340 nobis,
1982 4271 2040 4327 id

337 4362 442 4424 est,
502 4357 790 4412 Christum
862 4359 1323 4429 amplectendum
1379 4363 1437 4413 et
1493 4359 1922 4430 possidendum,
1977 4365 2041 4415 ut

337 4461 457 4500 non
495 4447 732 4500 tollatur
755 4462 790 4499 a
835 4446 1022 4512 nobis,
1069 4451 1126 4500 et
1183 4446 1262 4500 sic
1309 4447 1518 4518 legitur
1546 4448 1752 4518 partim
1791 4449 1860 4503 de
1890 4465 2038 4519 prai-

338 4533 507 4602 senti,
551 4539 608 4587 et
657 4533 866 4604 partim
927 4534 996 4588 de
1070 4534 1285 4590 futuro.
1339 4537 1793 4591 Misericordiam.
1856 4536 2039 4607 (Aea)

339 4622 594 4677 Christus
638 4622 847 4677 dicitur
907 4623 1318 4694 misericordia,
1378 4624 1515 4695 quia
1571 4625 1822 4680 ostendit
1876 4627 2040 4681 nobis

336 4711 804 4779 misericordiam,
861 4712 1069 4766 docens
1129 4713 1412 4784 quidquid
1470 4713 1608 4768 boni
1642 4713 1815 4768 habet
1867 4716 2039 4769 homo

336 4815 405 4853 ex
429 4801 543 4854 Deo
591 4816 731 4866 esse,
770 4805 827 4853 et
855 4799 934 4853 sic
980 4800 1153 4853 homo
1188 4816 1303 4856 non
1351 4801 1625 4872 superbit.
1683 4802 1787 4858 Sed
1824 4803 1901 4857 sic
1929 4803 2042 4858 hae-

335 4903 467 4941 rens
498 4893 555 4941 et
591 4887 785 4941 fruens
811 4889 926 4941 Deo
957 4887 1186 4942 laetatur
1220 4889 1278 4942 in
1309 4905 1398 4945 eo.

410 4975 571 5029 Vens.
603 4979 658 5031 9.
689 5006 758 5015 —
802 4975 1046 5030 Audiam
1091 4977 1227 5045 quid
1275 4979 1528 5047 loquatur
1558 4981 1616 5032 in
1643 4994 1725 5032 me
1750 4979 2037 5035 Dominus.

337 5063 538 5134 (CASS.)
571 5063 730 5118 Unde
766 5065 871 5118 scit
907 5070 963 5118 et
1001 5081 1104 5136 per
1159 5082 1331 5136 quem
1363 5066 1482 5133 ﬁat,
1531 5071 1588 5121 et
1632 5066 1770 5138 quid
1810 5072 2042 5138 praestet

333 5154 457 5226 ipse
504 5154 757 5210 veniens.
831 5157 1040 5210 Pacem.
1091 5154 1289 5226 (AUG.)
1349 5155 1657 5211 Christum.
1717 5158 1917 5211 Pacem
1966 5157 2041 5212 ad

341 5243 522 5296 Deum
554 5247 610 5296 et
641 5232 987 5312 proximum,
1016 5248 1074 5298 et
1100 5260 1204 5314 per
1233 5243 1538 5298 Christum.

409 5331 567 5384 Vnus.
605 5333 687 5384 10.
722 5360 790 5371 -
821 5332 992 5401 Prope
1023 5334 1266 5387 timentes
1301 5348 1438 5388 eum.
1483 5333 1614 5403 (ιο.)
1674 5331 1892 5404 Ubique
1921 5333 2041 5388 daa-

340 5416 535 5470 monia
564 5418 922 5485 colebantur,
954 5423 1083 5486 etc.,
1117 5435 1285 5489 usque
1332 5420 1408 5474 ad
1434 5419 1777 5475 immortalis
1807 5422 1863 5474 in
1919 5438 2043 5476 cor-

339 5519 482 5574 pore
513 5508 704 5558 nostro
735 5506 905 5561 modo
925 5508 1171 5562 mortali.

2218 3039 2381 3091 Vsus.
2430 3039 2481 3092 6.
2513 3066 2584 3076 —
2613 3037 2856 3092 Auribus
2888 3038 3126 3106 percipe.
3186 3032 3386 3103 (Cass)
3421 3031 3554 3086 Vide
3585 3030 3853 3085 ordinem

2149 3124 2450 3188 orationis,
2479 3129 2608 3190 etc.,
2653 3140 2822 3194 usque
2852 3125 2926 3179 ad
2955 3123 3216 3178 auditum
3243 3119 3631 3192 deprecationi
3687 3133 3850 3172 mete.

2221 3215 2384 3269 Vens.
2403 3219 2454 3269 7.
2479 3244 2548 3255 —
2590 3214 2996 3269 Tribulationis.
3031 3211 3210 3282 (Ana,
3231 3209 3423 3278 CASS.)
3457 3209 3598 3263 Cum
3628 3206 3855 3260 enixius

2149 3303 2449 3370 clamatur,
2486 3306 2615 3369 etc.,
2675 3318 2842 3372 usque
2893 3301 2967 3356 ad
3012 3302 3146 3371 quia
3195 3315 3302 3354 non
3329 3304 3406 3353 est
3455 3297 3654 3352 similis
3679 3300 3766 3350 tui
3801 3298 3858 3348 in

2149 3393 2256 3446 diis
2291 3392 2541 3446 Domine.

2222 3481 2380 3536 Vsus.
2412 3484 2464 3535 9.
2497 3509 2566 3520 —
2579 3481 2938 3549 Quascunque
2945 3478 3130 3546 fecisti
3142 3477 3353 3530 venient
3364 3479 3416 3529 et
3445 3472 3760 3528 adorabunt
3776 3488 3855 3526 co-

2146 3585 2288 3636 ram,
2321 3574 2433 3624 etc.
2473 3567 2650 3638 (AUG.)
2681 3568 2737 3622 Si
2767 3573 2854 3622 est
2881 3583 3020 3637 gens
3045 3581 3218 3637 quam
3248 3579 3363 3618 non
3393 3562 3526 3616 fecit
3559 3563 3731 3627 Deus,
3758 3560 3853 3613 illa

2148 3674 2265 3712 non
2297 3657 2578 3713 adorabit.
2619 3655 2939 3712 Aununtiat
2967 3653 3270 3710 Ecclesiam
3317 3651 3530 3722 ubique
3564 3649 3855 3715 diffusam,

2149 3747 2300 3818 quod
2340 3746 2509 3800 modo
2582 3733 2885 3816 impletum
2936 3748 3048 3798 est:
3104 3743 3166 3796 Et
3238 3743 3395 3806 nota,
3453 3738 3608 3809 quia,
3662 3742 3731 3790 ut
3780 3736 3858 3789 ait

2146 3833 2472 3904 Scriptura:
2505 3835 2569 3888 In
2616 3835 2732 3888 lata
2768 3836 2921 3901 gente
2963 3832 3141 3900 gloria
3171 3831 3337 3896 regis,
3380 3829 3439 3880 in
3494 3825 3857 3879 diminutione

2141 3923 2336 3992 populi
2357 3924 2627 3992 principis
2678 3923 2948 3976 contritio.
3002 3917 3304 3990 Sequitur:
3351 3917 3431 3970 Et
3467 3914 3857 3983 glori/icabunt

2146 4025 2355 4065 nomen.

2222 4098 2387 4152 Vens.
2443 4098 2526 4151 10.
2560 4126 2629 4136 -
2683 4100 2766 4151 Tu
2797 4110 2850 4150 es
2887 4097 3024 4150 Deus
3079 4094 3243 4149 solus.
3277 4089 3406 4160 (10.)
3461 4089 3560 4143 Vel
3601 4092 3663 4141 tu
3698 4089 3851 4142 solus

2067 4219 2110 4275 Β
2148 4199 2391 4255 magnus
2441 4188 2641 4238 contra
2688 4183 2929 4251 futuros,
2981 4179 3082 4253 qui
3137 4195 3196 4234 se
3253 4178 3450 4233 dicunt
3497 4190 3744 4246 magnos
3799 4174 3851 4225 et

2151 4272 2379 4416 deﬁes.
2415 4363 2502 4416 11.
2524 4391 2594 4401 -
2625 4359 2805 4415 Deduc
2835 4374 2932 4427 me,
2971 4358 3218 4425 Domine,
3253 4359 3312 4410 in
3352 4357 3446 4410 via
3494 4359 3609 4408 tua.
3642 4349 3846 4422 (Cass)

2147 4449 2284 4504 Orat
2310 4466 2414 4519 pro
2444 4449 2712 4504 omnibus
2769 4449 2891 4520 jam
2936 4446 3330 4512 adorantibus,
3387 4449 3443 4499 et
3478 4441 3740 4513 loquitur
3793 4438 3850 4492 in

2147 4539 2437 4594 membris.
2503 4540 2750 4606 Domine,
2807 4537 3000 4604 deduc,
3053 4541 3158 4590 etc.
3204 4534 3376 4590 Aliud
3426 4537 3510 4587 est
3588 4530 3726 4586 duci
3783 4527 3849 4582 ad

2146 4628 2316 4695 viam,
2347 4631 2403 4681 et
2453 4628 2609 4682 aliud
2658 4631 2742 4681 est
2784 4626 2914 4682 duci
2965 4625 3025 4678 in
3055 4624 3164 4690 via,
3214 4639 3286 4676 ne
3333 4624 3394 4676 in
3470 4637 3538 4675 ea
3587 4620 3848 4673 cadatur:

2147 4717 2362 4788 ubique
2405 4721 2577 4787 egent
2629 4715 2896 4771 homines
2955 4713 3232 4784 adjuvari,
3285 4711 3403 4766 sive
3455 4710 3567 4764 sint
3619 4708 3682 4762 in
3742 4707 3848 4769 via,

2147 4805 2263 4860 sive
2291 4810 2449 4860 extra
2483 4821 2630 4860 eam.
2662 4804 2764 4858 Via
2797 4807 2988 4858 autem
3036 4801 3294 4856 Christus
3353 4803 3458 4864 est,
3517 4797 3616 4868 qui
3676 4795 3846 4850 dicit:

2146 4897 2261 4962 Ego
2316 4909 2436 4950 sum
2481 4897 2592 4963 via,
2645 4895 2866 4957 veritas,
2923 4896 2973 4946 et
3032 4893 3169 4946 vita.
3225 4892 3460 4946 Lmtetur
3513 4902 3602 4942 cor
3653 4899 3847 4939 meum.

2149 4982 2336 5054 (Αυα.)
2405 4983 2468 5037 In
2523 4983 2731 5037 timore
2787 4981 3080 5035 mundano
3144 4977 3417 5050 praecedit
3472 4991 3662 5040 causa,
3723 4977 3850 5038 etc.,

2146 5086 2316 5140 usque
2340 5071 2414 5125 ad
2464 5071 2565 5142 qui
2615 5075 2805 5124 autem
2845 5068 3028 5136 timet,
3076 5071 3133 5122 et
3173 5083 3291 5121 nou
3349 5069 3557 5137 sperat,
3617 5062 3848 5133 depres-

2147 5175 2243 5214 sus
2274 5163 2374 5214 est.

2223 5249 2380 5303 Vens.
2419 5241 2504 5303 l3.
2553 5277 2623 5288 —
2658 5249 2746 5302 Ea:
2800 5247 3014 5312 inferno
3067 5245 3337 5312 inferiori.
3397 5241 3524 5314 (11).)
3581 5240 3689 5292 Per
3745 5237 3847 5290 hoc

2147 5336 2546 5407 intelligimus,
2580 5341 2711 5404 etc.,
2745 5350 2911 5405 usque
2961 5332 3036 5388 ad
3063 5333 3185 5387 hec
3213 5337 3348 5386 sunt
3381 5329 3700 5402 opiniones,
3737 5337 3846 5378 non

2151 5425 2513 5480 assertiones.
3451 5481 3466 5486 _

2225 5514 2392 5568 Vens.
2432 5514 2520 5569 14.
2551 5542 2622 5555 -
2668 5513 2838 5580 Deus,
2860 5513 3043 5582 iniqui
3097 5513 3512 5565 insurrexerunt
3539 5524 3702 5580 super
3748 5524 3842 5575 me,
