4082 6184
210 285 315 339 989

1340 283 1593 339 GLOSSA
1630 282 2031 339 ORDINARIA.
2075 310 2143 321 —
2182 282 2310 336 LIB.
2356 278 2602 335 PSALM.

3608 276 3716 331 990

205 412 257 462 et
282 408 575 477 Synagoga
616 410 934 477 potentium,
966 410 1072 461 etc.
1112 405 1317 476 (Cass)
1347 407 1487 460 Item
1519 422 1624 477 pro
1677 423 1735 461 se
1780 409 1906 459 orat
1933 406 1980 459 Α
2018 420 2175 460 nem.
2238 406 2418 473 (Αυο.)
2464 405 2614 459 Sicut
2670 403 2968 457 laetantium
3027 400 3245 455 collatis
3290 401 3557 455 omnibus
3580 416 3715 454 con-

206 497 353 552 facta
393 496 687 549 mentione
743 494 1024 564 passionis
1063 510 1181 548 suae
1242 499 1297 548 et
1321 495 1543 565 gloriae,
1606 496 1757 548 unde
1805 495 1912 548 ha-

207 585 346 639 bent
400 585 461 638 hi
501 601 603 654 pro
643 584 853 655 quibus
879 584 1066 639 oravit
1099 584 1340 638 multam
1373 583 1825 638 misericordiam
1859 588 1915 637 et

209 678 492 728 eruuntur
514 674 583 727 de
612 673 858 728 inferno.

281 764 443 818 Vsus.
506 765 590 817 16.
666 794 734 802 -
793 766 874 817 Da
928 764 1217 831 imperium
1265 767 1414 817 tuum

212 852 365 907 dicat
407 868 420 906 :
460 853 730 906 Transeat
786 856 1015 921 tempus
1077 851 1386 922 patientiae,
1442 849 1633 903 veniat
1686 854 1914 917 tempus

207 940 433 1010 judicii,
484 941 636 994 unde
684 956 800 993 non
853 944 1077 994 tantum
1140 942 1413 1006 Christus,
1474 940 1568 994 sed
1626 943 1681 992 et
1733 936 1913 992 sancti

213 1027 493 1081 sedebunt
540 1028 778 1098 judices,
834 1027 934 1099 qui
983 1031 1119 1082 sunt
1163 1028 1268 1098 filii
1313 1030 1544 1095 ancilla,
1585 1028 1642 1081 id
1692 1031 1779 1083 est
1808 1027 1913 1080 Ec-

213 1118 422 1172 clesiae.

1490 760 1673 832 (Αυο.)
1742 760 1914 825 Quasi

747 1188 1061 1244 PSALMITS
1120 1190 1376 1245 LXXXVI.

288 1296 446 1349 Vens.
502 1300 546 1350 1.
581 1326 650 1336 —
677 1298 941 1350 Psalmus.
977 1297 1192 1365 (Cass)
1238 1296 1381 1360 Quia
1421 1297 1539 1367 agit
1558 1297 1638 1371 (de
1671 1294 1913 1349 Ecclesia

212 1384 529 1437 secundum
562 1388 920 1453 potestatem.
969 1385 1067 1438 ubi
1103 1385 1223 1455 agit
1253 1402 1445 1454 opera.
1480 1386 1710 1441 Cantici.
1744 1385 1812 1439 Ut
1842 1383 1912 1437 de

212 1473 473 1526 szeculari
501 1474 836 1541 Jerusalem,
869 1474 937 1527 ad
972 1474 1415 1544 intelligentiam
1448 1490 1694 1545 superne
1726 1474 1909 1527 eleve-

211 1560 310 1627 ris,
345 1561 559 1617 scilicet
610 1562 679 1616 de
706 1563 929 1616 actione
977 1564 1042 1616 ad
1076 1563 1411 1616 theoricam.
1446 1563 1733 1632 Propheta
1761 1577 1909 1632 prae-

2023 494 2237 547 cludit:
2291 495 2447 549 Sicut
2507 493 2826 546 laetantium.
2883 492 3057 558 Sicut,
3103 490 3237 560 quia
3268 489 3395 542 talis
3425 488 3535 543 erit
3572 488 3715 541 laeti-

2022 583 2123 651 tia,
2156 582 2385 653 qualem
2416 580 2508 635 hic
2529 597 2641 634 non
2673 580 2958 645 novimus,
2993 584 3049 633 et
3073 578 3202 632 ideo
3234 594 3364 631 cum
3387 594 3505 631 non
3532 575 3721 646 potuit

2023 672 2285 742 exprimi,
2315 670 2472 740 dicit,
2504 674 2565 723 ut
2585 669 2789 740 potuit,
2815 672 2952 723 sicut
2982 669 3304 722 laetantium.

2552 810 2865 865 PSALMUS
2896 810 3183 864 LXXXVII.

2093 938 2255 990 Vens.
2297 940 2340 989 t.
2395 965 2463 975 —
2508 936 2808 989 Mahalath.
2848 935 3037 1001 (Ana;
3098 934 3336 999 Chorus,
3398 936 3462 985 ut
3492 930 3721 983 canenti

2022 1025 2227 1079 chorus
2257 1024 2621 1079 consonando
2666 1022 3028 1092 respondeat,
3080 1026 3222 1087 etc.,
3254 1036 3423 1089 usque
3468 1019 3541 1073 ad
3573 1018 3718 1071 dici-

2022 1120 2117 1168 tur
2147 1114 2299 1168 enim
2322 1112 2493 1167 fuisse
2520 1111 2755 1181 quidam
2787 1110 3101 1164 orientalis.

2093 1204 2254 1257 Vens.
2315 1207 2369 1257 2.
2404 1233 2473 1241 —
2527 1203 2757 1255 Domine
2784 1202 2942 1254 Deus.
2993 1197 3215 1268 (Cass.)
3269 1199 3460 1253 Monet
3512 1195 3718 1251 Christi

2022 1297 2269 1347 mortem
2312 1290 2542 1345 imitari.
2593 1290 2784 1344 Primo
2838 1293 3103 1359 precatur
3150 1287 3423 1341 auxilium
3466 1285 3719 1340 referens

2024 1387 2418 1453 contemptum
2465 1381 2535 1434 ab
2565 1379 2814 1434 inimicis
2843 1394 2857 1433 :
2890 1379 3043 1433 unde
3072 1378 3133 1432 in
3157 1378 3340 1432 forma
3369 1376 3517 1431 servi
3545 1390 3716 1428 orans

2023 1477 2092 1531 ad
2124 1482 2366 1546 patrem,
2396 1476 2513 1530 ait:
2549 1476 2591 1531 Ο
2625 1478 2857 1530 Domine.
3304 1514 3307 1519 λ

2092 1567 2256 1620 Vens.
2321 1569 2371 1621 3.
2405 1596 2473 1605 —
2503 1567 2671 1620 Intret
2708 1567 2766 1618 in
2813 1567 3111 1632 conspectu.
3163 1561 3283 1632 llo.)
3342 1561 3529 1614 Virtus
3553 1575 3717 1630 puras

210 1649 363 1704 dicat
392 1652 679 1705 caelestem
738 1652 1049 1706 Jerusalem
1110 1650 1245 1705 ﬁliis
1284 1652 1482 1718 Chore,
1538 1668 1711 1721 quam
1756 1666 1911 1704 com-
1951 1688 1992 1741 Β
2023 1655 2316 1719 orationis,
2350 1670 2479 1725 quae
2536 1654 2698 1724 quasi
2724 1653 2987 1723 quaedam
3019 1667 3264 1722 persona
3295 1650 3367 1703 ad
3412 1651 3589 1704 Deum
3621 1648 3715 1701 in-

212 1739 449 1792 mendat
484 1755 589 1809 per
618 1739 1013 1802 fundamenta,
1048 1744 1105 1793 et
1137 1743 1350 1808 portas,
1393 1744 1449 1793 et
1502 1739 1715 1793 famam
1740 1743 1800 1792 ut
1830 1738 1911 1791 eis

212 1830 495 1896 augeatur
556 1826 806 1881 affectus.
877 1826 1251 1881 Fundamenta
1310 1828 1441 1896 ejus.
1514 1828 1770 1881 Psalmus
1844 1826 1913 1879 de

211 1914 429 1970 ccelesti
481 1915 794 1970 Jerusalem
831 1932 842 1968 :
904 1915 1107 1985 plenus
1151 1915 1356 1986 spiritu
1392 1916 1696 1985 Propheta.
1733 1915 1914 1968 multa

210 2004 449 2057 volvens
486 2003 638 2072 apud
669 2019 749 2069 se,
782 2004 851 2058 de
891 2004 995 2057 hac
1026 2004 1271 2069 civitate,
1314 2005 1383 2059 de
1413 2021 1527 2074 qua
1554 2003 1701 2058 nihil
1732 2004 1914 2058 adhuc

215 2091 458 2158 dixerat,
512 2092 575 2145 in
627 2092 734 2146 hoc
800 2093 1051 2163 erumpit
1104 2110 1118 2146 :
1175 2094 1551 2147 Fundamenta
1597 2094 1734 2162 ejus,
1800 2097 1909 2147 etc.

215 2181 381 2235 Prior
429 2179 551 2235 laus
611 2198 642 2234 a
689 2182 1104 2248 fundamentis;
1157 2182 1414 2235 soliditas
1469 2181 1639 2236 totius
1670 2181 1914 2235 civitatis

214 2274 469 2323 notetur.
506 2273 660 2339 Ejus,
707 2287 823 2323 non
870 2271 1117 2324 refertur
1148 2270 1215 2324 ad
1250 2270 1478 2340 aliquod
1507 2271 1869 2341 prwmissum
1897 2286 1909 2324 :

214 2358 320 2412 sed
340 2358 408 2412 ad
437 2359 622 2412 cordis
651 2360 950 2428 Prophetas
970 2358 1425 2426 meditationem,
1458 2358 1594 2429 quia
1616 2374 1915 2430 nunquam

213 2447 287 2500 de
317 2447 417 2501 illa
443 2447 612 2502 corde
638 2451 915 2512 tacuerat,
942 2448 1047 2501 etsi
1073 2465 1189 2502 ore.

290 2537 453 2591 Vsus.
490 2539 543 2591 3.
598 2567 666 2575 ——
696 2538 869 2591 Dicta.
903 2538 1099 2607 (Ana)
1162 2538 1289 2591 llaec
1319 2541 1452 2590 sunt
1489 2536 1606 2605 illa,
1640 2552 1770 2608 quas
1801 2538 1918 2590 Do-

217 2624 411 2678 minus
442 2641 545 2694 per
568 2626 878 2695 prophetas
907 2631 976 2679 de
1000 2642 1066 2679 ea
1096 2625 1377 2695 praedixit.

295 2714 453 2767 Vens.
485 2713 536 2766 4.
570 2743 641 2753 -
680 2715 885 2768 Memor
913 2729 1019 2767 ero.
1080 2712 1207 2783 (Ιυ.)
1257 2714 1600 2784 Diapsalma.
1636 2712 1918 2767 Dominus

218 2801 287 2855 de
343 2801 542 2854 eadem
608 2802 947 2855 Jerusalem.
1010 2803 1212 2855 Memor
1268 2817 1357 2855 ero
1414 2801 1594 2856 Raab.
1654 2800 1918 2854 Ostendit

218 2906 348 2958 quae
380 2896 510 2943 sunt
538 2890 635 2943 illa
678 2890 957 2959 gloriosa;
1023 2890 1189 2960 quasi
1227 2890 1378 2944 dicat
1406 2906 1418 2943 :
1456 2891 1583 2943 Haac
1613 2895 1746 2943 sunt
1774 2890 1870 2943 illa
1902 2905 1915 2943 :

2023 1749 2135 1797 trat
2210 1748 2266 1797 et
2320 1743 2651 1797 mandatum
2704 1741 2926 1812 peragit
2982 1759 2997 1794 :
3049 1756 3163 1810 quo
3221 1755 3351 1793 caro
3416 1737 3716 1808 pervenire

2023 1833 2237 1904 nequit.

2094 1923 2259 1976 Vens.
2300 1922 2355 1975 4.
2413 1951 2482 1961 —
2513 1922 2653 1987 Quia
2702 1920 2908 1989 repleta
2931 1923 3028 1973 est.
3063 1917 3255 1990 (Αυρ.)
3306 1916 3419 1970 Hos
3448 1916 3717 1970 humanae

2019 2009 2370 2064 inﬁrmitatis
2401 2009 2652 2077 affectus,
2714 2013 2845 2075 etc.,
2878 2024 3048 2077 usque
3078 2007 3153 2062 ad
3200 2006 3296 2060 sed
3328 2006 3594 2059 humanae
3625 2004 3717 2057 in-

2029 2099 2317 2154 ﬁrmitatis
2346 2097 2575 2152 indicia.

2095 2189 2254 2241 Vsus.
2284 2190 2332 2241 5.
2367 2217 2433 2226 -
2466 2188 2808 2241 ΛΞεείγηαειιε.
2838 2183 2981 2249 Quia
3011 2200 3127 2237 non
3158 2184 3345 2237 solum
3375 2181 3588 2253 gravia,
3621 2181 3718 2236 sed

2034 2279 2090 2328 et
2119 2273 2531 2329 contumeliosa
2562 2273 2793 2343 pertuli.

2096 2362 2261 2415 Vens.
2321 2364 2371 2415 6.
2425 2391 2494 2401 ——
2576 2363 2734 2417 Sicut
2791 2362 3064 2415 vulnerati
3136 2359 3459 2413 dormientes
3522 2355 3718 2426 (Cass)

2025 2449 2166 2513 Quia
2190 2454 2245 2502 et
2291 2449 2410 2517 ipse
2460 2450 2655 2502 lancea
2698 2450 3043 2513 vulneratus,
3086 2452 3142 2501 et
3180 2446 3440 2516 sepulcro
3473 2445 3719 2505 clausus,

2026 2537 2119 2591 sed
2153 2537 2342 2590 ditfert
2370 2552 2474 2607 per
2522 2537 2629 2591 hoc
2677 2537 2834 2607 quod
2862 2536 3141 2608 sequitur,
3172 2549 3421 2606 quorum
3456 2549 3571 2586 non
3603 2547 3721 2585 me-

2026 2624 2245 2679 ministi
2265 2625 2469 2679 adhuc.

2103 2715 2166 2766 In
2211 2714 2469 2782 sepulcro.
2519 2712 2580 2766 Id
2642 2716 2744 2777 est,
2792 2712 2852 2765 in
2910 2711 3126 2765 carnali
3183 2710 3480 2780 voluptate
3529 2708 3721 2779 sopiti,

2034 2802 2187 2856 unde
2220 2803 2367 2855 Deus
2392 2818 2507 2855 non
2537 2801 2742 2855 excitat
2769 2817 2885 2854 eos.

2098 2894 2167 2944 Et
2196 2893 2307 2959 ipsi
2362 2891 2431 2943 de
2459 2907 2625 2944 manu
2650 2896 2744 2943 tua
2767 2890 2974 2958 repulsi
3027 2893 3170 2943 sunt.
3207 2887 3388 2958 (Auo.)
3410 2888 3534 2941 Non
3564 2885 3720 2940 enim

216 2979 279 3032 in
330 2978 430 3032 illa
489 2978 738 3042 civitate,
800 2978 992 3049 inquit
1053 2979 1338 3049 Propheta
1382 2996 1448 3031 ex
1500 2994 1743 3048 persona
1791 2979 1911 3043 Dei,
1954 2976 1994 3032 C
2024 2979 2095 3033 ad
2146 2978 2497 3033 dormientes
2526 2979 2634 3031 hoc
2676 2978 2943 3044 refertur,
3001 2977 3061 3030 in
3108 2976 3315 3046 quibus
3366 2980 3497 3029 sunt
3555 2974 3719 3045 justi,

215 3068 419 3122 Memor
463 3081 549 3120 ero
578 3067 729 3121 Raab
761 3071 811 3119 et
848 3067 1157 3134 Babylonis,
1216 3084 1343 3138 quas
1372 3083 1486 3120 non
1534 3066 1823 3137 pertinent
1846 3070 1916 3123 ad

215 3155 497 3227 populum
545 3156 896 3209 Judzeorum.
969 3155 1218 3210 Gloriosa
1268 3156 1333 3209 de
1363 3162 1433 3217 te,
1477 3154 1573 3208 ubi
1605 3171 1720 3209 non
1765 3157 1919 3210 solus

217 3248 307 3296 est
334 3244 583 3308 Judaaus,
615 3244 711 3296 sed
766 3259 964 3297 omnes
994 3249 1212 3313 gentes,
1246 3244 1416 3299 Raab.
1448 3246 1555 3298 Per
1608 3245 1919 3298 fenestram

220 3332 414 3386 emisit
463 3332 781 3398 coccinum,
830 3332 888 3386 id
941 3338 1046 3398 est,
1102 3333 1161 3385 in
1207 3333 1395 3387 fronte
1459 3332 1630 3387 habet
1686 3333 1917 3404 signum

221 3420 520 3490 sanguinis
537 3420 744 3474 Christi
767 3421 1011 3474 Ecclesia
1039 3422 1319 3493 gentium.

297 3509 455 3563 Unde
513 3525 526 3562 :
582 3510 871 3563 Publicani
928 3514 978 3563 et
1033 3513 1331 3565 meretrices
1362 3511 1661 3580 precedent
1710 3526 1802 3566 vos
1860 3513 1919 3565 in

236 3612 461 3663 regnum
493 3598 759 3652 caelorum.
794 3598 969 3664 Raab,
1001 3599 1242 3653 latitudo
1276 3600 1364 3653 vel
1398 3600 1666 3669 impetus,
1697 3605 1917 3670 gentes,

222 3700 353 3754 quae
380 3686 490 3739 late
519 3690 576 3739 et
632 3686 951 3755 impetuose
1000 3692 1280 3755 vagantur
1311 3703 1413 3757 per
1445 3688 1600 3742 vitia.
1624 3688 1705 3742 Ad
1740 3689 1917 3759 Baby-

221 3772 436 3827 loniam
467 3774 756 3843 pertinent
816 3790 1016 3828 omnes
1048 3775 1203 3839 mali,
1258 3781 1323 3829 ut
1350 3776 1419 3830 ad
1457 3777 1770 3831 Jerusalem
1796 3794 1917 3831 om-

218 3876 322 3914 nes
353 3862 550 3916 sancti.
586 3866 718 3917 Ecce
761 3864 1095 3933 alienigenae.
1150 3864 1368 3918 Memor
1425 3881 1542 3918 ero.
1598 3866 1780 3929 Quare
1812 3866 1921 3919 hoc

221 3949 461 4003 dixisti?
508 3954 637 4005 Eccc
691 3952 1030 4018 alienigenas,
1082 3951 1140 4005 id
1186 3957 1287 4017 est,
1321 3958 1570 4022 gentes:
1632 3959 1688 4006 et
1721 3956 1917 4021 Tyrus,

221 4038 491 4106 angustia
516 4039 802 4103 vitiorum,
825 4041 910 4092 vel
934 4040 1313 4109 paenitentiae.

296 4126 456 4179 Vens.
492 4130 539 4180 ὅ.
589 4156 656 4166 -
688 4128 949 4195 Nunquid
990 4128 1145 4183 Sion.
1184 4127 1508 4183 Secundum
1559 4127 1730 4182 aliam
1761 4127 1920 4181 litte-

214 4230 365 4268 ram.
397 4215 582 4268 Mater
618 4216 746 4271 Sion
775 4215 935 4281 dicet,
968 4217 1140 4271 homo.

248 4350 253 4355 .
291 4301 476 4371 (Aea,
514 4302 871 4371 Cass.)Quasi
902 4302 1086 4357 dicat:
1116 4304 1273 4358 Unde
1291 4302 1465 4357 alieni
1490 4303 1823 4373 pervenient
1842 4302 1915 4356 ad

214 4389 578 4443 Jerusalem?
608 4391 755 4445 Audi
809 4392 978 4447 unde.
1038 4394 1131 4446 Est
1151 4392 1386 4462 quidam
1441 4393 1635 4457 homo,
1693 4392 1749 4445 id
1809 4396 1915 4458 est,

217 4478 503 4544 Christus,
538 4478 637 4549 qui
670 4479 808 4532 dicit
852 4486 1025 4534 mater
1053 4481 1204 4545 Sion,
1240 4480 1297 4534 id
1327 4485 1410 4535 est
1437 4480 1761 4550 Synagoga,
1795 4496 1914 4533 ma-

215 4570 309 4619 ter
340 4581 466 4618 mea
508 4566 821 4619 secundum
878 4582 1137 4633 carnem;
1173 4572 1229 4621 et
1283 4584 1386 4638 per
1438 4568 1596 4621 hunc
1642 4568 1910 4633 veniunt;

214 4653 351 4724 quis
404 4660 488 4707 est
543 4654 714 4707 homo
744 4655 883 4708 ille?
911 4656 1034 4724 Ipse
1087 4661 1172 4710 est
1200 4657 1301 4726 qui
1347 4659 1407 4711 in
1452 4674 1514 4711 ea
1550 4662 1713 4712 natus
1755 4662 1834 4711 est
1862 4662 1919 4711 et

209 4758 345 4796 eam
377 4742 668 4810 fundavit;
704 4743 825 4812 ipse
856 4743 1015 4812 dicit,
1046 4749 1238 4811 mater,
1272 4745 1485 4799 civitati
1526 4746 1628 4800 illi.

289 4832 508 4901 (Cass)
542 4832 660 4897 Vel,
687 4833 1052 4887 commendat
1081 4833 1220 4888 Sion
1240 4834 1549 4903 spirituali,
1584 4839 1717 4903 etc.,
1750 4848 1918 4902 usque

207 4920 293 4974 ad
323 4937 572 4990 quorum
611 4921 976 4992 principum?

291 5008 489 5077 (Αυσ.)
524 5010 759 5075 Horum,
795 5010 1133 5076 (secundum
1165 5010 1334 5065 aliam
1356 5010 1624 5079 litteram)
1647 5013 1744 5078 qui
1778 5012 1921 5077 facti

210 5102 370 5162 sunt,
414 5096 630 5151 scilicet
681 5097 993 5167 principes,
1056 5101 1113 5152 in
1144 5115 1225 5166 ea,
1260 5099 1317 5153 id
1350 5104 1455 5165 est,
1486 5099 1587 5169 qui
1626 5099 1757 5153 facti
1788 5103 1919 5153 sunt

205 5182 543 5254 principes;
604 5188 910 5254 antequam
967 5189 1156 5238 essent
1183 5185 1244 5239 in
1283 5202 1367 5254 ea,
1414 5202 1530 5239 non
1560 5191 1722 5239 erant
1750 5185 1918 5255 prin-

206 5271 393 5339 cipes,
452 5271 545 5325 sed
581 5271 800 5341 abjecta
825 5271 1027 5326 mundi
1060 5289 1074 5328 :
1108 5274 1284 5341 Elegit
1308 5274 1461 5329 enim
1518 5277 1659 5330 Deus
1698 5276 1919 5343 inﬁrma

205 5358 417 5413 mundi
438 5363 499 5412 ut
527 5359 879 5425 confunderet
902 5362 1095 5426 fortia.

293 5448 455 5500 Vsus.
515 5452 568 5500 7.
629 5477 697 5486 —
752 5450 906 5502 Sicut
952 5451 1272 5503 latentium.
1316 5450 1521 5521 (Cass)
1573 5451 1912 5521 Diapsalma.

206 5535 527 5591 Concludit
565 5537 761 5606 paucis
809 5537 1016 5607 verbis,
1047 5541 1290 5609 tangens
1319 5539 1572 5594 futuram
1612 5539 1913 5595 beatitudi-

2028 3083 2276 3138 quorum
2309 3066 2440 3120 licet
2480 3083 2596 3121 non
2633 3066 2961 3120 meminerit
3018 3067 3163 3119 Deus
3211 3065 3388 3119 adhuc
3439 3068 3505 3117 ut
3531 3079 3719 3117 resur-

2027 3160 2167 3224 gant
2201 3171 2214 3208 :
2247 3155 2315 3208 de
2346 3155 2433 3207 his
2465 3159 2655 3207 tamen
2686 3155 2901 3208 dictum
2931 3158 3016 3207 est
3049 3169 3062 3206 :
3090 3156 3367 3207 Justorum
3423 3154 3618 3207 anima
3664 3155 3724 3207 in

2026 3260 2192 3299 manu
2222 3245 2320 3298 Dei
2346 3250 2473 3298 sunt
2504 3245 2663 3313 (Sap.
2697 3244 2795 3311 ιιι).
2836 3244 2952 3309 Vel,
2996 3248 3291 3312 posuerunt
3329 3257 3412 3295 me
3458 3242 3544 3294 rei
3572 3242 3720 3295 veri-

2027 3336 2162 3385 tate.
2191 3335 2254 3386 In
2296 3333 2414 3385 lacu
2446 3334 2717 3400 inferiori,
2756 3332 2811 3386 id
2843 3336 2946 3398 est,
2997 3332 3057 3385 in
3114 3331 3278 3402 aquis
3307 3330 3536 3395 inferni,
3570 3330 3717 3384 scili-

2028 3425 2119 3474 cet
2147 3421 2206 3473 in
2235 3420 2487 3474 tenebris
2518 3425 2573 3474 et
2599 3421 2660 3473 in
2688 3422 2895 3475 umbra
2925 3420 3145 3475 mortis.

2103 3509 2260 3563 Vens.
2295 3513 2348 3562 7.
2400 3539 2465 3547 —
2497 3511 2560 3563 In
2590 3509 2712 3563 lacu
2734 3510 2988 3575 inferiori
3048 3506 3248 3578 (Cass)
3284 3506 3382 3560 Vel
3439 3507 3649 3572 inferni
3706 3524 3719 3559 :

2028 3597 2164 3667 quia
2219 3601 2338 3650 tam
2393 3597 2612 3667 abiecta
2661 3603 2846 3649 morte
2893 3597 3112 3649 ablatus
3158 3595 3218 3648 in
3263 3594 3516 3648 tenebris
3571 3593 3724 3647 obli-

2027 3686 2232 3751 vionis,
2264 3701 2437 3755 quem
2477 3701 2647 3738 nemo
2689 3684 2963 3754 requiret.
2992 3685 3059 3737 Et
3087 3683 3281 3737 umbra
3322 3685 3533 3750 mortis,
3565 3683 3723 3736 locus

2030 3775 2332 3841 malorum,
2365 3773 2425 3826 in
2447 3789 2561 3843 quo
2594 3773 2936 3842 puniuntur.

2100 3864 2266 3916 Vens.
2304 3866 2357 3917 8.
2410 3891 2471 3900 —
2500 3862 2675 3929 Super
2720 3876 2800 3914 me
2844 3863 3190 3929 conﬁrmatus
3238 3866 3333 3914 est.
3393 3858 3517 3930 (Ιυ.)
3548 3860 3721 3914 Puta-

2027 3950 2168 4004 bant
2195 3950 2350 4020 quod
2371 3950 2455 4003 ira
2487 3950 2590 4003 Dei
2622 3949 2885 4019 periisset
2916 3952 2973 4001 et
3025 3948 3181 4020 quod
3212 3950 3361 4003 Deus
3394 3964 3592 4002 omnes
3623 3948 3718 4001 in-

2029 4038 2389 4109 dignationes
2440 4054 2611 4107 super
2641 4054 2773 4092 eum
2824 4037 3158 4103 induxisset,
3225 4037 3456 4107 quando
3486 4035 3723 4106 pertulit

2032 4144 2164 4181 eum
2185 4127 2459 4197 crucitigi.

2100 4217 2258 4270 Vens.
2296 4219 2347 4270 9.
2381 4246 2449 4255 —-
2495 4216 2676 4281 Longe
2705 4213 2905 4281 fecisti.
2965 4214 3081 4283 (10.)
3110 4212 3256 4278 Quid
3296 4212 3465 4267 amici
3512 4212 3636 4282 ejus
3661 4212 3719 4265 in

2027 4305 2295 4375 passione
2324 4305 2599 4358 fecerunt.

2096 4395 2279 4450 Notos.
2325 4394 2445 4447 Non
2478 4409 2621 4464 quos
2662 4390 2866 4458 novit;
2929 4390 3063 4461 quia
3120 4395 3255 4445 tunc
3313 4405 3511 4444 omnes
3540 4404 3720 4443 nove-

2027 4485 2115 4534 rat
2144 4486 2206 4534 ut
2232 4483 2399 4547 Deus,
2424 4482 2519 4535 sed
2550 4481 2757 4551 quibus
2786 4484 2953 4533 notus
2980 4483 3081 4533 est.

2099 4570 2256 4623 Vens.
2288 4571 2372 4623 lO.
2434 4600 2501 4610 ——
2540 4571 2675 4624 Tota
2707 4570 2814 4623 die.
2861 4568 3050 4639 (Αυα.)
3101 4569 3208 4621 Per
3234 4572 3483 4621 extensus
3526 4580 3720 4620 manus

2026 4658 2383 4712 continuatio
2438 4659 2721 4712 bonorum
2772 4673 3032 4727 cperum,
3081 4672 3114 4709 a
3169 4655 3375 4726 quibus
3422 4670 3720 4723 nunquam

2026 4746 2281 4812 cessavit,
2316 4746 2678 4815 intelligitur.
2710 4746 2774 4798 In
2805 4760 2969 4798 cruce
3000 4744 3154 4796 enim
3187 4758 3292 4796 nec
3338 4758 3454 4795 una
3482 4746 3599 4795 tota
3630 4741 3721 4794 die

2028 4832 2137 4886 fuit
2165 4834 2261 4887 illa
2291 4833 2567 4899 extensio,
2605 4849 2709 4887 nec
2739 4838 2923 4886 totum
2958 4848 3059 4901 pro
3102 4836 3266 4901 parte
3315 4835 3503 4900 potest
3538 4829 3721 4899 accipi

2028 4937 2159 4975 cum
2198 4922 2354 4976 addit
2383 4926 2519 4988 tota;
2575 4922 2671 4975 sed
2728 4920 2865 4991 quia
2896 4922 3015 4974 haec
3053 4936 3229 4990 opera
3288 4934 3406 4973 non
3453 4917 3720 4973 omnibus

2026 5011 2390 5081 profuerunt,
2418 5009 2592 5063 addit.

2098 5101 2257 5153 Vens.
2296 5103 2378 5153 ll.
2431 5128 2498 5138 —-
2536 5097 2801 5166 Nunquid
2830 5099 3075 5151 mortuis.
3111 5097 3361 5151 Mortuos
3413 5095 3579 5150 corde
3630 5095 3721 5149 di—

2027 5187 2121 5251 cit,
2179 5187 2386 5258 quibus
2426 5186 2571 5240 ﬁunt
2599 5185 2832 5254 quidem
2890 5184 3161 5238 miracula
3196 5184 3420 5249 Christi,
3472 5184 3571 5237 sed
3602 5199 3720 5237 non

2027 5281 2264 5346 prosunt
2298 5275 2379 5328 eis
2414 5291 2426 5328 :
2463 5273 2704 5327 mortuis
2734 5273 2889 5326 enim
2934 5288 3173 5341 corpore
3203 5272 3352 5326 facta
3381 5276 3516 5326 sunt
3546 5272 3720 5326 mira-

2025 5364 2182 5433 bilia,
2235 5378 2365 5418 cum
2422 5362 2655 5433 quidam
2702 5361 3043 5415 revixerunt.
3106 5362 3173 5414 Et
3264 5376 3393 5413 cum
3452 5361 3722 5415 Dominus

2027 5453 2315 5506 infernum
2338 5450 2675 5522 penetravit,
2712 5456 2882 5519 atque
2929 5449 3063 5502 inde
3088 5450 3272 5501 victor
3302 5448 3503 5503 mortis
3525 5465 3720 5503 ascen-

2026 5539 2131 5608 dit,
2162 5556 2437 5610 magnum
2470 5540 2817 5599 factumest
2862 5536 3103 5593 mortuis
3148 5536 3508 5591 miraculum.
3567 5539 3721 5594 Nun-
