4082 6184
346 283 442 334 991

1106 279 1497 335 WALAFRIDI
1539 280 1783 335 STRABI
1822 279 2023 335 FULD.
2069 279 2226 334 MON.
2271 280 2444 334 PARS
2487 279 2525 333 l.
2608 307 2638 318 -
2675 277 3140 334 THEOLOGICA.

3747 283 3851 332 992

347 402 487 472 quid
515 403 765 458 mortuis.
815 399 1013 473 (Cass.)
1045 399 1261 465 Quibus
1295 416 1412 454 non
1466 404 1710 472 prosunt
1740 417 1918 472 opera
1945 416 2046 454 sua
2072 401 2120 455 Α
2158 416 2257 472 spe
2281 400 2733 455 Christianorum
2761 403 2817 454 et
2846 398 3270 470 magniﬁcentia
3302 398 3528 453 Domini
3561 399 3739 453 multa
3761 399 3850 454 di-

348 490 618 546 ostendit.
680 492 800 543 Aut
855 489 1053 542 medici
1081 489 1440 554 suscitabunt,
1487 495 1594 544 etc.
1630 489 1817 560 (AUG.)
1852 490 1912 544 In
1947 491 2051 543 He-

2164 489 2263 559 cit,
2295 505 2398 561 per
2441 506 2570 560 quae
2619 505 2789 544 nemo
2840 489 3149 556 seducitur,
3211 487 3310 559 qui
3347 488 3516 559 digne
3554 489 3853 560 supplicet,

348 580 507 634 1)er
539 594 654 633 non
687 577 912 641 medici,
947 584 1076 643 etc.,
1128 593 1296 647 usque
1325 578 1400 632 ad
1431 598 1446 632 :
1483 579 1646 633 Nemo
1669 584 1844 649 potest
1874 581 2056 634 venire
2161 579 2316 650 quod
2339 595 2506 633 verus
2539 579 2706 633 Israel
2737 578 2818 632 ita
2857 577 3140 648 intelligit.
3185 578 3374 632 Primo
3419 577 3489 632 de
3541 576 3855 631 misericor-

349 667 426 723 ad
457 683 558 734 me,
579 670 692 722 nisi
711 669 872 721 Pater
899 668 1134 720 tramerit
1159 682 1297 720 eum.

425 756 588 808 Vsus.
629 757 719 808 l2.
758 783 825 792 —
855 755 1126 822 Sepulcro.
1180 753 1337 806 Unde
1368 752 1428 806 in
1480 752 1786 824 Evangelia
1817 754 1886 808 de
1919 752 2051 806 tali-

351 843 464 897 bus
497 858 511 896 :
547 842 761 897 Similes
787 843 914 896 estis
954 843 1218 910 sepulcris
1246 841 1512 895 dcalbatis
1543 857 1661 910 quae
1689 844 1825 908 foris
1878 858 2052 911 appa-

349 936 473 985 rent
519 930 824 984 hominibus
855 932 1096 999 speciosa
1141 945 1154 982 :
1208 931 1355 983 intus
1386 946 1508 984 vero
1565 931 1726 1001 plena
1756 938 1882 984 sunt
1917 934 2053 986 ossi-

350 1019 448 1072 bus
513 1023 865 1084 mortuorum,
952 1016 1136 1087 quasi,
1204 1016 1284 1070 sic
1357 1025 1414 1070 et
1473 1033 1571 1070 vos
1649 1018 1938 1087 hypocrisi
1998 1020 2055 1070 et

349 1106 676 1178 iniquitate.
721 1101 1179 1160 ~Illisericm'diam
1219 1109 1268 1159 et
1321 1107 1618 1160 veritatem.
1657 1106 1840 1176 (Aren)
1883 1106 2052 1160 Mise-

346 1195 654 1250 ricordiam
687 1199 743 1249 et
795 1195 1094 1249 veritatem
1146 1198 1302 1248 amat
1321 1194 1667 1266 conjungere
1717 1194 2050 1264 Scriptura:

350 1284 600 1339 maxime
643 1284 702 1338 in
731 1282 984 1354 psalmis.

426 1374 588 1426 Vens.
623 1375 706 1428 l3.
754 1375 911 1426 —In
962 1373 1207 1426 tenebris.
1268 1372 1426 1426 Idem
1474 1375 1605 1426 sunt
1632 1371 1848 1426 mortui
1879 1370 2052 1442 positi

346 1461 410 1516 in
441 1461 724 1532 sepulcro,
760 1465 816 1515 et
843 1461 1116 1528 tenebris,
1148 1465 1204 1514 et
1233 1465 1385 1514 terra
1415 1459 1738 1514 oblivionis.

424 1551 589 1604 Vens.
639 1551 722 1604 14.
768 1580 827 1588 -
871 1550 995 1618 Ego
1043 1549 1120 1605 ad
1149 1555 1216 1614 te,
1276 1551 1514 1616 Domine,
1565 1549 1816 1604 clamavi.
1848 1547 2042 1617 (Cass.)

349 1638 491 1702 Qua:
513 1637 572 1692 in
603 1638 721 1692 suis
753 1637 1031 1705 sustinet;
1085 1653 1212 1692 ecce
1260 1637 1466 1692 chorus
1487 1637 1844 1710 respondens
1899 1652 2044 1707 prae-

347 1726 586 1782 cinenti.

425 1815 549 1885 (In.)
603 1815 684 1870 Et
715 1830 808 1881 ego
851 1817 1032 1882 quasi,
1090 1830 1222 1868 cum
1266 1814 1396 1880 illis,
1451 1830 1578 1868 cum
1609 1813 1818 1885 quibus
1845 1828 2044 1870 unum.

423 1903 611 1973 (AUG.)
640 1906 709 1958 Et
737 1919 850 1971 ego.
883 1904 980 1956 His
1009 1903 1252 1956 mortuis
1283 1919 1400 1957 non
1431 1909 1674 1974 prosunt
1692 1918 1887 1974 opera,
1913 1907 2046 1970 etc.,

348 2005 519 2061 usque
547 1991 621 2044 ad
654 1992 719 2046 Ut
738 1991 897 2059 quid,
936 1993 1170 2056 Domine,
1193 1991 1434 2060 repellis.

423 2081 581 2134 Vens.
617 2083 700 2134 l5.
733 2109 799 2120 —
845 2082 911 2135 Ut
940 2081 1094 2150 quid.
1122 2080 1321 2151 (Cass.)
1354 2082 1486 2135 Ecce
1507 2085 1788 2152 quantum
1822 2079 2043 2135 deside-

353 2171 463 2222 rat.
521 2171 586 2224 Ut
625 2168 776 2236 quid,
833 2171 1071 2223 Domine.
1131 2169 1419 2239 Proponit,
1472 2170 1843 2241 quaerendam
1924 2184 2045 2224 esse

354 2271 629 2312 causam:
679 2273 804 2326 quae
879 2262 984 2324 est,
1042 2261 1104 2312 ut
1160 2258 1432 2312 dilatione
1490 2258 1645 2324 boni,
1689 2263 1744 2312 et
1799 2257 2048 2312 adversis

351 2345 764 2416 multiplicatis,
799 2346 1007 2417 quibus
1037 2347 1267 2416 repulsa
1314 2346 1477 2418 quasi
1508 2347 1690 2402 oratio
1721 2346 2044 2402 inflamme-

351 2439 450 2489 tur
487 2435 798 2488 ardentius.

421 2524 577 2578 Vsus.
613 2524 695 2578 16.
739 2553 807 2562 —
852 2524 1166 2578 Emaltatus.
1201 2523 1332 2594 (10.)
1395 2523 1556 2578 Prius
1604 2524 1824 2579 tumido
1853 2525 2044 2594 corde,

348 2616 570 2682 postea,
612 2613 965 2666 Humiliatus.
1011 2613 1117 2665 Per
1168 2612 1606 2667 confessionem.
1661 2614 2042 2681 Conturbatus,

347 2700 405 2755 id
433 2703 537 2765 est,
561 2699 829 2754 confusus
861 2700 931 2754 de
964 2699 1206 2770 peccatis
1235 2716 1304 2754 ea
1333 2701 1617 2756 damnado

416 2789 576 2843 Vens.
616 2792 699 2842 t7.
755 2818 824 2828 —
883 2790 1258 2844 Transierunt.
1312 2789 1515 2860 (Cass.)
1576 2791 1698 2846 Non
1745 2797 2043 2847 mansuete

348 2875 733 2948 contigerunt.

2088 1685 2128 1738 Β

2161 667 2257 722 dia
2280 673 2335 722 et
2352 668 2588 722 veritate
2618 684 2676 722 se
2698 673 2924 721 cantare
2948 665 3234 737 promittit
3264 667 3570 737 Propheta.

2229 759 2290 812 In
2319 762 2596 811 aternum.
2639 757 2839 825 (Cass.,
2895 756 3062 822 Rau.)
3120 756 3417 820 Quomodo
3457 755 3854 809 misericordias

2158 848 2218 899 in
2236 850 2495 900 aeternum
2531 849 2737 910 cantat,
2783 849 2839 898 et
2869 843 3080 914 gratias
3128 841 3268 913 agit,
3301 842 3400 912 qui
3446 842 3692 896 miseriae
3741 857 3856 894 non

2160 933 2462 988 meminit?
2489 932 2826 998 Quuomodo
2851 937 3042 985 autem
3064 932 3232 1001 plena
3253 931 3544 985 beatitudo
3559 931 3608 984 si
3638 946 3853 984 memo-

2157 1022 2245 1076 ria
2275 1026 2464 1075 reatus
2525 1026 2777 1075 mentem
2827 1020 3048 1089 tangit?
3112 1019 3220 1074 Sed
3273 1035 3422 1090 saepe
3451 1019 3567 1073 laeti
3605 1018 3857 1072 tristium

2159 1109 2550 1178 meminimus,
2608 1114 2664 1164 et
2698 1109 2819 1163 sani
2878 1109 3139 1163 dolorum
3179 1108 3300 1162 sine
3359 1108 3578 1174 dolore,
3627 1113 3684 1162 et
3725 1107 3859 1160 inde

2159 1198 2405 1269 amplius
2432 1198 2546 1252 laeti
2579 1203 2636 1252 et
2664 1196 2813 1268 grati
2845 1213 3075 1263 sumus;
3128 1197 3208 1250 sic
3256 1197 3448 1266 itaque
3503 1201 3559 1250 et
3605 1195 3859 1249 miseriae.

2159 1286 2476 1341 recordatio
2507 1286 2587 1340 nil
2623 1285 2993 1340 beatitudinis
3015 1285 3284 1339 detrahit.

2237 1377 2552 1431 Veritatem.
2592 1374 3056 1428 Promissionem.
3093 1374 3156 1427 In
3185 1389 3301 1439 ore,
3337 1389 3454 1426 non
3483 1388 3546 1427 ex
3575 1388 3677 1426 ore
3707 1371 3855 1426 labi-

2159 1469 2271 1530 tur,
2313 1464 2411 1518 sed
2443 1463 2501 1517 in
2527 1479 2626 1516 ore
2655 1463 2753 1516 diu
2792 1467 3064 1533 tanquam
3094 1461 3256 1515 dulce
3285 1465 3559 1514 versatur.

2230 1554 2390 1607 Vens.
2431 1555 2483 1607 3.
2523 1581 2596 1594 —
2623 1553 2888 1618 Quoniam
2915 1551 3131 1606 dixisti.
3168 1550 3265 1604 Hic
3292 1549 3428 1604 dicit
3465 1567 3479 1604 :
3523 1549 3682 1605 Unde
3715 1549 3861 1602 scit?

2159 1647 2216 1696 et
2247 1658 2375 1713 quae
2415 1640 2825 1695 misericordiae
2875 1640 2972 1694 Dei
2995 1655 3099 1710 per
3135 1638 3423 1695 Christum
3475 1638 3633 1692 sint?
3664 1638 3858 1707 (Ane.)

2158 1731 2309 1796 Quas
2367 1729 2802 1797 misericordias,
2854 1734 2912 1783 et
2957 1745 3131 1800 quam
3216 1729 3513 1783 veritatem
3570 1728 3860 1782 cantabo?

2160 1820 2318 1874 Ecce.
2888 1835 2890 1838 '

2231 1909 2500 1974 Quoniam
2527 1907 2747 1963 dixisti.
2803 1905 2975 1971 Quasi
3002 1905 3150 1959 dicat
3198 1922 3211 1959 ε
3273 1906 3390 1972 Ego
3435 1905 3605 1959 homo
3651 1921 3856 1960 secure

2159 1997 2308 2064 dico,
2334 1997 2484 2068 quod
2501 2002 2583 2062 tu,
2612 1997 2778 2062 Deus,
2801 1994 3011 2060 dixisti,
3035 2010 3136 2064 per
3151 1993 3427 2064 Spiritum
3451 1993 3849 2048 manifestasti.

2229 2085 2633 2142 Misericordias
2708 2083 3096 2154 aediﬁcabitur.
3155 2085 3336 2152 (Αυο.)
3388 2083 3705 2153 Utrumque
3766 2098 3852 2135 re-

2157 2174 2321 2246 petit,
2348 2174 2501 2245 quod
2531 2172 2810 2244 prmdixit.
2834 2172 2977 2236 Quia
3009 2171 3289 2225 universa:
3329 2171 3435 2224 viae
3484 2170 3714 2225 Domini
3748 2171 3850 2224 mi-

2158 2263 2467 2318 sericordia
2505 2267 2562 2316 et
2584 2261 2811 2315 veritas.
2838 2263 2961 2315 Non
2989 2259 3290 2314 exhibetur
3319 2259 3523 2314 veritas
3545 2259 3607 2314 in
3641 2259 3849 2330 imple-

2156 2351 2313 2406 tione
2351 2350 2789 2422 promissorum,
2840 2347 2952 2401 nisi
3003 2347 3292 2417 praecedat
3347 2345 3741 2401 misericordia
3787 2347 3843 2400 in

2157 2440 2554 2494 remissionem
2609 2442 2995 2508 peccatorum.
3036 2435 3311 2506 Denique,
3361 2435 3568 2490 veritas
3609 2435 3841 2500 ludatis,

2158 2527 2366 2599 quibus
2420 2523 2697 2596 promissa
2727 2524 2872 2577 facta
2928 2527 3080 2588 sunt,
3123 2523 3390 2592 pertinet,
3432 2521 3845 2589 misericordia,

2156 2616 2422 2686 gentibus
2450 2631 2463 2670 :
2490 2619 2552 2668 ut
2604 2613 2683 2667 ait
2717 2613 3024 2682 Apostolus
3055 2628 3070 2678 ;
3108 2613 3234 2665 Dico
3281 2613 3420 2665 enim
3447 2612 3639 2665 Jesum
3683 2612 3845 2668 Chri-

2155 2709 2298 2760 stum
2351 2706 2657 2758 ministrum
2698 2703 2875 2769 fuisse
2920 2702 3342 2756 circumcisionis
3370 2704 3593 2769 propter
3639 2703 3847 2754 verita-

2157 2798 2260 2848 tem
2294 2794 2396 2847 Dei
2454 2790 2832 2861 implendam:
2880 2795 3060 2856 gentes
3090 2793 3268 2842 autem
3321 2803 3484 2857 super
3538 2790 3847 2843 misericor-

2155 2881 2251 2936 dia
2273 2881 2534 2934 honorare
2564 2883 2730 2933 Deum
2745 2879 2934 2950 (Rom.
2965 2879 3078 2948 xv).

415 2965 596 3035 (Αυσ.)
634 2965 778 3030 Quia
821 2980 937 3019 non
965 2965 1034 3019 de
1093 2965 1268 3033 ﬁdeli,
1329 2966 1426 3020 sed
1460 2967 1531 3022 de
1580 2966 1798 3022 inﬁdeli
1827 2968 2042 3024 dictum
2074 2969 2115 3024 C
2224 2972 2285 3024 In
2340 2969 2502 3024 acetis.
2532 2968 2638 3031 Qui
2667 2971 2936 3022 enarrant
2981 2965 3222 3037 gloriam
3254 2964 3373 3030 Dei,
3401 2980 3504 3035 per
3527 2979 3674 3035 quos
3701 2964 3848 3018 aedi-

343 3059 429 3109 est
457 3070 470 3109 :
502 3057 592 3110 Ira
626 3057 722 3108 Dei
767 3058 947 3108 manet
973 3069 1138 3124 super
1167 3071 1305 3110 eum.
1370 3055 1559 3127 (Joan.
1630 3059 1735 3129 III.)
1769 3058 2042 3130 Flagellat

347 3143 500 3198 enim
522 3142 672 3197 ﬁlios
703 3159 848 3214 quos
891 3143 1111 3214 recipit,
1139 3144 1287 3198 unde
1319 3160 1332 3198 :
1389 3145 1529 3211 Quos
1558 3162 1651 3214 ego
1699 3163 1838 3214 amo,
1869 3163 2040 3217 arguo

343 3237 395 3286 et
421 3234 624 3298 castigo
682 3232 878 3300 (Apoc.
915 3232 1013 3298 Ill).
1054 3234 1118 3286 Et
1173 3233 1309 3286 alibi
1343 3250 1355 3286 :
1414 3236 1716 3290 Percutiam
1736 3241 1786 3290 et
1813 3239 2036 3292 sanabo.

345 3319 586 3374 occidam
611 3324 660 3372 et
691 3321 870 3374 vivere
898 3323 1120 3387 faciam.
1157 3321 1334 3389 (Deut.
1368 3324 1566 3392 xxxu).
1599 3324 1728 3393 (11).)
1788 3327 2039 3379 Transie-

345 3411 475 3461 runt
503 3411 552 3461 et
610 3408 1081 3462 conturbauerunt.
1141 3409 1286 3473 Quia
1334 3410 1487 3464 aliud
1531 3411 1652 3480 jam
1705 3412 1776 3467 de
1806 3411 2044 3467 damna-

342 3494 501 3549 tione
526 3495 797 3564 patimur,
857 3501 913 3550 et
943 3496 1097 3550 aliud
1132 3497 1200 3552 de
1239 3502 1454 3551 aeterna
1491 3499 1709 3553 ultione
1740 3501 2032 3556 timemus.

351 3585 600 3638 Terrores
627 3585 727 3638 tui.
765 3584 966 3654 (Cass.)
1021 3586 1173 3649 Quos
1213 3585 1442 3656 patior:
1503 3587 1640 3658 quia
1663 3588 1767 3643 tibi
1804 3591 2040 3659 placuit,

345 3687 466 3726 non
497 3688 624 3726 meo
661 3673 870 3728 merito
905 3674 1095 3744 (AUG.)
1138 3675 1406 3729 Terrores
1435 3674 1615 3730 futuri
1638 3677 1861 3748 judicii,
1897 3695 2042 3750 quos

345 3759 532 3815 omnis
553 3777 684 3815 caro
718 3761 898 3817 timet.

417 3851 879 3906 Conturbaverunt
926 3867 1024 3906 me.
1083 3851 1408 3907 Secundum
1481 3853 1872 3910 inﬁrmitatem
1919 3872 2042 3910 car-

342 3937 450 3993 nis.
513 3938 697 4006 (Aue.)
762 3939 1240 3995 Conturbaverunt
1271 3956 1352 3994 me
1401 3940 1712 4011 aliquando
1771 3948 2038 4010 terrores,

339 4025 422 4080 ita
476 4027 819 4081 conturbant
864 4027 1123 4082 animum
1166 4029 1508 4098 congitantis
1528 4029 2044 4100 circumpendenti-

343 4114 450 4168 bus
478 4114 664 4177 malis,
692 4121 757 4169 ut
786 4115 932 4169 sicut
980 4132 1144 4186 aqua:
1189 4116 1584 4172 circumﬂuere
1632 4119 1953 4186 videantur,
1987 4125 2043 4174 et

342 4201 780 4274 simulundique
801 4203 1173 4271 circumdare,
1197 4205 1350 4259 unde
1377 4205 1546 4260 amici
1567 4211 1623 4260 et
1641 4206 1958 4271 videantur,
1985 4211 2041 4261 et

341 4307 503 4344 more
534 4292 828 4357 deserunt,
862 4293 1016 4346 unde
1059 4294 1411 4362 Apostolus:
1455 4295 1644 4350 Omnes
1703 4311 1785 4350 me
1841 4297 2036 4351 dereli-

341 4384 575 4448 querunt
605 4379 718 4448 (II.
757 4383 895 4436 Tim.
927 4382 1025 4450 IV).

408 4469 566 4522 Vens.
630 4471 715 4523 18.
761 4499 827 4509 -
868 4469 1358 4525 Circumdederunt
1395 4487 1493 4526 me.
1526 4472 1742 4542 ((Cass.)
1806 4474 2041 4529 Peccata

338 4555 600 4627 undique
629 4555 863 4627 copiosa
885 4558 1258 4613 inundatione
1280 4562 1648 4616 concludunt.

417 4647 550 4700 Tota
578 4645 690 4700 die.
736 4647 918 4717 (Auo.)
963 4647 1107 4712 Quia
1136 4649 1296 4703 nullo
1321 4652 1580 4720 tempore
1631 4651 1837 4706 desunt
1894 4653 2044 4707 mala

343 4733 605 4788 Ecclesia:
637 4735 817 4790 donec
859 4735 1094 4790 ﬁniatur
1149 4737 1443 4793 saeculum.
1498 4739 1606 4794 Sed
1661 4741 1785 4795 haec
1847 4740 2042 4795 omnia

343 4821 509 4882 ﬁunt.
545 4826 609 4876 ut
638 4823 818 4878 oratio
860 4825 1119 4879 Ecclesiae
1159 4827 1472 4896 praeveniat
1503 4829 1684 4884 Deum
1738 4829 1917 4885 donec
1945 4830 2042 4884 illa

343 4911 496 4964 salus
525 4912 734 4978 veniat,
763 4913 860 4967 ubi
889 4913 1031 4968 nihil
1065 4915 1347 4970 malorum
1379 4916 1468 4971 sit.

416 5000 575 5054 Vens.
642 5003 720 5054 l9.
752 5031 820 5041 —
854 5005 1130 5057 Amicum.
1178 5004 1395 5073 (Cass).
1434 5006 1496 5059 Et
1529 5005 1628 5076 qui
1672 5007 1768 5077 pio
1799 5011 1856 5061 ct
1887 5008 2043 5062 ﬁdeli

343 5100 537 5140 arnore
567 5087 856 5158 conjuncti
887 5093 1037 5142 sunt.

415 5175 732 5231 Proximum
773 5181 824 5230 et
881 5182 1032 5232 notos
1089 5182 1198 5233 etc.
1286 5181 1608 5236 Parentela.
1681 5181 1844 5255 Saepe
1867 5184 2039 5255 justis

342 5261 595 5318 humana
623 5265 810 5320 ofﬁcia
842 5265 1049 5321 timore
1080 5266 1372 5322 subtracta
1401 5273 1558 5324 sunt.

842 5408 1154 5463 PSALMUS
1218 5409 1542 5466 LXXXVIII.

415 5526 570 5582 Vens.
605 5531 656 5582 2.
692 5559 760 5570 ——
814 5533 1236 5588 Misericordias.
1297 5533 1496 5604 (Cass)
1550 5534 1654 5589 Hic
1683 5536 1940 5592 Psalmus
1970 5538 2041 5593 de

2064 4251 2108 4305 D

2147 3059 2352 3114 ﬁcatur
2383 3057 2792 3112 misericordia.

2222 3149 2383 3202 Vsus.
2433 3149 2486 3202 4.
2521 3177 2585 3186 ——
2617 3147 2813 3201 ,Τυναυί
2863 3145 3040 3200 David
3093 3159 3243 3200 servo
3303 3159 3432 3198 meo.
3466 3143 3708 3198 Securus
3762 3149 3852 3197 est

2149 3236 2275 3297 iste,
2315 3237 2439 3290 ideo
2473 3235 2610 3307 quia
2666 3236 2814 3289 Dens
2857 3234 3048 3290 dixit:
3103 3234 3374 3300 securior,
3427 3232 3564 3304 quia
3601 3232 3848 3300 juravit.

2147 3324 2364 3378 Juratio
2399 3323 2498 3378 Dei
2529 3322 2927 3393 promissionis
2957 3326 3041 3376 est
3072 3322 3454 3386 conﬁrmatio,
3503 3337 3570 3375 ex
3600 3327 3853 3391 utroque

2149 3413 2215 3467 ﬁt
2237 3413 2412 3466 homo
2445 3413 2648 3476 Ethan,
2683 3411 2740 3465 id
2770 3415 2873 3476 est,
2898 3411 3182 3465 robustus.

2219 3502 2441 3555 γελῶ.
2490 3501 2653 3554 —In
2679 3506 2954 3554 zternum.
3007 3499 3204 3569 (Cass.)
3268 3499 3390 3553 Non
3431 3501 3516 3551 est
3553 3501 3852 3567 tempora-

2147 3589 2218 3644 lis
2247 3588 2550 3643 aediﬁcatio
2601 3588 3026 3654 misericordias,
3083 3587 3230 3641 sicut
3279 3586 3447 3640 ruina
3519 3585 3854 3656 iniquitatis

2149 3678 2480 3748 temporalis
2510 3683 2596 3731 est
2625 3693 2637 3732 :
2673 3676 2991 3731 destruitur
3019 3675 3175 3730 enim
3207 3675 3482 3746 iniquitas
3508 3672 3855 3744 temporalis

2149 3767 2211 3822 in
2255 3767 2621 3839 quibusdam,
2659 3771 2720 3820 ut
2744 3766 2805 3820 in
2826 3766 2908 3818 eis
2936 3764 3252 3820 aediﬁcetur
3275 3769 3491 3819 aeterna
3520 3762 3852 3817 misericor-

2148 3856 2262 3925 dia,
2313 3857 2464 3911 unde
2512 3855 2774 3910 Jeremiaa
2810 3853 3084 3909 Dominus
3112 3853 3250 3908 dicit
3289 3870 3302 3908 :
3337 3856 3468 3908 Ecce
3493 3867 3616 3919 ergo
3646 3855 3855 3906 consti-

2149 3946 2233 3999 tui
2262 3949 2310 3999 te
2338 3960 2502 4014 super
2519 3948 2697 4012 gentes
2744 3948 2793 3997 et
2821 3957 3010 4011 regna,
3045 3945 3104 3996 ut
3160 3942 3353 3996 evellas
3385 3945 3435 3996 et
3489 3941 3762 4004 destruas,
3805 3944 3858 3993 et

2149 4033 2456 4102 disperdas,
2493 4037 2544 4086 et
2594 4033 2844 4100 dissipes,
2878 4035 2929 4084 et
2963 4030 3193 4099 wdiﬁces
3237 4034 3288 4083 et
3332 4029 3564 4098 plantas.
3598 4029 3658 4082 In
3688 4042 3856 4093 gene-

2146 4124 2429 4176 rationem.
2487 4121 2672 4192 (Aae.)
2727 4119 3023 4174 Generatio
3072 4117 3227 4172 enim
3285 4133 3405 4170 non
3460 4119 3669 4187 potest,
3711 4120 3854 4183 etc.,

2148 4225 2317 4280 usque
2367 4211 2442 4264 ad
2470 4209 2691 4264 sedebit
2722 4215 2779 4263 et
2809 4213 2943 4262 tunc
2973 4207 3034 4261 in
3064 4206 3292 4261 sanctis.

2219 4300 2380 4353 Vsus.
2427 4301 2479 4353 6.
2511 4327 2583 4340 —
2634 4297 3039 4367 Conﬁtebuntur
3092 4297 3228 4351 costi.
3278 4294 3450 4366 (Cas.)
3498 4293 3853 4363 Diapsalma.

2147 4387 2404 4444 Secundo
2423 4386 2658 4442 diversis
2691 4386 2873 4442 modis
2911 4385 3129 4451 laudes,
3173 4389 3230 4439 et
3275 4383 3590 4454 potentiam
3621 4381 3722 4435 Dei
3748 4381 3855 4435 de-

2149 4477 2362 4540 scribit,
2409 4477 2591 4547 quasi,
2647 4475 2794 4530 sicut
2849 4473 3069 4542 dixisti,
3129 4474 3208 4528 ita
3272 4473 3370 4526 ﬁet
3420 4471 3850 4540 Conﬁtebuntur,

2148 4565 2485 4620 laudabunt.

2220 4654 2624 4723 Conﬁtebuntur
2647 4653 2766 4708 creti
2791 4651 3093 4707 mirabilia.
3127 4651 3192 4704 In
3218 4648 3376 4703 omni
3423 4647 3579 4704 enim
3616 4647 3851 4701 miseri-

2149 4740 2341 4796 cordia
2370 4740 2749 4812 perditorum,
2788 4739 2847 4793 in
2895 4737 3301 4810 justiﬁcatione
3338 4735 3651 4807 impiorum
3705 4734 3849 4804 quid

2149 4829 2452 4883 laudamus
2476 4828 2587 4883 nisi
2612 4827 2894 4882 mirabilia
2922 4827 3057 4881 Dei?
3080 4826 3296 4881 Laudas
3317 4824 3451 4896 quia
3473 4827 3853 4877 surrexerunt

2147 4917 2383 4985 mortui,
2417 4918 2544 4988 plus
2586 4917 2754 4972 lauda
2812 4915 2948 4986 quia
2989 4914 3268 4984 redempti
3301 4917 3432 4968 sunt
3486 4911 3715 4982 perditi.
3759 4912 3851 4965 Vi-

2149 5006 2248 5060 des
2267 5005 2423 5060 enim
2452 5004 2746 5059 hominem
2776 5004 2901 5058 heri
2933 5003 3264 5073 voraginem
3314 5001 3628 5068 ebrietatis,
3671 5001 3850 5055 hodie

2149 5100 2552 5149 ornamentum
2602 5093 2945 5149 sobrietatis.
2998 5092 3163 5147 Vides
3195 5092 3347 5146 enim
3395 5091 3689 5146 hominem
3723 5090 3848 5144 heri

2149 5199 2376 5237 caenum
2433 5181 2694 5252 luxuriae,
2759 5181 2928 5236 hodie
2980 5180 3152 5235 decus
3226 5179 3624 5250 temperantiae
3673 5177 3848 5232 :heri

2148 5270 2670 5342 blasphematorem
2729 5269 2848 5336 Dei,
2905 5267 3074 5323 hodie
3127 5267 3482 5322 laudatorem
3517 5265 3637 5320 Dei.
3679 5266 3848 5319 Vides

2147 5359 2443 5417 hominem
2473 5358 2595 5412 heri
2623 5373 2845 5411 servum
2871 5363 3164 5421 creaturas,
3192 5356 3356 5410 hodie
3377 5356 3657 5409 cultorem
3680 5355 3844 5409 Crea-

2149 5448 2337 5502 toris:
2396 5448 2518 5502 hezc
2573 5451 2706 5500 sunt
2756 5445 3041 5500 mirabilia
3082 5462 3211 5516 quae
3284 5445 3630 5499 conﬁtentur
3683 5443 3833 5497 coeli.

2149 5539 2363 5594 Etenim
2414 5539 2712 5592 veritatem.
2765 5534 2967 5606 (Cass.)
3011 5534 3105 5589 Vel
3161 5535 3282 5589 sine
3350 5537 3508 5587 enim.
3570 5531 3842 5587 Mirabilia
