4020 6184
200 295 309 348 993

1319 290 1574 346 GLOSSA
1612 290 2017 348 0RD|NARIA.
2062 318 2125 333 -
2170 293 2299 348 LIB.
2339 290 2583 346 PSALM.

3602 293 3707 345 994

200 413 495 486 quomodo
530 411 725 467 omnia
751 411 870 481 agit
903 415 959 465 et
992 411 1355 465 administrat
1392 410 1625 481 ubique.
1690 413 1904 467 Veritas
1933 414 1981 468 Α
2090 415 2250 468 Vens.
2289 416 2371 467 16.
2394 442 2463 454 -
2493 415 2688 467 Beatus
2716 412 2947 481 populus
2979 414 3077 481 qui
3106 415 3229 477 scit,
3253 416 3360 465 etc.
3388 413 3579 482 (Cass)
3610 414 3708 467 Ille

200 504 260 557 in
314 502 556 556 Ecclesia
607 500 705 553 ubi
771 499 1043 564 creditur,
1100 499 1330 554 Verbum
1377 515 1503 555 caro
1565 502 1793 568 factum,
1847 504 1904 555 et

201 592 359 663 quod
390 591 658 649 Trinitas,
682 589 842 659 prius
877 589 1044 642 Deus.

271 678 438 731 Vens.
480 682 535 731 7.
558 706 629 717 -
658 678 922 741 Quoniam
947 678 1091 745 quis.
1143 675 1330 747 (AUG.)
1368 678 1692 732 Notandum
1746 681 1901 751 quod

198 766 355 819 idem
404 771 534 819 sunt
564 765 691 819 coeli
724 770 779 817 et
812 764 1011 829 nubes,
1049 765 1261 818 scilicet
1312 766 1739 835 praedicatores.
1794 768 1900 824 Sed

198 854 347 917 cceli,
374 853 795 923 praedicatores,
820 856 1054 923 propter
1079 852 1360 923 fulgorem
1382 853 1654 909 veritatis.
1703 857 1899 923 Nubes,

200 958 330 1013 quae
374 941 664 996 nebulosa;
715 946 851 994 sunt
890 948 1126 1011 propter
1156 941 1562 995 mortalitatem
1606 943 1813 1008 carnis,
1847 951 1903 999 et

198 1030 337 1101 quia
367 1033 683 1095 transeunt,
706 1029 804 1083 ubi
827 1032 882 1082 et
912 1029 1263 1095 abscondita,
1296 1046 1421 1100 quae
1453 1035 1582 1099 post
1610 1030 1667 1083 in
1691 1031 1902 1098 judicio

198 1119 514 1173 clarebunt.
572 1120 634 1172 In
670 1120 822 1187 ﬁliis.
857 1118 953 1171 Vel
1002 1118 1247 1188 superis,
1279 1119 1367 1171 vel
1414 1118 1765 1173 hominibus.
1824 1120 1901 1173 Ne

200 1223 339 1277 ergo
369 1212 602 1278 putetur
633 1212 856 1260 tantum
890 1206 1103 1260 homo:
1137 1206 1233 1260 ille
1282 1206 1436 1260 enim
1468 1208 1763 1273 naturalis,
1797 1224 1901 1263 nos

201 1296 487 1366 adoptivi;
520 1294 616 1348 ille
663 1295 907 1364 genitus,
936 1310 1041 1348 nos
1072 1294 1273 1364 creati;
1326 1296 1422 1349 ille
1455 1295 1525 1349 ab
1556 1300 1771 1350 aeterno
1802 1313 1900 1367 ge-

202 1386 380 1449 nitus,
411 1400 514 1437 nos
535 1384 595 1437 in
624 1388 884 1453 tempore
915 1384 1076 1451 facti;
1112 1383 1204 1437 ille
1242 1383 1464 1452 unicus,
1493 1400 1599 1437 nos
1638 1384 1826 1438 multi.

277 1472 437 1525 Vens.
472 1473 523 1524 8.
574 1500 643 1509 —
682 1470 855 1538 Super
913 1485 1109 1524 omnes.
1181 1470 1301 1541 (ln.)
1361 1471 1634 1540 Angelos,
1685 1471 1772 1525 vel
1802 1472 1902 1525 ho-

203 1561 411 1626 mines,
443 1560 544 1630 qui
574 1564 709 1613 sunt
759 1560 1056 1630 stipatores
1083 1559 1204 1629 ejus
1241 1559 1511 1628 impares,
1545 1560 1644 1631 qui
1676 1560 1729 1615 ei
1749 1560 1900 1615 dono

203 1653 329 1721 ejus
361 1650 704 1720 proximant.

280 1741 456 1793 Vens.
515 1742 568 1792 9.
610 1768 683 1779 —
724 1738 861 1794 Tibi.
921 1736 1047 1808 (10.)
1104 1735 1211 1801 Qui
1263 1735 1455 1789 omnia
1513 1735 1711 1803 fecisti,
1769 1740 1900 1801 etc.,

202 1842 376 1896 usque
404 1827 477 1879 ad
506 1825 717 1879 tentari
746 1842 919 1894 supra
946 1825 1003 1878 id
1037 1825 1189 1894 quod
1211 1830 1397 1894 potest
1428 1824 1615 1879 homo.

280 1915 441 1969 Vens.
508 1918 591 1968 11.
642 1945 711 1952 -
770 1914 1139 1967 Vulneratum.
1198 1914 1591 1967 Humilitatus.
1643 1918 1726 1968 est
1772 1930 1901 1984 per-

204 2005 418 2069 dendo,
477 2020 620 2074 quos
678 2002 936 2068 tenebat;
996 2003 1323 2055 vulneratus
1381 2017 1644 2071 percusso
1711 2003 1900 2057 corde.

205 2093 307 2146 ubi
337 2091 718 2162 superbiebat.
752 2092 1076 2160 Superbum.
1112 2090 1293 2159 (Anc)
1321 2090 1542 2144 Scilicet
1572 2092 1900 2160 draconem,

204 2182 310 2253 qui
342 2182 399 2234 in
435 2181 578 2234 mari
610 2180 790 2233 factus
818 2185 903 2233 est
941 2180 1009 2233 ad
1042 2179 1401 2233 illudendum
1433 2178 1508 2245 ei,
1541 2179 1639 2250 qui
1671 2197 1774 2250 per
1804 2182 1908 2235 hu-

206 2271 405 2324 milem
468 2269 776 2336 Christum,
824 2268 883 2322 in
910 2285 1023 2339 quo
1080 2268 1177 2321 alii
1233 2273 1365 2321 sunt
1396 2268 1664 2336 humiles,
1713 2269 1905 2323 humi-

203 2359 455 2423 liantur;
515 2358 837 2412 humiliavit
879 2373 938 2410 se
970 2355 1243 2419 Christus,
1296 2361 1359 2409 ut
1407 2356 1739 2412 humiliaret
1805 2375 1904 2412 su-

206 2448 477 2519 perbum.
502 2446 793 2517 Superbus
817 2445 969 2498 enim
1014 2444 1288 2514 superbos
1316 2444 1545 2499 tenebat
1576 2462 1589 2500 :
1645 2447 1906 2500 vulnera-

206 2544 306 2592 tur
354 2536 616 2591 diabolus
679 2535 976 2588 vulnerato
1046 2532 1290 2598 Christo,
1348 2534 1607 2588 nondum
1665 2551 1730 2588 ex
1787 2539 1909 2589 toto

207 2630 471 2681 mortuus
502 2630 604 2679 est.
638 2625 910 2679 Inimicos.
962 2622 1157 2676 Aerias
1190 2626 1494 2691 potestates
1549 2624 1636 2677 vel
1684 2624 1909 2677 Judmos

206 2730 307 2785 per
367 2713 647 2767 mundum
700 2711 1001 2781 dispersos,
1037 2711 1123 2764 vel
1183 2711 1251 2764 de
1278 2710 1609 2765 hominibus
1652 2711 1791 2765 alios
1820 2727 1913 2764 as-

206 2801 451 2871 sumpsit
480 2801 579 2871 qui
611 2806 743 2853 sunt
771 2799 954 2870 spolia
984 2798 1216 2865 diaboli,
1250 2800 1391 2853 alios
1444 2799 1727 2870 reliquisti
1764 2814 1909 2869 quos

208 2895 337 2961 post
375 2905 508 2943 eum
538 2888 695 2942 abire
729 2887 1056 2958 permisisti.

2014 502 2135 570 scit,
2165 503 2264 573 qui
2316 518 2477 556 suam
2528 500 2782 554 laetitiam
2819 516 2931 553 non
2962 500 3017 553 in
3052 517 3174 569 sua,
3205 501 3303 554 sed
3336 501 3567 554 Domini
3594 501 3705 554 vir-

2011 595 2131 644 tute
2164 591 2345 661 ponit,
2400 592 2508 656 vel,
2570 590 2685 659 qui,
2740 589 2893 659 quod
2928 606 3024 643 ore
3068 593 3279 654 cantat,
3315 589 3487 643 corde
3546 590 3710 643 intel-

2013 680 2185 749 ligit:
2249 679 2397 733 unde
2444 679 2704 749 sequitur
2761 678 2868 730 hoc
2925 677 3253 748 praemium,
3288 680 3345 731 in
3378 679 3597 745 lumine,
3650 678 3707 731 id

2010 775 2117 834 est,
2142 768 2201 822 in
2234 767 2714 838 contemplatione
2747 767 3036 820 Trinitatis
3064 767 3528 836 perseverabunt.

2079 856 2481 912 Jubilationem.
2512 855 2752 920 Jubilus,
2783 855 3058 925 gaudium
3092 855 3243 925 quod
3273 854 3458 907 verbis
3520 855 3708 925 expli-

2009 947 2125 1001 cari
2151 962 2262 1001 non
2296 950 2503 1015 potest,
2536 960 2641 998 nec
2679 949 2870 997 tamen
2905 943 3133 1012 penitus
3183 941 3431 995 reticeri.
3467 944 3703 1005 Domine,

2008 1036 2068 1089 in
2123 1036 2323 1088 lumine
2366 1035 2548 1088 vultus
2598 1035 2681 1086 tui
2728 1032 3103 1096 ambulabunt,
3158 1035 3208 1083 et
3250 1033 3309 1083 in
3362 1031 3572 1083 nomine
3618 1036 3707 1083 tuo

2008 1124 2375 1178 exsultabant.
2433 1121 2631 1193 (Cass.)
2651 1120 3024 1175 Commendat
3053 1118 3317 1189 gratiam,
3376 1118 3444 1172 de
3478 1134 3585 1188 qua
3612 1134 3705 1187 ju-

2008 1211 2177 1266 bilus.

2087 1299 2269 1369 (Αυρ.)
2304 1299 2401 1352 Vel
2431 1298 2491 1351 in
2520 1298 2665 1351 bene
2706 1297 2910 1368 placito
2937 1301 3057 1365 tuo,
3090 1296 3143 1350 id
3215 1300 3300 1349 est
3355 1294 3415 1348 in
3464 1294 3702 1359 Christo,

2009 1388 2140 1443 ideo
2166 1388 2224 1441 in
2251 1388 2398 1457 ipso,
2432 1387 2567 1458 quia
2595 1386 2898 1456 assumpsit
2924 1401 3153 1439 carnem
3185 1388 3459 1449 nostram,
3504 1383 3562 1437 in
3594 1398 3707 1454 quo

2011 1475 2197 1531 omnis
2219 1493 2365 1547 spes.

2082 1566 2248 1618 Vens.
2282 1565 2371 1627 20,
2428 1593 2497 1602 —
2545 1564 2685 1617 Tunc
2743 1563 2946 1616 locutus
3004 1564 3082 1615 est
3123 1563 3183 1614 in
3225 1561 3452 1614 visione.
3506 1558 3704 1627 (Cass.)

2014 1652 2354 1722 Diapsalma.
2404 1650 2590 1704 Tertio
2647 1649 3056 1719 promissiones
3113 1648 3291 1702 Patris
3335 1648 3404 1701 de
3462 1646 3703 1701 Christo.

2011 1739 2279 1810 Superior
2325 1740 2450 1793 laus
2480 1755 2595 1793 non
2645 1743 2728 1792 est
2756 1737 2950 1803 dubia,
3001 1753 3173 1808 quam
3206 1742 3446 1806 paterna
3491 1732 3707 1787 contir-

2010 1832 2129 1881 mat
2159 1827 2480 1882 auctoritas.
2515 1826 2705 1894 (Cass)

2081 1916 2266 1987 (Ana)
2330 1918 2491 1970 Tunc.
2568 1914 2804 1978 Quando
2877 1913 3207 1983 disposuisti
3278 1914 3706 1973 testamentum,

2011 2005 2098 2059 vel
2129 2021 2259 2058 cum
2318 2005 2440 2059 haec
2468 2003 2684 2057 diceres
2739 2002 2901 2068 mihi,
2946 2008 3074 2055 tunc
3128 2003 3330 2056 locutus
3388 2015 3439 2053 es
3484 2000 3709 2064 sanctis,

2012 2094 2247 2164 reliquis
2306 2092 2601 2164 prophetis
2630 2095 2688 2145 in
2739 2094 2960 2158 visione,
2990 2107 3103 2144 non
3160 2091 3314 2144 enim
3374 2089 3710 2159 ignoranter

2011 2183 2185 2237 locuti
2224 2186 2376 2248 sunt,
2410 2181 2557 2234 sicut
2582 2181 2881 2235 Montanus
2912 2184 2969 2233 et
3021 2179 3255 2249 quidam
3299 2178 3397 2231 alii
3454 2174 3709 2230 haeretici

2014 2271 2305 2326 dixerunt.

2087 2361 2260 2415 Vens.
2325 2362 2420 2414 2t.
2484 2387 2547 2398 —
2608 2356 2786 2411 David
2836 2370 3048 2410 servum
3116 2370 3291 2408 mcum
3350 2355 3459 2407 oleo
3527 2355 3713 2405 sancto

2013 2464 2126 2503 meo
2189 2449 2330 2501 unmi
2384 2462 2521 2500 eum.
2576 2444 2750 2512 (Αιτσ.)
2800 2444 2967 2498 Manu
3016 2443 3241 2509 fortem,
3289 2455 3515 2496 servum
3573 2438 3707 2491 obe-

2016 2537 2289 2603 dientem,
2325 2536 2454 2590 ideo
2487 2534 2543 2588 in
2576 2550 2643 2589 eo
2675 2533 2836 2605 posui
2868 2532 3236 2603 adjutorium.

2088 2627 2250 2681 Vens.
2286 2627 2374 2679 23.
2408 2655 2479 2663 —
2503 2626 2759 2678 Inimicus
2791 2627 2849 2677 in
2879 2620 2953 2677 eo.
2983 2623 3112 2693 (In)
3163 2621 3451 2689 Diabolus,
3510 2626 3661 2679 unde
3694 2641 3708 2679 :

2024 2717 2182 2769 Venit
2226 2715 2480 2783 princeps
2509 2711 2702 2766 mundi
2729 2711 2913 2779 hujus,
2939 2716 2989 2765 et
3019 2713 3077 2763 in
3109 2725 3189 2764 me
3233 2724 3339 2763 non
3361 2710 3519 2765 habet
3548 2713 3710 2781 quid-

2017 2818 2180 2871 quam
2211 2801 2394 2870 (Joan.
2422 2799 2555 2871 xw).

2087 2892 2266 2944 Filius
2312 2890 2628 2957 iniquitatis
2685 2902 2789 2942 non
2844 2889 3077 2956 apponet
3108 2901 3307 2940 nocere.
3364 2887 3540 2943 Judas
3597 2903 3712 2941 non

279 2980 447 3033 Vens.
516 2980 598 3031 l2.
661 3008 725 3017 —
784 2976 890 3030 Tui
937 2981 1066 3031 sunt
1116 2978 1234 3031 cmli
1285 2982 1335 3031 et
1382 2982 1478 3031 tua
1523 2981 1601 3031 est
1643 2982 1790 3031 terra
1820 2992 1907 3031 or-
1941 2989 1982 3044 ο
2024 2984 2295 3051 apponet,
2326 2994 2441 3031 non
2472 2976 2640 3031 addet
2670 2975 2932 3030 effectum
2962 2974 3258 3029 voluntati.

125 3078 137 3087 °
207 3069 345 3133 bem,
391 3071 497 3120 etc.
521 3065 651 3136 (In)
682 3065 814 3119 Ideo
838 3064 899 3118 in
955 3065 1095 3119 cmlo
1125 3066 1499 3137 triumphavit
1548 3065 1617 3120 de
1657 3065 1904 3132 diabolo,

206 3155 346 3225 quia
368 3155 489 3224 ejus
519 3158 603 3207 est
631 3153 871 3219 ccelum;
910 3152 966 3205 in
1004 3158 1155 3206 terra
1185 3153 1253 3207 de
1276 3153 1491 3220 Judaaa,
1525 3154 1658 3224 quia
1687 3154 1810 3223 ejus
1826 3158 1910 3207 est

207 3249 382 3297 terra.
418 3242 531 3296 Cur
558 3257 697 3312 ergo
728 3241 810 3295 illi
843 3241 903 3294 in
942 3241 1141 3294 alienis
1171 3241 1617 3311 superbierunt?

283 3333 365 3386 Tu
393 3330 666 3398 fundasti.
696 3329 807 3385 Cur
832 3345 967 3399 ergo
999 3329 1057 3382 in
1084 3345 1216 3383 eum
1244 3345 1305 3382 se
1333 3329 1583 3399 erigunt,
1639 3329 1801 3400 cujus
1826 3334 1913 3384 est

209 3420 463 3475 ambitus
511 3418 732 3484 mundi,
784 3423 842 3472 et
899 3434 1100 3471 omnes
1157 3423 1432 3472 creatura:
1514 3435 1644 3489 quae
1700 3420 1759 3473 in
1841 3434 1909 3473 eo

211 3514 347 3564 sunt
362 3511 391 3563 ?

282 3597 453 3650 Vens.
483 3598 565 3651 t3.
598 3625 666 3635 —-
715 3595 1059 3663 Aquilonem.
1097 3593 1393 3649 Diabolus.
1434 3597 1583 3649 Mare
1605 3599 1662 3649 tu
1692 3598 1923 3667 creasti.)

211 3682 525 3738 Saeculum.
582 3683 765 3737 Stulte
819 3697 956 3751 ergo
1002 3681 1064 3735 in
1120 3698 1253 3736 eum
1309 3698 1368 3736 se
1422 3683 1672 3751 erigunt,
1712 3700 1745 3737 a
1799 3699 1913 3753 quo

210 3776 401 3826 creata
460 3776 613 3825 sunt.
671 3770 885 3825 Thabor
912 3777 962 3825 et
992 3772 1223 3825 Hermon
1252 3774 1311 3824 in
1331 3773 1543 3825 nomine
1574 3776 1680 3826 tuo.
1727 3770 1912 3841 (Αυο.)

208 3860 428 3914 Montes
474 3859 672 3930 Syrias,
697 3865 753 3913 et
782 3874 885 3928 per
906 3874 1003 3912 eos
1034 3864 1234 3929 gentes
1264 3858 1625 3929 accipiuntur
1682 3877 1713 3913 a
1752 3863 1915 3929 parte

208 3954 400 4003 totum
429 3964 532 4019 per
550 3947 963 4017 synecdochen.

285 4038 676 4092 Emsultabunt.
713 4036 934 4091 Christo
980 4036 1242 4090 veniente
1300 4034 1624 4106 allegorice.
1678 4036 1915 4102 Thabor,

209 4126 421 4191 Judaei,
454 4126 526 4180 ad
556 4141 701 4196 quos
742 4124 995 4195 primum
1026 4125 1223 4178 lumen
1255 4124 1430 4178 venit.
1488 4126 1734 4189 Hermon,
1770 4125 1916 4179 Gen-

210 4220 321 4281 tes,
359 4229 489 4285 quaa
538 4213 696 4283 prius
749 4213 981 4266 fuerunt
1035 4212 1549 4266 anathematizatze.
1606 4214 1669 4266 In
1706 4214 1918 4266 nomine

213 4309 308 4358 tuo
340 4302 710 4367 exsultabant,
742 4299 1062 4371 conjunctis
1084 4300 1143 4354 in
1173 4300 1438 4370 angulari
1470 4300 1661 4370 lapide
1693 4300 1918 4355 duobus

215 4390 555 4464 parietibus.

290 4479 484 4550 (Ana)
522 4477 755 4537 Thabor.
790 4477 1034 4532 Veniens
1090 4477 1288 4532 lumen
1345 4494 1377 4532 a
1425 4493 1650 4532 summo
1703 4477 1921 4532 scilicet

212 4569 462 4633 lumine,
497 4583 611 4638 quo
637 4565 901 4620 veniente
925 4566 993 4620 ﬁt
1037 4566 1345 4621 anathema
1387 4565 1531 4636 ejus,
1578 4566 1635 4619 id
1670 4570 1757 4621 est
1792 4566 1920 4620 dia—

212 4659 356 4722 boli,
391 4655 490 4726 qui
518 4672 620 4709 nos
659 4655 892 4709 tenebat
913 4655 973 4708 in
1029 4670 1218 4709 errore
1249 4670 1372 4709 suo.
1405 4653 1567 4718 Quod
1593 4658 1679 4709 est
1710 4671 1723 4709 :
1786 4670 1819 4708 a
1863 4659 1920 4709 te

218 4748 422 4802 datum
465 4749 547 4799 est
580 4748 637 4798 ut
676 4744 1094 4810 illuminemur,
1126 4748 1187 4797 ut
1219 4743 1521 4797 anathema
1548 4742 1752 4797 demus
1798 4742 1920 4797 dia-

217 4836 377 4890 bolo.

292 4923 457 4976 Vens.
523 4924 608 4975 t5.
662 4952 730 4961 —
771 4922 1105 4990 Przparatio
1134 4919 1270 4975 sedis
1317 4924 1439 4976 tua.
1493 4920 1699 4991 (ωδε.)
1755 4919 1921 4975 Sedes

222 5010 325 5065 Dei
387 5015 623 5077 aeterna,
656 5009 753 5074 sed
783 5009 843 5063 in
890 5009 1107 5080 judicio
1163 5009 1461 5080 apparebit
1498 5014 1721 5079 parata,
1789 5026 1921 5064 cum

221 5100 347 5171 ipse
392 5098 680 5153 videbitur
728 5098 880 5168 juste
938 5098 1214 5169 judicare.
1276 5098 1372 5151 Vel
1427 5097 1602 5152 modo
1661 5097 1921 5152 homines

220 5187 598 5243 discernendo
632 5191 687 5241 et
708 5186 863 5257 jnsta
889 5186 1159 5253 tenendo,
1213 5190 1420 5258 parant
1464 5202 1522 5240 se
1572 5186 1766 5241 sedem
1817 5187 1924 5241 Do-

224 5277 409 5331 mino.

296 5364 677 5421 Misericordia
722 5368 774 5420 et
824 5367 1026 5421 veritas
1074 5365 1379 5435 precedent
1431 5366 1630 5432 faciem
1664 5367 1831 5419 tuam.
1877 5364 1924 5417 Α

224 5453 604 5509 similitudine
628 5453 996 5523 praecursoris
1027 5453 1334 5510 Dominum
1352 5452 1666 5523 hospitium
1699 5468 1923 5524 praepa-

223 5543 428 5597 rantis.

2088 3069 2251 3121 Vens.
2279 3070 2368 3121 24.
2420 3097 2488 3105 -
2517 3067 2567 3120 Α
2604 3067 2746 3133 facie
2791 3066 2967 3134 ipsius
3020 3066 3288 3117 inimicos.
3323 3064 3512 3133 (AUG.)
3574 3065 3715 3119 Cum

2017 3157 2188 3212 facies
2243 3156 2365 3225 ejus
2416 3157 2739 3225 peccatores
2796 3152 3049 3222 respicit,
3094 3168 3126 3205 a
3171 3150 3508 3205 criminibus
3545 3167 3713 3221 sepa-

2019 3250 2238 3310 rantur,
2267 3242 2477 3313 quibus
2508 3258 2625 3295 non
2655 3247 2741 3295 est
2771 3242 2929 3294 locus
2960 3240 3065 3293 sub
3091 3239 3398 3309 praesentia
3429 3241 3571 3309 ejus.

2090 3335 2252 3387 Vens.
2286 3336 2374 3386 ‘25.
2404 3361 2472 3372 —
2496 3331 2577 3385 Et
2607 3332 2809 3384 veritas
2838 3344 2957 3383 mea
2985 3333 3034 3381 et
3055 3328 3429 3382 misericordia
3450 3344 3568 3381 mea
3599 3344 3719 3382 cum

2019 3426 2159 3492 ipso,
2216 3425 2267 3475 et
2320 3422 2379 3473 in
2403 3420 2615 3473 nomine
2654 3432 2763 3471 meo
2812 3416 3149 3471 eaaltabitur
3192 3432 3357 3470 cornu
3408 3416 3545 3484 ejus.
3589 3416 3715 3487 (lo.)

2022 3512 2185 3581 Saepe
2235 3505 2624 3562 misericordia
2645 3511 2700 3559 et
2752 3505 2961 3559 veritas
3004 3505 3480 3559 commendantur
3527 3504 3714 3572 nobis,

2024 3605 2156 3665 etc.,
2197 3613 2368 3667 usque
2392 3596 2467 3650 ad
2488 3595 2585 3649 ubi
2616 3596 2737 3648 haec
2762 3594 2870 3648 sibi
2902 3599 3233 3648 occurrunt.

2095 3688 2259 3741 Vens.
2305 3688 2391 3740 3i.
2443 3713 2504 3725 -
2558 3685 2620 3739 Si
2664 3688 2844 3736 autem
2894 3682 3296 3749 dereliquerint.
3360 3682 3487 3735 Non
3533 3680 3719 3735 solum

2024 3777 2092 3832 de
2129 3773 2583 3844 persistentibus,
2644 3771 2740 3825 sed
2796 3775 2853 3824 et
2891 3770 2960 3824 de
3011 3769 3343 3823 cadentibus
3391 3770 3511 3822 haec
3580 3785 3716 3839 pro-

2024 3865 2211 3919 mitto.

2096 3953 2260 4005 Vens.
2292 3952 2384 4004 33.
2439 3979 2506 3987 —
2535 3949 2602 4002 1n
2628 3949 2805 4012 virga.
2850 3944 2985 4009 Quis
3023 3944 3175 3997 enim
3229 3948 3313 3998 est
3342 3943 3533 3999 ﬁlius?
3587 3948 3717 4010 etc.,

2024 4055 2195 4109 usque
2221 4037 2332 4092 ad:
2358 4040 2427 4091 Et
2455 4039 2513 4089 in
2541 4034 2869 4096 verberibus,
2903 4038 3010 4086 etc.

2098 4130 2211 4183 Non
2241 4126 2571 4193 dispergam.
2606 4122 2798 4192 (Anc)
2857 4121 2981 4191 Ipse
3028 4135 3146 4174 non
3203 4119 3353 4174 tollit
3398 4118 3720 4174 misericor-

2027 4215 2181 4270 diam
2221 4213 2293 4281 ei,
2330 4212 2431 4283 qui
2461 4209 2816 4266 Christianus
2846 4207 3079 4278 quidem
3113 4212 3235 4261 est:
3270 4206 3424 4277 quod
3454 4205 3501 4259 si
3546 4206 3721 4259 homo

2030 4305 2108 4359 ita
2138 4302 2373 4373 iniquus
2424 4304 2529 4367 est,
2563 4304 2628 4352 ut
2656 4297 2856 4369 (fugiat
2887 4297 3187 4351 accedente
3240 4301 3427 4367 patre,
3486 4295 3609 4366 ipse
3664 4309 3722 4347 se

2026 4392 2260 4457 alienat,
2283 4406 2401 4445 non
2429 4393 2592 4460 pater
2621 4387 2815 4458 abjicit
2833 4402 2988 4441 eum.

2098 4482 2267 4535 Vens.
2299 4482 2385 4534 35.
2415 4508 2484 4518 -
2513 4479 2696 4545 Neque
2738 4474 3064 4545 profanabo.
3097 4473 3338 4528 Profana
3393 4476 3539 4527 esset
3591 4487 3717 4542 pro-

2029 4569 2245 4634 missio,
2303 4566 2351 4620 si
2382 4570 2530 4620 esset
2572 4565 2873 4635 inexpleta.
2930 4562 3201 4633 Nunquid
3258 4566 3495 4632 propter
3541 4561 3723 4615 malos

2027 4657 2210 4728 pisces
2243 4654 2386 4709 nihil
2412 4671 2482 4709 ex
2538 4654 2634 4707 illa
2663 4669 2873 4723 sagena
2913 4651 3164 4706 mittitur
3208 4650 3268 4704 in
3298 4650 3569 4703 vascula?
3597 4649 3720 4704 Mit-

2026 4750 2222 4801 tentur
2239 4746 2438 4816 utique
2465 4744 2599 4797 boni
2634 4743 2835 4813 pisces,
2868 4741 2925 4796 id
2952 4745 3055 4807 est,
3090 4757 3233 4811 quos
3273 4738 3719 4811 praedestinavit.

2099 4837 2263 4889 Vens.
2295 4836 2381 4889 36.
2408 4864 2477 4872 —
2514 4833 2683 4901 semel
2718 4832 2929 4900 juravi.
2978 4829 3170 4900 (Cass)
3232 4830 3410 4883 Homo
3455 4828 3722 4899 frequen-

2028 4928 2135 4991 ter,
2171 4925 2317 4978 Deus
2346 4922 2523 4988 semel,
2556 4920 2655 4992 qui
2688 4936 2802 4973 non
2831 4918 3102 4973 variatur.

2098 5015 2163 5068 In
2191 5017 2395 5068 sancto.
2439 5012 2502 5065 In
2530 5009 2764 5064 homine
2788 5007 3030 5075 Christo,
3072 5006 3132 5060 in
3164 5022 3280 5077 quo
3316 5004 3718 5075 complendum

2030 5106 2153 5156 erat
2198 5101 2354 5172 quod
2412 5098 2629 5171 juravi;
2688 5097 2775 5150 vel
2832 5096 3028 5164 David,
3066 5095 3122 5150 id
3181 5099 3267 5150 est
3319 5094 3562 5150 Christo.
3620 5109 3725 5163 per

2031 5189 2408 5244 sanctitatem.
2434 5188 2640 5252 Semen,
2672 5183 3001 5239 Christiani.

2102 5278 2270 5331 Vens.
2305 5277 2392 5331 38.
2424 5305 2493 5315 —
2549 5275 2700 5330 Sicut
2729 5273 2807 5326 sol
2859 5274 2919 5325 in
2947 5274 3249 5340 conspectu.
3283 5269 3480 5341 (Auc.)
3512 5268 3723 5323 Secun-

2032 5365 2169 5421 dum
2220 5364 2493 5426 animam,
2540 5367 2668 5430 etc.,
2716 5375 2886 5431 usque
2914 5360 2988 5415 ad
3046 5360 3104 5414 in
3134 5359 3298 5427 coelo,
3324 5358 3381 5413 id
3431 5362 3516 5413 est
3563 5357 3726 5414 Chri-

2035 5458 2177 5509 stus.

2110 5543 2185 5596 Tu
2271 5555 2395 5595 vero
2467 5526 2759 5609 repulisti.
2818 5537 3021 5608 (Cass)
3094 5535 3437 5607 Diapsalma.
3511 5536 3727 5601 Quarto
