4082 6184
412 304 516 356 995

1029 297 1419 352 WALAFRIDI
1457 294 1702 350 STRABI
1742 294 1937 349 FULD.
1981 291 2150 347 ΜΟΝ.
2188 291 2339 350 OPP.
2382 291 2556 346 PARS
2593 292 2636 346 Ι.
2677 319 2747 329 -
2784 289 3236 347 THEOLOGICA.
3795 299 3885 350 996

410 425 644 479 adversa
677 423 961 495 praedictis
991 418 1463 491 promissionibus
1493 417 1673 488 ponit,
1723 432 1793 470 ne
1832 421 2106 486 putentur
2134 417 2180 468 A
2289 415 2450 468 Vens.
2489 414 2575 467 49.
2610 443 2679 452 ——
2736 414 2874 477 Quis
2898 418 2978 468 est
3030 413 3219 468 hemo?
3260 413 3384 484 (ιο.)
3425 415 3575 469 Nulli
3630 415 3738 469 hoc
3765 432 3888 471 con-

407 514 469 568 in
521 513 632 567 alio
688 512 934 582 impleri,
981 525 1152 580 quam
1211 508 1270 561 in
1323 507 1517 561 futuro
1555 512 1693 560 tunc
1722 505 1962 560 Christo.
2029 505 2104 558 Tu

404 618 529 657 vero
555 602 828 670 reputisti.
854 598 1070 664 -Quasi,
1104 595 1440 651 Christianis
1489 595 1611 648 haec
1639 595 1809 657 bona,
1841 592 1936 646 sed
1986 607 2104 645 non

407 691 640 757 Iudaeis,
672 689 773 760 qui
803 705 860 742 se
891 688 1261 757 privaverunt
1288 683 1687 754 promissione,
1749 687 1806 736 et
1843 681 1948 734 hoc
1976 684 2100 734 est:

408 781 491 834 Tu
523 795 653 832 vero
699 779 974 834 Christum
1028 780 1200 842 tuum,
1254 773 1313 827 id
1366 778 1467 840 est,
1518 776 1756 825 unctum
1818 769 2014 836 David,
2071 784 2105 822 a

406 884 583 939 regno
629 866 890 936 repulisti
944 880 1047 935 pro
1096 866 1351 933 peccato,
1383 861 1532 932 quod
1567 858 1851 914 commisit
1907 863 2100 910 contra

408 957 602 1009 Uriam
659 954 729 1008 de
795 952 1126 1006 Bethsabee.
1186 951 1257 1004 Et
1321 950 1641 1018 despexisti,
1687 947 1774 1000 vel
1826 948 2100 1015 sprevisti.

407 1045 543 1116 quia
566 1044 745 1098 multa
773 1041 1008 1111 indigna
1036 1055 1263 1110 passus;
1291 1037 1576 1103 distulisti,
1609 1035 1708 1090 diu
1753 1035 1814 1088 in
1860 1033 2104 1087 tribula-

403 1135 584 1198 tione,
618 1136 1013 1192 testamentum,
1048 1127 1327 1199 promissa
1357 1127 1590 1195 Judaeis,
1625 1125 1696 1179 ad
1741 1129 1941 1195 gentes
1987 1123 2103 1176 lata

405 1227 556 1275 sunt.
590 1220 768 1291 (Anc)
806 1221 885 1272 Tu
933 1232 1076 1271 vero.
1129 1215 1249 1281 Vel,
1278 1215 1402 1268 haec
1433 1215 1627 1268 omnia
1659 1214 1727 1266 de
1790 1212 2014 1267 Christo
2046 1215 2103 1264 et

402 1308 670 1375 Ecclesia,
712 1306 984 1376 repulisti,
1041 1305 1112 1358 ad
1145 1305 1470 1374 patibulum
1513 1304 1787 1359 Christum
1825 1306 1996 1370 tuum,
2049 1304 2106 1354 et

403 1399 466 1452 in
518 1397 851 1467 despectum
909 1393 1134 1448 dedisti.
1203 1392 1314 1456 Vel,
1367 1391 1636 1446 distulisti
1684 1407 1718 1445 a
1780 1389 1985 1460 gloria,
2028 1389 2100 1442 ad

405 1487 654 1553 tempus,
687 1481 771 1535 vel
807 1478 1120 1534 secundum
1154 1477 1428 1531 membra.

482 1573 640 1624 Vens.
710 1571 800 1624 40.
873 1599 942 1608 -
1003 1569 1410 1622 Testamentum.
1484 1563 1794 1618 Promissio
1876 1562 2102 1616 videtur

405 1674 618 1719 eversa,
664 1662 720 1710 et
772 1655 952 1709 sancti
1007 1653 1232 1724 profani
1259 1656 1620 1722 reputantur,
1672 1651 1850 1720 Sepes,
1901 1650 2100 1722 prtela-

405 1749 512 1810 tos,
548 1745 895 1809 destruxisti,
936 1744 1072 1796 dum
1127 1741 1484 1795 occiduntur.
1520 1743 1590 1794 Et
1632 1741 1866 1808 posuisti
1917 1742 2102 1807 ﬁrma-

403 1839 640 1888 mentum
687 1833 804 1901 ejus
848 1831 1216 1897 formidinem.
1276 1828 1383 1893 Qui
1443 1828 1748 1882 ﬁrmabant
1805 1827 1947 1880 alios
1995 1827 2102 1882 do-

404 1922 603 1986 cendo,
633 1920 753 1989 jam
785 1924 918 1973 sunt
947 1918 1159 1986 timori,
1193 1919 1330 1971 dum
1379 1917 1732 1987 afﬂiguntur,
1765 1920 1820 1970 et
1867 1916 2101 1986 quidam

400 2012 521 2080 jam
569 2013 704 2062 sunt
773 2007 980 2078 direpti
1031 2023 1066 2061 a
1128 2007 1534 2060 transeuntibus
1601 2008 1768 2072 viam,
1829 2021 1959 2075 quae
2018 2010 2104 2060 est

407 2096 679 2152 Christus.

477 2185 638 2239 Vens.
674 2184 761 2237 44.
813 2185 1083 2237 Avertisti
1117 2182 1461 2251 adjutorium
1512 2181 1692 2247 gladii
1738 2183 1875 2251 ejus.
1924 2181 1987 2235 Id
2018 2186 2105 2236 est

407 2273 890 2344 przedicationem.
975 2273 1094 2328 Non
1147 2287 1199 2325 es
1255 2272 1562 2324 aumitiatus
1613 2273 1664 2324 ei
1707 2271 1763 2323 in
1794 2270 1944 2337 bello,
2005 2270 2102 2324 sed

407 2360 614 2417 dedisti
663 2361 732 2415 ad
783 2360 1097 2430 passiones.
1150 2362 1483 2414 Destrumisti
1543 2374 1662 2412 eum
1719 2358 1786 2411 ab
1843 2357 2101 2412 emenda-

407 2453 566 2519 tione,
589 2454 720 2518 etc.,
749 2448 804 2502 id
845 2453 946 2515 est,
999 2448 1232 2519 quidam
1287 2447 1490 2501 mundi
1541 2446 1892 2512 defecerunt,
1947 2450 2002 2500 et
2038 2446 2100 2499 in

405 2542 618 2592 terram
651 2537 864 2591 redacti
892 2541 1043 2591 sunt.
1080 2538 1392 2601 Minorasti,
1425 2540 1489 2589 ut
1519 2539 1778 2605 putatur,
1809 2534 1946 2588 dum
1987 2534 2098 2589 cito

407 2627 479 2682 de
503 2627 620 2681 vita
648 2626 1007 2681 auferuntur.

477 2715 662 2787 (Ana)
705 2715 889 2780 Quare
947 2714 1046 2768 illa
1103 2712 1368 2784 promisit
1414 2713 1580 2780 Deus,
1640 2715 1770 2778 etc.,
1805 2726 1974 2782 usque
2025 2713 2101 2766 ad

401 2809 469 2859 ut
497 2805 620 2858 huic
643 2803 947 2875 promissio
979 2803 1040 2855 in
1061 2803 1184 2855 aliis
1211 2805 1650 2872 exspectaretur.

475 2894 636 2947 Vens.
677 2894 766 2946 45.
796 2921 870 2933 -
896 2892 1230 2945 Βεεινιιωίειί
1258 2906 1400 2944 eum.
1437 2891 1558 2943 Haec
1581 2887 1776 2943 omnia
1817 2892 2098 2944 venerunt

2216 503 2394 570 venit,
2429 502 2537 555 nisi
2577 500 2796 555 Christo
2835 518 2848 556 :
2886 507 2944 556 et
2989 502 3035 555 si
3065 503 3219 556 enim
3273 508 3642 573 resurgentes
3671 505 3886 571 invenit,

2215 595 2270 644 et
2325 607 2444 644 non
2502 591 2653 644 ultra
2703 590 2978 645 videbunt
3037 598 3330 645 mortem:
3389 609 3506 646 non
3558 598 3748 648 tamen
3791 595 3890 664 ipsi

2214 682 2400 731 eruent
2445 680 2659 732 animas
2696 693 2824 733 suas
2849 680 2916 732 de
2962 695 3127 734 manu
3180 683 3457 748 inferiori,
3519 683 3614 736 sed
3645 683 3758 748 ille,
3801 683 3889 753 qui

2210 771 2386 835 potest
2414 769 2660 823 animam
2706 782 2917 836 ponere,
2981 773 3030 821 et
3091 771 3283 822 iterum
3335 785 3560 837 sumere,
3621 774 3709 824 cui
3757 786 3890 826 nano

2214 870 2330 908 eam
2389 855 2556 910 tollet.
2616 855 2814 926 (Cass)
2868 857 2960 910 Vel
3010 856 3107 922 sic,
3157 858 3348 911 nullus
3391 858 3557 923 vivet,
3599 860 3687 913 vel
3748 866 3892 914 eruet

2214 943 2466 997 animam
2497 960 2509 997 :
2543 950 2599 996 et
2627 959 2758 997 cum
2784 943 2890 997 hoc
2915 944 3005 1008 sit,
3039 945 3136 997 ubi
3159 950 3286 999 sunt
3309 947 3732 1001 misericordis?
3781 949 3891 1001 Jam

2212 1036 2380 1102 rogat
2409 1032 2820 1102 promissiones
2848 1031 3094 1101 impleri,
3118 1047 3260 1102 quas
3295 1032 3466 1086 David
3496 1034 3649 1087 fecit.

2291 1122 2451 1175 Vens.
2504 1124 2587 1175 50.
2635 1151 2704 1162 —
2771 1122 2873 1175 Ubi
2914 1125 3039 1175 sunt
3098 1122 3526 1176 misericordias?
3581 1123 3711 1193 (11).)
3779 1122 3893 1177 Dia-

2211 1209 2451 1278 psalma.
2477 1209 2669 1276 Sexto,
2693 1209 2750 1262 in
2803 1210 3077 1264 membris
3116 1209 3289 1264 etiam
3321 1210 3635 1280 implentur
3655 1212 3895 1282 promis-

2213 1297 2423 1363 siones,
2445 1313 2563 1352 non
2589 1299 3001 1368 temporaliter,
3037 1299 3132 1353 sed
3181 1299 3571 1369 spiritualiter.
3606 1301 3671 1354 Et
3731 1300 3896 1368 loqui-

2212 1391 2306 1440 tur
2325 1387 2386 1439 in
2414 1403 2661 1457 persona
2693 1387 2972 1441 Ecclesiae.

2287 1476 2447 1529 Vens.
2492 1479 2579 1530 51.
2651 1505 2722 1515 -
2766 1479 2964 1532 Memor
3003 1479 3133 1541 esto,
3182 1474 3423 1530 Domine.
3463 1475 3642 1546 (Aea)
3705 1477 3773 1531 Ut
3813 1493 3889 1530 re-

2213 1579 2503 1626 muneres,
2563 1563 2818 1629 videtur,
2854 1564 3085 1631 oblitus,
3160 1564 3299 1619 dum
3367 1565 3576 1619 differt.
3636 1566 3896 1635 Opprobri

2212 1666 2509 1705 servorum.
2583 1650 2790 1722 (Cass)
2847 1651 2995 1705 lllati
3055 1650 3228 1704 servis
3290 1666 3321 1703 a
3372 1650 3566 1704 multis
3616 1651 3892 1721 gentibus.

2214 1739 2395 1810 (Auc.)
2426 1739 2586 1804 Quod
2618 1755 2726 1810 ego
2754 1740 3044 1810 (Ecclesia)
3076 1741 3358 1805 Continui,
3392 1739 3448 1794 id
3481 1743 3586 1807 est,
3643 1741 3886 1810 portavi.

2212 1830 2276 1882 In
2297 1831 2442 1895 sinu,
2477 1829 2537 1882 in
2559 1835 2776 1882 secreto
2809 1828 3036 1898 mentis,
3064 1828 3200 1898 quia
3233 1829 3428 1899 palam
3484 1844 3605 1882 non
3659 1829 3895 1882 audebat

2212 1916 2390 1988 loqui.

2284 2006 2452 2060 Vens.
2530 2009 2616 2061 53.
2672 2035 2742 2046 —-
2814 2006 3148 2061 Benedictus.
3199 2005 3432 2076 (CASS.)
3474 2006 3684 2064 Contra
3729 2007 3891 2060 male-

2212 2093 2492 2148 dictiones
2552 2095 2830 2163 gentium.
2899 2094 3082 2165 (Αῠὲ.)
3139 2094 3498 2150 Benedictus.
3563 2095 3890 2149 Exclamatio

2211 2197 2277 2235 ex
2303 2181 2419 2234 visa
2449 2181 2704 2236 claritate
2722 2181 2950 2237 Christi.

2750 2324 3058 2380 PSALMUS
3100 2327 3361 2381 LXXXIX.

2281 2449 2441 2502 Vens.
2479 2452 2528 2516 1,
2560 2479 2628 2490 --
2669 2449 2858 2505 Oratio
2889 2452 3080 2518 Moysi.
3137 2449 3325 2521 (AUG.)
3389 2450 3531 2505 Cum
3583 2454 3748 2505 vetus
3791 2451 3886 2504 vita

2211 2540 2266 2589 et
2297 2551 2459 2604 nova,
2493 2541 2625 2602 etc.,
2651 2553 2822 2607 usque
2841 2538 2915 2591 ad
2943 2543 3001 2592 et
3028 2538 3181 2592 videt
3207 2538 3493 2592 mirabilia
3517 2539 3587 2593 de
3623 2539 3749 2609 lege
3780 2539 3883 2593 Dei.

2283 2625 2476 2692 (Cass,
2539 2626 2700 2693 Ben.)
2752 2627 2886 2698 Agit
2940 2626 3048 2681 iste
3098 2628 3353 2697 psalmus
3397 2627 3465 2681 de
3492 2627 3720 2682 defectu
3741 2643 3889 2698 geneo

2209 2711 2287 2766 ris
2319 2712 2578 2778 humani,
2605 2712 2704 2782 qui
2731 2729 2835 2783 per
2861 2713 3148 2768 Christum
3176 2713 3485 2767 auferetur.

2280 2803 2499 2856 Domine
2519 2803 2822 2868 refugium.
2853 2801 3072 2869 (CASS.)
3125 2801 3336 2870 Primo,
3385 2809 3670 2857 aeternum
3700 2819 3894 2875 propo~

2208 2889 2296 2943 nit
2321 2889 2611 2960 refugium
2645 2891 3041 2960 temporaliter
3060 2891 3298 2945 homini.

399 2981 629 3046 Iudaeis,
686 2996 805 3034 non
851 2984 1048 3034 tamen
1101 2979 1291 3034 ablato
1350 2977 1430 3032 eis
1477 2977 1718 3045 Christo,
1779 2981 1836 3031 et
1881 2981 2096 3032 aeterno
2126 2987 2167 3042 Ο
2278 2981 2438 3033 Vens.
2465 2982 2518 3033 2.
2569 3008 2637 3020 -—
2678 2979 3009 3048 Priusquam
3046 2985 3266 3034 montes.
3302 2981 3382 3034 Ne
3440 2986 3634 3034 autem
3689 2981 3896 3035 videre-

400 3085 602 3140 regno,
636 3069 734 3124 sed
765 3067 962 3123 dilato.
995 3067 1189 3125 Sedem
1218 3068 1332 3138 ejus
1371 3069 1430 3120 in
1469 3071 1670 3120 terram
1719 3067 1995 3120 cottisisti.
2035 3066 2096 3120 Id

401 3163 506 3224 est,
551 3173 791 3227 regnum
850 3172 1050 3210 eorum
1087 3155 1300 3225 ubique
1350 3157 1632 3208 terrarum
1681 3153 1930 3208 deletum
1990 3158 2097 3220 est,

399 3244 534 3314 quia
559 3245 678 3314 jam
709 3260 828 3298 non
848 3248 932 3298 est
962 3244 1031 3298 de
1054 3243 1134 3298 eis
1169 3243 1454 3314 princeps.

469 3332 628 3385 Vens.
670 3333 759 3386 46.
791 3361 861 3371 -
911 3333 1222 3387 Minorasti.
1279 3330 1423 3394 Quia
1479 3330 1578 3384 diu
1622 3333 1798 3384 staret
1852 3345 2098 3401 regnum

397 3435 621 3486 eorum,
653 3419 700 3473 si
726 3420 830 3474 sub
880 3420 1012 3474 Deo.
1045 3419 1352 3486 Perfudisti
1406 3434 1526 3472 eum
1577 3419 1908 3484 confusione.
1952 3418 2098 3482 Quia

399 3512 583 3578 gestat
656 3507 1034 3577 opprobrium
1096 3505 1471 3560 inﬁdelitatis.
1527 3507 1842 3562 Minorasti.
1909 3507 2094 3578 (AUG.)

396 3595 680 3650 Putabant
709 3612 768 3649 se
824 3599 1162 3665 regnaturos
1207 3594 1268 3648 in
1326 3600 1629 3662 aeternum,
1688 3595 1785 3649 sed
1833 3595 2095 3649 minuisti

399 3683 522 3737 dies
553 3683 713 3754 regni
749 3699 973 3750 eorum,
1031 3688 1093 3737 ut
1145 3699 1260 3737 non
1307 3686 1496 3744 staret,
1539 3682 1705 3751 juxta
1763 3682 2093 3752 opinionem

399 3787 601 3827 eorum
611 3812 624 3827 .

469 3862 646 3916 Vens.
685 3861 772 3914 47.
795 3890 866 3899 -
899 3861 1200 3929 Usquequo,
1231 3861 1452 3913 Domine
1470 3861 1498 3912 ?
1518 3858 1722 3929 (Cass)
1748 3857 2090 3929 Diapsalma.

400 3950 629 4015 Quinto.
665 3950 800 4003 Ecce
834 3948 895 4002 in
947 3963 1062 4019 quo
1091 3947 1344 4018 impletas
1400 3947 1830 4018 promissiones,
1880 3947 2095 4002 scilicet

394 4039 455 4093 in
484 4039 794 4094 substantia
825 4037 1028 4103 David,
1060 4053 1190 4108 quae
1247 4037 1406 4106 vivit,
1437 4041 1494 4091 et
1521 4036 1672 4090 eruit
1709 4035 1984 4103 animam,
2034 4035 2094 4090 id

396 4131 500 4195 est,
529 4126 588 4180 in
621 4125 865 4181 Christo.
902 4125 1085 4197 (AUG.)
1118 4125 1248 4192 Sed,
1309 4141 1606 4196 usquequo
1645 4141 1764 4180 non
1795 4124 2092 4178 resuscitas

395 4215 724 4270 Christum?
782 4213 920 4278 Quae
989 4215 1344 4270 substantia?
1389 4230 1517 4286 quae
1592 4213 1735 4268 nihil
1827 4213 1938 4267 nisi
1985 4229 2089 4283 per

393 4304 605 4374 ipsum.
642 4304 771 4369 Quis
802 4307 881 4356 est
910 4303 1061 4356 homo
1091 4305 1188 4372 qui
1214 4304 1353 4356 vivit
1376 4308 1548 4356 etnon
1576 4302 1782 4356 videbit
1822 4306 2088 4357 mortem?

393 4391 610 4446 nullus.
647 4392 712 4444 In
758 4389 848 4444 his
900 4389 1022 4459 jam
1060 4392 1314 4461 postulat
1365 4390 1666 4445 subvenire
1713 4391 1956 4458 homini,
2003 4392 2088 4446 vel

393 4477 716 4548 specialiter
730 4478 963 4533 Iudaeis.

465 4567 630 4621 Vens.
664 4568 754 4622 48.
803 4595 871 4607 -
906 4569 1202 4621 Memorare
1239 4581 1359 4634 qua
1406 4581 1526 4619 mea
1577 4565 1905 4620 substantia.
1967 4565 2087 4638 (11).)

396 4654 542 4708 Dicit
586 4655 694 4708 hoc
745 4654 943 4720 David,
993 4670 1162 4708 carne
1209 4654 1427 4725 positus
1473 4654 1534 4708 in
1584 4655 1817 4723 Iudaeis,
1875 4671 1974 4726 spe
2029 4656 2088 4709 in

394 4745 638 4800 Christo.
673 4744 810 4808 Quae
841 4747 915 4799 sit
965 4760 1084 4798 mea
1130 4743 1484 4798 substantia?
1533 4744 1601 4798 Et
1630 4744 1678 4798 si
1729 4743 1910 4798 Judaei
1956 4743 2092 4798 deti-

394 4834 574 4900 ciunt,
599 4850 712 4888 non
749 4834 941 4888 deﬁcit
971 4849 1090 4888 mea
1117 4833 1442 4899 substantia,
1477 4848 1592 4887 non
1613 4833 1848 4887 omnino
1893 4833 2091 4888 interit

395 4923 576 4990 radix,
627 4923 780 4978 unde
833 4922 1022 4977 veniet
1061 4922 1277 4976 Maria:
1337 4927 1392 4976 et
1419 4921 1488 4975 de
1547 4938 1613 4976 ea
1641 4923 1832 4976 veniet
1893 4938 2088 4976 semen

393 5013 486 5067 cui
544 5012 890 5084 promissum
947 5015 1049 5066 est.
1130 5012 1272 5065 Nam
1341 5011 1411 5066 de
1462 5013 1681 5082 populo
1747 5013 1844 5066 illo
1928 5012 2088 5083 virgo

395 5101 589 5168 Maria,
634 5102 704 5155 de
756 5101 979 5171 virgine
1010 5099 1183 5155 Maria
1234 5115 1365 5154 caro
1425 5100 1655 5169 Christi,
1708 5106 1765 5154 et
1812 5116 1942 5154 caro
1990 5100 2088 5154 illa

394 5206 510 5244 non
535 5194 620 5244 est
660 5189 963 5261 peccatrix,
999 5189 1098 5244 sed
1129 5193 1486 5260 peccatorum
1539 5189 1893 5244 mundatrix.
1930 5190 2088 5245 Nun-

392 5279 530 5350 quid
549 5282 688 5333 enim
716 5295 868 5334 vane.
925 5279 1134 5334 Omnes
1171 5278 1276 5332 ﬁlii
1331 5278 1631 5332 hominum
1667 5278 1855 5331 ierunt
1905 5276 1968 5330 in
1995 5293 2088 5330 va-

394 5365 653 5434 nitatem,
686 5384 802 5422 non
831 5373 1008 5422 tamen
1026 5383 1163 5422 vane
1193 5369 1523 5423 constituisti
1550 5383 1646 5421 eos
1671 5383 1684 5420 :
1743 5367 1894 5421 unde
1945 5381 2082 5436 ergo

394 5455 636 5508 mundas
666 5472 763 5509 eos
810 5473 844 5510 a
895 5457 1181 5510 vanitate?
1211 5472 1314 5527 per
1341 5471 1538 5522 semen,
1572 5455 1630 5508 in
1667 5470 1783 5525 quo
1832 5456 1916 5508 est
1964 5468 2086 5509 mea

392 5543 729 5614 substantia;
760 5545 829 5599 de
858 5562 972 5616 quo
1003 5545 1193 5601 subdit
1226 5561 1240 5599 :
1273 5545 1401 5611 Quis
1415 5549 1493 5600 est
1522 5546 1675 5599 homo
1696 5549 1720 5597 Ρ

2205 3072 2301 3122 tur
2355 3084 2472 3122 non
2529 3067 2724 3132 fuisse,
2806 3072 3112 3140 antequam
3162 3073 3310 3123 esset
3354 3070 3520 3122 nobis
3580 3070 3895 3141 refugium;

2209 3157 2296 3227 adj
2309 3157 2472 3227 ungit
2494 3159 2841 3227 priusquam.
2865 3159 3091 3223 Montes,
3114 3162 3286 3212 terra.
3321 3157 3682 3228 (Aoo.)Elcce
3714 3160 3898 3212 omnis

2205 3243 2501 3296 rationalis
2532 3249 2791 3297 creatura
2848 3243 2952 3296 hac
2993 3243 3316 3297 differentia
3354 3245 3621 3299 distincta
3678 3252 3785 3312 est,
3842 3251 3900 3298 ut

2204 3335 2467 3386 montium
2506 3331 2742 3386 nomine
2772 3331 3052 3385 celsitudo
3082 3333 3450 3401 angelorum:
3505 3339 3562 3387 et
3592 3338 3754 3388 terra:
3806 3351 3901 3387 no-

2205 3419 2362 3473 mine
2391 3419 2686 3474 humilitas
2715 3420 3059 3474 hominum:
3120 3421 3364 3491 ideoque
3412 3437 3530 3475 non
3584 3422 3901 3492 incongrue

2204 3508 2376 3562 verba
2407 3509 2487 3562 sic
2516 3508 2792 3574 distinxit,
2824 3512 2888 3562 ut
2919 3508 3132 3562 diceret
3157 3516 3380 3575 montes,
3403 3510 3458 3563 id
3513 3518 3597 3564 est
3642 3513 3898 3582 angelos,

2149 3600 2153 3603 ’
2200 3600 2340 3666 ﬁeri,
2373 3601 2430 3651 et
2455 3602 2680 3663 terram,
2699 3597 2758 3651 id
2794 3601 2876 3650 est
2907 3597 3190 3663 homines,
3219 3600 3482 3664 formari.
3546 3600 3766 3652 Fierent
3810 3604 3901 3652 aut

2200 3689 2550 3753 formaretur.
2604 3685 2880 3756 Formari,
2906 3686 2992 3740 vel
3019 3685 3180 3756 ﬁngi,
3225 3687 3370 3740 solet
3427 3687 3539 3740 dici
3583 3688 3899 3742 secundum

2201 3790 2478 3846 corpora:
2540 3775 2665 3829 fieri
2695 3775 2764 3829 de
2822 3775 3026 3829 nihilo.
3058 3776 3108 3829 Α
3145 3776 3355 3829 secuto.
3405 3775 3606 3846 Aptius
3660 3776 3896 3842 diceret,

2201 3870 2332 3931 etc.,
2356 3879 2524 3933 usque
2552 3864 2626 3918 ad
2655 3863 2745 3918 hic
2773 3867 2961 3917 autem
3001 3862 3234 3933 ponitur
3259 3865 3510 3918 saeculum
3530 3880 3634 3934 pro
3659 3871 3894 3920 aeterno.

2200 3956 2244 4007 Α
2292 3953 2502 4007 seculo.
2538 3953 2672 4006 Ecce
2704 3969 2833 4022 quae
2889 3951 3178 4006 aeternitas
3205 3951 3371 4005 nobis
3401 3953 3710 4022 refugium,
3770 3964 3894 4020 etc.,

2198 4055 2370 4109 usque
2420 4041 2494 4095 ad
2543 4043 2622 4097 Ne
2665 4046 2900 4104 avertas,
2949 4042 3206 4108 quoniam
3245 4041 3394 4095 mille
3439 4043 3602 4095 anni.
3672 4044 3753 4096 Tu
3824 4056 3894 4096 es.

2200 4129 2426 4200 Optime
2454 4129 2552 4192 ait,
2613 4128 2751 4200 quia
2803 4128 3204 4183 immutabilis.
3264 4130 3387 4182 Non
3437 4129 3574 4183 dicit
3613 4131 3752 4198 eris,
3813 4131 3892 4184 vel

2200 4217 2378 4284 fuisti,
2428 4233 2557 4271 cum
2628 4215 3005 4271 immutabilis
3071 4216 3317 4272 essentia
3363 4217 3464 4271 Dei
3518 4233 3633 4272 non
3673 4219 3894 4273 noverit

2201 4305 2580 4376 praeteritum,
2611 4306 2700 4360 vel
2731 4305 3019 4371 futurum;
3051 4307 3202 4360 unde
3232 4305 3450 4360 dictum
3475 4310 3562 4360 est
3593 4323 3607 4360 :
3645 4309 3760 4375 Ego
3784 4323 3892 4362 smn

2200 4396 2299 4462 qui
2316 4410 2460 4450 sum.
2494 4396 2576 4460 Et,
2611 4396 2718 4465 Qui
2746 4398 2825 4448 est
2868 4396 3016 4450 misit
3043 4410 3127 4448 me
3153 4394 3227 4448 ad
3251 4397 3386 4449 vos?
3426 4397 3493 4450 Et
3525 4411 3538 4449 :
3603 4395 3688 4450 Tu
3721 4402 3892 4450 autem

2198 4483 2342 4536 idem
2369 4485 2486 4552 ipse
2509 4497 2583 4549 es,
2606 4489 2656 4537 et
2676 4484 2808 4536 aani
2829 4484 2913 4536 tui
2930 4497 3035 4536 non
3060 4482 3320 4551 deﬁcient.

2270 4570 2430 4624 Vens.
2465 4573 2513 4624 3.
2547 4601 2616 4608 —
2644 4571 2722 4625 Ne
2767 4574 3002 4624 avertas.
3051 4569 3271 4641 (Cass)
3313 4570 3599 4626 Secundo.
3661 4572 3894 4643 exponit

2197 4657 2589 4713 inﬁrmitatem
2621 4658 2893 4724 hominis,
2940 4657 3031 4712 cui
3055 4659 3195 4729 petit
3224 4660 3534 4714 subveniri.
3592 4663 3662 4716 In
3715 4664 3892 4716 humi-

2198 4749 2424 4801 litatem.
2456 4747 2515 4800 ld
2547 4751 2651 4815 est,
2684 4751 2971 4800 terrenam
2998 4747 3542 4818 concupiscentiam,
3573 4756 3711 4820 etc.,
3732 4765 3893 4820 usque

2197 4835 2270 4888 ad
2300 4835 2399 4904 qui
2429 4834 2622 4889 docuit
2650 4835 2900 4888 coelestia
2927 4850 3202 4905 quaerere.

2270 4923 2429 4977 Vens.
2455 4923 2507 4976 4.
2541 4953 2610 4963 -
2639 4924 2770 4978 Dies
2795 4923 3064 4978 hesterna.
3105 4921 3304 4993 (AUG.)
3350 4925 3476 4978 Non
3504 4924 3658 4980 dicit.
3694 4928 3894 4981 saltem

2197 5011 2343 5065 sicut
2370 5010 2635 5079 crastina,
2682 5016 2822 5078 etc.,
2858 5026 3026 5080 usque
3045 5011 3120 5065 ad
3173 5011 3234 5066 in
3262 5012 3662 5082 sollicitudine,
3696 5021 3758 5070 et
3784 5022 3893 5070 tre-

2195 5100 2510 5170 pidatione,
2543 5099 2708 5171 quasi
2731 5099 2875 5154 nihil
2905 5105 3010 5154 est.

2266 5189 2496 5243 Vsas.6.
2530 5215 2600 5229 —
2651 5189 2809 5242 Mane
2855 5188 2994 5241 sicut
3040 5187 3230 5242 herba.
3282 5187 3466 5258 (Auc.,
3538 5189 3719 5261 Cass.)
3774 5191 3890 5245 Mu-

2194 5280 2347 5332 tetur
2368 5293 2402 5330 a
2422 5276 2696 5346 qualitate
2721 5274 2901 5329 noctis
2915 5316 2929 5331 .

2272 5367 2499 5435 Vespere
2555 5363 2790 5426 decidat,
2867 5364 2930 5416 In
2986 5362 3256 5417 extremis
3309 5370 3480 5433 secta,
3534 5367 3622 5420 vel
3675 5367 3878 5421 fracta.

2196 5454 2390 5524 (Cass)
2449 5456 2610 5510 Hane
2650 5455 2790 5506 sicut
2848 5451 3032 5506 herba.
3090 5451 3234 5521 Dixi,
3291 5454 3442 5524 quod
3487 5455 3624 5508 anni
3684 5456 3884 5511 haben-

2192 5548 2316 5610 tur;
2350 5548 2481 5611 etc.,
2509 5556 2679 5610 usque
2697 5541 3056 5611 adjuventus
3085 5557 3216 5612 qum
3241 5541 3410 5597 ﬂoret
3436 5547 3494 5596 et
3522 5546 3746 5599 transit.
