4020 6184
226 277 334 329 997

1362 270 1620 327 GLOSSA
1647 270 2054 328 ORDINARIA.
2097 302 2162 313 —
2204 273 2333 327 LIB.
2379 272 2616 327 PSALM.

3636 284 3739 336 998

304 396 555 467 Vespere.
606 394 894 462 Senectus,
929 394 1160 465 quando
1193 392 1512 466 refrigescit
1552 394 1715 466 vigor
1744 394 1928 449 homi-
1956 397 2001 449 Α
2039 400 2089 449 et
2119 395 2398 450 delectatio
2443 411 2647 451 sumus.
2694 399 2881 463 (Auo.,
2913 398 3111 467 (Cass)
3160 400 3319 454 Modo
3364 418 3496 470 nox,
3539 404 3597 457 in
3628 422 3742 475 qua

224 483 337 538 nis.
380 486 475 540 Vel
519 500 677 539 mane
717 487 857 539 sicut
908 484 1091 538 herba.
1139 488 1279 554 Apta
1319 485 1690 555 comparatio,
1748 485 1926 555 quasi,

224 573 377 627 sicut
439 574 618 627 herba
668 577 925 626 mutatur
965 589 999 626 a
1054 573 1345 643 qualitate,
1409 589 1583 643 quam
1642 574 1814 628 habet
1869 574 1930 627 in

226 663 503 732 nocte,§in
560 662 904 717 deteriorem
959 678 1127 715 mane
1185 666 1312 715 orto
1358 663 1514 716 sole:
1560 662 1640 717 ita
1672 668 1929 717 mutatur

225 752 399 805 homo
430 751 491 805 in
519 751 794 806 deterius.

295 841 460 894 Vnns.
501 845 554 894 ‘7.
588 870 657 879 —
703 841 1015 906 Defecimus
1071 841 1129 892 in
1175 841 1263 893 ira
1294 843 1410 907 tua,
1440 844 1491 893 et
1532 842 1590 893 in
1618 842 1806 907 furore
1836 846 1926 895 tuo

227 928 442 983 turbati
488 942 692 983 sumus.
762 926 957 997 (AUG.)
1017 928 1276 981 Mortales
1320 932 1376 981 et
1427 928 1726 998 passibiles
1772 929 1923 997 facti,

226 1018 385 1088 quod
425 1024 619 1072 tamen
671 1022 855 1072 morte
898 1018 1066 1071 ﬁnire
1123 1017 1415 1084 timemus,
1468 1018 1621 1072 unde
1670 1020 1929 1090 sequitur

225 1108 309 1160 Et
340 1110 395 1160 in
418 1109 606 1174 furore
635 1112 724 1162 tuo
763 1108 972 1161 turbati
1018 1122 1222 1161 sumus.
1265 1108 1546 1161 Saeculum.
1608 1108 1790 1162 Vitam
1824 1126 1926 1163 no-

225 1202 407 1249 stram
431 1213 691 1266 pravam.
762 1197 861 1249 Vel
913 1197 1164 1250 secutum
1204 1202 1483 1267 posteros.
1525 1199 1589 1250 In
1643 1198 1925 1252 illumina-

226 1286 373 1337 tione
399 1284 598 1338 vultus.
650 1283 843 1355 (Cass)
893 1284 997 1339 Illa
1026 1288 1321 1354 teguntur,
1380 1300 1507 1355 quas
1562 1285 1786 1339 veniam
1818 1285 1926 1340 ha-

225 1373 368 1427 bent
395 1389 408 1425 :
440 1359 840 1439 illuminantur,
865 1389 993 1444 quae
1021 1373 1360 1444 puniuntur.

300 1462 463 1515 Vens.
494 1464 544 1514 9.
594 1491 656 1500 —
715 1462 982 1526 Quoniam
1030 1476 1206 1516 omnes
1257 1462 1387 1515 dies.
1419 1462 1606 1530 (Αοο.)
1663 1461 1925 1533 Cognitio

226 1555 427 1604 nostra
480 1549 685 1604 defecit
735 1550 1106 1605 obtenebrata
1168 1551 1389 1604 ratione
1451 1567 1554 1621 per
1602 1556 1922 1621 peccatum,

223 1638 339 1703 vel,
366 1644 593 1708 tempus
637 1640 763 1692 vita:
811 1639 1204 1694 abbreviatum
1263 1643 1366 1702 est,
1431 1645 1488 1693 et
1524 1656 1671 1709 pene
1703 1639 1920 1705 defecit,
1956 1680 1996 1734 Β

226 1726 366 1797 quia
388 1727 455 1780 ad
509 1729 851 1796 paucitatem
902 1728 1116 1781 redacti
1159 1732 1293 1781 sunt
1335 1727 1453 1781 dies
1509 1728 1638 1782 vitm
1694 1734 1921 1784 nostrae.

225 1817 384 1869 Anni
424 1818 599 1869 nostri
637 1818 796 1869 sicut.
846 1815 1047 1885 (Cass,
1101 1818 1270 1882 Avo.)
1320 1815 1541 1869 Miseria
1580 1823 1635 1870 et
1681 1817 1927 1871 brevitas

224 1904 402 1974 hujus
434 1906 559 1956 vitae
588 1903 929 1973 exprimitur
957 1904 1050 1957 hic
1080 1920 1184 1973 per
1220 1904 1659 1960 similitudinem
1690 1923 1924 1975 araneae,

226 2008 360 2063 quas
390 1991 527 2045 texit
558 1992 755 2045 inanes
786 1993 947 2058 telas,
978 1996 1041 2045 ut
1078 1992 1210 2046 dolo
1242 1993 1426 2062 capiat
1484 2011 1742 2049 muscas:
1778 1997 1928 2050 unde

225 2080 375 2133 sicut
391 2096 617 2143 aranea,
647 2080 703 2134 id
730 2081 908 2148 est,in
939 2082 1109 2135 rebus
1134 2082 1602 2151 corruptibilibus
1636 2085 1930 2140 laboraba-

226 2183 377 2233 mus,
397 2168 590 2221 inania
612 2169 970 2223 texebamus.
1007 2170 1205 2235 (CASS.)
1232 2169 1353 2222 Vita
1375 2186 1480 2240 per
1502 2170 1643 2225 iram
1668 2173 1769 2226 Dei
1800 2174 1927 2227 bre-

225 2254 379 2307 viata
408 2258 511 2324 est,
562 2255 698 2324 quia
745 2255 1197 2325 praesumptione
1250 2256 1524 2326 longioris
1566 2258 1694 2313 vitae
1728 2276 1930 2330 pecca-

221 2341 388 2397 bant.
421 2344 486 2397 Et
505 2359 607 2396 nos
646 2343 754 2413 ipsi
785 2343 843 2397 in
884 2346 972 2397 ira
1024 2349 1119 2397 tua
1149 2344 1458 2410 defecimus.
1522 2348 1705 2417 (Ana)
1734 2348 1793 2401 Id
1824 2352 1926 2417 est,

225 2430 478 2484 essentia
508 2434 701 2484 nostra
739 2431 944 2485 defecit
984 2447 1086 2501 per
1111 2447 1417 2487 aerumnas.
1456 2434 1926 2491 Meditabuntur...

224 2520 384 2584 anni,
416 2534 531 2572 non
563 2519 973 2589 operabuntur,
1008 2518 1143 2590 quia
1172 2519 1295 2573 sine
1324 2520 1571 2575 utilitate
1611 2527 1927 2579 transeunt.

227 2608 348 2674 Vel,
382 2608 814 2661 meditabuntur
841 2609 1081 2678 passive,
1122 2608 1177 2662 id
1208 2613 1309 2674 est,
1346 2610 1766 2679 reputabuntur
1795 2614 1930 2668 anni

228 2697 414 2749 nostri
442 2699 583 2750 sicut
610 2712 832 2763 aranea,
858 2698 914 2751 id
948 2703 1049 2763 est,
1083 2697 1227 2751 sicut
1256 2698 1455 2752 inanes
1502 2704 1557 2752 et
1603 2700 1855 2757 inutiles.

303 2785 466 2838 Vens.
503 2788 587 2839 lO.
615 2815 687 2824 —-
731 2786 1108 2854 Septuaginta.
1168 2786 1285 2857 (11).)
1342 2788 1722 2844 Terrenorum
1754 2807 1929 2862 appe-

227 2872 368 2926 titus
393 2888 519 2944 quze
565 2878 781 2943 septem
829 2874 1027 2927 diebus
1093 2880 1375 2945 aguntur:
1431 2876 1477 2929 si
1506 2876 1568 2930 in
1623 2878 1928 2932 virtutibus

2042 485 2359 539 esurimus:
2387 490 2521 539 tunc
2564 491 2753 539 autem
2797 486 3134 541 satiabimur
3158 491 3342 558 vultu,
3408 493 3594 547 unde:
3630 494 3737 548 Sa-

2040 573 2217 626 tiabor
2232 588 2351 626 cum
2382 577 2704 643 apparuerit
2726 576 2902 641 gloria
2931 582 3041 629 tua.
3082 579 3144 630 Et
3162 579 3297 631 alibi
3331 581 3525 633 :Mane
3551 582 3738 636 astabo

2040 660 2159 726 tibi,
2182 666 2233 714 et
2260 661 2470 715 videbo.
2510 662 2670 716 Nunc
2727 668 2917 717 autem
2958 680 3063 733 pro
3120 681 3186 718 eo
3249 666 3420 720 laetati
3443 683 3648 734 sumus,
3683 674 3741 723 et

2037 747 2097 800 in
2141 749 2409 819 malignis
2456 750 2658 804 diebus
2716 750 2774 804 in
2837 752 3044 822 quibus
3105 752 3385 808 dicimus:
3428 757 3648 825 Respice
3676 760 3735 811 in

2037 851 2238 891 servos.

2107 925 2267 979 Vnns.
2330 928 2413 980 l6.
2459 955 2527 965 —
2582 928 2807 996 Respice
2857 931 2915 982 in
2965 944 3143 983 servos
3198 935 3334 986 tuos.
3397 932 3560 995 Quod
3602 933 3735 988 facit

2037 1014 2186 1067 Deus
2241 1014 2301 1067 in
2348 1031 2424 1081 se,
2477 1020 2602 1069 orat
2646 1017 2932 1086 Propheta
2997 1018 3122 1071 ﬁeri
3164 1036 3264 1072 suo
3308 1022 3564 1091 populo:
3610 1028 3734 1076 orat

2036 1102 2267 1169 scilicet,
2317 1108 2379 1156 ut
2433 1108 2628 1173 parcat
2682 1105 2892 1158 Judaeis
2937 1106 3324 1175 peccantibus,
3367 1108 3413 1161 si
3462 1124 3576 1163 non
3627 1127 3731 1180 pro

2035 1189 2255 1244 meritis
2310 1206 2531 1257 eorum,
2586 1194 2783 1246 saltem
2842 1198 3079 1265 prOpter
3134 1212 3309 1266 opera
3364 1214 3493 1268 quae
3546 1198 3605 1252 in
3648 1199 3732 1252 eis

2032 1277 2185 1331 fecit.

2105 1368 2176 1420 Et
2204 1366 2381 1434 dirige
2442 1365 2587 1437 ﬁlios
2612 1364 2827 1422 eorum:
2856 1368 3044 1436 Quasi,
3079 1370 3185 1423 etsi
3215 1370 3323 1440 ipsi
3374 1387 3477 1442 per
3506 1371 3727 1443 iniqui-

2033 1455 2174 1508 tales
2195 1455 2440 1526 dispersi
2470 1461 2619 1519 sunt,
2647 1457 2732 1510 vel
2764 1458 2888 1524 lilii,
2922 1459 2980 1511 in
3038 1458 3151 1512 ﬁne
3184 1458 3291 1513 ﬁde
3343 1460 3728 1532 corrigantur,

2035 1544 2135 1615 qui
2162 1560 2268 1614 per
2297 1562 2355 1599 se
2386 1545 2565 1616 pravi,
2599 1550 2654 1600 et
2674 1547 3155 1600 inconvertibiles.

2106 1634 2264 1686 Vens.
2304 1636 2385 1687 l7.
2408 1634 2767 1702 —Sptendor
2798 1637 3010 1689 Domini
3041 1638 3136 1689 Dei
3184 1640 3358 1691 nostri
3409 1653 3571 1707 super
3615 1655 3732 1702 nos,

2037 1726 2087 1774 et
2110 1724 2430 1789 operamini.
2456 1723 2671 1788 (HIER..
2705 1723 3091 1793 CAss.)Imago
3124 1725 3222 1777 Dei
3262 1742 3523 1780 recreans
3554 1728 3735 1782 menti

2038 1809 2425 1878 imprimatur.
2459 1810 2554 1862 Vel
2608 1811 2879 1881 splendor
2926 1812 3026 1865 Dei
3085 1828 3255 1882 super
3319 1830 3423 1868 nos
3451 1820 3554 1881 est,
3597 1816 3734 1870 dum

2038 1898 2221 1951 crucis
2247 1898 2620 1967 impressione
2669 1901 3026 1966 decoramur,
3060 1907 3116 1953 et
3144 1902 3417 1956 vexillum
3456 1904 3736 1974 triumphi

2036 1985 2097 2039 in
2166 1986 2351 2040 fronte
2428 1993 2743 2056 portamur.
2808 1988 2999 2059 (CASS.)
3078 1990 3309 2060 Triplex
3389 1991 3603 2061 quippe
3653 1998 3734 2047 est

2036 2072 2250 2143 imago,
2302 2078 2432 2141 etc.,
2464 2090 2635 2144 usque
2672 2077 2746 2130 ad
2781 2079 3143 2132 meminerim
3191 2084 3269 2148 te,
3307 2078 3627 2152 intelligam
3658 2086 3734 2150 te,

2040 2160 2278 2231 diligam
2312 2166 2385 2215 te.

2676 2235 2990 2290 PSALMUS
3029 2238 3131 2291 XC.

2110 2339 2274 2393 Vens.
2333 2341 2382 2392 1.
2415 2369 2485 2379 -
2530 2342 2674 2395 Laus
2715 2343 2934 2395 cantici.
2988 2343 3151 2407 Laus,
3207 2346 3266 2397 et
3314 2342 3570 2398 humana
3608 2349 3731 2399 est:

2039 2426 2134 2481 sed
2166 2427 2289 2481 huic
2319 2432 2403 2482 est
2427 2429 2649 2495 cantici,
2688 2430 2823 2500 quia
2856 2446 2972 2484 non
3014 2430 3124 2483 nisi
3181 2431 3390 2486 divina.
3438 2434 3531 2486 Est
3580 2434 3735 2488 enim

2037 2517 2292 2587 psalmus
2324 2518 2426 2571 iste
2456 2517 2704 2588 hymnus
2735 2524 2933 2573 contra
2953 2520 3264 2574 daemones.
3294 2522 3577 2592 Propheta
3599 2539 3735 2593 ergo

2038 2605 2107 2658 de
2136 2606 2395 2675 quolibet
2421 2614 2615 2660 sancto
2647 2607 2726 2661 ait
2757 2624 2769 2661 :
2797 2608 2900 2673 Qui
2926 2608 3140 2662 habitat
3183 2612 3242 2663 in
3293 2610 3594 2678 adjutorio,
3625 2616 3730 2665 etc.

2110 2692 2307 2764 (Cass)
2339 2694 2600 2749 Ostendit
2648 2695 2991 2749 tentationes
3032 2696 3244 2751 diaboli
3282 2714 3385 2768 per
3440 2698 3735 2752 humilita-

2038 2784 2154 2834 tem
2180 2782 2354 2836 victas
2385 2799 2417 2836 a
2457 2783 2698 2852 Christo,
2729 2789 2785 2837 et
2808 2777 2845 2837 'a
2897 2784 3034 2853 suis,
3083 2786 3445 2840 manentibus
3470 2787 3544 2856 :in
3576 2788 3736 2840 auxi-

2039 2869 2117 2922 lio
2164 2870 2283 2935 Dei,
2338 2876 2403 2924 ut
2442 2875 2497 2924 et
2548 2888 2652 2925 nos
2698 2888 2802 2942 per
2852 2889 2981 2927 eum
3040 2874 3322 2929 discamus
3389 2875 3736 2931 tentationes

227 2962 541 3031 octoginta,
577 2962 633 3015 id
666 2970 765 3027 est,
803 2961 1089 3015 aeternitas
1127 2963 1361 3032 petitur.
1396 2966 1594 3019 Annis.
1640 2966 1739 3019 Vel
1771 2969 1923 3033 anni,
1957 2955 1998 3010 Ο
2035 2974 2324 3029 superare,
2355 2960 2491 3029 quia
2519 2964 2603 3013 est
2627 2961 2808 3030 jallna
2828 2978 2933 3031 per
2962 2979 3158 3033 quam.
3195 2964 3242 3016 Si
3270 2964 3399 3034 (Illis
3430 2964 3732 3027 ίῐιῑΐοίεΐίῑ.

228 3049 343 3102 alia
363 3049 569 3102 littera.
624 3050 746 3113 Quo
784 3049 1061 3120 temporis
1111 3050 1296 3121 spatio
1344 3050 1615 3105 dicuntur
1660 3053 1923 3124 Iongmvi,

226 3136 332 3207 qui
378 3137 551 3191 etiam
606 3154 785 3209 usque
835 3138 907 3192 ad
950 3141 1221 3205 octoginta
1280 3155 1458 3192 annos
1516 3140 1736 3211 aliquas
1780 3141 1927 3194 vires

224 3223 441 3278 habere
472 3224 757 3279 videntur.
808 3227 1112 3293 Octoginta.
1173 3226 1317 3290 Quia
1369 3232 1423 3281 et
1466 3227 1605 3281 citra
1635 3229 1928 3299 octoginta

228 3328 415 3365 annos
444 3316 577 3366 sunt
607 3313 842 3383 quidam
878 3313 1114 3381 inﬁrmi,
1175 3318 1304 3380 etc.,
1363 3330 1532 3383 usque
1587 3316 1662 3370 ad
1706 3317 1929 3371 redem-

224 3400 487 3469 ptionem
509 3400 765 3470 corporis
789 3406 1198 3471 exspectantes.
1247 3403 1630 3458 Mansuetudo.
1666 3405 1926 3461 Clemen-

227 3488 311 3542 tia
339 3494 444 3555 est,
494 3489 542 3542 si
589 3490 729 3543 Dei:
763 3490 1038 3558 domatio,
1098 3490 1145 3543 si
1175 3496 1386 3544 nostra.
1438 3492 1562 3561 Ipse
1619 3493 1775 3547 enim
1824 3509 1929 3564 per

227 3576 594 3631 clementiam
626 3582 976 3645 mansuetus,
1012 3578 1298 3633 domando
1338 3595 1443 3632 nos
1465 3580 1638 3633 efﬁcit
1659 3596 1925 3637 mansue-

225 3670 336 3731 tos,
369 3670 425 3719 et
452 3666 531 3719 sic
561 3665 959 3735 corripiemur.

301 3754 458 3810 Vens.
495 3758 578 3809 ll.
610 3785 679 3795 —
713 3758 844 3826 Quis
896 3757 1051 3811 novi.
1105 3755 1231 3826 (11).)
1289 3757 1543 3811 Potestas
1598 3756 1701 3811 ira;
1745 3757 1928 3812 homi-

224 3843 317 3898 nis
349 3848 437 3897 est
472 3860 675 3914 corpus
734 3843 1005 3911 occidere,
1070 3850 1200 3915 post
1258 3845 1403 3899 nihil
1459 3845 1660 3900 facere.
1696 3847 1843 3900 Deus
1872 3851 1930 3901 et

224 3932 319 3987 hic
350 3932 542 4002 punit,
570 3940 627 3986 et
654 3938 783 4003 post
813 3934 873 3987 in
908 3934 1231 4004 gehennam
1277 3934 1487 3989 mittit:
1535 3940 1590 3988 et
1644 3951 1676 3989 a
1730 3936 1927 4006 paucis

226 4022 415 4092 major
443 4021 565 4092 ejus
598 4021 683 4075 ira
712 4022 1070 4093 intelligitur.

299 4112 470 4165 Vnns.
516 4113 599 4165 i2.
632 4112 1015 4167 —De:cteram
1059 4116 1207 4166 tuam
1255 4114 1333 4167 sic
1379 4117 1562 4167 notam
1580 4115 1691 4180 fac.
1727 4113 1928 4183 (Cass)

222 4197 439 4266 Tertio,
474 4204 598 4252 orat
652 4203 708 4253 et
750 4200 1003 4254 afﬁrmat
1054 4201 1470 4257 liberationem.
1500 4201 1686 4273 (Auo.)
1717 4203 1926 4256 Dexte-
1953 4240 1998 4294 Β

222 4303 348 4340 ram
381 4291 556 4341 tuam.
595 4287 883 4342 Christum
927 4289 1007 4343 sic
1037 4295 1223 4344 notum
1273 4293 1422 4358 fecit,
1470 4296 1598 4358 etc.,
1656 4306 1825 4360 usque
1854 4291 1928 4344 ad

226 4380 289 4429 ut
324 4374 395 4428 ad
427 4375 717 4429 dexteram
747 4382 939 4447 ponat.

294 4466 369 4519 Et
396 4464 635 4518 eruditos
665 4465 822 4519 corde
851 4468 909 4519 in
936 4468 1228 4535 sapientia.
1284 4468 1381 4523 Vel
1396 4467 1720 4537 compeditos
1749 4471 1922 4525 corde.

222 4551 391 4617 Quod
422 4551 576 4605 idem
626 4557 731 4619 est,
788 4553 923 4624 quia
979 4553 1079 4623 qui
1135 4554 1478 4608 erudiuntur
1534 4554 1592 4606 in
1623 4554 1922 4624 sapientia,

222 4641 436 4711 pedem
470 4640 678 4694 mentis
722 4641 991 4711 injiciunt
1041 4642 1100 4695 in
1158 4642 1464 4712 compedes
1516 4641 1634 4706 Dei,
1670 4646 1736 4695 ut
1764 4640 1924 4707 avia,

222 4729 351 4799 ejus
381 4744 497 4783 non
538 4729 881 4785 exorbitent.
941 4730 1093 4794 Quos
1146 4730 1223 4784 sic
1275 4730 1408 4784 fecit
1439 4731 1585 4783 Deus
1644 4734 1811 4783 notos
1866 4730 1928 4782 in

222 4819 387 4873 Novo
411 4819 789 4883 Testamento,
822 4823 887 4873 ut
916 4835 1019 4888 pro
1055 4818 1166 4874 ﬁde
1197 4819 1395 4873 omnia
1418 4822 1775 4889 spernerent,
1798 4833 1927 4889 quas

222 4922 443 4976 magna
472 4905 775 4972 habentur,
802 4908 861 4960 in
909 4908 1099 4961 Veteri
1127 4911 1182 4961 et
1224 4913 1440 4962 aeterna
1495 4912 1682 4962 morte
1705 4923 1925 4978 quaere-

222 4997 397 5049 rent:
425 4994 530 5048 hoc
561 4995 859 5048 attendens
911 4995 1007 5061 ait,
1050 5012 1154 5067 pro
1182 4995 1281 5063 eis,
1317 4995 1418 5067 qui
1474 4996 1654 5050 multa
1693 4995 1925 5065 patiun-

222 5088 324 5138 tur
347 5100 379 5136 a
408 5084 613 5137 saeculo
644 5099 748 5154 pro
780 5083 1031 5138 aeternis.

301 5173 459 5225 Vens.
518 5174 600 5227 13.
656 5200 729 5211 —
780 5174 1110 5232 Convertere.
1169 5173 1343 5238 Quasi
1407 5188 1605 5227 aversa
1656 5172 1728 5225 sit
1758 5170 1927 5225 facies

223 5261 354 5331 ejus
404 5277 436 5313 a
492 5260 801 5315 tribulatis.
876 5264 1175 5333 Usquequo.
1252 5262 1407 5317 Alias
1478 5261 1924 5333 aliquantulum.

224 5351 427 5417 (Cass)
460 5350 583 5403 Non
618 5366 685 5403 ex
738 5355 877 5417 toto,
924 5368 1052 5422 quas
1113 5352 1294 5423 magis
1350 5351 1605 5423 prodest,
1661 5351 1708 5405 si
1735 5351 1929 5422 aliqua

218 5438 521 5493 tribulatio
554 5454 781 5509 semper
809 5445 1002 5494 monet
1032 5457 1159 5508 nos,

301 5528 461 5581 Vens.
490 5528 577 5581 14.
633 5556 705 5567 -
754 5529 913 5582 Mane
966 5529 1341 5584 misericordia
1372 5535 1468 5586 tua
1512 5530 1926 5600 exsultavimus,

2035 3045 2408 3117 ingredietur,
2444 3055 2502 3101 et
2529 3049 2872 3117 egredietur,
2906 3055 2962 3104 et
2989 3067 3200 3121 pascua
3228 3051 3471 3106 eveniet.

2107 3135 2298 3205 (Auo.)
2324 3136 2507 3189 Janua
2536 3136 2795 3191 Christus
2827 3139 3070 3204 ;intrare
3089 3154 3192 3209 per
3218 3155 3372 3205 eum,
3405 3145 3491 3194 est
3517 3140 3733 3195 imitari

2035 3240 2189 3291 eum,
2230 3240 2346 3277 non
2371 3224 2428 3277 in
2461 3224 2776 3293 divinitate,
2810 3232 2865 3280 et
2882 3228 3162 3297 potentia,
3196 3232 3250 3282 et
3282 3229 3592 3298 miraculis,
3634 3230 3736 3284 sed

2033 3312 2091 3366 in
2138 3328 2205 3365 eo
2237 3328 2351 3383 quo
2382 3312 2564 3366 factus
2621 3320 2706 3367 est
2758 3331 2862 3385 pro
2914 3316 3098 3383 nobis,
3153 3315 3211 3370 id
3251 3322 3356 3383 est,
3409 3317 3735 3373 humilitate

2034 3400 2103 3455 ad
2122 3416 2296 3472 quam
2322 3405 2503 3466 vocat,
2555 3402 2749 3456 dicens
2779 3419 2791 3457 :
2846 3406 3041 3458 Discite
3061 3420 3093 3457 a
3150 3420 3232 3458 me
3278 3407 3410 3474 quia
3437 3409 3587 3460 mitis
3616 3421 3736 3461 sum

2034 3494 2085 3544 et
2124 3490 2342 3543 humilis
2382 3490 2557 3544 corde.
2609 3491 2686 3544 De
2735 3490 2841 3545 hoc
2897 3492 3118 3561 psalmo
3166 3493 3403 3547 tentavit
3446 3494 3735 3549 Christum

2034 3577 2311 3631 diabolus.
2347 3577 2555 3631 Christi
2584 3583 2778 3633 autem
2828 3580 3065 3634 tentatin
3097 3586 3289 3635 nostra
3339 3587 3423 3636 est
3453 3584 3733 3647 doctrina,

2035 3680 2206 3736 quem
2234 3671 2535 3735 sequentes
2574 3682 2639 3720 ex
2669 3683 2734 3720 eo
2776 3668 3075 3722 vincimus.

2132 3753 2237 3818 Qui
2283 3754 2513 3807 habitat.
2586 3754 2791 3825 (CASS.)
2836 3755 3137 3825 [Describit
3204 3756 3391 3828 primo
3460 3758 3733 3815 ﬁdentem

2034 3839 2094 3894 in
2126 3842 2246 3894 solo
2276 3842 2409 3908 Deo,
2450 3843 2684 3896 omnino
2738 3845 3086 3914 protectione
3142 3846 3242 3898 Dei
3298 3846 3592 3903 vallatum.
3634 3851 3740 3915 Qui

2036 3930 2269 3995 habitat,
2324 3930 2383 3984 id
2423 3934 2526 3997 est,
2580 3930 2679 4001 qui
2738 3936 2917 3986 totam
2967 3949 3126 4002 spem
3168 3949 3286 3986 non
3332 3934 3389 3986 in
3421 3951 3500 4001 se,
3544 3936 3642 3990 sed
3673 3938 3729 3989 in

2040 4020 2152 4073 Deo
2209 4035 2435 4090 semper
2491 4020 2802 4087 constituit,
2882 4021 3150 4074 omnibus
3208 4022 3391 4076 modis
3462 4030 3729 4094 protege-

2036 4112 2131 4161 tur
2156 4124 2189 4160 a
2218 4108 2350 4162 Deo.
2406 4109 2548 4161 Nota
2605 4108 2907 4162 verborum
2945 4110 3511 4179 correspondentiam
3542 4128 3554 4165 :
3590 4112 3735 4166 sicut

2037 4199 2192 4251 enim
2242 4212 2468 4267 semper
2506 4197 2738 4263 habitat,
2791 4197 2869 4250 sic
2926 4202 2982 4251 et
3040 4214 3267 4269 semper
3294 4200 3731 4255 commorabitur.

2037 4286 2178 4341 Illud
2230 4286 2498 4354 afﬁrmat,
2547 4285 2760 4339 scilicet
2801 4286 2955 4356 quod
2995 4287 3243 4356 habitat;
3275 4288 3382 4342 hoc
3424 4289 3728 4358 promittit,

2037 4375 2249 4429 scilicet
2277 4375 2429 4446 quod
2454 4378 2780 4444 protegetur.

2106 4467 2179 4518 In
2228 4467 2559 4534 protectione
2611 4466 2707 4518 Dei
2761 4465 2875 4519 caeli
2927 4464 3361 4519 commorabitur.
3404 4466 3474 4521 Ut
3520 4465 3735 4523 scilicet

2036 4570 2153 4609 non
2184 4553 2430 4608 declinet
2458 4554 2525 4607 ad
2579 4554 2868 4607 dexteram
2922 4554 3011 4607 vel
3040 4554 3109 4607 ad
3134 4554 3442 4620 sinistram,
3502 4556 3646 4610 sicut
3674 4557 3733 4611 in

2037 4642 2225 4696 Veteri
2256 4644 2620 4696 Testamento
2664 4648 3011 4713 praeceptum
3068 4647 3189 4696 erat
3224 4643 3358 4697 ﬁliis
3416 4645 3611 4711 Israel,
3673 4650 3736 4699 ut

2038 4731 2369 4785 incederent
2395 4732 2486 4785 via
2510 4730 2687 4801 regia,
2721 4748 2837 4785 non
2861 4731 3206 4786 declinantes
3234 4732 3301 4786 ad
3334 4733 3623 4787 dexteram
3647 4735 3734 4788 vel

2038 4822 2107 4875 ad
2139 4820 2449 4874 sinistram.
2483 4822 2577 4874 Via
2608 4820 2785 4891 regia,
2840 4820 2929 4873 via
2967 4820 3173 4875 Christi
3203 4821 3355 4890 regis
3401 4822 3603 4889 nostri,
3635 4822 3734 4893 qui

2038 4909 2117 4963 sic
2144 4909 2293 4962 viam
2327 4908 2529 4963 mundi
2552 4907 2820 4974 cucurrit,
2854 4914 2917 4962 ut
2941 4925 3045 4962 nec
3082 4909 3373 4981 prosperis
3400 4910 3731 4978 illiceretur,

2038 5013 2143 5051 nec
2163 4995 2413 5051 adversis
2442 4996 2819 5066 frangeretur.

2108 5085 2269 5138 Vens.
2318 5082 2372 5137 2.
2415 5113 2482 5124 —
2534 5086 2671 5137 Deus
2734 5099 2897 5138 meus.
2971 5084 3169 5156 (Cass)
3236 5086 3316 5140 Ne
3375 5090 3542 5156 putes
3604 5092 3736 5157 post

2038 5173 2460 5242 susceptionem
2481 5178 2537 5227 et
2566 5172 2852 5243 refugium
2879 5174 3000 5244 jam
3027 5173 3172 5227 nihil
3224 5190 3348 5227 esse
3396 5176 3732 5245 petendum,

2039 5260 2223 5314 addit:
2267 5262 2504 5330 Sperabo
2546 5264 2603 5314 in
2661 5278 2794 5324 eum,
2846 5279 2918 5317 ne
2950 5262 3258 5333 aliquando
3310 5263 3379 5317 de
3427 5280 3486 5318 se
3515 5281 3734 5335 presu-

2038 5354 2174 5414 mat,
2207 5349 2315 5403 hoc
2341 5349 2388 5403 si
2415 5349 2639 5405 fecisset
2668 5350 2871 5420 Adam,
2902 5352 3046 5406 bene
3067 5355 3260 5405 staret.

2134 5439 2295 5492 Vens.
2362 5440 2411 5493 3.
2460 5469 2529 5479 —
2596 5442 2668 5494 De
2701 5441 2907 5509 laqueo.
2972 5440 3097 5511 (Ιο.)
3153 5441 3437 5509 Teutatio,
3480 5444 3570 5499 vel
3635 5463 3739 5517 per

2040 5528 2203 5594 facta,
2239 5543 2368 5598 quas
2414 5526 2508 5582 hic
2560 5527 2770 5583 dieitur
2824 5530 3048 5599 laqueus
3080 5545 3095 5597 ;
3134 5530 3222 5584 vel
3265 5547 3370 5603 per
3406 5533 3579 5588 verba
3608 5550 3737 5605 quae
