4082 6184
385 279 487 329 999

1006 269 1395 324 ννΑιΑιτΒιυι
1435 267 1682 322 STRABI
1724 267 1916 321 FULl).
1963 267 2077 322 MOI‘

2224 267 2317 322 PP.
2361 267 2537 322 PARS
2575 267 2616 321 I.
2658 295 2726 305 -—-
2764 265 3221 322 THEOLOGICA.

3747 268 3872 320 1000

383 399 496 464 hic,
518 415 550 452 a
581 397 738 451 verbo
777 401 968 465 aspero
998 410 1014 463 ;
1050 393 1232 465 quasi,
1284 392 1388 446 etsi
1417 391 1525 445 levi
1574 391 1855 460 videatur,
1908 407 2078 460 grave
2106 392 2152 444 Α
2191 406 2302 460 que
2332 390 2642 460 diligenter
2671 389 2922 457 adverte,
2955 389 3054 444 ubi
3093 389 3162 443 de
3196 388 3422 444 Christo
3451 390 3762 445 secundum
3790 407 3874 444 ca-

383 492 578 542 tamen
609 490 694 540 est
721 485 894 538 verbo
939 482 1161 537 tentari.
1210 483 1481 549 Laqueus,
1515 479 1778 534 versutia:
1807 479 2074 550 spiritua-

384 577 550 644 lium,
609 575 694 628 vel
733 572 1046 628 carnalium
1092 569 1498 634 inimicorum;
1528 569 1746 622 verbum
1802 583 2072 637 asperum,

385 681 556 718 omne
588 663 821 727 dictum,
879 659 1028 730 quod
1079 661 1267 712 movet
1299 673 1331 710 a
1361 656 1577 727 regulis
1625 655 1852 709 divinis.
1887 659 2077 721 (AUG.)

391 754 468 806 De
511 753 698 820 laqueo
742 751 1073 812 venantium,
1123 746 1475 811 daemonum,
1545 744 1645 814 qui
1714 761 1828 797 non
1879 744 1937 798 in
1990 744 2081 798 via

385 839 620 904 Christo,
657 837 753 892 sed
809 837 974 901 circa,
1010 835 1080 889 ad
1138 834 1433 888 dexteram
1466 833 1554 886 vel
1594 832 1910 898 sinistram,
1954 837 2073 886 ten-

387 929 531 982 dunt
559 927 808 997 laqueos.
844 925 909 977 In
942 939 1083 994 quos
1113 926 1283 993 etper
1315 922 1553 975 verbum
1577 936 1839 991 asperum
1871 919 2083 974 cadunt

386 1017 582 1087 aliqui,
621 1020 681 1069 ut
711 1015 808 1086 qui
840 1016 1188 1068 noluntesse
1246 1011 1474 1077 Christi,
1512 1015 1746 1082 propter
1801 1009 2078 1064 insultan-

385 1110 472 1160 tes
510 1103 827 1160 Christiano
874 1101 1114 1168 nomini,
1166 1107 1224 1155 et
1293 1100 1391 1171 qui
1437 1099 1643 1154 timent
1700 1097 2081 1153 detractiones

387 1193 714 1260 hominum,
756 1198 815 1245 ut
835 1197 1058 1244 cessent
1089 1207 1120 1244 a
1142 1190 1226 1243 via
1263 1190 1383 1243 Dei.

459 1283 624 1336 Vens.
667 1282 720 1334 4.
773 1311 839 1320 -
886 1280 1157 1348 Scapulis.
1202 1281 1393 1345 (AUG.,
1444 1277 1619 1346 Cass.)
1681 1277 1943 1348 Speranti
1988 1277 2083 1332 be-

383 1371 588 1426 neficia
658 1369 756 1424 Dei
815 1368 1120 1440 promittit.
1195 1368 1462 1436 Scapula,
1519 1370 1654 1419 sunt
1721 1364 2082 1436 operationes

385 1457 756 1524 mirabilium,
807 1457 1015 1527 quibus
1068 1462 1128 1509 ut
1182 1455 1440 1509 humeris
1494 1454 1674 1508 virtus
1753 1453 1854 1508 Dei
1888 1457 2080 1506 osten-

386 1547 559 1601 ditur.
595 1548 811 1614 Pennze,
867 1546 1087 1600 monita
1145 1545 1587 1614 Prophetarum,
1621 1559 1749 1613 quas
1783 1543 1852 1596 ad
1910 1541 2084 1596 coelos

385 1637 617 1690 vehunt.

456 1723 826 1779 Obumbrabit.
853 1723 922 1776 Ut
953 1736 1137 1791 neque
1169 1720 1250 1773 sol
1311 1718 1648 1783 divinitatis,
1708 1735 1893 1788 neque
1945 1718 2084 1771 luna

385 1811 764 1866 humanitatis
821 1816 875 1865 te
927 1815 1073 1862 urat.
1119 1811 1182 1862 In
1226 1810 1421 1877 pennis
1473 1807 1767 1877 protectio.
1826 1807 2082 1875 Scapulis

383 1903 518 1955 suis.
551 1901 724 1963 Alias,
755 1901 902 1954 Inter
925 1899 1196 1966 scapulas.
1259 1895 1448 1967 (Acc.)
1484 1897 1543 1950 ld
1589 1901 1692 1962 est,
1731 1900 1858 1949 ante
1887 1900 2082 1965 pectus

383 2003 553 2042 suum
586 1992 641 2041 te
670 1988 854 2056 ponit,
887 1991 1018 2053 etc.,
1053 1999 1244 2053 ,usquc
1283 1984 1355 2036 ad
1411 1989 1471 2038 ut
1501 1983 1604 2037 sub
1652 1983 1755 2036 alis
1806 1982 1928 2053 ejus
1961 1999 2083 2053 spe—

381 2093 598 2130 remus.

455 2165 614 2218 Vens.
641 2167 692 2218 5.
727 2195 794 2204 —
831 2163 1062 2218 Veritas.
1123 2161 1250 2232 (1ο.)
1283 2161 1381 2215 Dei
1421 2165 1527 2228 est,
1560 2161 1660 2232 qui
1691 2177 1810 2214 non
1855 2159 2084 2230 respicit

382 2269 679 2325 personas,
713 2269 815 2306 nec
867 2252 1068 2306 miscet
1129 2256 1419 2322 sperantes
1459 2251 1528 2304 de
1572 2250 1770 2320 seipsis
1819 2264 1948 2302 cum
1998 2247 2082 2300 his

383 2343 484 2414 qui
506 2346 737 2414 sperant
761 2341 818 2394 in
854 2342 987 2407 Deo,
1043 2340 1140 2394 sed
1173 2340 1442 2394 discernit
1482 2339 1727 2392 humiles
1756 2339 1840 2391 vel
1875 2353 2083 2406 super-

382 2432 502 2486 bos.
571 2431 768 2502 (Cass.)
820 2431 917 2483 Vel
956 2429 1185 2496 veritas,
1244 2427 1561 2481 incarnatio
1621 2425 1848 2490 Christi,
1876 2426 2076 2479 unde:

383 2525 616 2576 Deterra
642 2522 842 2574 veritas
885 2523 1005 2572 orta
1053 2523 1131 2572 est
1185 2518 1346 2588 (Psal.
1399 2520 1632 2581 Lxxxiv),
1685 2514 1839 2585 quod
1873 2519 1930 2567 et
1961 2530 2080 2567 sca-

383 2607 534 2679 pulis
565 2608 891 2672 obumbrat,
924 2611 980 2660 et
1012 2610 1171 2659 scuto
1227 2604 1500 2658 defendit.
1533 2603 1689 2657 Sicut
1747 2603 1962 2656 notavit
1986 2619 2082 2673 ge-

2189 485 2311 551 put,
2343 481 2438 533 ubi
2461 479 2773 534 secundum
2807 479 3065 532 membra
3095 483 3246 550 agat.
3283 480 3648 533 Altissimum.
3687 481 3746 534 In
3767 481 3875 534 alto

2190 577 2274 625 est
2302 571 2590 641 refugium
2617 571 2737 634 Dei,
2771 569 2931 622 valde
2955 569 3014 622 in
3049 569 3291 631 occulto,
3317 573 3379 620 ut
3407 567 3658 638 fugiatur
3689 585 3722 621 a
3751 585 3877 623 ven-

2189 666 2316 713 tura
2346 660 2449 714 ira.
2486 659 2643 714 Multi
2671 657 2825 712 enim
2881 657 2960 710 sic
3017 656 3233 710 faciunt
3280 657 3388 710 sibi
3446 657 3729 727 refugium
3764 657 3878 722 Dei,

2191 765 2304 820 quo
2325 747 2555 818 fugiunt
2573 765 2602 800 a
2635 747 2799 800 malis
2827 746 3258 816 temporalibus.
3284 747 3623 800 Altissimum
3653 747 3882 814 posuisti

2190 839 2484 906 refugium,
2509 836 2565 890 id
2597 841 2701 903 est,
2747 835 3121 904 resurgendo,
3173 834 3546 898 ascendendo,
3591 834 3770 888 altum
3801 834 3879 887 fe-

2190 927 2315 981 cisti
2349 925 2654 996 refugium,
2687 929 2748 977 ut
2770 923 2890 994 jam
2932 940 3157 993 sperum
3190 923 3354 993 sequi
3374 939 3486 994 quo
3524 923 3878 993 praecessisti.

2262 1017 2424 1069 Vens.
2463 1017 2546 1068 tO.
2589 1045 2654 1054 —
2689 1012 2808 1082 (10.)
2845 1011 3277 1066 Tabernaculum
3323 1014 3419 1065 Dei
3461 1016 3545 1064 est
3573 1027 3726 1073 caro,
3757 1016 3883 1078 etc.,

2189 1119 2357 1172 usque
2394 1103 2469 1158 ad
2499 1102 2720 1158 Christo
2751 1102 2858 1155 hoc
2886 1101 3031 1156 bene
3067 1099 3361 1170 accipitur.

2263 1194 2423 1246 Vens.
2459 1196 2540 1246 ll.
2575 1222 2642 1232 —
2689 1191 2951 1256 Quoniam
3004 1190 3236 1256 angelis.
3272 1190 3386 1243 Hoc
3444 1188 3589 1243 dixit
3639 1190 3887 1241 tentator

2193 1282 2460 1344 Domino,
2495 1279 2722 1350 quando
2751 1277 2913 1332 illum
2945 1277 3186 1331 tentavit
3215 1297 3227 1331 :
3257 1277 3360 1331 hoc
3399 1277 3623 1346 objecit,
3657 1275 3730 1329 de
3762 1276 3886 1330 Dei-

2191 1375 2305 1423 tate
2327 1370 2447 1438 ejus
2479 1368 2764 1422 dubitans.
2791 1369 3061 1420 Tentatus
3100 1370 3183 1418 est
3216 1370 3407 1419 autem
3460 1365 3721 1420 Christus
3754 1381 3887 1436 pro—

2190 1463 2319 1528 pter
2342 1473 2464 1522 nos,
2495 1461 2558 1510 ut
2585 1460 2642 1510 et
2672 1456 2731 1509 in
2762 1471 2828 1508 eo
2859 1458 3198 1508 tentatorem
3233 1453 3454 1508 vincere
3484 1453 3792 1507 discamus.

2261 1549 2455 1614 (AUG.)
2488 1545 2577 1600 Sic
2603 1549 2659 1598 et
2691 1543 2965 1613 baptizari
2997 1559 3030 1596 a
3061 1559 3222 1596 servo
3268 1542 3464 1608 voluit,
3499 1558 3613 1596 non
3653 1559 3760 1612 pro
3792 1559 3890 1595 sua

2191 1633 2547 1698 necessitate,
2591 1632 2686 1685 sed
2734 1646 2839 1701 pro
2873 1629 3120 1684 hominis
3150 1629 3410 1697 utilitate,
3457 1634 3519 1683 ut
3556 1644 3670 1682 non
3703 1645 3888 1699 asper-

2192 1738 2397 1777 nemur
2426 1719 2702 1790 baptizari
2733 1737 2764 1773 a
2786 1718 3093 1772 conservis.

2262 1811 2419 1863 Vens.
2465 1811 2544 1862 t2.
2583 1839 2646 1846 —
2670 1809 2732 1861 In
2763 1807 3011 1860 manibus
3032 1805 3331 1875 portabunt
3365 1809 3430 1858 te.
3472 1805 3598 1870 (10.)
3630 1805 3887 1858 Manibus

2190 1899 2527 1969 angelorum
2557 1896 2814 1950 sublatus
2863 1899 2946 1950 est
2976 1895 3230 1950 Christus
3260 1894 3319 1947 in
3358 1893 3585 1961 ccelum,
3621 1898 3753 1960 etc.,
3798 1911 3886 1948 us-

2189 2005 2291 2058 que
2311 1987 2384 2042 (ιιί
2413 1986 2510 2058 qui
2543 1984 2688 2039 vinci
2716 2002 2830 2038 non
2860 1989 3064 2056 potest.

2259 2072 2421 2125 Vens.
2457 2076 2539 2126 l3.
2571 2072 2745 2141 Super
2787 2073 3051 2142 aspidem.
3105 2073 3234 2126 Post
3284 2071 3595 2125 humanam
3645 2071 3882 2126 inﬁrmi-

2188 2164 2384 2224 tatem,
2420 2160 2614 2214 divina
2647 2162 2824 2215 virtus
2867 2161 3208 2229 ostenditur,
3241 2177 3370 2231 qua:
3428 2161 3599 2213 tantis
3642 2160 3883 2232 imperat

2191 2249 2256 2302 Et
2281 2250 2400 2319 agit
2427 2249 2495 2302 de
2519 2249 2742 2304 Christo
2774 2251 3085 2304 secundum
3121 2251 3398 2304 membra.
3440 2251 3511 2303 Et
3529 2251 3876 2304 conculcabit.

2189 2338 2376 2404 (AUG.)
2432 2339 2768 2408 Serpentem
2811 2339 2988 2392 calcat
3036 2339 3302 2408 Ecclesia,
3355 2353 3484 2408 quae
3539 2346 3701 2394 cavet
3732 2346 3876 2393 astu-

2185 2425 2323 2480 tiam
2358 2427 2500 2496 ejus.
2534 2429 2776 2482 Leonem.
2801 2430 3011 2498 Aperte
3043 2428 3199 2481 SZBVii.
3235 2428 3292 2481 in
3316 2435 3617 2499 martyres.

2261 2517 2438 2569 Draco
2496 2515 2803 2570 insidiatur
2851 2532 2956 2586 per
3036 2517 3352 2586 haereticos,
3434 2523 3500 2570 ut
3553 2520 3879 2586 corrumpat

2187 2603 2467 2674 virginem
2500 2604 2726 2672 Christi,
2763 2605 2912 2659 unde
2963 2606 3273 2675 Apostolus
3301 2621 3312 2659 :
3365 2604 3643 2674 Despondi
3675 2621 3767 2659 vos
3793 2607 3885 2658 uni

384 2713 520 2750 nera
563 2696 982 2762 defensionum,
1039 2698 1199 2748 notat
1246 2699 1301 2748 et
1329 2709 1541 2762 genera
1581 2691 1994 2762 periculorum,
2019 2697 2080 2745 ut
2184 2695 2322 2758 viro,
2356 2695 2621 2759 virginem
2642 2698 2846 2748 castam
2875 2693 3126 2747 exhibere
3155 2694 3367 2749 Christo
3397 2693 3486 2762 (II
3510 2694 3627 2749 Cor.
3664 2693 3763 2760 ιι).

382 2786 458 2839 sit
485 2787 706 2855 gratior
731 2785 1012 2838 liberatio.

454 2876 500 2929 A
535 2878 722 2929 timore
775 2879 1057 2927 nocturno.
1112 2873 1156 2924 A
1209 2869 1583 2923 similitudine
1635 2868 1893 2939 periculi,
1929 2869 2078 2923 unde

2260 2781 2428 2837 Vens.
2471 2782 2554 2834 14.
2603 2811 2672 2822 -
2715 2782 2979 2847 Quoniam
3022 2783 3078 2835 in
3105 2798 3186 2835 me
3233 2785 3490 2850 speravit.
3527 2783 3720 2848 (Acc.)
3751 2782 3883 2835 Ter-

2185 2867 2264 2922 tio
2294 2870 2466 2924 verba
2523 2869 2644 2936 Dei,
2690 2869 2899 2940 quibus
2949 2869 3250 2924 Ecclesiam
3307 2871 3652 2934 consolatur,
3707 2867 3801 2921 cui
3832 2871 3889 2919 et

379 2967 601 3017 tantum
631 2963 801 3016 timor
829 2961 1089 3016 habetur.
1123 2961 1172 3014 A
1237 2961 1422 3013 timore
1451 2963 1727 3012 nocturno.
1755 2957 1936 3028 (Ano.)
1967 2957 2074 3022 Qui
2108 2959 2148 3014 C
2189 2957 2279 3010 hic
2298 2958 2861 3025 defensionem,’etin
2884 2959 3076 3013 futuro
3099 2957 3887 3029 prmmiaprumittit.(Cass.)

380 3051 652 3121 ignorans
696 3054 911 3121 peccat,
958 3054 1092 3116 etc.,
1143 3062 1310 3116 usque
1339 3046 1413 3101 ad
1465 3046 1668 3103 Cadent
1695 3062 1730 3099 a
1786 3048 1953 3100 latere
1991 3050 2080 3100 tuo

381 3141 547 3194 mille.
1818 3150 1830 3157 ’

455 3228 610 3282 Vens.
635 3232 687 3282 ‘7.
721 3256 782 3268 —
819 3225 1020 3281 Cadent
1041 3242 1075 3278 a
1109 3225 1294 3278 latere.
1327 3224 1531 3293 (Cass)
1549 3223 1828 3288 Secundo,
1852 3220 2082 3275 fidentis

382 3313 444 3368 in
466 3315 580 3368 Deo
606 3317 800 3383 caput.
827 3313 883 3366 id
915 3317 997 3365 est
1010 3311 1317 3377 Christum,
1349 3310 1410 3364 in
1442 3309 2024 3376 caalolevatum,dicit
2050 3327 2082 3363 a

383 3403 542 3456 nullo
571 3417 736 3471 posse
766 3399 1040 3468 contingi,
1085 3400 1185 3470 qui
1216 3406 1272 3454 et
1309 3400 1496 3469 proles
1524 3398 1584 3453 in
1617 3404 1763 3452 terra
1791 3398 2040 3469 protegit
2065 3414 2078 3452 :

381 3491 480 3544 sed
509 3493 950 3560 praesumptores
981 3487 1132 3542 abeo
1153 3488 1386 3541 cadunt.
1412 3487 1549 3539 Ecce
1574 3486 1856 3549 certitudo
1889 3491 2079 3557 prote-

382 3575 589 3631 ctionis
618 3575 848 3630 fidentis
878 3574 937 3628 in
969 3575 1084 3629 Deo
1124 3590 1230 3644 per
1279 3573 1582 3628 Christum.
1617 3575 1665 3628 Α
1699 3576 1881 3628 latere.
1916 3575 2084 3628 Latus

383 3664 486 3720 Dei
542 3669 628 3718 est
683 3680 895 3718 corona
936 3663 1247 3733 justorum,
1283 3662 1383 3733 qui
1434 3678 1563 3716 cum
1611 3678 1676 3716 eo
1714 3661 2080 3733 judicabunt,

386 3751 537 3806 unde
566 3751 774 3806 dicitur
802 3767 815 3805 :
848 3751 1057 3805 Mittite
1087 3766 1121 3804 a
1175 3752 1342 3805 latere
1386 3755 1580 3817 vestro,
1611 3750 1669 3804 id
1718 3755 1821 3814 est,
1856 3750 1955 3821 qui
1979 3767 2080 3804 vo-

382 3839 603 3894 biscum
626 3839 842 3894 habent
886 3839 1210 3895 consilium.
1285 3839 1452 3893 Latus
1499 3855 1636 3910 ergo
1689 3839 1915 3904 Christi,
1939 3840 2084 3909 Apo-

383 3929 512 3982 stoli
538 3933 594 3982 et
622 3945 824 3983 eorum
853 3928 1190 3997 imitatores,
1219 3927 1427 3998 quibus
1482 3928 1746 3998 promisit
1773 3945 1785 3982 :
1812 3927 2081 3982 Sedebitis

383 4033 546 4087 super
623 4017 771 4071 sedes
837 4017 1134 4084 duodecim,
1190 4017 1502 4086 judicantes
1561 4017 1842 4071 duodecim
1907 4017 2082 4070 tribus

381 4106 551 4160 Israel
571 4105 790 4174 (Matth.
838 4107 978 4174 xxx).
1014 4104 1321 4159 Duodecim
1376 4105 1538 4158 sedes
1587 4104 1860 4175 perfectio
1891 4104 2082 4160 tribu-

383 4194 550 4262 nalis,
579 4194 678 4264 qui
733 4194 942 4265 quibus
990 4193 1270 4247 sedebunt
1317 4209 1518 4247 omnes
1575 4193 1674 4265 qui
1725 4192 1920 4248 omnia
1949 4193 2080 4248 reli-

385 4285 657 4352 querunt,
676 4285 734 4335 et
761 4279 940 4334 secuti
974 4284 1109 4334 sunt
1129 4279 1437 4333 Christum.

458 4371 618 4424 Vens.
650 4372 703 4424 8.
734 4399 802 4409 —
853 4370 1252 4423 Verumtamen.
1291 4367 1487 4438 (Cass.,
1539 4369 1714 4438 AUG)
1769 4367 1919 4422 Licet
1948 4367 2075 4438 qui-

388 4456 519 4512 dem
550 4462 605 4512 te
672 4455 1040 4529 permittente
1096 4455 1288 4526 impiis
1331 4460 1460 4510 tuos
1495 4455 1782 4527 persequi,
1833 4457 1930 4510 sed
1957 4472 2076 4510 non

385 4545 840 4618 impune,foculis
871 4545 984 4600 tuis
1008 4544 1390 4599 considerabit
1420 4545 1657 4611 malum,
1693 4545 1845 4616 quod
1877 4545 2075 4599 volue-

386 4641 540 4703 runt,
567 4652 683 4689 non
714 4635 930 4689 bonum
961 4635 1115 4704 quod
1157 4649 1261 4704 per
1291 4633 1606 4688 nescientes
1635 4633 1845 4704 agitur,
1877 4634 1956 4687 eis
1988 4650 2074 4687 re-

386 4724 690 4790 tribuetur,
714 4728 770 4777 et
825 4727 1072 4790 sanctus,
1121 4722 1221 4793 qui
1263 4721 1434 4776 habet
1483 4721 1678 4776 oculos
1734 4721 1890 4785 ﬁdei,
1923 4722 2106 4792 videt_

386 4829 484 4867 eos
516 4811 686 4866 modo
708 4810 942 4866 exaltari
991 4815 1047 4865 et
1100 4813 1322 4877 tonare,
1355 4815 1411 4864 et
1463 4809 1522 4864 in
1573 4810 1682 4864 ﬁne
1731 4810 2076 4864 fulminare:

386 4901 496 4957 hoc
515 4901 656 4957 dixit
683 4919 754 4956 ne
786 4900 1004 4956 inﬁrmi
1028 4905 1380 4954 moveantur.
1432 4900 1638 4970 (Cass)
1703 4902 2079 4955 Verumtamen

385 4990 574 5046 oculis.
609 4990 722 5045 Etsi
769 4990 1034 5044 cadentes
1081 4993 1306 5044 tentent
1353 4993 1409 5042 te
1449 4987 1623 5053 duris,
1689 4994 2077 5044 verumtamen.

386 5079 506 5146 Vel,
541 5078 649 5134 etsi
668 5078 1021 5134 daemonium
1050 5094 1166 5132 non
1193 5076 1636 5148 appropinquat,
1677 5077 1832 5147 quod
1866 5082 1949 5132 est
1977 5093 2081 5148 per

387 5167 617 5240 iniquos
649 5185 662 5222 :
691 5168 790 5223 sed
817 5174 1008 5222 tamen
1027 5183 1143 5221 non
1191 5166 1343 5237 quod
1397 5165 1634 5233 faciunt,
1675 5166 1774 5220 sed
1805 5166 1959 5237 quod
1988 5166 2080 5220 in-

385 5257 650 5324 tendunt,
674 5257 1058 5312 considerabis.

459 5346 625 5400 Vens.
660 5349 806 5400 9.—
839 5345 1100 5410 Quoniam
1148 5347 1206 5398 tu
1259 5358 1332 5397 es.
1367 5342 1564 5415 (Auc.)
1621 5343 1776 5397 Unus
1826 5343 2080 5398 Christus

389 5436 474 5486 est
501 5437 671 5503 caput
700 5439 758 5488 et
785 5448 1012 5504 corpus,
1052 5433 1121 5487 de
1177 5449 1291 5504 quo
1323 5432 1575 5503 loquitur
1604 5433 1776 5486 modo
1803 5437 1864 5486 ut
1890 5433 1958 5487 de
1987 5450 2079 5486 ca-

387 5519 525 5592 pite,
558 5521 730 5577 modo
756 5527 820 5576 ut
847 5522 918 5577 de
940 5537 1198 5592 corpore,
1231 5537 1348 5576 non
1375 5526 1593 5576 mutata
1619 5536 1892 5592 persona.
1926 5521 2081 5577 Ideo-

2188 3046 2415 3101 Mandat
2445 3047 2661 3118 angelis
2691 3047 2760 3101 de
2790 3051 2844 3101 te
2900 3047 3090 3102 dicens
3121 3063 3134 3101 :
3181 3050 3446 3117 Quoniam
3491 3050 3547 3101 in
3577 3064 3676 3100 me.
3713 3045 3890 3100 Certi-

2189 3135 2325 3192 tudo
2355 3135 2754 3206 promissionis
2784 3151 2885 3206 per
2916 3135 3352 3205 promissionem
3409 3136 3523 3190 Dei.

2262 3225 2423 3278 Vens.
2462 3226 2542 3277 lii.
2574 3255 2639 3262 ——
2687 3224 2956 3280 Clamabit
3012 3223 3086 3276 ad
3139 3239 3238 3278 me.
3273 3228 3458 3290 (Αυο.)
3515 3223 3639 3277 Non
3697 3229 3789 3276 est
3818 3221 3889 3275 ti-

2191 3313 2466 3368 mendum
2489 3313 2548 3366 in
2579 3313 2972 3375 tribulatione,
3026 3317 3154 3378 etc.,
3206 3329 3372 3381 usque
3401 3312 3475 3366 ad
3525 3328 3592 3366 eo
3623 3317 3889 3383 tempore

2190 3402 2375 3472 magis
2409 3401 2730 3456 laboremus
2753 3400 2822 3455 ad
2856 3401 3256 3454 resistendum.

2827 3488 2953 3543 PSA
2963 3489 3138 3543 LMUS
3183 3488 3318 3545 XCI.

2261 3579 2422 3631 Vens.
2477 3581 2524 3632 l.
2555 3577 2889 3632 —Psalmus
2928 3579 3146 3632 cantici.
3199 3577 3386 3647 (Auc.)
3437 3575 3674 3647 Propter
3721 3576 3890 3630 fasti-

2189 3667 2349 3722 dium
2379 3665 2727 3732 animorum,
2760 3671 2892 3731 etc.,
2925 3681 3092 3734 usque
3121 3665 3194 3719 ad
3211 3663 3456 3735 gloriam
3474 3665 3570 3718 Dei
3593 3680 3888 3735 quaerens,

2191 3772 2306 3810 non
2331 3760 2513 3809 tuam.

2264 3845 2418 3897 Vens.
2454 3847 2506 3897 2.
2541 3873 2610 3884 —
2640 3843 2855 3897 Bonum
2881 3847 2960 3897 est
2999 3843 3257 3910 conﬁteri.
3293 3841 3732 3912 (Cass.)Primo,
3770 3843 3892 3913 agit

2190 3932 2482 4004 quomodo
2510 3931 2693 3986 bonus
2722 3931 3170 4002 imperturbatus
3198 3931 3317 4000 agit
3331 3929 3628 3984 sabbatum
3651 3933 3886 3994 mentis,

2189 4021 2442 4076 sentiens
2475 4020 2667 4080 omnia
2697 4021 2844 4074 bene
2871 4019 2961 4089 agi
2995 4037 3023 4072 a
3057 4020 3192 4085 Deo,
3223 4020 3371 4090 quod
3407 4035 3520 4072 non
3557 4020 3716 4072 novit
3746 4021 3890 4074 stul-

2189 4115 2299 4164 tus.
2337 4112 2532 4174 (AUG.)
2575 4111 2729 4163 Bona
2758 4108 3066 4179 praesentia
3091 4123 3120 4160 a
3162 4108 3276 4161 Deo
3300 4107 3462 4161 nobis
3493 4107 3723 4174 donata,
3761 4125 3892 4162 con-

2190 4197 2390 4251 solatio
2419 4201 2590 4250 sunt:
2638 4213 2768 4250 cum
2821 4196 3045 4260 desunt,
3102 4194 3326 4265 justitia
3383 4199 3486 4248 est.
3543 4194 3892 4250 Consolatur

2189 4287 2341 4340 enim
2376 4302 2480 4339 nos
2510 4286 2678 4351 Deus,
2712 4289 2768 4339 et
2799 4283 3103 4338 emendat:
3131 4283 3192 4337 in
3231 4287 3474 4355 utroque
3521 4299 3658 4354 ergo
3704 4285 3885 4340 simus

2187 4376 2240 4430 ei
2271 4374 2439 4445 grati,
2474 4374 2723 4428 dicentes
2748 4391 2762 4428 :
2795 4375 2999 4428 Bonum
3030 4377 3107 4428 est
3135 4375 3399 4442 conﬁteri,
3425 4378 3531 4427 etc.

2259 4465 2420 4517 Vens.
2455 4463 2508 4516 4.
2556 4493 2625 4502 —
2653 4465 2717 4517 In
2777 4462 3125 4517 decachordo.
3187 4461 3311 4532 (ln.)
3351 4462 3562 4527 Psallit,
3596 4462 3697 4532 qui
3755 4478 3885 4517 cum

2187 4550 2474 4605 hilaritate
2530 4551 2678 4605 bene
2731 4551 2882 4606 facit.
2935 4551 3042 4615 Qui
3099 4566 3230 4604 cum
3273 4549 3505 4604 tristitia
3555 4549 3624 4604 de
3685 4567 3753 4604 eo
3803 4551 3885 4614 ﬁt,

2187 4657 2306 4694 non
2332 4640 2453 4710 ipse
2481 4639 2615 4694 facit
2647 4656 2658 4693 :
2689 4645 2746 4693 et
2800 4645 2988 4709 portat
3025 4639 3381 4710 psalterium,
3421 4655 3539 4692 non
3591 4646 3791 4694 cantat
3830 4640 3885 4692 in

2188 4745 2275 4783 eo.
2312 4731 2375 4783 In
2405 4728 2758 4783 decachordo.
2809 4728 2865 4782 Si
2907 4727 3054 4781 bene
3111 4727 3359 4797 loqueris
3411 4731 3660 4792 tantum,
3703 4727 3887 4781 canti-

2188 4833 2317 4872 cum
2349 4816 2578 4870 estsine
2622 4815 2878 4883 cithara;
2913 4815 2960 4868 si
3013 4813 3288 4885 operaris,
3337 4818 3391 4868 et
3447 4830 3560 4868 non
3608 4815 3885 4884 loqueris,

2187 4906 2402 4960 cithara
2451 4910 2535 4959 cst
2587 4905 2710 4958 sine
2759 4905 3017 4971 cantico;
3065 4908 3120 4957 et
3160 4902 3288 4956 ideo
3335 4902 3481 4957 bene
3537 4901 3781 4973 loquere
3811 4908 3890 4974 ‘et

2188 4992 2444 5049 benefac.

2261 5083 2427 5135 Vens.
2459 5084 2509 5135 5.
2544 5109 2612 5122 —
2656 5081 2796 5146 Quia
2831 5080 3123 5135 delectasti.
3155 5079 3284 5152 ([n.)
3329 5079 3482 5134 Unde
3527 5080 3842 5150 Apostolus
3871 5095 3884 5132 :

2187 5169 2378 5240 Ipsius
2404 5171 2716 5236 ﬁgmentum
2753 5182 2958 5234 sumus,
3016 5173 3145 5236 etc.,
3186 5183 3355 5237 usque
3405 5167 3522 5222 ad:
3575 5168 3748 5234 Quam
3768 5185 3886 5221 ma-

2189 5258 2448 5325 gniﬁcata
2493 5259 2638 5310 sunt.
2674 5257 2740 5310 1n
2797 5260 3019 5322 factura
3067 5261 3180 5310 tua.
3233 5255 3440 5326 (Cass.,
3497 5257 3690 5327 Hien.)
3735 5256 3885 5310 Etin

2191 5345 2393 5400 decore
2422 5345 2600 5417 ipsius
2632 5346 2940 5402 mundialis
2965 5345 3213 5412 fabrica,
3249 5351 3305 5402 et
3345 5347 3402 5402 in
3450 5347 3799 5414 obedientia,
3833 5350 3883 5400 et

2189 5433 2250 5488 in
2279 5433 2674 5505 dispositione,
2727 5440 2785 5489 et
2830 5435 2891 5489 in
2943 5434 3144 5500 causis,
3177 5439 3235 5490 et
3289 5435 3350 5489 in
3399 5435 3709 5502 effectibus,
3741 5441 3797 5490 et
3829 5437 3878 5489 in

2190 5523 2460 5594 operibus
2492 5539 2794 5592 manuum,
2827 5524 3037 5595 quibus
3069 5523 3216 5591 uior,
3257 5524 3346 5578 vel
3390 5540 3518 5595 quae
3547 5524 3747 5580 miror.
