4020 6184
193 268 325 319 1001

1319 266 1575 322 GLOSSA
1611 264 2011 321 0RDINARIA.
2048 294 2117 304 —-
2158 266 2284 320 LIB.
2327 267 2575 322 PSALM.

3565 275 3584 326 l
3597 273 3705 327 002

259 390 423 442 Vens.
454 391 507 444 6.
542 417 613 428 —
642 389 819 454 Quam
871 392 1220 458 magniﬁcata
1247 395 1390 444 sunt.
1441 389 1648 457 (Cass,
1689 388 1891 457 HIER.)
1930 391 1976 442 A
2008 388 2211 442 Christi
2242 388 2334 443 hic
2363 393 2644 455 cantatur,
2686 393 2817 456 etc.,
2849 405 3017 459 usque
3073 390 3148 445 ad
3178 408 3211 445 a
3266 391 3433 447 laude
3473 392 3698 463 domus,

181 479 249 531 In
281 478 616 542 substantia,
650 482 705 531 et
753 478 810 531 in
860 478 1062 543 forma,
1113 482 1169 531 et
1218 479 1279 531 in
1305 478 1379 544 vi,
1438 479 1583 532 etin
1635 478 1880 532 cazteris.

180 566 358 622 Nimis
381 565 672 635 profunda:
730 571 854 619 sunt
911 568 1258 634 cogitationes
1316 572 1440 634 tuae,
1486 567 1694 638 quibus
1754 568 1891 621 talia

177 653 365 707 fecisti
396 658 452 707 et
481 654 656 724 regis.

254 745 414 798 Vens.
442 748 497 796 7.
530 774 596 783 —
625 746 725 798 Vir
752 742 1039 812 insipiens,
1073 746 1179 797 etc.
1231 744 1441 810 (Cass)
1480 744 1565 798 Me
1595 742 1887 798 delectasti

175 832 239 885 in
268 832 559 901 operibus,
592 831 687 884 sed
719 833 807 884 vir
837 832 1097 899 insipiens
1146 846 1254 885 non
1308 835 1600 902 cognoscet,
1663 837 1719 885 et
1746 832 1886 884 stul-

174 924 292 984 tus,
326 920 449 989 qui,
480 918 526 972 si
575 918 698 985 scit,
744 934 858 972 non
916 922 1074 972 cavet
1125 917 1252 985 sibi,
1311 934 1417 972 non
1465 920 1727 985 intelliget
1754 921 1883 982 hac,

179 1024 313 1079 quae
332 1007 492 1073 dixit,
514 1008 601 1060 vel
622 1023 750 1077 qua:
772 1008 903 1061 dicit
924 1011 1072 1077 post.
1102 1007 1402 1061 Summum
1424 1023 1605 1077 genus
1635 1008 1887 1061 scientiae

178 1100 268 1149 est
296 1095 437 1148 scire
474 1097 651 1149 Deum
686 1100 841 1149 tanta
877 1101 1170 1166 priestare,
1211 1111 1343 1166 quae
1373 1096 1659 1150 humanus
1688 1113 1886 1150 sensus

178 1199 302 1237 non
334 1183 484 1237 valet
512 1184 817 1252 attingere.

250 1273 526 1340 Insipiens
585 1276 687 1338 est,
746 1272 845 1342 qui
895 1272 1108 1326 caelesti
1164 1272 1446 1343 sapientia
1504 1289 1736 1339 vacuus,
1770 1273 1883 1327 hu-

175 1360 369 1414 manis
399 1360 658 1414 versutiis
700 1362 900 1431 plenus
929 1365 1040 1427 est;
1070 1361 1168 1431 qui
1215 1377 1334 1415 non
1383 1361 1486 1416 scit
1540 1378 1714 1432 opera
1760 1361 1881 1427 Dei,

176 1450 317 1519 quia
346 1466 479 1503 casu
511 1455 676 1520 putat
712 1449 908 1502 omnia
962 1451 1084 1519 agi;
1126 1450 1333 1503 Stultus
1382 1456 1467 1503 est
1510 1449 1731 1514 brutus,
1784 1446 1884 1519 qui

175 1554 287 1592 nec
318 1538 615 1591 saecularia
644 1538 822 1591 novit.

257 1626 417 1679 Vens.
474 1629 527 1681 8.
574 1657 640 1664 —-
671 1627 805 1682 Cum
869 1626 1051 1679 exorti
1068 1627 1311 1691 fuerunt.
1345 1625 1551 1696 (Cass)
1589 1625 1758 1679 Malos
1791 1642 1882 1679 as-

1999 477 2099 541 ibi,
2134 481 2358 532 Domum
2394 484 2560 531 tuam.
2596 481 2841 532 Decorem
2892 478 3140 535 indutus.
3191 482 3388 549 (AUG.)
3443 482 3699 536 Christus

2000 566 2356 631 decorushis,
2381 571 2510 631 etc.,
2527 582 2694 634 usque
2716 567 2789 621 ad
2808 566 2962 621 orbis
2979 568 3078 638 qui
3092 585 3208 622 non
3222 570 3694 624 commovebitur.

1999 656 2243 707 Decorem
2267 654 2466 707 induit.
2501 652 2696 723 (Cass)
2746 654 2809 708 Id
2856 659 2956 722 est,
3010 656 3511 725 pulchritudinem,
3569 662 3701 727 etc.,

1995 757 2165 809 usque
2193 742 2267 795 ad
2292 742 2362 795 ab
2390 742 2803 809 incarnatione,
2836 744 3067 813 quando
3087 745 3350 799 homines
3379 746 3589 801 docuit.

2063 833 2355 886 Praecinmit
2403 848 2475 886 se.
2540 833 2662 885 Non
2716 831 2813 899 ait,
2866 832 3060 899 cinxit,
3118 832 3202 886 vel
3259 833 3554 901 succinxit,
3613 835 3699 890 vel

1994 920 2254 986 accinxit,
2312 921 2406 974 sed
2462 920 2785 990 praecinxit.
2836 920 3134 990 Cingimur
3175 921 3328 975 enim
3382 923 3696 991 operaturi,

1993 1008 2345 1075 accingimur
2385 1009 2720 1078 pugnaturi,
2754 1008 3141 1079 succingimur
3171 1009 3327 1077 ituri,
3386 1010 3698 1081 praecingi—

1994 1110 2123 1149 mur
2152 1095 2547 1150 ministraturi.
2582 1095 2783 1165 (AUG.)
2842 1095 3060 1151 Cinctio
3108 1112 3244 1167 ergo
3276 1113 3451 1167 opera
3476 1096 3695 1168 signiﬁ-

1993 1189 2100 1250 cat,
2135 1190 2267 1254 etc.,
2315 1200 2483 1255 usque
2546 1185 2621 1238 ad
2677 1184 2812 1254 quia
2865 1186 3053 1238 melior
3104 1188 3306 1253 estqui
3357 1187 3525 1239 vincit
3553 1187 3697 1239 iram

1993 1290 2157 1343 quam
2212 1276 2309 1342 qui
2352 1276 2501 1343 capit
2552 1275 2844 1327 civitatem.
2891 1274 3211 1327 Praecinmit.
3293 1273 3496 1342 (Cass)
3539 1274 3694 1329 Casta

1994 1361 2330 1432 angelorum
2362 1362 2692 1427 ascendens,
2726 1362 2812 1415 vel
2842 1361 3177 1415 strenuitate
3210 1359 3501 1432 operandi.

2064 1452 2274 1504 Etenim
2284 1451 2551 1517 ﬁrmavit.
2579 1450 2783 1521 (ΑΜ.)
2808 1450 3078 1503 Decorem
3108 1452 3166 1503 et
3192 1449 3585 1503 fortitudinem
3614 1447 3697 1501 in-

1993 1536 2136 1601 duit,
2161 1542 2223 1590 ut
2247 1538 2511 1591 fundaret
2528 1543 2759 1605 terram,
2795 1538 2947 1591 unde
2976 1537 3163 1592 addit:
3192 1540 3404 1591 Etenim
3430 1538 3694 1604 ﬁrmavit.

2068 1626 2226 1679 Vens.
2260 1629 2313 1680 2.
2342 1656 2407 1664 —
2440 1629 2528 1681 Ea:
2559 1632 2702 1680 tunc.
2738 1626 2858 1696 (Io.)
2917 1626 3013 1680 Vel
3048 1642 3114 1680 ex
3152 1626 3271 1694 illo,
3302 1631 3532 1695 tempus
3564 1640 3696 1691 gra-

177 1714 319 1767 serit
338 1715 649 1784 perituros,
693 1718 833 1778 etc.,
892 1729 1056 1781 usque
1087 1713 1161 1767 ad
1208 1713 1390 1768 Judaei
1433 1718 1782 1785 putaverunt
1830 1718 1884 1766 te
1923 1711 1963 1723 “’
1993 1712 2087 1766 tia:
2126 1713 2410 1783 designat,
2436 1716 2581 1768 forte
2634 1714 2909 1785 intelligit
2946 1715 3054 1769 hoc
3083 1731 3148 1769 ex
3192 1716 3283 1769 die
3311 1722 3441 1769 ante
3492 1711 3696 1770 sabba-

175 1802 474 1856 communi
506 1802 720 1856 scilicet
753 1806 904 1856 sorte
940 1802 1103 1856 mori.

256 1892 412 1944 Vens.
437 1894 488 1945 9.
540 1922 606 1929 —
642 1892 719 1944 Tu
748 1895 925 1944 autem
956 1892 1293 1944 Altissimus.
1326 1894 1536 1957 (AUG.)
1585 1892 1882 1962 Exspectas

178 1979 428 2050 desuper
458 1995 523 2032 ex
552 1982 790 2044 aeterno,
840 1985 982 2043 etc.,
1029 1994 1197 2048 usque
1242 1979 1316 2032 ad
1344 1995 1459 2032 non
1509 1980 1880 2050 longanimis,

176 2084 247 2122 ex
279 2068 452 2121 verbo
480 2072 748 2121 aeternus.

251 2156 415 2209 Vens.
454 2158 538 2209 ll.
576 2186 643 2194 -—
700 2158 770 2210 Et
827 2156 1180 2209 comitabitur.
1240 2155 1365 2225 (10.)
1424 2156 1540 2209 Etsi
1587 2156 1695 2226 ipsi
1747 2172 1883 2227 per-

175 2244 366 2312 ibunt,
396 2248 526 2311 etc.,
557 2258 726 2312 usque
763 2243 836 2296 ad
867 2259 1065 2296 omnes
1098 2242 1346 2296 haereses
1378 2243 1666 2312 peribunt.

253 2333 408 2386 Vens.
438 2335 525 2388 l2.
566 2363 633 2372 —
690 2335 757 2386 Et
803 2331 1069 2400 despexit.
1136 2332 1268 2397 (Io.)
1330 2332 1393 2385 Et
1426 2331 1552 2385 ideo
1576 2332 1695 2401 jam
1730 2347 1883 2386 nunc

173 2421 455 2491 despexit,
488 2425 543 2473 et
588 2420 781 2474 audiet
809 2436 841 2473 a
898 2418 1134 2472 veritate
1168 2420 1343 2472 intus.
1377 2422 1448 2474 Et
1497 2419 1564 2472 ab
1594 2420 1880 2487 insurgen-

176 2511 348 2563 tibus.
378 2510 581 2575 (Cass)
635 2510 753 2575 Vel,
802 2508 1163 2577 insurgentes
1216 2507 1276 2561 in
1329 2525 1442 2575 me,
1502 2508 1883 2578 malignantes

174 2597 375 2650 audiet
404 2597 464 2650 in
483 2596 825 2649 novissimo:
852 2595 1081 2665 quando
1141 2611 1201 2648 se
1256 2594 1655 2665 increpabunt,
1689 2594 1879 2649 dicen-

175 2692 285 2750 tes,
312 2684 457 2750 Quid
508 2684 660 2738 nobis
687 2685 904 2753 profuit
934 2684 1192 2751 superbia
1220 2688 1271 2737 et
1314 2683 1570 2739 divitia?
1598 2684 1757 2755 (Sap.
1788 2686 1877 2755 v.)

174 2776 349 2828 Auris
372 2789 508 2826 mea.
568 2776 762 2838 (Auc.)
812 2771 1026 2826 Stantis
1073 2771 1141 2824 ad
1198 2771 1513 2839 dexteram,
1573 2773 1767 2827 audiet
1818 2773 1879 2826 in

172 2862 393 2925 futuro,
424 2861 531 2914 hoc
560 2860 788 2914 scilicet.
827 2861 911 2913 Ite
963 2860 1256 2926 maledicti,
1289 2863 1349 2914 in
1376 2864 1555 2927 ignem
1598 2866 1877 2917 aeternum.

1990 1805 2136 1871 tum,
2171 1802 2227 1856 id
2256 1807 2359 1868 est,
2405 1809 2562 1856 sexto
2591 1808 2851 1873 tempore
2879 1803 3049 1872 hujus
3076 1802 3299 1870 mundi,
3328 1822 3442 1874 quo
3497 1809 3695 1863 Domi—

1990 1908 2098 1945 nus
2126 1892 2306 1946 venit:
2347 1893 2446 1947 sed
2481 1909 2551 1946 ne
2582 1897 2746 1962 putes
2803 1898 2940 1946 tunc
2970 1892 3228 1964 coepisse,
3263 1895 3495 1964 quando
3528 1903 3696 1953 natus

1991 1980 2145 2034 venit
2161 1981 2336 2045 addit,
2372 1997 2406 2033 a
2432 1983 2623 2036 swculo
2655 1988 2712 2034 tu
2742 1996 2817 2035 es.

2061 2069 2221 2123 Vens.
2279 2070 2329 2122 3.
2379 2100 2446 2108 —
2514 2069 2884 2123 Elevaverunt
2950 2072 3178 2137 ﬂumina
3236 2086 3432 2126 vocem.
3497 2075 3695 2141 (AUG.)

1989 2155 2130 2220 Quia
2161 2156 2426 2227 discipuli
2456 2158 2774 2223 audientes,
2808 2162 2937 2225 etc.,
2976 2174 3145 2227 usque
3193 2160 3268 2213 ad
3299 2161 3511 2226 saeculi,
3545 2162 3697 2233 quod

1988 2244 2157 2315 coepit
2185 2244 2372 2312 irasci,
2406 2245 2494 2298 vel
2520 2244 2805 2315 persequi.
2858 2247 3219 2300 Elevaverunt
3247 2250 3474 2315 flumina
3496 2252 3690 2316 ﬂuctus

1988 2348 2132 2401 suos,
2168 2338 2274 2387 etc.
2338 2333 2538 2404 (Cass)
2573 2333 2691 2387 Hoc
2731 2333 2887 2387 deest
2940 2335 2999 2387 in
3041 2335 3188 2400 aliis,
3240 2340 3373 2402 etc.,
3423 2351 3594 2404 usque
3622 2338 3698 2391 ad

1990 2422 2091 2493 qui
2112 2421 2244 2475 facit
2268 2422 2462 2476 omnia
2490 2422 2660 2489 bona,
2683 2422 2868 2476 addit:
2886 2422 3158 2477 Mirabilis
3178 2426 3234 2476 in
3265 2424 3394 2477 altis
3414 2427 3693 2481 Dominus.

2062 2511 2217 2565 Vens.
2254 2514 2303 2564 5.
2331 2540 2400 2555 ——
2435 2514 2778 2566 Testimonia.
2814 2511 3017 2581 (Αυο.)
3059 2511 3203 2575 Quia
3248 2513 3519 2567 mirabilis
3575 2515 3693 2569 ela-

1991 2601 2064 2653 tio
2095 2602 2281 2665 maris,
2317 2604 2449 2665 etc.,
2490 2615 2657 2669 usque
2709 2600 2783 2654 ad
2828 2605 2885 2654 et
2912 2616 3150 2654 coronas
3181 2616 3247 2654 ex
3283 2601 3683 2671 praedictione.

1991 2688 2187 2755 (Cass)
2223 2680 2565 2743 Testimonia.
2598 2689 2697 2742 Vel
2758 2688 2858 2755 ita,
2886 2695 3016 2757 etc.,
3065 2704 3233 2758 usque
3273 2689 3349 2744 ad
3401 2690 3533 2745 licet
3562 2691 3693 2746 bre-

1989 2774 2151 2829 vibus
2182 2775 2390 2839 verbis,
2422 2776 2693 2831 continet.

2568 2864 2878 2918 PSALMUS
2915 2865 3105 2919 XCIII.

172 2956 219 3005 A
252 2967 368 3021 quo
402 2950 551 3003 malo
615 2949 813 3003 auditu
858 2948 1045 3018 justus
1103 2965 1222 3002 non
1272 2948 1518 3004 timebit.
1578 2951 1714 3004 Ecce
1770 2951 1878 3005 hoc
1909 2943 1949 2999 C
2059 2952 2304 3005 Psalmus
2325 2951 2519 3007 David.
2547 2952 2742 3021 (Αυα.)
2791 2952 3061 3019 Inﬁrmis,
3089 2952 3189 3022 qui
3232 2957 3288 3007 et
3326 2958 3691 3008 murmurant

170 3039 320 3104 istis,
358 3038 502 3104 Quid
530 3037 594 3091 de
614 3038 826 3106 justis?
854 3038 1068 3103 (Matth.
1104 3035 1252 3103 xxv.)

252 3129 411 3181 Vens.
440 3130 522 3180 l3.
550 3157 611 3165 —-
641 3128 826 3179 Justus
848 3130 907 3179 ut
932 3127 1139 3194 palma.
1167 3126 1253 3178 Illi
1279 3130 1344 3179 ut
1361 3125 1574 3179 fenum.
1599 3127 1790 3180 Justus
1819 3131 1878 3179 ut

173 3219 390 3289 palma,
422 3232 529 3285 pro
560 3214 882 3281 altitudine,
916 3220 972 3268 et
1026 3214 1158 3285 quia
1189 3214 1347 3269 radix
1380 3231 1597 3284 aspera,
1640 3215 1878 3284 pulchra

171 3318 343 3358 corna
373 3302 432 3355 in
462 3317 688 3354 summo
746 3306 803 3354 et
859 3300 994 3365 ﬁne,
1026 3306 1080 3354 et
1111 3300 1268 3354 tarde
1311 3300 1560 3355 fructum
1608 3300 1769 3367 facit;
1800 3301 1878 3354 ita

173 3392 472 3460 etjustum
503 3390 594 3443 hic
621 3394 845 3459 asperat
882 3388 1060 3454 labor,
1090 3405 1261 3459 quem
1294 3389 1351 3442 in
1426 3389 1687 3458 supernis
1742 3390 1878 3459 pul-

176 3478 440 3534 chritudo
492 3476 939 3531 immortalitatis
998 3477 1316 3543 coronabit,
1380 3482 1436 3531 et
1509 3477 1671 3548 quasi
1721 3478 1877 3531 tarde

177 3573 310 3640 post
336 3571 534 3636 longos
560 3566 779 3620 labores
794 3565 1112 3619 mercedem
1145 3582 1382 3635 Operum
1407 3567 1657 3636 recipiet.
1692 3567 1877 3620 Justus

174 3663 237 3711 ut
261 3657 482 3726 palma.
551 3654 767 3725 (Cass)
795 3654 983 3708 Tertia
1011 3670 1160 3723 pars.
1211 3655 1399 3708 Justos
1428 3654 1653 3720 ﬂorere,
1688 3659 1750 3707 ut
1777 3656 1879 3707 hac

172 3742 556 3815 promissione
587 3744 784 3796 devote
815 3741 1125 3812 gaudeant.
1167 3742 1389 3797 Cedrus.
1441 3741 1650 3811 (AUG.)
1683 3742 1878 3795 Palma

170 3838 231 3888 et
258 3832 482 3899 cedrus,
516 3831 608 3886 ha:
632 3831 865 3885 arbores
891 3847 1004 3884 non
1038 3834 1301 3883 arescunt
1327 3835 1541 3895 aestate,
1569 3835 1628 3882 ut
1656 3829 1873 3884 fenum.

246 3924 408 3976 Vens.
447 3924 535 3976 14.
574 3950 642 3959 --
686 3922 750 3974 In
796 3922 961 3974 atriis
991 3920 1197 3974 domus.
1233 3918 1430 3989 (Cass)
1488 3920 1730 3984 Atrium,
1762 3919 1876 3971 ini-

171 4012 323 4066 tium
392 4009 733 4076 mansionis;
788 4009 975 4063 domus
1032 4009 1292 4062 interior.
1372 4009 1436 4061 In
1510 4008 1670 4060 atriis
1740 4022 1877 4076 ergo

166 4100 461 4169 ﬂorebunt,
518 4098 573 4152 id
632 4104 737 4163 est,
764 4097 821 4151 in
877 4098 1002 4167 ipso
1052 4096 1482 4150 resurrectionis
1522 4094 1708 4161 initio,
1741 4094 1877 4148 dum

1987 3039 2176 3105 corde,
2211 3044 2343 3105 etc.,
2375 3054 2543 3108 usque
2562 3040 2637 3093 ad
2657 3044 2806 3093 totus
2846 3040 3057 3095 docens
3100 3042 3453 3111 patientiam.
3486 3042 3687 3107 Quarto

1984 3127 2219 3192 sabbati,
2246 3143 2359 3195 quo
2400 3127 2492 3181 die
2521 3128 2653 3181 fecit
2682 3128 2832 3181 Deus
2876 3128 3201 3197 luminaria,
3255 3134 3386 3199 etc.,
3415 3144 3583 3199 usque
3612 3129 3687 3185 ad

1983 3216 2138 3270 unde
2171 3220 2366 3269 monet
2393 3215 2462 3269 ad
2494 3215 2850 3286 patientiam.

2056 3304 2217 3358 Vens.
2281 3307 2327 3357 l.
2383 3332 2456 3344 —
2512 3305 2658 3359 Deus
2695 3305 2963 3359 ultionum
3007 3305 3290 3360 Dominus.
3337 3307 3415 3360 Ne
3454 3305 3686 3360 festines

1986 3392 2165 3446 alium
2226 3391 2456 3461 punire,
2490 3391 2538 3445 si
2567 3397 2623 3446 te
2658 3392 2836 3459 laesit;
2891 3392 3036 3446 sicut
3085 3395 3263 3447 nolles
3317 3394 3513 3464 puniri
3572 3395 3685 3450 alio

1984 3485 2244 3551 rogante,
2307 3495 2479 3551 quem
2514 3479 2735 3533 laesisti:
2788 3486 2846 3535 et
2901 3480 2949 3534 si
3000 3481 3095 3534 ille
3134 3487 3329 3552 peccat
3376 3482 3438 3536 in
3484 3487 3560 3547 te,
3615 3498 3687 3537 ne

1983 3584 2182 3637 pecces
2230 3566 2479 3622 deterius
2516 3567 2920 3638 blasphemans
2952 3569 3152 3633 Deum,
3214 3584 3316 3623 nec
3357 3576 3518 3641 optes
3560 3571 3687 3625 vin-

1987 3657 2231 3711 dictam:
2264 3672 2395 3726 qua:
2425 3656 2470 3708 si
2494 3655 2732 3723 venerit,
2756 3656 2951 3710 forsan
2978 3660 3033 3710 te
3064 3656 3226 3725 prius
3253 3656 3524 3713 inveniet.

2057 3745 2247 3797 Libere
2274 3746 2400 3810 egit.
2431 3745 2627 3813 (AUG.)
2663 3745 2941 3814 Tempore
2972 3744 3343 3810 infirmitatis,
3370 3750 3434 3798 ut
3461 3747 3689 3815 quando

1986 3832 2046 3886 in
2077 3833 2292 3901 templo
2341 3832 2555 3897 docuit,
2606 3838 2884 3902 tanquam
2914 3836 3249 3900 potestatem
3284 3832 3519 3897 habens,
3555 3834 3692 3903 quia

1986 3936 2090 3973 nec
2118 3919 2343 3973 veritati
2373 3920 2519 3989 ejus,
2554 3936 2659 3974 nec
2691 3918 2959 3989 potestati
2989 3919 3112 3989 ejus
3140 3925 3329 3989 potest
3356 3920 3593 3974 obviari.
3628 3922 3691 3975 Et

1987 4008 2124 4078 quia
2143 4007 2222 4060 ita
2242 4012 2398 4073 tunc,
2422 4022 2576 4060 nunc
2596 4008 2880 4075 Emattare,
2901 4009 3052 4076 quia,
3068 4023 3342 4076 usquequo
3365 4014 3689 4077 peccatores.

2058 4097 2220 4149 Vens.
2274 4097 2327 4149 4.
2390 4126 2459 4135 —-
2524 4095 2884 4164 E/fabuntur.
2944 4094 3113 4165 (Cess)
3181 4097 3424 4167 Exponit
3489 4113 3692 4152 eorum

168 4188 451 4242 audient:
491 4188 695 4251 Venite,
750 4185 1013 4239 benedicti
1059 4186 1240 4239 Patris
1291 4186 1396 4237 mei
1450 4185 1669 4252 (Matth.
1727 4182 1875 4251 xxv).
1910 4224 1953 4278 Β
1992 4188 2240 4255 peccata,
2305 4188 2437 4253 etc.,
2504 4199 2683 4253 usque-
2717 4184 2791 4237 ad
2846 4185 3105 4254 procedit
3144 4186 3559 4256 exaggerando.
3591 4188 3692 4242 Lo-

248 4276 415 4328 Vens.
448 4278 529 4328 l5.
552 4303 625 4314 —
668 4273 864 4327 Adhuc
905 4272 1431 4341 multiplicabuntur.
1464 4272 1579 4341 (11).)
1641 4271 1883 4325 Ecclesia

175 4364 368 4433 magis
398 4362 635 4432 incipiet
678 4378 797 4416 esse
830 4361 1136 4426 uberrima,
1190 4376 1320 4414 cum
1385 4360 1455 4414 ad
1487 4360 1663 4413 tinem
1694 4360 1887 4414 seculi

176 4454 293 4506 erit
322 4452 628 4522 perducta:
664 4455 801 4504 tunc
846 4450 998 4503 enim
1030 4449 1389 4520 passionibus
1435 4449 1746 4504 electorum
1776 4450 1885 4503 cito

174 4540 524 4610 implebitur
601 4555 875 4593 numerus
936 4538 1253 4592 beatorum.
1326 4539 1393 4592 Et
1446 4538 1721 4608 accipitur
1797 4538 1889 4592 hic

175 4630 352 4682 aliter
376 4633 637 4694 senectus,
670 4643 841 4698 quam
875 4642 1067 4696 supra.

250 4718 410 4770 Vens.
471 4719 554 4770 16.
587 4746 647 4756 -
693 4717 1056 4770 Annuntient.
1104 4713 1222 4785 (11).)
1261 4714 1379 4781 Hic,
1412 4715 1518 4781 vel,
1570 4714 1709 4770 dum
1747 4732 1891 4785 prae-

172 4807 365 4860 mium
421 4805 649 4875 capient
687 4804 1133 4871 annuntiabunt,
1194 4803 1345 4874 quod
1379 4805 1590 4874 justus,
1621 4806 1721 4875 qui
1768 4805 1885 4859 suis

172 4894 465 4966 promissa
514 4894 783 4964 complet.
816 4896 887 4948 Et
921 4908 1027 4946 non
1056 4896 1133 4947 est
1162 4895 1429 4962 iniquitas
1474 4896 1534 4947 in
1578 4910 1653 4948 eo.
1692 4897 1887 4961 (AUG.)

176 4984 251 5039 Ut
271 4983 366 5037 hic
396 4983 696 5053 permittat
751 4982 868 5053 pati
894 4998 997 5052 pro
1030 4998 1109 5048 se,
1143 4998 1285 5052 quos
1337 4998 1449 5034 non
1485 4980 1562 5035 ibi
1588 4988 1771 5035 ornet.
1820 4984 1891 5036 Et

170 5078 379 5141 rectus,
415 5073 513 5143 qui
543 5077 897 5139 remunerat,
947 5087 1061 5125 non
1092 5070 1327 5141 iniquus
1358 5074 1421 5125 ut
1456 5071 1681 5125 fraudet
1738 5087 1888 5141 prae-

174 5162 324 5227 mio,
354 5161 452 5216 sed
480 5160 764 5230 benignus
794 5164 857 5213 ut
879 5159 1215 5212 accumulat.

762 5247 1071 5302 PSALMUS
1119 5247 1276 5302 XCII.

257 5341 330 5392 In
363 5337 525 5397 diem,
559 5342 665 5392 etc.
725 5339 923 5403 (AUG.)
954 5336 1016 5389 In
1077 5335 1167 5389 die
1196 5339 1326 5389 ante
1384 5334 1703 5399 sabbatum,
1756 5338 1888 5400 etc.,

178 5442 360 5496 usque
389 5426 463 5479 ad
491 5425 645 5496 quod
672 5424 956 5495 significat
975 5431 1169 5478 sextus
1210 5422 1349 5477 dies.

263 5517 426 5569 Vens.
479 5517 527 5569 l.
583 5544 653 5553 —
709 5515 967 5568 Dominus
1010 5514 1279 5581 regnavit,
1337 5514 1442 5567 etc.
1509 5511 1703 5581 (CASS.)
1747 5510 1891 5565 Laus

558 5618 833 5683 Parnoe.
888 5617 1098 5682 CXIII.

1996 4278 2226 4342 queatur
2270 4287 2446 4327 omnes
2497 4275 2595 4343 qui
2629 4277 2944 4342 operantur,
3002 4279 3108 4329 etc.
3168 4272 3515 4343 Effabuntur,
3568 4274 3694 4329 aliis

1996 4362 2362 4432 respondent,
2423 4361 2609 4433 (AUG.)
2671 4362 2728 4416 id
2784 4368 2888 4428 est,
2958 4362 3171 4418 habent
3235 4363 3386 4434 quod
3457 4380 3693 4434 respon-

1997 4451 2185 4517 deant,
2275 4456 2407 4517 etc.,
2460 4466 2628 4519 usque
2673 4451 2748 4505 ad
2816 4452 3134 4523 loquuntur
3197 4451 3382 4523 iniqui
3445 4452 3697 4507 dicentes

1998 4540 2178 4594 Deum
2209 4556 2325 4593 non
2364 4555 2564 4593 curare
2595 4540 2735 4593 haec.

2067 4630 2226 4682 Vens.
2261 4631 2400 4682 6.—
2446 4628 2681 4683 Viduam
2709 4633 2757 4681 et
2788 4627 3070 4682 advenam.
3142 4630 3337 4695 (Cass)
3394 4631 3505 4685 Hos
3550 4631 3701 4686 Deus

1997 4721 2211 4781 tuetur,
2240 4721 2370 4781 etc.,
2420 4731 2589 4786 usque
2634 4716 2708 4771 ad
2759 4716 2881 4770 sine
2928 4722 3091 4786 patre
3141 4716 3365 4771 diabolo
3414 4724 3471 4772 et
3518 4724 3699 4773 matre

2000 4804 2481 4876 concupiscentia.

2070 4893 2235 4947 Vens.
2285 4898 2337 4950 '7.
2369 4895 2568 4949 —Nec
2616 4894 2902 4960 intelliget.
2955 4892 3153 4965 (AUG.)
3203 4893 3395 4958 Quasi,
3451 4910 3565 4949 non
3615 4900 3701 4949 at-

1999 4983 2194 5037 tendet
2240 4982 2367 5048 ista,
2399 4981 2641 5053 negligit
2669 4981 2795 5045 ista,
2830 4997 2934 5035 nec
2955 4982 3199 5035 attendit
3241 4986 3303 5036 ut
3344 4982 3550 5048 videat,
3585 4999 3703 5038 non

1998 5088 2090 5125 me
2123 5075 2284 5125 curat
2316 5071 2485 5135 Deus,
2518 5070 2654 5139 quid
2688 5086 2857 5140 agom
2878 5072 2908 5123 ?

2070 5160 2229 5213 Vens.
2255 5161 2307 5212 8.
2340 5189 2408 5197 —
2435 5159 2745 5226 Intelligite.
2780 5159 2973 5227 (Cass)
3007 5159 3267 5213 Secunda
3295 5175 3459 5229 pars;
3506 5165 3706 5216 contra

1997 5246 2381 5316 blasphemos,
2404 5251 2491 5299 etc
2522 5286 2538 5312 ,
2559 5261 2728 5314 usque
2749 5246 2822 5299 ad
2838 5246 2992 5316 quod
3015 5247 3318 5301 consilium
3338 5263 3507 5301 suum
3539 5249 3705 5303 malis

1999 5333 2376 5404 incognitum,
2396 5334 2511 5387 suis
2538 5334 2736 5387 amicis
2766 5335 2964 5404 aperit.
2999 5336 3302 5400 Stulti.Qui
3336 5341 3531 5406 aperte
3553 5337 3705 5392 blas-

2000 5423 2296 5495 phemant,
2329 5422 2579 5476 dicentes
2604 5423 2780 5475 Deum
2795 5438 2910 5475 non
2926 5422 3138 5477 videre.
3174 5424 3266 5477 Vel
3291 5424 3398 5478 ita:
3432 5426 3544 5480 Vos
3571 5429 3707 5481 insi-

1996 5514 2222 5581 pientes,
2259 5511 2312 5565 id
2344 5514 2427 5563 est
2444 5510 2640 5576 nescii,
2668 5509 2985 5581 intelligite,
3012 5511 3111 5583 qui
3134 5513 3257 5583 jam
3287 5512 3433 5568 bene
3460 5514 3707 5568 vivendo

3321 5624 3403 5682 32
