4082 6184
388 289 521 344 1003

1043 281 1444 339 WALAFBIDI
1479 281 1724 337 STRABI
1757 281 1961 336 FULD.
1985 277 2081 335 ΜΟ

2239 277 2328 332 PP.
2363 276 2540 332 PARS
2569 277 2610 331 Ι.
2650 305 2720 315 —
2749 272 3212 332 THEOLOGICA.

3748 277 3875 331 1004

385 410 518 464 estis
547 411 605 463 in
629 408 848 478 populo,
903 405 963 460 id
985 410 1087 472 est,
1137 403 1197 459 in
1243 420 1486 458 numero
1516 403 1818 458 honorum.
1882 405 1952 457 Et
1978 416 2067 455 vos
2099 401 2144 454 A
2184 403 2368 468 ptum,
2403 405 2531 466 etc.,
2565 414 2734 468 usque
2760 398 2835 451 ad
2890 403 2946 452 et
3002 403 3139 451 tunc
3185 397 3366 468 surgit
3393 397 3621 463 ﬂuctus,
3680 398 3742 452 in
3770 388 3934 468 quo?

384 500 559 563 stulti,
592 498 647 552 id
671 501 772 562 est,
794 495 1120 566 improvidi,
1155 498 1210 547 et
1255 492 1301 545 si
1332 491 1505 556 scitis,
1559 491 1856 560 aliquando
1881 493 2073 558 sapite.

455 589 620 640 Vens.
691 587 772 638 10.
805 616 867 624 —
902 585 1010 648 Qui
1059 584 1286 650 corripit
1331 587 1536 648 gentes.
1587 581 1781 652 (AUG.)
1814 577 2078 643 Quotidie

2187 488 2479 542 excitatur.

2260 577 2413 630 Vens.
2465 579 2554 631 22.
2605 605 2674 616 —
2698 578 2769 630 Et
2811 577 2993 642 factus
3023 579 3100 630 est
3149 576 3285 629 mihi
3324 577 3581 630 Dominus
3631 578 3693 628 iu
3735 576 3880 641 refu-

384 690 488 744 pro
518 672 801 743 originali,
834 687 1028 725 nonne
1047 675 1249 740 arguet
1272 685 1377 739 pro
1409 669 1789 740 supradictis?
1818 668 1940 732 Vel,
1977 668 2082 736 Qui
2183 669 2352 732 gium,
2381 670 2432 719 et
2483 666 2625 720 Deus
2669 679 2816 719 meus
2866 666 2925 718 in
2982 664 3320 732 adjutorium
3376 667 3492 733 spei
3541 680 3687 718 mese.
3749 663 3874 730 (1ο.)

387 762 584 814 erudit.
609 761 846 828 PrOpter
876 773 1049 828 quam
1079 756 1461 810 eruditionem
1499 755 1654 809 misit
1681 756 1885 809 Filium
1910 768 2078 807 suum

389 849 560 916 Deus,
592 849 720 910 etc.,
751 861 920 914 usque
965 845 1038 898 ad
1069 843 1220 898 unde
1248 844 1584 912 Apostolus:
1626 844 1816 898 Omnes
1871 841 2080 896 astabi-

386 951 505 990 mus
553 939 678 988 ante
708 933 949 986 tribunal
1002 933 1232 995 Christi,
1293 937 1355 985 ut
1395 934 1624 1001 recipiat
1686 933 2078 1000 unusquisque.

390 1027 558 1091 (Rom.
591 1025 723 1089 xw),
756 1026 859 1075 etc.

459 1113 620 1165 Vens.
679 1113 764 1165 11.
824 1138 886 1149 -
944 1112 1198 1163 Dominus
1247 1110 1366 1162 scit.
1409 1108 1543 1179 (11).)
1599 1109 1679 1162 Tu
1717 1123 1852 1161 vero
1901 1105 2085 1160 nescis

389 1199 760 1270 cogitationes
810 1197 931 1263 Dei,
987 1196 1260 1266 quoniam
1303 1196 1475 1266 justas
1529 1201 1688 1264 sunt;
1749 1196 1846 1250 sed
1887 1194 2086 1249 amicis

391 1288 553 1344 factis
585 1286 776 1357 prodit
823 1287 971 1341 Deus
1005 1285 1307 1338 consilium
1338 1301 1527 1350 suum,
1559 1301 1660 1339 cur
1688 1283 1853 1338 malis
1882 1283 2082 1354 parcit.

392 1379 666 1444 Quoniam
695 1391 848 1429 vanz
877 1379 1020 1429 sunt.
1053 1375 1276 1427 Talium
1308 1373 1680 1444 cogitationes
1713 1388 1874 1426 vanae
1932 1375 2084 1432 sunt,

393 1468 544 1538 quod
577 1465 684 1535 ipsi
723 1480 827 1534 per
880 1480 939 1516 se
995 1479 1115 1516 non
1171 1468 1415 1533 possunt
1446 1461 1610 1528 scire,
1664 1461 1765 1516 sed
1814 1459 2088 1515 Dominus

391 1555 548 1610 novit
578 1571 698 1608 esse
712 1569 902 1606 vanas.

2189 755 2413 820 Quare?
2443 754 2577 825 quia
2624 753 2672 807 si
2704 755 2831 824 {non
2871 754 3296 823 periclitareris,
3328 770 3444 807 non
3486 769 3771 824 quaereres
3803 769 3883 805 re-

2187 843 2738 914 fugiumzpungeris
2767 843 2982 909 dolore,
3025 846 3088 896 ut
3133 859 3353 913 quaeras
3406 842 3756 908 remedium;
3792 856 3878 895 re-

2189 933 2338 987 cedit
2363 949 2492 1003 spes
2519 931 2712 986 sasculi
2743 936 2798 986 et
2825 931 2981 985 venit
3007 947 3135 1001 spes
3166 932 3283 986 Dei.

2766 1073 3084 1128 PSALMUS
3121 1073 3300 1128 XCIV.

2262 1201 2426 1254 Laus.
2475 1197 2656 1266 (ΕΑΒ.)
2710 1197 3096 1252 Devotionem.
3154 1198 3358 1254 Cantus
3413 1196 3766 1251 hilaritatem
3813 1197 3883 1250 si-

2193 1288 2443 1360 gniﬁcat.

2266 1378 2431 1430 Vens.
2469 1379 2519 1430 1.
2555 1405 2624 1415 —-
2665 1377 2851 1432 Venite
2899 1376 3244 1430 emsultemus.
3276 1376 3530 1441 Cranen.)
3580 1373 3760 1428 Josias
3795 1390 3887 1428 rex

2197 1464 2507 1519 admodum
2527 1463 2658 1535 pius
2688 1464 2817 1530 fuit,
2846 1469 2977 1531 etc.,
3009 1479 3178 1534 usque
3202 1462 3278 1517 ad
3309 1465 3590 1518 formatus
3631 1469 3718 1517 est
3755 1479 3889 1516 vero

2195 1555 2453 1624 psalmus
2481 1569 2550 1607 ex
2574 1569 2818 1623 persona
2847 1553 3037 1620 Josiaa,
3063 1559 3120 1607 et
3150 1552 3249 1606 Dei
3275 1553 3652 1607 sacerdotum.
3679 1551 3893 1620 (CASS.)

463 1645 622 1698 Vens.
664 1644 746 1696 12.
770 1671 837 1679 —
867 1642 1060 1694 Beatus
1075 1641 1252 1693 homo.
1279 1637 1472 1707 (Class)
1496 1637 1592 1690 Isti
1625 1642 1756 1691 sunt
1776 1637 1924 1698 vani,
1955 1641 2082 1701 etc.,
2125 1676 2167 1732 Β
2201 1645 2276 1696 De
2301 1648 2558 1713 tempore
2583 1643 2804 1712 gratiae,
2831 1642 3205 1712 quointratur
3224 1641 3284 1694 in
3305 1641 3587 1712 requiem,
3611 1642 3894 1711 propheta

391 1750 560 1803 usque
589 1732 663 1785 ad
695 1746 894 1784 omnes
907 1729 1087 1781 scient
1111 1729 1309 1787 Deum.
1334 1728 1450 1780 cozli
1475 1733 1534 1780 ut
1556 1727 1696 1780 liber
1708 1727 2080 1796 plicabuntur.

393 1821 464 1876 Et
491 1818 556 1870 de
594 1819 705 1884 lege
743 1821 857 1881 tua,
910 1820 1017 1868 etc.
1046 1817 1241 1881 (Αυσ.)
1275 1815 1346 1867 Ex
1379 1813 1504 1883 lege
1549 1813 1699 1867 disce
1727 1813 2080 1882 patientiam,

393 1906 555 1960 donec
601 1905 871 1970 fodiatur,
907 1919 1023 1957 non
1076 1907 1162 1957 est
1197 1907 1361 1956 tuum
1393 1903 1533 1956 scire
1566 1902 1877 1972 quomodo,
1908 1906 1964 1956 et
1985 1917 2086 1955 cur

392 1993 645 2048 fodiatur
665 1993 768 2045 illi.

465 2083 632 2135 Vens.
673 2083 754 2134 13.
806 2109 874 2119 —
907 2082 1094 2146 Donec,
1128 2083 1230 2133 etc.
1290 2079 1469 2148 (ΑΗΘ.)
1499 2078 1756 2132 Felicitas
1799 2078 2086 2131 malorum

391 2173 549 2237 fovea
587 2173 698 2236 est;
753 2170 914 2222 labor
943 2169 1225 2222 bonorum
1257 2168 1549 2238 ﬂagellum
1601 2168 1812 2238 patris;
1847 2166 2086 2220 felicitas

395 2264 478 2312 est
505 2261 682 2324 fovea,
732 2259 868 2328 quia
914 2274 1044 2310 cum
1083 2258 1265 2327 parcit
1315 2259 1462 2310 Deus
1512 2273 1614 2327 per
1661 2255 2082 2326 impunitatem,

394 2348 457 2400 ﬁt
482 2348 652 2400 homo
682 2347 881 2404 elatus,
907 2351 964 2399 et
1009 2362 1140 2398 cum
1185 2349 1350 2414 putat
1406 2361 1463 2398 se
1517 2345 1714 2412 altum,
1762 2343 1930 2398 cadit.
1986 2345 2084 2396 Fo-

393 2436 582 2489 diatur
609 2439 783 2501 fovea.
828 2435 964 2487 Ecce
1005 2434 1309 2487 consilium
1343 2433 1476 2487 Dei:
1510 2433 1640 2487 ideo
1689 2433 1872 2502 parcit
1901 2431 2084 2496 malis,

394 2525 730 2590 utfodiatur
778 2525 934 2590 fovea
974 2525 1071 2575 cis.
1122 2522 1321 2575 Adhuc
1377 2521 1606 2588 foditur,
1631 2526 1689 2575 et
1735 2526 1800 2574 tu
1829 2520 1950 2590 jam
2005 2519 2088 2572 vis

392 2613 634 2681 sepelire
693 2627 854 2664 eum:
911 2609 1082 2663 nimis
1136 2610 1391 2663 festinas.
1435 2611 1710 2663 Peccatori
1765 2611 1944 2676 fovea,
1977 2613 2082 2662 etc.

394 2702 519 2755 Non
551 2699 728 2763 omni,
775 2699 871 2752 sed
903 2699 1172 2768 superbo,
1221 2703 1345 2762 etc.,
1398 2713 1566 2764 usque
1596 2697 1670 2750 ad
1724 2713 1828 2767 age
1875 2695 2086 2767 gratias

390 2789 444 2842 ei
475 2806 507 2842 a
535 2805 649 2859 quo
681 2788 874 2853 habes,
911 2803 1014 2840 nec
1045 2787 1222 2840 alium
1255 2785 1554 2856 despicias.

460 2877 618 2930 Vens.
666 2879 747 2929 16.
790 2905 858 2915 —
916 2877 1045 2941 Quis
1097 2880 1392 2942 consurget.
1442 2873 1638 2944 (Casa)
1694 2875 1880 2928 Tertia
1931 2891 2082 2944 pars,

2195 1732 2392 1786 laudes
2445 1731 2546 1785 Dei
2576 1730 2919 1795 describens,
2976 1730 3163 1800 primo
3217 1729 3419 1784 invitat
3465 1730 3709 1794 Judazos,
3751 1744 3896 1800 quos

2194 1820 2543 1892 praevidebat
2572 1835 2737 1890 posse
2765 1819 3028 1872 resistere
3059 1817 3302 1873 Christo.

2267 1910 2426 1962 Vens.
2460 1911 2513 1962 2.
2547 1937 2615 1949 —
2645 1910 2862 1964 Faciem
2914 1907 3052 1976 ejus,
3104 1912 3210 1962 etc.
3265 1908 3455 1978 (AUG.,
3517 1906 3701 1976 Cass.)
3744 1907 3892 1961 Con-

2195 2002 2452 2069 spectum
2491 1996 2718 2050 venturi
2749 1995 2977 2066 judicis,
3027 2012 3099 2050 ne
3145 1996 3284 2066 quid
3333 2001 3468 2050 tunc
3513 1997 3574 2049 in
3605 1995 3772 2049 nobis
3824 1995 3895 2049 sit

2195 2081 2638 2137 discutiendum.
2670 2082 2743 2134 In
2775 2083 3122 2147 confessione.
3156 2080 3345 2151 (AUG.)
3374 2081 3543 2134 Illum
3570 2080 3888 2144 laudantes,

2194 2187 2300 2225 nos
2330 2174 2679 2236 accusantes,
2709 2174 2840 2234 etc.,
2871 2184 3042 2237 usque
3062 2169 3136 2222 ad
3167 2169 3234 2222 de
3281 2185 3396 2240 qua
3424 2168 3591 2223 laude
3638 2169 3889 2238 psalmus

2195 2260 2328 2338 agit.
2377 2261 2448 2313 In
2473 2260 2676 2328 psalmi
2691 2259 3004 2328 jubilemus.
3058 2257 3196 2321 Quae
3255 2257 3499 2311 dicimus
3531 2257 3592 2310 in
3634 2257 3884 2328 psalmis,

2195 2350 2282 2402 vel
2306 2347 2563 2416 facimus,
2599 2347 2913 2401 sentiamus
2943 2346 3002 2399 in
3016 2346 3379 2416 jubilatione.

2267 2437 2429 2490 Vens.
2481 2439 2532 2491 3.
2589 2465 2658 2474 -—
2702 2437 2874 2504 Super
2923 2449 3100 2489 omnes
3159 2435 3303 2489 deos.
3363 2435 3460 2488 Vel
3523 2433 3706 2504 magis
3761 2434 3884 2488 deos

2195 2525 2460 2581 homines
2509 2525 2669 2593 dicit,
2700 2541 2871 2594 super
2911 2540 3057 2595 quos
3106 2539 3207 2578 rex
3236 2529 3340 2591 est,
3392 2540 3508 2577 non
3558 2539 3733 2593 super
3785 2523 3888 2576 dae-

2197 2615 2410 2669 monia.

2267 2705 2433 2758 Vens.
2457 2707 2506 2756 4.
2530 2733 2599 2742 ——
2617 2703 2760 2767 Quia
2783 2704 2837 2755 in
2867 2718 3030 2756 manu
3050 2703 3187 2770 ejus,
3207 2705 3312 2756 etc.
3341 2702 3556 2772 (CASS.)
3582 2703 3716 2756 Post
3734 2717 3890 2771 mag-

2199 2793 2520 2847 nitudinem
2549 2791 2774 2845 Domini
2807 2791 3159 2861 praedictam,
3207 2791 3364 2845 venit
3392 2792 3464 2846 ad
3487 2791 3893 2861 clementiam.

2269 2883 2434 2937 Vens.
2499 2883 2553 2948 5,
2598 2911 2668 2920 —
2703 2882 2872 2935 Mare.
2937 2880 3118 2951 (Auo.)
3170 2879 3430 2947 Mundus,
3481 2880 3643 2950 cujus
3688 2879 3898 2932 ﬂuctus

391 2965 488 3018 ubi
523 2964 658 3019 dicit
678 2964 828 3034 quod
861 2963 1156 3016 ﬂuctuatio
1187 2963 1258 3016 sit
1289 2962 1478 3033 justis,
1509 2967 1565 3015 et
1611 2961 1815 3016 ﬂuctus
1867 2963 2081 3030 saeculi,
2115 2962 2157 3017 Ο
2195 2970 2439 3025 termino
2479 2974 2659 3023 arctat
2688 2969 2857 3036 Deus,
2893 2984 3009 3022 non
3039 2968 3378 3038 permittens
3419 2984 3523 3022 nos
3553 2968 3764 3022 tentari
3795 2984 3900 3020 su-

389 3051 444 3104 id
477 3057 580 3116 est,
613 3053 761 3105 mala
788 3067 889 3120 per
916 3051 1167 3120 iniquos,
1201 3054 1261 3102 ut
1294 3051 1490 3120 puncti
1516 3050 1761 3103 clament
1782 3049 1848 3104 ad
1876 3052 2080 3113 Deum,

391 3144 448 3193 et
477 3139 615 3192 nihil
641 3140 794 3192 aliud
828 3139 908 3191 eis
935 3140 1172 3208 placeat,
1202 3141 1256 3192 et
1281 3144 1418 3192 tunc
1461 3138 1675 3208 gratior
1701 3138 1769 3191 ﬁt
1797 3138 2080 3195 liberatio.

392 3230 576 3299 (Αυθ.)
605 3229 740 3292 Quis
767 3233 1070 3295 consurget,
1103 3227 1266 3297 quasi
1315 3227 1465 3280 dicat
1509 3232 1641 3292 etc.,
1672 3242 1842 3296 usque
1869 3227 1946 3281 ad
1983 3227 2083 3281 sed

391 3318 543 3371 unde
576 3317 836 3369 vincam?
890 3319 1014 3371 Nisi
1043 3319 1174 3384 quia
1214 3318 1487 3370 Dominus.
1523 3317 1701 3370 Stabit
1730 3332 1954 3378 mecum,
1975 3323 2080 3372 etc.

393 3405 598 3474 (Cass)
625 3406 683 3457 In
713 3405 830 3457 acie
863 3404 1119 3473 patiens;
1147 3404 1246 3458 sed
1276 3403 1411 3474 quia
1468 3403 1566 3458 ille
1596 3405 1787 3473 vincit,
1839 3406 1938 3476 qui
1969 3405 2084 3459 vim

393 3492 660 3558 sustinet;
695 3492 901 3562 perdit,
933 3492 1031 3561 qui
1062 3491 1208 3546 ferit.

467 3580 624 3633 Vens.
673 3583 750 3633 17.
783 3611 849 3618 —
879 3583 1000 3634 Nisi
1029 3583 1161 3647 quia
1206 3583 1482 3636 Dominus.
1517 3582 1706 3651 (CASS.)
1755 3582 1924 3636 Vanis
1955 3599 2084 3654 per-

396 3668 752 3722 suasionibus
783 3673 1006 3738 poterat
1049 3669 1253 3739 decipi,
1313 3670 1424 3724 nisi
1469 3671 1744 3725 Dominus
1795 3673 2083 3734 liberaret,

469 3758 629 3811 Vnns.
669 3760 753 3812 18.
791 3758 1191 3826 —Adjuvabat
1217 3775 1316 3812 me.
1354 3760 1510 3814 Sicut
1564 3759 1794 3814 Petrum
1828 3761 2088 3815 liberavit

395 3846 668 3901 Dominus
725 3862 898 3916 super
926 3862 1133 3916 aquam
1166 3848 1574 3912 ambulantem,
1607 3865 1679 3901 ne
1708 3855 2082 3920 mergeretur,

397 3936 495 4006 qni
548 3935 791 3988 Domino
823 3935 997 3989 dixit:
1067 3939 1308 4004 Domine,
1339 3939 1390 3990 si
1442 3940 1500 3989 tu
1529 3951 1602 4001 es,
1637 3937 1768 4005 jube
1797 3954 1880 3992 me
1905 3943 2086 3994 venire

393 4025 469 4079 ad
501 4030 548 4078 te
573 4024 788 4094 (Matth.
816 4026 984 4094 xxvx).

466 4114 753 4182 (Αυο.)1ῖ1.
805 4112 1057 4166 Christus
1107 4129 1209 4166 sua
1244 4115 1544 4182 potestate,
1597 4116 1738 4179 etc.,
1790 4130 1958 4185 usque
2011 4117 2087 4171 ad

2191 3076 2294 3131 pra
2321 3059 2379 3112 id
2428 3058 2582 3128 quod
2628 3074 2930 3127 possumus
2961 3057 3018 3128 (Ι
3046 3059 3164 3113 Cor.
3196 3061 3284 3123 x);
3318 3057 3416 3128 qui
3459 3056 3662 3110 ﬂuctus
3713 3057 3895 3110 etiam

2190 3149 2532 3218 proventum
2564 3147 2725 3200 nobis
2773 3146 3010 3213 faciunt,
3047 3146 3161 3199 Deo
3217 3145 3273 3199 id
3303 3151 3530 3215 agente,
3590 3161 3696 3198 nec
3728 3161 3902 3199 scan-

2193 3236 2323 3290 dala
2351 3237 2455 3289 tibi
2478 3223 2708 3302 nocerit,
2742 3251 2872 3304 qua).
2903 3250 3230 3288 mensuram
3262 3251 3296 3287 a
3319 3235 3432 3287 Deo
3462 3234 3772 3304 accipiunt.

2267 3326 2424 3378 Vens.
2455 3327 2504 3378 6.
2530 3353 2602 3364 —
2661 3325 2865 3389 Venite,
2896 3325 3204 3378 adoremus.
3247 3323 3455 3392 (CAss.)
3496 3323 3664 3376 Prius
3724 3323 3908 3376 rudes

2193 3412 2414 3466 vocavit
2466 3413 2535 3466 ad
2582 3412 3053 3466 exsultationem:
3112 3413 3229 3482 jam
3282 3416 3506 3465 ostensa
3545 3411 3735 3481 gloria
3777 3411 3904 3472 Dei,

2193 3507 2358 3555 vocat
2395 3501 2467 3555 ad
2516 3500 2926 3571 paenitentiam,
2987 3501 3139 3571 quod
3173 3500 3377 3554 durius
3430 3505 3534 3554 est.
3592 3501 3904 3555 Ploremus.

2195 3591 2385 3660 (Αυα.)
2415 3590 2473 3644 Si
2493 3591 2636 3643 forte
2667 3589 2736 3643 de
2785 3589 3055 3659 peccatis,
3114 3605 3241 3659 qua!
3274 3605 3369 3643 vos
3417 3589 3586 3658 longe
3617 3589 3906 3654 fecerunt,

2195 3679 2422 3732 solliciti
2447 3678 2600 3743 estis,
2652 3679 2901 3749 plorate:
2951 3679 3201 3748 lacryma
3255 3677 3561 3748 exstinguit
3600 3678 3908 3733 ﬂammam

2193 3769 2430 3839 peccati,
2492 3784 2621 3838 quas
2674 3768 2733 3820 in
2795 3767 3169 3823 conscientia.
3240 3768 3351 3832 Qui
3399 3769 3529 3833 fecit
3582 3782 3696 3822 nos.
3764 3769 3910 3822 Ecce

2194 3873 2406 3927 magna
2426 3855 2634 3910 ﬁducia
2663 3873 2674 3909 :
2705 3872 2738 3909 a
2767 3861 2822 3910 te
2839 3856 2991 3909 enim
3010 3855 3248 3910 deﬁcere
3269 3861 3450 3927 potes,
3480 3859 3543 3910 tu
3573 3859 3628 3909 te
3660 3856 3908 3911 reﬁcere

2195 3962 2309 4000 non
2336 3953 2516 4016 potes,
2549 3945 2644 4000 ille
2675 3945 2859 3998 reiicit
2887 3944 2986 4016 qui
3017 3949 3071 3998 te
3102 3944 3252 3998 fecit.

2267 4035 2433 4088 Vens.
2469 4039 2520 4088 7.
2565 4065 2634 4074 —-
2661 4037 2732 4089 Et
2762 4049 2856 4088 nos
2897 4035 3155 4104 populus,
3201 4036 3306 4087 etc.
3342 4035 3539 4101 (AUG.)
3593 4033 3909 4104 Eleganter

2195 4124 2337 4178 ordo
2369 4122 2671 4176 verborum
2729 4127 3005 4176 mutatus:
3071 4123 3195 4176 Non
3224 4121 3366 4176 dixit
3407 4138 3536 4175 oves
3567 4137 3800 4190 pascuae
3852 4129 3908 4176 et

393 4202 547 4256 unde
579 4201 787 4267 subdit,
839 4203 1219 4254 consolationes
1269 4201 1801 4271 tutelwtiﬁcaverunt
1845 4207 2084 4259 animum
2122 4240 2168 4294 Β
2197 4213 2475 4284 populum
2507 4227 2712 4264 manus
2742 4212 2886 4280 ejus,
2920 4215 2985 4263 ut
3039 4211 3192 4280 ipsos
3250 4210 3535 4280 intelligas
3584 4226 3743 4277 oves,
3805 4211 3904 4281 qui

463 4380 622 4432 Vens.
657 4382 739 4432 19.
774 4409 842 4418 —
899 4380 971 4432 In
1022 4378 1197 4433 corde.
1261 4378 1390 4448 (10.)
1416 4380 1679 4435 Salubres
1709 4381 2086 4452 cogitationes

394 4467 695 4536 signiﬁcat,
724 4471 786 4520 ut
811 4467 1027 4520 scilicet
1055 4483 1185 4521 cum
1217 4472 1457 4522 aeternas
1497 4470 1904 4525 retributiones
1934 4471 2087 4543 cogi-

393 4559 560 4619 taret,
586 4555 736 4607 mala
765 4556 1105 4624 temporalia
1133 4557 1461 4626 despiceret.

462 4645 622 4697 Vens.
648 4644 736 4696 20.
769 4673 838 4684 —-
891 4645 1153 4714 Nunquid
1181 4645 1439 4700 adhaeret.
1475 4646 1600 4715 (ln.)
1633 4648 1809 4702 Nemo
1854 4648 2089 4720 iniquus

393 4732 548 4785 sedet
578 4735 802 4798 tecum;
836 4737 1045 4787 etcum
1096 4733 1237 4787 nihil
1286 4734 1376 4788 his
1417 4739 1625 4801 tecum,
1659 4737 1729 4791 ad
1759 4738 1896 4808 quid
1951 4755 2087 4810 ergo

391 4822 576 4874 tiunt‘?
598 4830 658 4875 ut
689 4821 758 4875 de
780 4821 861 4874 eis
916 4837 1158 4891 pungas,
1194 4827 1250 4876 et
1297 4824 1496 4893 puncti
1521 4825 1590 4879 ad
1633 4829 1689 4879 te
1719 4827 1983 4894 clament,
2033 4833 2091 4882 et

394 4910 628 4964 demum
658 4910 716 4962 hi
743 4916 1008 4980 pereant;
1052 4927 1181 4982 quas
1222 4911 1312 4964 his
1344 4911 1525 4966 tribus
1574 4914 1832 4969 versibus
1887 4917 2090 4971 subse-

391 4999 698 5070 quentibus
747 5000 1141 5053 ostenduntur.
1182 5000 1341 5055 Sedes
1388 5003 1722 5070 iniquitatis.
1753 5004 1963 5074 (CAss.)
1993 5005 2091 5059 Est

391 5087 674 5157 possessio
725 5088 941 5152 mundi,
967 5104 1098 5142 cum
1137 5105 1350 5156 amore,
1403 5107 1531 5160 qua:
1575 5107 1692 5146 non
1729 5092 1911 5146 hieret
1951 5094 2084 5162 Deo,

393 5176 492 5246 qui
522 5192 652 5229 suos
678 5175 939 5246 praecipit
979 5176 1102 5229 htec
1131 5175 1350 5246 fugere.
1384 5177 1489 5242 Qui
1544 5183 1724 5248 ﬁngis.
1777 5183 1960 5252 (Αυο.)
2007 5184 2089 5238 Ex

391 5263 499 5316 hoc
526 5263 812 5332 intelligo,
831 5265 986 5335 quod
1018 5281 1128 5319 non
1171 5265 1352 5321 hieret
1377 5267 1479 5322 tibi
1525 5268 1782 5340 iniquus,
1811 5274 1942 5340 etc.,
1986 5287 2086 5326 us-

391 5366 493 5418 que
519 5351 594 5404 ad
623 5357 679 5406 et
729 5353 826 5407 ille
856 5354 1021 5408 dolor
1071 5358 1156 5408 est
1206 5361 1592 5427 praeceptum;
1654 5358 1754 5413 sed
1798 5360 1944 5415 alter
2003 5365 2087 5416 est

394 5438 679 5494 informis.

460 5528 724 5597 Dolorem,
797 5528 858 5582 id
908 5533 1015 5600 est,
1080 5531 1149 5585 de
1204 5531 1399 5587 dolore
1446 5535 1532 5588 vel
1611 5535 1804 5591 labore
1861 5553 2077 5608 praece-

2196 4304 2329 4354 sunt
2357 4299 2624 4368 populus,
2669 4314 2800 4351 oves
2838 4313 3064 4365 manus,
3115 4313 3232 4351 non
3261 4314 3402 4368 quas
3453 4297 3704 4362 eminus,
3763 4301 3904 4370 quia

2201 4391 2352 4449 sunt,
2385 4391 2441 4441 et
2468 4403 2599 4441 oves
2645 4402 2787 4457 quas
2814 4402 2933 4440 non
2970 4386 3228 4453 fecimus,
3271 4386 3371 4440 sed
3401 4387 3522 4457 ipse
3581 4385 3770 4457 gratia
3803 4404 3905 4440 sua

2197 4494 2303 4532 nos
2325 4493 2456 4530 oves
2481 4475 2631 4530 fecit.

2268 4567 2442 4620 Vens.
2485 4568 2535 4619 8.
2570 4594 2632 4606 —
2673 4564 2845 4618 Hodie
2885 4565 2937 4619 si
2962 4579 3157 4633 vocem,
3188 4567 3293 4618 etc.
3326 4563 3520 4632 (Cass)
3555 4565 3670 4618 Nos
3701 4571 3902 4620 autem

2196 4653 2447 4725 populus
2476 4656 2532 4706 et
2574 4668 2725 4706 oves.
2773 4652 2881 4707 Sed
2911 4651 3002 4706 his
3031 4652 3298 4706 omnibus
3352 4653 3704 4723 proponitur
3761 4671 3904 4708 cono

2196 4742 2358 4809 ditio,
2390 4743 2440 4796 si
2467 4756 2641 4795 vocem
2679 4742 2795 4809 ejus
2842 4742 3149 4807 audieritis,
3201 4757 3374 4812 quam
3428 4758 3627 4795 vocem
3680 4743 3901 4806 subdit,

2195 4831 2385 4886 Hodie.
2437 4831 2616 4886 Nolite
2647 4830 2931 4884 obdurare.
2991 4831 3120 4901 (10.)
3165 4831 3284 4884 lam
3319 4831 3439 4901 ipse
3473 4830 3732 4884 Christus
3782 4848 3903 4887 mo-

2196 4925 2313 4987 net,
2346 4935 2417 4973 ne
2441 4918 2816 4985 obdurentur,
2861 4935 2933 4973 ne
2962 4919 3257 4990 contingat
3286 4919 3388 4988 eis,
3423 4924 3483 4972 ut
3504 4920 3791 4990 patribus.

2269 5009 2432 5062 Vens.
2465 5011 2517 5062 9.
2549 5039 2616 5047 —
2637 5008 2787 5064 Sicut
2816 5011 2875 5062 in
2923 5011 3251 5063 irritatione.
3290 5008 3414 5078 (10.)
3447 5009 3709 5078 Majestas
3743 5009 3905 5064 Chri-

2197 5097 2268 5151 sti
2299 5096 2609 5168 loquentis,
2637 5102 2766 5162 etc.,
2802 5112 2970 5166 usque
2999 5097 3074 5151 ad
3123 5098 3292 5168 culpa
3346 5103 3649 5168 parentum
3684 5099 3903 5168 repeti-

2194 5190 2310 5249 tur,
2340 5190 2404 5239 ut
2431 5185 2677 5239 vindicta
2704 5185 2993 5240 timeatur.

2266 5269 2426 5328 Vens.
2465 5275 2548 5328 10.
2609 5304 2679 5313 —
2709 5273 3095 5342 Quadraginta
3123 5276 3304 5329 annis.
3338 5275 3544 5341 (AUG.)
3585 5275 3697 5328 Per
3745 5291 3899 5345 qna-

2197 5362 2460 5433 draginta
2488 5378 2670 5416 annos
2699 5363 2894 5417 omnia
2927 5364 3131 5418 saecula
3187 5362 3492 5434 signiﬁcat,
3546 5366 3692 5429 etc.,
3725 5378 3896 5432 usque

2193 5451 2269 5506 ad
2299 5451 2445 5506 sicut
2494 5451 2617 5521 ipse
2664 5452 2769 5507 ait:
2822 5453 3104 5510 Vobiscum
3155 5468 3275 5507 sum
3319 5467 3488 5521 usque
3513 5452 3590 5506 ad
3640 5468 3889 5507 consum-

2192 5543 2480 5596 mationem
2505 5542 2711 5596 saeculi.
