4082 6184
198 282 215 332 1
235 280 339 331 005

828 397 1139 454 PSALMUS
1163 399 1308 454 XCV.

262 488 506 543 Psalmus
556 486 752 541 David.
816 486 1011 555 (Cass)
1057 489 1121 542 In
1162 488 1351 543 Veteri
1401 491 1759 544 Testamento
1805 491 1891 544 le-

194 576 369 646 gitur,
423 580 552 642 etc.,
611 591 782 643 usque
835 576 909 629 ad
966 593 1083 631 non
1156 577 1254 631 illa
1327 578 1534 632 actuali
1622 580 1741 648 agit
1801 579 1892 632 hic

194 666 469 736 psalmus.

260 755 422 807 Vens.
460 757 507 807 1.
560 784 629 793 -
662 754 888 809 Cantate
929 757 1174 809 Domino.
1224 756 1350 823 (11).)
1406 756 1754 811 Przemonuit
1795 757 1893 811 Ju-

194 843 346 896 deeos
419 841 479 896 in
525 842 875 912 praecedenti
920 844 1139 913 psalmo
1204 849 1285 912 ut,
1328 844 1587 914 deposita
1663 845 1891 911 duritia,

192 931 478 986 Christum
509 931 844 997 crederent;
894 932 994 985 sed
1038 932 1174 1003 quia
1233 938 1355 986 erat
1401 950 1692 999 mansura,
1742 950 1896 988 nunc

191 1036 391 1074 omnes
423 1023 622 1090 gentes
656 1025 873 1073 monet.
922 1020 1216 1074 Secundus
1247 1022 1502 1091 psalmus
1546 1022 1615 1076 de
1648 1026 1895 1093 utroque

192 1109 458 1164 adventu.
494 1108 749 1162 Primum
783 1108 852 1161 ad
894 1110 1161 1178 praelatos
1208 1110 1488 1180 loquitur,
1524 1115 1585 1163 ut
1615 1110 1725 1180 ipsi
1764 1127 1895 1165 can-

191 1202 317 1251 tent
366 1203 424 1251 et
473 1197 837 1251 annuntient.
900 1200 1175 1252 Canticum
1225 1213 1439 1252 novum.
1494 1202 1677 1264 (Αυο.)
1735 1201 1897 1255 Vetus

192 1290 386 1340 cantat
409 1284 710 1356 cupiditas,
761 1288 891 1349 etc.,
954 1302 1121 1355 usque
1150 1287 1224 1341 ad
1279 1287 1538 1359 quisquis
1577 1288 1892 1353 intraverit,

194 1374 337 1428 foris
367 1378 472 1428 est.

266 1465 521 1519 Vens.2.
584 1493 655 1505 —
710 1466 931 1519 Domino
990 1469 1040 1517 et
1091 1463 1401 1519 benedicite.
1455 1466 1660 1531 (them,
1719 1463 1895 1534 CASS.)

197 1555 307 1608 Ter
356 1552 618 1619 Domino,
671 1553 739 1606 ad
788 1552 1252 1623 distinguendam
1300 1569 1673 1624 personarum
1730 1552 1894 1606 trini-

198 1647 376 1695 tatem
414 1641 585 1712 ;quia
613 1642 737 1695 laus
768 1641 975 1696 Christi
1024 1643 1207 1695 honor
1264 1648 1348 1695 est
1375 1642 1685 1695 Trinitatis.
1714 1642 1783 1694 Et
1813 1644 1897 1694 est

196 1730 385 1799 ﬁgura
431 1730 720 1800 epimone,
752 1730 812 1784 id
843 1734 945 1796 est,
1003 1730 1205 1783 crebra
1254 1729 1516 1800 repetitio
1573 1729 1892 1797 sententiae,

194 1832 330 1887 qua:
352 1823 661 1886 exaggerat
689 1817 748 1870 in
768 1817 998 1872 laudem
1025 1819 1111 1871 vel
1147 1818 1652 1888 vituperationem.

270 1906 439 1959 Vens.
477 1908 527 1959 3.
561 1937 629 1945 —
660 1907 1017 1961 Annuntiate.
1049 1907 1135 1961 Ad
1184 1908 1451 1976 praelatos
1481 1906 1758 1977 loquitur,
1794 1921 1894 1959 an-

192 1995 482 2060 nuntiate,
513 1995 651 2065 quia
708 1995 788 2049 sic
852 1996 1054 2049 crescit
1102 1996 1401 2049 aediﬁcatio
1448 1996 1664 2049 domus.
1700 1996 1782 2048 De
1811 1994 1897 2049 die

194 2086 256 2136 in
302 2084 463 2138 diem.
516 2084 726 2154 (Cass)
760 2084 928 2137 Vetus
961 2090 1016 2137 et
1050 2085 1269 2137 Novum
1318 2085 1742 2138 Testamentum
1776 2083 1896 2137 dies

194 2177 354 2237 sunt,
389 2173 489 2243 qui
528 2178 741 2227 aeterno
790 2173 909 2227 sole
959 2174 1297 2239 clarescunt,
1353 2173 1496 2227 illud
1526 2172 1895 2243 praenuntiat,

194 2262 309 2315 hoc
340 2261 549 2315 factum
571 2261 800 2315 indicat.
843 2264 1044 2329 (HIER.)
1094 2262 1410 2316 Annuntiat
1440 2278 1576 2332 ergo
1617 2263 1685 2315 de
1719 2262 1809 2316 die
1837 2262 1897 2315 in

193 2351 372 2417 diem,
427 2354 557 2416 etc.,
623 2366 792 2419 usque
829 2352 904 2404 ad
934 2351 1141 2422 quibus
1209 2350 1514 2405 affectuum
1570 2355 1897 2405 nostrorum

193 2438 380 2511 pedes
408 2439 728 2492 avitiorum
759 2438 936 2509 spinis
958 2439 1315 2493 muniuntur.

274 2528 441 2582 Vens.
504 2528 557 2581 4.
618 2558 687 2566 —
737 2529 973 2595 Magnus
1037 2530 1312 2582 Dominus.
1365 2530 1551 2595 (Aoc.)
1624 2529 1900 2582 Parvulus

197 2617 402 2679 factus,
440 2616 575 2687 quia
602 2632 704 2669 vos
746 2615 924 2686 parvi,
957 2616 1260 2687 intelligite
1313 2633 1609 2687 magnum,
1645 2621 1701 2671 et
1743 2618 1901 2671 eritis

206 2706 267 2758 in
293 2706 391 2758 illo
422 2704 639 2775 magni.

276 2794 447 2846 Vens.
484 2796 532 2847 5.
575 2824 646 2831 —
674 2793 838 2849 Cazlos
866 2793 1014 2859 fecit.
1045 2794 1175 2859 (11).)
1206 2792 1510 2863 Apostolos
1541 2797 1597 2846 et
1642 2793 1898 2863 angelos,

206 2882 357 2934 unde
401 2881 447 2934 si
471 2881 643 2935 caelos
672 2881 805 2936 fecit
832 2886 888 2936 et
914 2884 1168 2953 angelos,
1212 2888 1347 2937 tunc
1379 2886 1435 2937 et
1466 2883 1769 2953 apostolos,
1804 2881 1903 2953 qui

207 2969 568 3024 daemonibus
600 2970 903 3040 imperant.

277 3059 438 3111 Vens.
474 3061 526 3111 6.
572 3090 638 3097 —
671 3060 732 3113 In
773 3063 1074 3127 conspectu.
1128 3059 1288 3113 Tales
1335 3058 1511 3129 enim,
1568 3059 1906 3114 conﬁtentes

205 3148 418 3201 scilicet
446 3147 684 3216 etjusti,
738 3147 927 3217 ipsum
972 3148 1348 3218 conspiciunt,
1396 3153 1453 3201 et
1476 3148 1908 3220 conspiciuntur

203 3237 275 3290 ab
339 3252 426 3289 eo.
484 3237 857 3291 Sanctimonia
911 3238 963 3290 et
1006 3239 1430 3305 magnificentia.
1493 3239 1678 3303 (AUG.)
1734 3238 1907 3302 Quasi

206 3325 422 3380 diceret
454 3340 467 3377 :
502 3323 608 3389 Qui
636 3325 758 3378 vult
796 3340 916 3378 esse
944 3324 1287 3395 magniﬁcus
1340 3330 1397 3378 et
1424 3329 1647 3394 potens,
1683 3330 1747 3379 ut
1776 3331 1911 3379 sunt

210 3415 424 3482 angeli,
456 3414 615 3484 prius
653 3414 726 3468 sit
754 3418 1002 3467 sanctus.
1029 3415 1179 3484 quod
1210 3413 1275 3468 ﬁt
1304 3430 1371 3468 ex
1396 3430 1462 3468 eo
1492 3414 1903 3468 sanctiﬁcante:

212 3520 331 3557 non
371 3503 526 3556 enim
559 3519 663 3573 per
692 3507 747 3555 te
778 3507 939 3573 potes
979 3519 1101 3556 esse
1150 3507 1395 3556 sanctus.
1432 3505 1506 3557 Eo
1542 3520 1677 3573 ergo
1710 3504 1913 3557 sancti-

214 3590 444 3658 ﬁcante,
480 3590 684 3660 aliquis
713 3590 777 3643 ﬁt
803 3594 1049 3652 sanctus,
1085 3594 1140 3643 et
1166 3590 1240 3643 ita
1268 3590 1625 3659 magniﬁcus.

289 3680 448 3733 Vens.
480 3684 534 3733 7.
567 3707 639 3719 —
666 3678 874 3747 Aﬂ‘erte
920 3678 1156 3731 Domino
1178 3680 1393 3746 patriae.
1418 3678 1625 3748 (Cass)
1657 3676 1914 3732 Secunda

209 3782 369 3837 pars,
400 3767 497 3820 ubi
529 3768 596 3821 ad
624 3766 879 3819 subditos
903 3766 1181 3836 loquitur,
1218 3770 1325 3819 etc.
1347 3808 1360 3834 ,
1405 3780 1572 3833 usque
1592 3766 1666 3819 ad
1700 3770 1762 3818 ut
1792 3764 1916 3817 uul-

207 3855 304 3910 lus
370 3855 704 3925 excipiatur,
757 3853 1048 3923 indigena,
1101 3855 1185 3907 vel
1239 3853 1597 3923 peregrinus.
1652 3854 1910 3909 Gloriam.

211 3946 341 4010 (Ιο.)
369 3943 651 4007 Quoniam
694 3941 842 3996 bene
873 3948 1237 3996 conversatur
1286 3943 1477 4008 homo,
1534 3943 1596 3995 in
1646 3958 1759 4012 quo
1790 3941 1914 4011 glo-

205 4033 469 4086 riﬁcatur
523 4032 688 4084 Deus.
748 4032 1029 4084 Honorem.
1066 4032 1207 4085 Cum
1270 4030 1339 4083 de
1396 4029 1560 4083 bonis
1614 4029 1799 4099 gratia
1826 4045 1915 4081 re-

200 4120 414 4185 fertur,
473 4118 645 4183 unde,
703 4120 822 4171 Non
879 4124 955 4171 est
993 4120 1243 4171 inventus
1291 4119 1387 4181 qui
1441 4118 1603 4172 daret
1671 4119 1919 4171 honorem

203 4208 320 4260 Deo
360 4206 471 4258 nisi
500 4204 586 4257 hic
642 4205 965 4271 alienigena.
1010 4205 1083 4257 In
1126 4206 1293 4258 atria.
1354 4204 1477 4273 (11).)
1532 4204 1719 4269 Atria,
1776 4219 1914 4274 pro-

199 4295 406 4366 phetae
460 4294 544 4346 vel
602 4291 864 4362 apostoli,
925 4292 1133 4362 quibus
1183 4292 1302 4346 itur
1346 4292 1419 4345 ad
1477 4292 1814 4358 Dominum;
1846 4292 1915 4346 de

206 4382 403 4443 atriis,
456 4380 753 4451 prophetis
814 4381 900 4434 vel
974 4381 1270 4451 apostolis,
1316 4381 1546 4435 venitur
1589 4380 1651 4434 in
1707 4380 1916 4434 atrium

202 4470 511 4527 catholicae
569 4469 845 4534 Ecclesia},
899 4469 997 4523 ubi
1054 4470 1322 4541 majestas
1377 4470 1672 4524 adoratur.
1730 4472 1916 4536 (Auc.)

200 4560 341 4624 Vel,
375 4557 608 4611 Introite
646 4557 706 4610 in
760 4556 926 4626 atrio,
958 4557 1017 4610 id
1048 4562 1152 4619 est,
1184 4557 1245 4610 in
1277 4557 1594 4612 doctrinam
1620 4558 1921 4628 propheta-

200 4664 353 4703 rum
388 4650 445 4699 et
474 4646 889 4715 apostolorum.

292 4737 466 4789 Vens.
492 4738 544 4788 9.
574 4765 642 4772 ——
671 4734 913 4788 Adorate
962 4736 1242 4788 Dominum
1270 4736 1330 4788 in
1384 4737 1544 4800 atrio,
1581 4738 1685 4789 etc.
1728 4735 1788 4789 Id
1815 4738 1917 4802 est,

200 4828 278 4882 in
306 4823 555 4879 Ecclesia
584 4823 882 4887 catholica,
917 4823 1005 4875 vel
1039 4838 1143 4892 per
1168 4825 1337 4891 atria,
1386 4823 1745 4893 prophetiam
1772 4838 1787 4893 ;
1820 4839 1923 4894 per

197 4917 430 4970 atrium
458 4912 875 4982 ,Evangelium.
933 4912 1361 4966 Commoveatur.
1417 4912 1694 4966 Omnibus
1724 4913 1923 4966 admo-

195 5004 360 5059 nitis
387 5000 605 5054 moveri
634 5005 810 5070 optat.
842 4999 1013 5063 Quasi
1064 5000 1297 5068 diceret,
1341 4999 1574 5053 introite
1606 5004 1661 5053 et
1689 5001 1924 5054 adorate

190 5109 342 5157 vos,
376 5090 538 5144 boni.
594 5092 759 5144 Terra
797 5091 999 5157 autem,
1033 5094 1137 5142 etc.
1196 5091 1457 5143 Universa
1515 5094 1679 5143 terra.
1722 5089 1922 5155 (Cass)

189 5184 350 5239 Non
381 5195 513 5249 pars
544 5178 772 5249 aliqua;
806 5193 877 5231 ne
909 5177 1035 5248 quis
1081 5194 1216 5248 ergo
1244 5178 1432 5231 dicat:
1464 5180 1598 5232 Ecce
1654 5180 1739 5231 hic
1770 5178 1928 5234 Chri-

184 5276 337 5329 stus
400 5282 511 5321 esse
557 5268 691 5332 illic,
747 5266 959 5333 subdit,
1016 5268 1232 5321 Etenim
1284 5268 1523 5321 correxit
1573 5266 1752 5320 orbem
1818 5271 1928 5322 ter-

184 5373 314 5421 ra,
353 5358 461 5409 etc.

288 5444 464 5497 Vens.
502 5443 586 5495 10.
630 5472 700 5481 --
750 5443 923 5497 Dicite
969 5444 1029 5496 in
1084 5441 1354 5509 gentibus.
1388 5440 1512 5511 (1ο.)
1540 5441 1697 5505 Quod
1724 5457 1927 5512 regna-

189 5537 303 5595 vit
337 5537 396 5587 et
448 5530 715 5597 correxit,
750 5535 807 5585 et
837 5530 1134 5600 judicavit.
1187 5532 1475 5598 Regnavit,
1525 5530 1652 5584 Alia
1708 5531 1927 5585 littera:

1322 266 1587 338 GLOSSA'
1616 281 2025 338 0RDINARIA.
2064 310 2137 323 —
2173 281 2307 337 LIB.
2350 282 2595 338 PSALM.

1931 402 2342 469 ARegnavita
2400 403 2546 471 ligno
2592 401 2803 471 (Matth.
2858 402 2997 470 xm).
3060 402 3246 473 (AUG.)
3313 403 3527 470 Crucis,
3583 420 3697 475 quo

1926 1683 1966 1736 Β

3561 287 3696 339 1006

2004 491 2205 543 transit
2233 490 2402 544 homo
2433 506 2600 556 mare,
2634 496 2690 543 et
2709 490 2773 543 ﬁt
2800 491 2944 544 orbis
2975 491 3073 560 qui
3103 507 3221 545 non
3252 497 3533 546 movetur.

2072 580 2299 647 Populos
2328 581 2385 632 in
2437 581 2713 647 aequitate,
2754 583 2858 633 etc.
2899 579 3008 632 Alii
3062 580 3297 644 addunt,
3328 583 3399 634 Et
3431 587 3611 649 gentes
3640 584 3701 636 in

2003 672 2091 723 ira
2123 676 2235 724 tua.

2076 758 2272 828 (Cass)
2326 758 2572 829 Populos
2629 774 2787 828 ergo,
2846 758 2902 812 id
2943 763 3044 823 est,
3100 759 3280 813 bonos
3329 758 3609 829 judicabit
3639 760 3698 814 in

2005 846 2291 918 aequitate,
2327 854 2525 917 gentes
2554 862 2705 909 vero,
2742 846 2797 901 id
2832 851 2934 913 est,
2958 848 3135 903 malos
3164 847 3223 902 in
3250 848 3335 901 ira
3356 865 3474 902 sua.

2075 936 2237 989 Vens.
2300 937 2384 988 t2.
2439 965 2507 974 ——
2554 934 3127 989 Tunc’ercsultabunt.
3189 934 3388 1005 (Cass,
3442 936 3698 1003 HIERON.)

2009 1024 2174 1090 Tunc,
2206 1023 2438 1093 quando
2489 1022 2753 1092 corriget,
2790 1027 2923 1089 etc.,
2984 1038 3154 1091 usque
3191 1023 3265 1076 ad
3304 1023 3576 1093 quoniam
3606 1039 3699 1076 ve-

2005 1111 2107 1173 nit,
2144 1111 2202 1166 id
2234 1116 2338 1177 est,
2387 1110 2577 1165 veniet
2618 1111 2875 1181 judicare
2932 1116 3166 1165 terram.
3225 1113 3493 1177 Quoniam
3530 1114 3697 1166 venit.

2005 1198 2201 1269 (ΑΗΘ.)
2250 1199 2440 1252 Primo
2503 1198 2657 1252 venit
2711 1198 2769 1251 in
2801 1198 3063 1263 Ecclesia,
3121 1197 3182 1252 in
3210 1199 3481 1266 nubibus,
3512 1198 3567 1252 id
3594 1204 3698 1265 est,

2006 1287 2298 1358 apostolis,
2330 1294 2402 1340 et.
2428 1286 2685 1357 implevit
2731 1291 2917 1341 totum
2949 1287 3147 1343 orbem
3181 1304 3194 1354 ;
3230 1289 3382 1342 unde
3418 1304 3429 1341 :
3492 1288 3701 1343 Amodo

2004 1375 2256 1429 videbitis
2280 1377 2475 1429 Filium
2497 1376 2728 1429 hominis
2783 1378 3077 1429 venientem
3106 1378 3165 1429 in
3218 1376 3453 1429 nubibus
3483 1375 3696 1441 (Matth.

2005 1464 2154 1533 xxvr)
2185 1465 2312 1517 :cui
2358 1463 2627 1518 adventui
2674 1464 2773 1534 qui
2822 1464 3021 1531 credit,
3075 1463 3385 1519 exsultabit
3416 1464 3475 1518 in
3499 1463 3700 1518 ultimo

2005 1552 2270 1606 adventu.

2104 1641 2266 1694 Vens.
2331 1643 2414 1695 13.
2472 1671 2539 1679 -
2583 1640 2862 1694 Judicabit
2927 1641 3123 1695 orbem.
3179 1641 3375 1712 (Cass)
3455 1642 3697 1696 Omnem

2003 1728 2298 1783 hominem
2329 1728 2677 1798 generaliter
2720 1728 2981 1796 includit,
3018 1729 3328 1783 secundum
3369 1730 3699 1799 aequitatem

2005 1817 2104 1871 Dei
2131 1816 2529 1886 judicandum.
2562 1817 2667 1871 Sed
2694 1818 2984 1888 quomodo
3018 1817 3306 1888 judicetur
3332 1819 3582 1889 exponit,
3613 1818 3698 1873 di-

2004 1906 2206 1972 cendo,
2239 1905 2471 1975 populos
2520 1908 2575 1959 in
2629 1909 2884 1973 veritate,
2928 1906 3062 1977 quia
3098 1907 3155 1959 in
3191 1907 3549 1977 separatione
3585 1909 3699 1961 duo

2005 1999 2174 2049 erunt
2200 1994 2420 2064 populi,
2466 1993 2672 2064 quibus
2720 1995 2880 2048 dabit
2929 1995 3271 2049 sententiam
3330 1996 3605 2056 veritatis,
3637 2003 3702 2049 ut

2005 2083 2102 2136 alii
2127 2083 2186 2136 in
2208 2082 2403 2149 vitam,
2430 2082 2527 2136 alii
2558 2082 2619 2136 in
2673 2099 2872 2153 poenas
2902 2088 3051 2137 eant.
3108 2085 3297 2155 (AUG.)
3347 2086 3537 2140 Orbem
3564 2084 3700 2139 dicit

2006 2186 2206 2224 omnes
2235 2170 2384 2223 ﬁlios
2412 2170 2617 2237 Adam,
2649 2174 2778 2234 etc.,
2809 2184 2977 2237 usque
2998 2170 3071 2223 ad
3103 2171 3420 2224 meridiem.

2598 2257 2817 2313 PSALM
2829 2259 2908 2312 US
2960 2258 3137 2312 XCVI.

2078 2349 2323 2402 Psalmus
2353 2349 2464 2416 ipsi
2494 2346 2685 2401 David.
2748 2347 2830 2400 Ad
2868 2347 3115 2400 litteram
3162 2347 3305 2402 illud
3351 2348 3537 2418 tangit
3586 2348 3698 2414 hic,

2008 2436 2165 2508 quod
2194 2440 2422 2489 mortuo
2476 2435 2767 2500 Absalom,
2833 2434 3033 2505 iniquo
3082 2435 3201 2488 ﬁlio
3256 2436 3452 2497 David,
3486 2436 3586 2506 qui
3614 2436 3700 2488 vi-

2008 2542 2143 2579 vens
2215 2530 2437 2595 patrem
2516 2523 2987 2593 persequebatur,
3048 2524 3222 2577 David
3303 2525 3564 2578 restituta
3618 2529 3705 2579 est

2010 2619 2184 2683 terra,
2216 2614 2355 2667 etin
2398 2628 2536 2683 pace
2593 2612 2869 2682 regnavit,
2933 2614 3003 2667 de
3051 2630 3164 2684 quo
3196 2613 3288 2667 hic
3330 2631 3444 2668 non
3492 2614 3699 2685 agitur,

2011 2702 2108 2756 sed
2167 2702 2357 2772 potius
2409 2702 2478 2755 de
2535 2700 2872 2770 signiﬁcato.
2960 2703 3137 2769 (Αυο.)
3195 2702 3370 2757 David
3420 2703 3705 2758 Christum

2013 2790 2313 2861 signiﬁcat,
2347 2806 2517 2860 quem
2572 2789 2758 2860 iniqui
2788 2789 2913 2854 ﬁlii,
2946 2789 3005 2845 id
3046 2796 3148 2857 est,
3178 2792 3381 2856 Judaei,
3414 2791 3705 2846 cruciﬁxe-

2014 2884 2168 2945 runt,
2219 2883 2389 2948 atque
2448 2893 2689 2946 regnum
2751 2878 3159 2948 adjuraverunt
3188 2879 3258 2932 ei.
3319 2880 3427 2934 Sed
3455 2882 3708 2934 restituta

1933 2968 1973 3023 C
2010 2972 2088 3022 est
2120 2972 2265 3020 terra
2293 2968 2364 3033 ei,
2400 2966 2627 3036 quando
2667 2965 2880 3032 Iudaea,
2934 2983 3062 3037 quae
3114 2968 3491 3034 cruciﬁxerat,
3524 2968 3707 3022 credi-

2013 3055 2130 3109 dit:
2164 3060 2220 3109 et
2251 3054 2515 3124 apostoli,
2567 3054 2667 3124 qui
2712 3054 3121 3123 titubaverunt,
3179 3062 3313 3110 sunt
3340 3057 3660 3111 conﬁrmati
3690 3073 3702 3109 :

2014 3145 2114 3198 sed
2140 3148 2195 3198 et
2224 3144 2347 3197 aliae
2379 3160 2508 3197 oves
2538 3143 2606 3196 de
2637 3143 2905 3213 gentibus
2935 3148 3066 3197 sunt
3112 3145 3385 3200 adducta.

2084 3233 2201 3300 Vel,
2233 3235 2486 3286 restituta
2531 3236 2609 3285 est
2650 3238 2814 3299 terra,
2874 3248 3004 3286 cum
3047 3249 3178 3287 caro
3232 3234 3353 3304 ejus
3402 3234 3712 3289 resurrexit

2012 3326 2318 3394 postquam
2348 3320 2829 3375 resurrectionem
2883 3322 3007 3375 haec
3036 3321 3232 3375 omnia
3288 3339 3417 3393 quia
3459 3322 3551 3377 hic
3583 3339 3711 3377 can-

2014 3414 2228 3475 tantur,
2256 3409 2402 3463 facta
2431 3414 2583 3463 sunt.

2088 3497 2275 3569 (Αυο.)
2301 3497 2684 3552 Prsevidentes
2716 3498 2777 3552 in
2810 3498 3015 3569 spiritu
3038 3499 3180 3563 haec,
3218 3499 3396 3569 gavisi
3428 3505 3560 3555 sunt
3584 3517 3713 3572 pro-

2015 3588 2223 3659 phetae,
2252 3592 2381 3655 etc.,
2407 3602 2574 3655 usque
2603 3588 2677 3640 ad
2704 3588 2895 3656 palato
2923 3604 3172 3659 namque
3221 3588 3356 3643 ﬁdei
3381 3589 3543 3645 dulce
3565 3591 3713 3661 sapit

2017 3676 2131 3730 mel
2154 3675 2361 3729 divinas
2391 3674 2805 3745 promissionis.

2110 3763 2301 3833 (Casa)
2350 3763 2594 3826 Quartus
2650 3763 2902 3833 psalmus
2943 3764 3012 3816 de
3065 3763 3250 3833 primo
3299 3765 3568 3831 adventu,
3598 3784 3712 3837 quo

2021 3852 2267 3906 mundus
2324 3851 2595 3904 liberatus
2643 3854 2745 3904 est.
2800 3850 3075 3904 Describit
3104 3851 3289 3921 primo
3336 3855 3570 3908 virtutes
3605 3857 3712 3909 Do-

2021 3941 2185 4009 mini,
2235 3938 2484 3993 ostendit
2538 3938 2734 3992 omnia
2786 3939 3047 3993 restituta
3087 3940 3160 4005 ei,
3210 3945 3265 3994 et
3314 3943 3711 4012 arguitidolo-

2022 4030 2217 4083 latras.

2094 4118 2257 4171 Vens.
2296 4120 2343 4170 1.
2386 4145 2454 4155 —
2483 4117 2739 4170 Dominus
2793 4118 3065 4186 regnavit.
3117 4116 3314 4187 (Cass)
3347 4117 3554 4174 Videns
3584 4137 3715 4191 pro-

2024 4207 2199 4277 pheta
2255 4204 2687 4274 superstitiones
2744 4204 2946 4258 mundi
2990 4204 3285 4259 abundare
3338 4213 3469 4262 ante
3507 4210 3717 4265 Christi

2026 4293 2526 4362 resurrectionem,
2586 4292 2863 4363 opponit:
2924 4296 3181 4349 Dominus
3234 4301 3503 4363 regnavit.
3533 4298 3717 4372 (AUG.)

2027 4382 2161 4448 Quis
2199 4398 2335 4452 ergo
2375 4381 2519 4435 alter
2574 4382 2845 4435 colendus
2873 4384 3001 4436 est?
3061 4383 3243 4453 quasi,
3277 4386 3469 4440 nullus
3500 4404 3512 4453 ;
3545 4388 3716 4444 inde:

2096 4472 2346 4526 Exsultat
2393 4474 2556 4523 terra.
2600 4469 2742 4533 Quid
2794 4474 3056 4524 remanet
3100 4471 3318 4525 idolis?
3346 4474 3516 4539 Quasi
3550 4477 3718 4533 nihil.

2098 4561 2311 4614 Insulae.
2346 4559 2539 4613 Totius
2602 4558 2804 4612 mundi
2857 4558 3134 4612 Ecclesiae.
3195 4562 3393 4617 Multa.
3450 4565 3571 4618 Non
3604 4583 3721 4621 om-

2031 4665 2149 4716 nes,
2180 4652 2415 4719 propter
2437 4648 2835 4701 haereticorum
2863 4652 3193 4702 conventus.

2103 4736 2299 4809 (Cass)
2362 4736 2499 4790 Inde
2550 4736 2734 4807 qualis
2763 4736 2836 4789 sit
2895 4735 3175 4789 Dominus
3240 4737 3427 4807 primo
3477 4741 3722 4798 adventu

2031 4826 2184 4881 dicit.

2102 4916 2266 4968 Vens.
2295 4916 2348 4968 2.
2379 4943 2445 4953 —
2469 4912 2645 4967 Nubes
2672 4917 2723 4965 et
2764 4913 2957 4977 caligo.
3016 4910 3232 4979 Impiis,
3288 4912 3386 4982 qui
3426 4914 3560 4967 caeci
3592 4922 3728 4971 sunt

2033 5001 2329 5058 nubilosus
2354 5005 2411 5054 et
2438 5000 2800 5070 caliginosus,
2831 4999 3040 5070 quibus
3068 5000 3225 5052 nulla
3254 5001 3507 5056 claritate
3536 5005 3725 5074 splen-

2034 5089 2304 5158 det;sed
2370 5087 2553 5154 bonis,
2605 5089 2845 5142 Justitia
2900 5093 2948 5142 et
2988 5088 3279 5157 judicium.
3330 5090 3437 5154 Qui
3489 5094 3728 5148 correcti

2036 5183 2168 5232 sunt
2196 5178 2357 5231 sedes
2388 5177 2529 5246 ejus.
2562 5178 2704 5228 Ante
2726 5175 3031 5229 adventum
3088 5175 3209 5244 ejus
3259 5178 3404 5244 ignis
3443 5184 3727 5252 praecedet,

2037 5266 2173 5338 quia
2218 5264 2382 5335 impii
2427 5280 2531 5334 pro
2577 5264 2982 5333 praedicatione
3051 5264 3463 5334 prophetarum
3495 5269 3582 5324 ira
3611 5290 3731 5327 suc-

2039 5353 2210 5419 censi,
2256 5353 2324 5406 de
2363 5367 2497 5405 nece
2542 5367 2740 5404 eorum
2789 5356 3192 5418 tractaverunt,
3246 5358 3302 5405 et
3348 5357 3418 5410 ad
3467 5359 3734 5432 indigna-

2039 5443 2258 5496 tionem
2287 5440 2627 5494 inﬂammati
2656 5440 2715 5493 in
2737 5440 2997 5508 circuitu,
3027 5442 3163 5511 quia
3193 5441 3379 5508 multi,
3404 5459 3533 5498 cum
3564 5445 3732 5515 pauci

2043 5535 2229 5585 essent
2257 5529 2676 5600 przedicatores.
