4082 6184
428 283 564 337 1007

1054 278 1453 333 WALAFRIDI
1492 276 1735 332 STRABI
1776 276 1976 331 FULD.
2020 275 2181 331 SION.
2222 276 2372 331 OPP.
2418 275 2612 330 PARS.
2659 275 2701 328 Ι.
2744 304 2813 312 —
2849 272 3291 330 TIlEOLOGICA

3781 274 3902 326 1008

496 406 657 458 Vnus.
686 406 737 457 3.
772 434 838 444 —
878 404 1025 470 Ignis
1057 406 1182 456 ante
1227 405 1404 471 ipsum
1450 400 1730 469 praecedet,
1783 405 1888 453 etc.
1926 399 2118 469 (Αυυ.)
2145 401 2194 453 Α
2232 398 2515 465 (Ηιειιοη.)
2547 399 2610 451 In
2665 396 2818 451 tubis
2842 396 3188 464 ;ductilibus,
3242 395 3552 466 argenteis,
3622 409 3774 448 more
3823 396 3910 449 Ju-

427 492 602 558 Quasi
634 493 874 547 correcti
902 497 1033 545 sunt
1081 491 1242 544 sedes
1270 490 1392 557 Dei,
1425 495 1556 555 etc.,
1608 503 1777 556 usque
1805 488 1878 540 ad
1913 488 1959 540 si
1985 486 2124 541 mali
2233 488 2509 541 deorum.
2564 486 2812 556 Mystice,
2860 483 3156 555 productis
3220 483 3323 538 sub
3379 484 3589 537 malleo
3648 483 3912 537 universae

428 588 581 649 sunt,
613 582 683 635 ad
734 579 1234 650 consumptiouem
1261 595 1274 643 ;
1308 578 1355 630 si
1385 578 1541 643 boni,
1585 577 1655 631 ad
1686 576 2124 646 reparationem.

2232 581 2420 643 terrae,
2449 575 2510 629 id
2534 578 2620 629 est
2639 574 2889 628 diabolo.
2920 573 3121 643 (Αυα.)
3161 572 3497 637 Tribulatio,
3557 572 3765 625 tunsio.
3794 577 3873 625 est
3899 588 3912 637 ;

499 671 666 724 Vens.
692 670 745 722 4.
775 700 844 708 --
891 669 1196 722 ΙΙιιιωθνιιηι
1250 668 1498 734 fulgura.
1558 666 1677 735 (In)
1743 664 1930 718 Nubes
1957 665 2129 717 vilue-
2233 663 2538 734 profectus,
2571 662 2875 732 productio
2908 678 2919 714 :
2950 660 3081 715 talis
3096 661 3232 713 tuba
3262 665 3386 713 erat
3411 659 3539 725 Job,
3572 660 3721 713 unde
3767 658 3916 730 quasi

429 762 564 812 runt
592 759 775 810 forma
816 757 1091 819 humana,
1148 754 1247 808 sed
1291 754 1483 821 fulgor
1508 752 1802 806 mirandus
1848 751 1908 804 in
1940 750 2127 804 verbis
2232 752 2369 806 tuba
2398 751 2678 820 insonuit,
2730 750 2925 805 dicens
2958 765 2972 803 :
3004 751 3264 805 Dominus
3308 748 3478 815 dedit,
3515 751 3767 802 Dominus
3796 748 3916 801 abs-

429 846 519 899 vel
551 845 711 899 factis
742 859 939 897 eorum
972 842 1258 912 apparuit,
1313 852 1368 894 et
1398 841 1530 894 inde
1564 846 1719 894 mota
1759 845 1842 893 est
1870 846 2047 893 terra.

503 934 671 987 Vens.
706 936 756 986 5.
790 961 857 972 —
898 933 1220 985 Flumerunt.
1265 930 1390 1000 (11).)
1423 929 1539 983 Etsi
1571 943 1690 982 non
1735 929 1909 983 modo
1950 926 2130 981 credit

426 1038 707 1094 paganus,
742 1026 934 1074 tamen
961 1020 1142 1073 victus
1175 1024 1276 1072 est.

500 1111 656 1164 Vsus.
716 1113 771 1163 7.
830 1138 901 1148 —
956 1107 1398 1174 Con/undantur.
1461 1107 1578 1159 Hoc
1607 1107 1723 1176 jam
1755 1105 1965 1159 factum
2023 1108 2127 1157 est.

432 1198 618 1271 (Αοα.)
669 1198 859 1253 Cessat
907 1197 1063 1250 enim
1105 1198 1225 1267 jam
1269 1196 1617 1249 idololatria.
1689 1196 1755 1249 Et
1797 1194 2133 1248 erubescant

431 1284 541 1359 qui
560 1287 799 1340 adorant
818 1285 1054 1355 lapides,
1081 1285 1215 1355 quia
1248 1284 1480 1337 mortui.

502 1377 669 1429 Vsus.
714 1378 763 1429 8.
813 1405 884 1413 —
933 1374 1196 1427 Adorate.
1256 1372 1397 1443 (ID.)
1450 1373 1643 1426 Cessat
1687 1387 1823 1441 ergo
1877 1369 2132 1425 adoratio

432 1465 789 1534 angelorum,
823 1462 921 1516 sed
942 1462 1204 1515 adorant.
1240 1461 1354 1530 lpsi
1386 1460 1521 1513 mali
1572 1459 1766 1529 angeli
1795 1458 1997 1511 volunt
2028 1457 2135 1511 ad-

433 1553 607 1617 orari,
639 1552 774 1605 boni
821 1552 1081 1617 adorant,
1131 1566 1232 1603 nec
1260 1565 1317 1602 se
1367 1548 1710 1618 permittunt
1758 1547 2005 1601 adorari.
2037 1545 2135 1599 Vel

435 1642 633 1695 saltem
666 1641 771 1692 hoc
804 1640 1066 1708 exemplo
1088 1636 1429 1691 idololatriae
1460 1638 1697 1689 cessent.

506 1726 787 1783 Audiviet
834 1726 1039 1779 laetata.
1093 1724 1318 1793 (Cass.)
1377 1723 1633 1777 Secundo
1692 1727 1821 1792 post
1849 1726 2133 1775 restaura-

434 1817 650 1870 tionem
710 1820 878 1866 terrae
920 1812 1257 1865 omnimoda
1305 1812 1622 1878 exsultatio,
1688 1817 1817 1876 etc.,
1870 1826 2038 1878 usque
2062 1809 2136 1863 ad

440 1908 502 1957 ut
528 1904 596 1957 de
628 1902 886 1956 Cornelio
932 1902 1132 1953 fratres
1162 1900 1338 1969 gavisi
1391 1906 1525 1953 sunt
1579 1916 1751 1970 quem
1810 1901 2012 1953 Petrus
2044 1898 2137 1951 ba-

437 1990 695 2061 ptizavit.
736 1992 804 2043 Et
826 1990 1262 2043 emsultauerunt.
1300 1990 1485 2055 (AUG.)
1517 1987 1839 2041 Audierant
1869 1985 2133 2057 apostoli,

440 2079 540 2148 qui
570 2082 731 2130 erant
761 2077 814 2129 in
849 2076 1047 2129 Iudaea
1075 2076 1299 2141 fratres,
1358 2075 1493 2146 quia
1545 2081 1744 2145 gentes
1802 2078 2140 2145 receperunt

444 2168 678 2221 verbum
713 2167 835 2233 Dei,
867 2170 921 2219 et
951 2165 1127 2218 leuati
1157 2170 1291 2217 sunt
1323 2170 1379 2218 et
1427 2165 1875 2235 magniticabant
1934 2166 2135 2217 Deum.

514 2257 695 2309 VERS.
752 2258 803 2309 9.
860 2285 929 2293 —
994 2256 1223 2307 Terra...
1283 2254 1426 2308 deos.
1493 2254 1617 2323 (lo.)
1676 2255 1784 2307 Per
1838 2261 2038 2307 terram
2086 2256 2142 2307 et

442 2343 585 2409 deos,
646 2346 967 2411 peccatores
1026 2346 1081 2394 et
1138 2341 1324 2410 justos
1382 2342 1591 2410 accipe.
1652 2342 1773 2409 Vel,
1816 2340 2057 2395 ter’renis
2087 2345 2169 2393 et'

390 2443 395 2447 ‘
443 2431 763 2485 coelestibus
796 2429 1078 2500 signiﬁcat
1106 2446 1239 2483 eum
1287 2429 1591 2499 imperare.

522 2520 680 2573 Vens.
748 2520 835 2572 lO.
903 2548 969 2557 -ο
1030 2518 1274 2573 Custodit
1346 2520 1621 2572 Dominus.
1678 2517 1866 2583 (Αυα.)
1927 2516 1984 2570 Si
2013 2532 2145 2569 cum

447 2607 684 2677 cceperis
718 2607 902 2660 odisse
931 2605 1269 2675 malignum,
1324 2606 1751 2674 subsequantur
1796 2604 2144 2672 persecutio-

447 2714 571 2765 nes,
604 2713 675 2749 ne
713 2696 933 2760 timeas,
960 2695 1095 2764 quia
1154 2693 1406 2746 custodit
1456 2692 1732 2746 Dominus
1765 2690 1986 2744 animas
2015 2707 2148 2744 san—

452 2791 673 2839 ctorum
697 2799 953 2847 suorum,
990 2784 1057 2836 de
1091 2782 1300 2852 quibus
1340 2780 1609 2835 tollendis
1636 2785 1721 2834 est
1750 2779 2017 2833 ultimum
2047 2794 2145 2850 ge-

448 2890 557 2927 nus
589 2871 997 2942 persecutionis
1012 2912 1024 2925 .

1093 2958 1403 3013 PSALMUS
1428 2957 1631 3012 XCVII.

520 3050 765 3103 Psatmus
795 3049 984 3102 David.
1018 3048 1225 3115 (CASS.)
1253 3047 1475 3100 Tertius
1508 3047 1762 3116 psalmus
1815 3060 2016 3099 eorum
2046 3043 2146 3114 qui

446 3137 514 3190 de
561 3142 808 3206 utroque
840 3137 1079 3189 adventu
1115 3140 1327 3205 agunt:
1372 3135 1430 3187 in
1472 3135 1679 3205 quibus
1709 3138 1795 3187 est
1826 3150 1994 3186 causa
2025 3131 2146 3202 spei

445 3242 551 3294 per
591 3225 1039 3278 misericordiam
1087 3223 1261 3292 primi
1323 3223 1614 3289 adventus,
1675 3226 1731 3274 et
1785 3218 2007 3274 timoris
2046 3235 2148 3289 per

472 3313 727 3367 udicium
761 3312 1027 3365 secundi:
1080 3312 1220 3373 haec,
1277 3311 1385 3364 etsi
1429 3327 1579 3380 stepe
1626 3311 1922 3375 iterentur,
1956 3314 2149 3361 tamen

448 3418 680 3471 semper
736 3416 882 3453 nova
933 3416 1031 3470 pro
1074 3401 1377 3454 verborum
1436 3404 1493 3453 et
1549 3398 1962 3453 sententiarum
1995 3398 2149 3450 varia

449 3489 855 3559 descriptione.

527 3579 684 3630 Vens.
734 3581 777 3630 l.
812 3607 878 3614 —
921 3578 1145 3630 Cantate
1180 3578 1423 3630 Domino.
1479 3575 1689 3645 (CASS.)
1737 3574 1929 3628 Primo
1960 3574 2041 3627 ait
2079 3572 2149 3627 de

449 3666 785 3719 ostensione
812 3666 1120 3718 salvatricis
1147 3665 1418 3718 dexteras.

524 3756 789 3810 Satvavit.
844 3757 1033 3819 (.tuo.)
1087 3755 1263 3823 Majus
1312 3759 1398 3807 est
1444 3752 1599 3823 quod
1652 3756 1837 3805 totum
1889 3751 2151 3805 orbema

453 3850 638 3896 morte
671 3849 884 3896 interna
927 3843 1124 3909 erexit,
1158 3859 1330 3912 quam
1390 3841 1544 3912 quod
1603 3848 1859 3894 mortuos
1911 3841 2149 3893 suscita-

454 3931 566 3985 vit:
612 3931 745 3985 Sibi.
776 3931 931 3984 Multi
964 3932 1255 3983 salvantur
1304 3930 1697 3999 corporaliter,
1750 3929 1845 3981 sed
1874 3928 1999 3995 sibi,
2032 3943 2149 3981 non

451 4020 540 4073 ei:
578 4020 677 4090 qui
710 4025 939 4089 accepta
967 4018 1249 4087 corporali
1276 4019 1514 4071 sanitate
1546 4017 1864 4079 lasciviunt,
1924 4016 2023 4070 sed
2049 4014 2150 4086 qui

451 4125 554 4179 per
583 4109 759 4161 Iidem
794 4110 946 4160 intus
975 4113 1266 4169 sanantur,
1302 4108 1666 4173 eisauautur,
1700 4107 1787 4159 vel
1819 4123 1877 4159 se
1907 4105 2145 4159 salvaut.

523 4197 677 4249 Vens.
726 4198 777 4248 2.
840 4226 907 4233 —
965 4196 1281 4249 Salutare...
1317 4197 1616 4263 justitiam.
1674 4195 1860 4262 (Αυα.)
1898 4193 2004 4257 Qui
2033 4193 2145 4245 sal-

452 4291 546 4337 vat
575 4284 939 4353 etjustilicat.
974 4284 1266 4338 Revelavit.
1303 4284 1513 4336 Futura
1543 4283 1647 4336 sub
1688 4282 1967 4335 velamine
1998 4296 2146 4350 prm-

452 4374 721 4428 dixerunt
767 4372 1098 4442 prophetia:
1135 4372 1230 4425 sed
1291 4372 1546 4425 velamen
1601 4371 1851 4424 ablatum
1880 4374 1984 4435 est,
2015 4385 2148 4422 cum

451 4466 656 4516 veritas
688 4460 752 4513 de
776 4465 922 4514 terra
950 4464 1072 4513 orta
1100 4463 1197 4513 est.

524 4533 691 4602 Vm.
725 4549 780 4601 3.
821 4577 890 4586 —
921 4547 1307 4600 Misericordiae
1336 4551 1385 4600 et
1413 4547 1687 4601 veritatis.
1753 4542 1947 4616 (Auo.)
1976 4545 2146 4597 Mise—

448 4636 703 4691 ricordiae
732 4642 817 4689 est
844 4652 957 4706 quo
988 4635 1273 4706 promisit,
1306 4635 1453 4688 hanc
1466 4634 1723 4705 sequitur
1750 4634 1972 4698 veritas,
2015 4631 2151 4702 quia

448 4725 715 4780 reddidit.
746 4724 852 4779 Sed
883 4725 975 4777 cui
998 4726 1026 4778 ?
1054 4724 1266 4789 lsraeli,
1295 4723 1352 4777 Id
1378 4729 1481 4789 est,
1527 4721 1627 4793 qui
1649 4720 1820 4775 modo
1843 4736 1947 4791 per
1975 4720 2149 4774 ﬁdem

451 4814 602 4869 videt
630 4813 947 4877 veritatem,
977 4817 1105 4881 post
1132 4827 1236 4881 per
1266 4810 1538 4880 speciem.
2124 4810 2129 4813 ’

522 4903 685 4955 Vsus.
723 4905 777 4955 4.
813 4931 881 4939 -
937 4901 1146 4955 Omnes.
1182 4900 1308 4971 (10.)
1335 4900 1477 4963 Quia
1502 4915 1618 4953 non
1648 4896 1990 4969 quibusdam
2020 4901 2150 4950 tan-

451 4996 571 5045 tum
607 4990 772 5045 datus
801 4995 885 5043 est
902 4988 1182 5043 Christus.

523 5079 695 5132 Vens.
730 5081 782 5131 5.
817 5106 884 5118 —
908 5077 1164 5130 Jubilate.
1225 5078 1425 5145 (Cass)
1484 5075 1746 5130 Secundo
1801 5075 1939 5129 dicit
1967 5074 2149 5129 omni-

444 5168 553 5221 bus
597 5165 782 5220 modis
811 5165 1163 5219 laudandum
1193 5181 1314 5219 esse
1360 5170 1416 5218 et
1467 5163 1954 5233 aununtiandum,
2011 5162 2146 5234 quia

451 5254 606 5308 venit
628 5254 822 5324 judex.

520 5342 687 5396 Vaas.
729 5343 779 5395 6.
812 5371 881 5381 —-
938 5341 1164 5395 intubis
1219 5340 1515 5395 ductitibus
1572 5344 1625 5395 et
1679 5354 1800 5393 voce
1858 5339 1996 5393 tubae
2026 5355 2143 5393 cor-

446 5444 577 5482 nez.
612 5429 799 5500 (Auo.)
830 5429 1009 5493 Aeris,
1043 5444 1173 5500 quae
1233 5429 1523 5482 tundendo
1556 5427 1973 5498 producuntur,
2010 5431 2141 5491 etc.,

445 5531 615 5585 usque
650 5516 726 5570 ad
771 5522 837 5570 ut
891 5532 1072 5571 cornu
1124 5518 1284 5571 carni
1334 5518 1532 5584 haeret,
1582 5521 1637 5570 et
1705 5531 1833 5571 eam
1884 5521 2138 5587 supcrat.

2237 841 2380 895 tulit.

2305 929 2467 982 Vens.
2527 932 2580 982 ’7.
2632 934 2710 966 ‘—
2769 928 3065 982 Moveatur.
3142 927 3267 996 (10.)
3324 925 3381 980 ld
3458 930 3561 992 est,
3612 925 3919 979 indulcetur

2236 1032 2393 1071 mare
2421 1016 2582 1088 legis,
2649 1016 2804 1087 ligno
2859 1016 3041 1070 crucis
3095 1016 3157 1069 in
3187 1032 3253 1069 eo
3298 1015 3503 1086 posito.
3553 1017 3626 1069 Et
3652 1013 3920 1083 plenitudo

2236 1108 2371 1176 ejus.
2439 1105 2709 1160 Universa
2768 1104 2911 1175 legis
2973 1108 3348 1167 sacramenta,
3433 1107 3567 1172 etc.,
3646 1117 3812 1170 usque
3857 1101 3922 1154 ad

2239 1195 2335 1249 sed
2392 1195 2639 1262 ﬂumina,
2684 1197 2791 1247 etc.
2838 1195 3077 1247 Terram.
3165 1192 3364 1263 (Cass.)
3420 1192 3482 1246 Id
3556 1196 3663 1257 est,
3704 1205 3919 1244 omnem

2238 1289 2614 1357 peccatorem.

2310 1374 2491 1427 Vans.
2550 1375 2601 1427 9.
2654 1399 2723 1414 -
2803 1370 2993 1426 Orbem
3047 1374 3338 1424 terrarum.
3401 1369 3611 1423 Omnes
3660 1372 3921 1422 terrenos.

2241 1463 2306 1515 In
2326 1460 2572 1529 justitia.
2608 1458 2812 1528 (AUG.)
2870 1457 3013 1522 Quia
3065 1473 3185 1511 non
3235 1462 3570 1511 meruerunt
3625 1455 3928 1510 misericor-

2244 1549 2418 1604 diam.
2460 1548 2711 1616 Populos.
2772 1545 2971 1615 (Cass)
3021 1545 3237 1600 Fideles
3287 1545 3356 1600 de
3414 1545 3624 1600 Iudaeis
3672 1549 3731 1598 et
3761 1543 3929 1616 genti-

2246 1638 2371 1704 bus,
2394 1636 2495 1708 qui
2522 1637 2749 1707 capient
2779 1651 2942 1706 aequa
2975 1634 3214 1688 meritis.

2846 1776 3154 1832 PSALMUS
3185 1777 3417 1833 XCVIII.

2315 1903 2474 1956 Vens.
2525 1904 2574 1955 t.
2630 1928 2702 1941 —
2768 1902 3014 1955 Psalmus
3080 1900 3280 1955 David.
3368 1900 3560 1970 (Αυα.)
3657 1902 3933 1973 Propheta

2246 1990 2516 2045 describit
2598 1989 2883 2044 Christum
2961 2005 3159 2059 regem
3264 1990 3415 2043 bona
3499 1989 3757 2055 dantem,
3812 1995 3928 2050 etc.,

2246 2095 2416 2148 usque
2470 2078 2545 2132 ad
2601 2078 2698 2132 sed
2755 2079 3014 2131 velamen
3060 2078 3313 2131 ablatum
3370 2082 3473 2143 est,
3557 2093 3691 2131 cum
3746 2080 3930 2130 veritas

2248 2168 2313 2221 de
2343 2174 2488 2221 terra
2538 2171 2658 2221 orta
2683 2171 2781 2230 est,
2814 2171 2863 2219 et
2887 2166 3110 2236 iustitia
3163 2166 3229 2219 de
3278 2167 3402 2220 caelo
3446 2168 3737 2236 prospexit
3780 2166 3925 2230 (Psal.

2249 2258 2472 2323 xum).
2580 2255 2845 2308 Dominus
2917 2257 3169 2322 regnavit
3229 2254 3433 2322 (Cass)
3523 2256 3600 2308 De
3693 2254 3924 2325 potentia

2252 2349 2305 2397 et
2339 2359 2515 2413 regno
2548 2342 2773 2409 Christi,
2820 2347 2885 2395 ut
2939 2342 2999 2395 in
3056 2341 3289 2395 homine
3348 2342 3636 2396 adoretur.
3696 2340 3927 2396 Ostendit

2254 2432 2541 2487 Christum
2572 2436 2929 2500 regnantem,
2955 2434 3011 2483 et
3054 2431 3405 2501 (quicunque
3437 2436 3746 2500 repugnet)
3776 2431 3927 2483 altum

2254 2536 2427 2591 super
2441 2535 2658 2585 omnes,
2688 2519 2841 2573 unde
2868 2519 2920 2571 ei
2944 2519 3143 2572 cedere
3166 2525 3379 2572 mouet.
3398 2520 3721 2574 Irascuntur
3745 2518 3928 2589 populi.

2257 2608 2458 2679 (εἴλεε.)
2486 2607 2704 2662 lrrisio.
2750 2608 2955 2661 Secure
2986 2607 3221 2661 concedi
3264 2612 3469 2678 potest,
3522 2613 3587 2661 ut
3615 2607 3934 2669 irascantur,

2258 2698 2397 2767 quia
2426 2711 2546 2748 non
2571 2699 2705 2748 sunt
2732 2696 2881 2747 ultra
2911 2694 3157 2748 nocituri
3183 2710 3195 2747 :
3230 2694 3617 2764 permittendo
3653 2695 3813 2761 dicit,
3839 2707 3942 2746 non

2258 2784 2617 2856 imperando.
2679 2783 2837 2838 Sedet
2879 2798 3045 2852 super
3074 2784 3366 2838 cherubim.
3407 2785 3537 2851 (10.)
3586 2786 3798 2839 Contra
3825 2797 3945 2837 eum

2258 2874 2403 2927 nihil
2433 2876 2616 2944 potest
2635 2876 2809 2937 terra,
2854 2871 2960 2925 etsi
3008 2872 3121 2943 ipsi
3168 2872 3279 2927 fuit
3323 2873 3382 2927 in
3436 2878 3589 2927 terra
3636 2874 3737 2928 ubi
3764 2890 3952 2945 passus
4038 2872 4039 2879 “

2187 2963 2228 3018 C
2258 2968 2340 3017 est
2361 2963 2506 3016 iram
2560 2960 2776 3031 populi.
2812 2959 3116 3017 Cherubim.
3180 2963 3386 3032 (Auc.)
3450 2963 3741 3017 Plenitudo
3795 2966 3951 3018 scien-

2256 3054 2344 3106 tiae
2370 3050 2793 3120 interpretatur,
2822 3064 2950 3119 qua:
2993 3053 3076 3102 est
3106 3049 3369 3104 charitas.
3434 3050 3743 3105 Plenitudo
3772 3052 3947 3105 scien-

2253 3140 2346 3194 tia!
2380 3139 2542 3209 legis,
2601 3153 2729 3208 quae
2762 3141 2847 3190 est
2902 3138 3062 3191 sedes
3094 3138 3214 3203 Dei,
3249 3139 3357 3192 erit
3385 3144 3444 3191 et
3473 3138 3533 3191 in
3576 3144 3651 3206 te,
3688 3140 3737 3192 si
3769 3140 3946 3193 chari-

2257 3233 2430 3282 tatem
2483 3226 2769 3288 habueris,
2824 3231 3023 3279 contra
3086 3243 3261 3298 quam
3306 3227 3455 3281 nihil
3506 3233 3752 3297 possunt
3807 3228 3948 3281 irati.

2259 3316 2402 3381 Quid
2434 3316 2588 3369 enim
2620 3321 2773 3368 terra
2805 3316 3015 3369 caelum
3039 3314 3065 3368 ?

2326 3407 2496 3458 Vsus.
2532 3406 2585 3457 2.
2618 3431 2687 3442 —
2737 3405 2996 3457 Dominus
3041 3405 3098 3455 in
3144 3403 3292 3458 Sion.
3327 3404 3452 3470 (11).)
3490 3402 3549 3457 Si
3597 3419 3711 3456 non
3749 3403 3949 3456 intelli-

2256 3492 2343 3563 gis
2372 3491 2507 3562 quid
2549 3496 2632 3545 est
2658 3506 2820 3560 super
2858 3491 3171 3555 Cherubim,
3231 3492 3339 3545 hoc
3392 3490 3537 3556 vide,
3572 3491 3708 3561 quia
3741 3494 3803 3545 in
3832 3492 3952 3545 Sion

2254 3595 2503 3648 magnus.
2552 3580 2689 3633 Sion
2722 3584 2805 3632 est
2856 3578 3048 3632 anima
3097 3595 3226 3649 qua:-
3289 3580 3467 3632 Deum
3518 3580 3871 3650 speculatur.
3900 3581 3950 3633 In

2255 3669 2390 3724 Sion
2441 3683 2689 3737 magnus.
2744 3668 2945 3739 (Cass)
3000 3667 3133 3731 Quis
3182 3668 3486 3736 Dominus,
3563 3670 3852 3738 exponit:
3911 3670 3953 3721 In

2255 3758 2389 3811 Sion
2445 3762 2631 3811 natus.
2657 3758 2908 3824 Magnus,
2967 3773 3037 3810 ne
3094 3772 3196 3827 pro
3255 3755 3519 3827 passione
3551 3755 3809 3811 vilescat.
3867 3756 3949 3808 Vel
4034 3810 4035 3815 η

2258 3850 2451 3899 tamen
2482 3844 2759 3899 Dominus
2788 3860 3030 3914 magnus
3054 3844 3114 3898 in
3143 3844 3279 3899 Sion
3307 3845 3660 3911 Iudaeorum,
3692 3849 3757 3900 et
3792 3859 3951 3917 super

2257 3934 2503 4004 populos
2533 3934 2813 4003 gentium.

2331 4023 2497 4076 Vens.
2537 4024 2585 4074 3.
2616 4051 2685 4060 —
2727 4023 2943 4087 Magno.
3004 4020 3190 4089 (Αυα.)
3249 4022 3494 4074 Parvum
3551 4025 3676 4074 erat
3722 4022 3947 4093 quando

2258 4109 2669 4175 irascebantur,
2712 4109 2769 4163 id
2814 4116 2918 4174 est,
2943 4109 3135 4179 paucis
3183 4109 3561 4174 ditfamatum,
3610 4109 3712 4163 sed
3759 4111 3879 4180 jam
3900 4110 3949 4162 in

2259 4199 2419 4253 omni
2449 4205 2599 4251 terra
2637 4197 2956 4251 dilatatum.
2996 4197 3270 4251 Terribile.
3333 4197 3461 4267 (11).)
3514 4196 3660 4262 Quia
3689 4199 3808 4252 etsi
3835 4214 3948 4252 cru-

2258 4286 2456 4340 ciﬁxus
2502 4284 2866 4354 prmdicatur,
2915 4285 3089 4355 judex
3134 4290 3428 4352 venturus,
3487 4291 3544 4339 et
3593 4302 3714 4340 non
3751 4287 3949 4341 errabit

2260 4372 2573 4443 injudicio.
2598 4375 2668 4427 Et
2690 4374 2863 4426 honor
2898 4375 3061 4438 regis.
3119 4372 3333 4442 (CASS.)
3394 4374 3635 4443 Exponit
3666 4374 3946 4444 quomodo

2258 4462 2470 4515 debent
2499 4461 2777 4515 confiteri.
2831 4462 3012 4515 Honor
3066 4463 3230 4529 regis,
3290 4466 3347 4515 et
3384 4462 3637 4532 gloriosa
3676 4463 3944 4533 praedica-

2254 4548 2652 4618 tio,judicium
2709 4547 3109 4602 discretionem
3173 4548 3381 4619 exigit;
3417 4565 3535 4602 non
3593 4549 3706 4604 levi
3763 4552 3948 4605 volun-

2255 4641 2368 4691 tate
2408 4637 2678 4691 colendus
2725 4641 2830 4703 est,
2883 4637 2981 4691 sed
3033 4636 3148 4691 ﬁxa
3200 4637 3635 4703 deliberatione,
3686 4640 3844 4709 quod
3888 4637 3945 4690 ab

2254 4725 2379 4795 ipso
2412 4730 2532 4790 est;
2573 4725 2723 4779 unde
2773 4725 3003 4779 subdit:
3068 4728 3146 4779 Tu
3203 4728 3422 4795 parasti
3478 4726 3832 4783 directiones.
3864 4727 3943 4779 Vel

2255 4814 2422 4867 honor
2449 4816 2593 4880 regis
2622 4818 2705 4869 est
2733 4813 3024 4868 damnatio
3072 4813 3423 4882 nocentium,
3454 4815 3608 4870 unde
3640 4819 3802 4889 regis
3830 4817 3943 4887 glo-

2255 4903 2341 4956 ria
2370 4909 2634 4973 augetur.

2327 4992 2498 5047 Vnus.
2532 4992 2684 5045 4.-
2742 4992 2809 5045 [η
2836 4990 3017 5045 Iacob.
3083 4991 3265 5061 (Auo.)
3317 4992 3436 5045 Non
3486 4991 3677 5046 solum
3710 4994 3940 5064 patriar-

2255 5076 2378 5144 cha,
2413 5079 2507 5132 sed
2560 5080 2796 5149 populo,
2857 5096 3028 5150 quem
3086 5080 3395 5150 signiﬁcat.
3446 5083 3529 5134 Tu
3557 5083 3766 5145 fecisti.
3806 5083 3939 5135 Her.

2255 5182 2383 5236 quae
2413 5166 2557 5219 alius
2596 5183 2712 5221 non
2726 5174 2939 5237 posset.

2324 5255 2493 5308 Vens.
2523 5259 2669 5309 5.-
2694 5256 2976 5311 Exaltate.
3007 5257 3217 5327 (Cass)
3274 5257 3531 5313 Secunda
3587 5274 3723 5329 pars
3758 5261 3935 5314 monet

2253 5342 2490 5397 adorare
2521 5358 2677 5411 eum,
2710 5343 2846 5413 quia
2878 5350 3068 5414 patres
3116 5344 3239 5413 ejus
3296 5346 3541 5411 fuerunt.
3578 5344 3776 5413 Quasi,
3818 5345 3930 5417 quia

2254 5431 2375 5485 haec
2400 5431 2535 5485 facit
2564 5431 2750 5500 nobis,
2780 5447 2916 5502 ergo
2957 5433 3235 5503 Egraltate.

2324 5518 2641 5573 Scabettum.
2701 5516 2899 5589 (Aue.)
2933 5519 3100 5574 Terra
3136 5518 3427 5576 scabeuum
3450 5521 3657 5593 pedum
3706 5525 3829 5592 ejus
3854 5520 3930 5575 di-
