4020 6184
157 337 300 388 1009

147 547 374 602 bellum
426 549 640 604 adorat.
688 550 909 604 Pedum.
963 550 1166 621 (Cass)
1216 552 1400 616 Pedes,
1431 553 1711 607 indefecta
1740 559 1860 606 sta—

149 637 348 690 bilitas
393 637 640 692 deitatis.
701 641 976 694 Sanctum.
1053 641 1122 694 Ut
1196 639 1483 694 discernes
1561 659 1767 711 corpus
1829 659 1856 694 a

149 725 391 792 deitate,
423 726 528 779 etsi
558 741 675 779 una
707 743 970 796 persona.

221 815 396 868 Vens.
445 817 498 868 6.
549 845 618 854 -
662 816 890 881 Moyses.
933 814 1136 882 (Cass)
1161 816 1453 882 Sacerdos,
1499 816 1634 887 quia
1667 817 1711 870 si
1743 833 1855 870 non

145 901 395 967 hostias,
422 902 620 972 populi
643 909 772 955 vota
787 904 1010 970 obtulit,
1037 909 1093 957 et
1119 921 1222 974 pro
1245 907 1461 976 populo
1492 907 1851 976 supplicavit.

221 991 396 1044 Vens.
445 996 497 1043 7.
563 1021 630 1028 —
678 993 953 1047 Columna.
999 993 1204 1063 (Cass)
1241 995 1534 1048 Fortitudo
1585 1002 1642 1048 et
1689 995 1858 1048 decor

145 1079 382 1133 domus.
419 1081 482 1132 In
509 1079 614 1132 hac
643 1081 829 1150 specie
859 1082 1215 1151 loquebatur,
1251 1099 1380 1152 quae
1410 1084 1712 1137 nuntiabat
1749 1084 1857 1136 Ec—

145 1168 412 1233 clesiam,
453 1169 538 1220 vel
570 1184 822 1234 carnem,
857 1170 950 1222 sed
983 1175 1118 1222 tunc
1149 1171 1204 1224 in
1253 1173 1420 1234 nube,
1461 1173 1628 1224 modo
1661 1178 1855 1239 aperte

141 1271 255 1326 per
279 1257 529 1309 Filium:
587 1257 758 1311 Nabis
817 1259 1132 1327 loquebatur
1187 1261 1261 1312 ad
1306 1276 1408 1314 eos.
1465 1261 1597 1330 (lo.)
1629 1262 1709 1314 Ad
1759 1277 1856 1314 cos

145 1360 293 1413 ergo
351 1349 490 1398 tunc
531 1345 592 1397 in
633 1345 806 1412 nube,
860 1347 959 1416 qui
1004 1349 1120 1416 jam
1169 1349 1332 1402 nobis
1363 1349 1618 1418 loquitur
1649 1351 1704 1403 in
1736 1368 1852 1403 sca-

142 1431 327 1496 bello,
387 1433 442 1486 id
503 1437 606 1498 est,
659 1433 718 1487 in
750 1451 918 1487 carne
949 1442 1238 1506 assumpta
1279 1444 1490 1508 aperte.
1531 1441 1856 1492 Testimonia

141 1523 271 1591 ejus
304 1527 354 1575 et
369 1527 658 1592 pracepta.
685 1523 810 1592 (10.)
839 1525 1254 1578 Testimonium
1287 1531 1371 1578 est
1397 1542 1500 1595 per
1557 1527 1718 1595 signa
1749 1527 1854 1580 ali-

139 1625 267 1679 qua
316 1609 688 1679 pracedentis
738 1611 823 1664 rei
855 1612 1038 1680 posita
1093 1613 1430 1682 significatio
1473 1631 1485 1666 :
1522 1615 1672 1667 unde
1704 1631 1853 1684 saepe

135 1697 206 1750 in
239 1697 366 1765 lege
399 1697 644 1751 dicitur:
677 1701 786 1752 Hoc
843 1702 948 1754 erit
976 1701 1124 1755 vobis
1179 1705 1236 1754 in
1272 1705 1655 1756 testimonium.
1703 1705 1850 1757 Prae-

135 1790 312 1855 cepta
345 1791 478 1838 sunt
505 1787 650 1839 sicut
673 1793 957 1858 praecepta
989 1789 1131 1858 legis
1161 1806 1263 1860 per
1293 1792 1521 1861 Moysen
1556 1791 1706 1845 data.

219 1874 392 1928 Vens.
423 1878 474 1929 8.
503 1905 572 1912 —
601 1877 890 1944 Propitius
916 1879 1080 1942 fuisti
1128 1882 1221 1932 eis.
1258 1883 1443 1945 (Ana)
1479 1881 1604 1933 Non
1641 1879 1852 1934 dicitur

135 1961 258 2014 nisi
293 1961 556 2030 peccatis,
591 1963 874 2031 propitius
929 1964 1296 2033 ignoscendo,
1341 1967 1622 2037 propitius
1655 1973 1712 2020 et
1761 1969 1847 2021 ul-

137 2049 432 2112 ciscendo,
469 2065 593 2103 ecce
625 2051 729 2104 etsi
751 2051 894 2105 tanti
918 2057 1105 2106 essent
1135 2053 1250 2122 isti,
1281 2055 1497 2126 aliquid
1529 2068 1720 2108 tamen
1751 2057 1848 2109 ha-

135 2135 364 2189 bebant
399 2138 644 2206 peccati;
681 2139 828 2192 unde
858 2140 1033 2205 addit,
1095 2144 1154 2194 in
1193 2157 1370 2196 omnes
1416 2143 1843 2199 adinventiones.

221 2226 505 2278 Ulciscens.
573 2227 649 2280 Ne
703 2227 956 2281 humana
1014 2230 1184 2283 elatio
1237 2231 1596 2300 subriperet;
1652 2233 1840 2286 unde:

135 2313 328 2364 Datus
367 2317 451 2365 est
481 2311 622 2366 mihi
667 2313 932 2368 stimulus
981 2317 1167 2369 carnis
1213 2334 1354 2372 meas
1411 2321 1505 2390 (II
1556 2321 1672 2375 Cor.
1731 2323 1842 2390 xu).

135 2401 589 2456 Adinventiones.
649 2403 802 2456 Alias
851 2404 1178 2458 affectiones
1234 2409 1418 2474 (Ana)
1473 2408 1621 2470 Quas
1691 2410 1846 2462 solus

139 2490 301 2541 Deus
357 2493 589 2542 noverat
644 2489 706 2542 in
753 2491 1019 2545 cordibus
1051 2509 1277 2558 eorum;
1334 2495 1486 2548 unde
1541 2511 1710 2564 pcena
1766 2497 1847 2549 eis

135 2575 264 2646 pati
305 2591 399 2629 eos
461 2593 590 2630 cum
651 2577 858 2648 quibus
913 2585 1094 2646 erant,
1137 2598 1240 2651 pro
1296 2598 1540 2652 quorum
1607 2584 1846 2652 peccatis

141 2663 314 2734 quasi
345 2665 462 2719 suis
504 2667 772 2720 dolebant
811 2683 914 2737 per
961 2669 1316 2723 charitatem.
1353 2671 1476 2724 Non
1508 2672 1656 2724 enim
1719 2673 1842 2737 fuit,

151 2757 266 2807 uta
297 2753 586 2822 plerisque
633 2760 889 2824 putatur,
939 2757 1114 2828 Moysi
1153 2774 1324 2827 poena
1369 2775 1488 2812 non
1541 2760 1754 2813 intrare
1785 2759 1843 2814 in

149 2846 360 2894 terram
385 2841 783 2911 promissionis
813 2843 870 2896 in
903 2861 1076 2914 quam
1117 2851 1173 2899 et
1215 2847 1408 2900 miseri
1439 2848 1802 2901 intraverunt
1828 2869 1842 2914 ;

144 2932 242 2984 sed
298 2930 502 3001 ﬁgura,
551 2933 704 3002 quod
751 2933 850 3003 qui
890 2935 994 2987 sub
1017 2935 1140 3004 lege
1171 2940 1377 3002 essent,
1425 2942 1478 2989 et
1510 2937 1614 2991 sub
1661 2938 1844 3008 gratia

144 3035 270 3072 esse
299 3020 534 3086 nollent,
569 3036 686 3074 non
715 3021 994 3076 intrarent
1024 3023 1080 3077 in
1107 3023 1383 3094 requiem.

741 3165 954 3220 PSALM
963 3167 1042 3221 US
1069 3167 1242 3223 XCIX.

213 3287 398 3341 Vens.
427 3291 475 3341 t.
519 3318 584 3327 —
632 3289 877 3342 Psalmus
905 3291 964 3342 in
995 3291 1338 3356 confessione.
1390 3291 1680 3344 Confessio
1737 3307 1842 3362 ge—

143 3375 305 3429 mina
337 3379 454 3442 est;
495 3393 610 3429 una
642 3383 726 3429 est
783 3377 984 3442 laudis,
1051 3379 1228 3432 altera
1278 3385 1662 3449 peccatorum.
1701 3381 1840 3434 Con-

141 3464 316 3517 fessio
371 3465 554 3518 laudis
610 3465 874 3519 convenit
931 3466 1214 3536 perfectis,
1249 3468 1525 3522 confessio
1561 3473 1841 3538 peccato-

141 3567 270 3604 rum
323 3551 780 3622 inicipientibus;
817 3554 968 3607 unde
1027 3555 1086 3607 in
1136 3555 1245 3608 hoc
1285 3557 1504 3624 psalmo
1557 3559 1840 3626 propheta

141 3645 339 3692 monet
389 3640 458 3693 ad
489 3640 921 3695 confessionem.
986 3643 1182 3712 (Cass)
1241 3645 1408 3696 Docet
1442 3645 1533 3698 hic
1562 3647 1838 3715 psalmus,

138 3731 194 3780 et
228 3727 407 3779 Deum
461 3727 808 3781 incessanter
867 3729 1121 3798 laudare,
1153 3732 1210 3782 et
1255 3735 1482 3800 peccata
1532 3737 1728 3784 nostra
1757 3733 1840 3784 in-

132 3821 424 3869 cessanter
460 3816 734 3886 plangere
766 3833 778 3870 2
816 3817 950 3887 quia
981 3833 1082 3870 nec
1127 3817 1187 3871 in
1217 3819 1381 3871 malis
1412 3823 1496 3871 est
1525 3819 1838 3888 desperan-

131 3905 298 3968 dum,
325 3920 429 3956 nec
457 3903 516 3957 in
549 3905 714 3957 bonis
739 3905 905 3958 debet
936 3905 1161 3959 animus
1193 3923 1310 3959 esse
1344 3908 1610 3959 elevatus.
1647 3907 1836 3960 Primo

135 3991 406 4061 perfectis
453 3991 812 4062 prmcipuum
867 4009 1048 4063 genus
1089 3993 1484 4062 confessionis,
1517 3995 1570 4048 id
1604 4000 1685 4048 est
1711 3997 1834 4049 lau—

133 4081 292 4144 dem,
323 4079 543 4134 indicit.

209 4168 478 4222 Jubilate.
523 4167 710 4236 (AUG.)
770 4167 826 4222 Si
865 4185 964 4222 vox
1018 4169 1228 4238 jubilat
1261 4169 1523 4232 exterius,
1557 4175 1686 4234 etc.,
1736 4186 1835 4224 us—

132 4272 240 4325 que
268 4256 344 4308 ad
374 4259 428 4308 et
463 4271 575 4325 quo
622 4256 822 4309 ordine
859 4261 916 4309 et
962 4273 1136 4327 quam
1169 4257 1406 4311 miriﬁce
1438 4259 1586 4312 fecit.
1651 4259 1834 4313 Omnis

130 4351 304 4398 terra.
339 4343 423 4397 Ad
455 4343 681 4397 laudem
717 4361 974 4399 monens.
1005 4347 1126 4399 Non
1152 4363 1332 4399 unum
1364 4349 1638 4416 angulum
1669 4353 1834 4402 terrae

127 4435 404 4488 hortatur
435 4432 534 4484 sed
591 4431 736 4485 sicut
771 4433 983 4503 ubique
1009 4435 1166 4487 novit
1195 4435 1532 4488 seminatam
1601 4437 1832 4489 benedi-

129 4521 412 4584 ctionem,
461 4519 540 4573 ita
585 4520 840 4590 undique
871 4522 1047 4592 exigit
1070 4521 1494 4592 jubilationem.
1523 4524 1734 4577 Servite
1781 4526 1837 4576 in

125 4611 352 4664 laetitia.
389 4607 576 4677 (Acc.)
633 4609 760 4662 Hec
818 4611 1059 4663 servitus
1117 4627 1233 4663 non
1277 4615 1362 4662 est
1407 4611 1828 4671 amaritudinis,

129 4713 240 4750 nec
291 4695 731 4764 indignationis,
787 4698 882 4752 sed
928 4697 1213 4752 felicitatis
1245 4703 1312 4764 et
1363 4697 1664 4752 libertatis.
1699 4699 1836 4754 Ser-

125 4799 272 4838 vum
303 4798 442 4853 ergo
499 4789 554 4837 te
609 4784 774 4838 faciat
815 4787 1078 4848 charitas,
1132 4785 1268 4856 quia
1325 4786 1570 4840 liberum
1621 4793 1675 4840 te
1706 4788 1838 4841 fecit

127 4871 368 4926 veritas.
415 4872 572 4925 Unde
622 4873 940 4926 Dominus:
973 4875 1034 4930 Si
1078 4877 1389 4928 manseritis
1435 4879 1492 4927 in
1521 4875 1679 4930 verbo
1703 4891 1834 4944 meo,

122 4976 256 5016 vere
305 4959 564 5028 discipuli
615 4963 720 5014 mei
766 4965 918 5015 eritis
952 4979 964 5016 :
1012 4967 1062 5016 et
1089 4965 1408 5028 cognoscetis
1455 4965 1756 5028 veritatem,
1787 4969 1838 5018 et

119 5053 338 5106 veritas
367 5064 458 5102 vos
488 5049 738 5102 liberabit
769 5049 948 5116 (Joan.
985 5055 1124 5114 nu).

201 5139 270 5190 In
326 5136 538 5189 laetitia.
581 5137 724 5200 Quia
780 5137 1040 5204 liberati;
1091 5155 1204 5191 non
1265 5143 1711 5204 murmurantes,
1775 5143 1837 5192 ut

109 5226 180 5281 in
219 5225 488 5278 deserto:
526 5228 676 5278 unde
707 5227 1017 5295 prmmium
1049 5227 1261 5280 subdit.

196 5313 372 5366 Vens.
427 5315 480 5365 2.
515 5343 566 5351 —-
628 5315 852 5368 Introite
881 5317 937 5368 in
968 5321 1267 5384 conspectu.
1329 5317 1593 5386 Magnum
1651 5320 1733 5368 est
1773 5315 1833 5369 in

113 5406 446 5470 conspectu
493 5403 634 5455 tanti
701 5403 968 5471 gaudere.
1021 5406 1263 5458 Intro-ite.
1327 5405 1524 5474 (Cass.)
1577 5405 1832 5458 Secundo

113 5489 436 5547 intraturis
478 5490 786 5545 secundum
840 5507 1022 5561 genus
1067 5492 1466 5556 confessionis;
1511 5508 1612 5545 nec
1666 5491 1832 5545 dubi-

115 5585 310 5644 tetur,
348 5578 486 5648 quia
515 5578 907 5634 misericordia
938 5585 1022 5634 est
1048 5581 1120 5635 ei.

1289 338 1544 394 GLOSSA
1583 337 1985 395 ORDINARIA.
2027 372 2094 382 —
2135 344 2260 399 LIB.
2305 345 2540 400 PSALM.

150 462 232 515 cit
277 461 590 532 Scriptura,
651 467 780 530 etc.,
823 479 992 532 usque
1038 465 1112 534 ad
1167 465 1228 516 in
1287 465 1447 536 cujus
1493 466 1712 519 honore
1745 483 1862 520 sca-
1893 467 1938 518 Α

3539 353 3674 406 1010

2653 468 2915 524 PSLMUS
2947 471 3004 524 C.

2039 557 2216 610 Vens.
2253 561 2298 610 l.
2335 587 2394 596 —
2451 559 2696 612 Psalmus
2743 562 2853 627 ipsi
2912 559 3118 612 David.
3153 559 3354 628 (Cass)
3409 561 3666 616 Psalmus

1967 645 2070 698 iste
2103 645 2353 698 continet
2390 645 2632 699 formam
2666 647 2929 715 perfectae
2961 647 3289 714 sanctitatis,
3343 653 3404 702 ut
3473 655 3662 703 cente-

1967 734 2144 786 simus
2179 751 2452 787 numerus
2483 735 2762 804 perfectus
2794 741 2896 788 cst.

2037 825 2152 892 Ipsi
2183 824 2378 877 David.
2419 825 2488 877 Ut
2539 829 2722 878 totum
2757 825 2905 894 quod
2949 823 3040 877 hic
3070 825 3326 894 docetur,
3357 825 3660 881 virtutibus

1967 911 2172 966 Christi
2200 913 2533 982 applicetur,
2567 913 2706 966 nihil
2771 919 2997 966 terreno
3037 913 3179 982 regi.
3243 913 3340 967 llic
3365 914 3660 974 docemur

1963 1001 2109 1054 bona
2137 1007 2428 1070 appetere,
2463 1001 2610 1054 mala
2641 1017 2905 1069 renuere,
2939 1017 3066 1070 qua:
3099 1007 3184 1054 est
3233 1001 3483 1070 perfecta
3522 1019 3655 1056 con-

1965 1089 2205 1142 versatio
2238 1090 2384 1142 vitae.

2032 1179 2473 1231 Misericordiam
2519 1183 2568 1232 et
2590 1178 2862 1246 judicium
2909 1179 3154 1231 cantabo.
3217 1178 3424 1249 (Cass)
3459 1180 3659 1234 Cantat

1963 1264 2056 1318 hic
2087 1267 2358 1330 Christus,
2392 1271 2447 1317 ct
2501 1283 2602 1318 nos
2659 1266 2712 1318 in
2769 1267 2888 1319 illo.
2949 1268 3111 1320 Prius
3145 1267 3212 1320 de
3269 1268 3658 1324 misericordia

1965 1357 2019 1406 et
2059 1353 2276 1422 judicio
2309 1353 2594 1423 proponit.
2657 1355 3084 1408 Miscricordiam
3150 1361 3200 1408 ct
3222 1357 3500 1424 judicium
3523 1374 3655 1411 can-

1966 1443 2106 1494 tabo.
2137 1443 2262 1494 HtBC
2283 1443 2393 1494 duo
2425 1448 2620 1494 mutua
2649 1442 3257 1512 societatejunguntur
3294 1461 3306 1497 :
3337 1445 3395 1497 in
3416 1445 3500 1497 his
3535 1446 3657 1498 bre-

1963 1529 2110 1582 viter
2140 1529 2332 1582 omnia
2366 1545 2535 1599 opera
2587 1529 2686 1582 Dei
2719 1529 2977 1584 includit.
3013 1531 3080 1583 Et
3108 1531 3199 1584 hic
3229 1537 3313 1585 est
3359 1534 3658 1602 praemissa

1963 1633 2133 1670 causa
2171 1634 2346 1687 quare
2379 1618 2455 1670 sic
2487 1633 2544 1670 se
2571 1617 2760 1682 habet,
2793 1618 2936 1671 sicut
2963 1625 3159 1688 postea
3201 1621 3412 1674 subdit.
3471 1624 3656 1688 (AUG.)

1966 1707 2143 1759 Nemo
2210 1707 2278 1759 de
2311 1706 2700 1758 misericordta
2757 1712 3070 1776 praesumat
3117 1708 3186 1760 ad
3221 1709 3648 1779 impunitatem,

1963 1795 2098 1865 quia
2130 1799 2212 1847 est
2241 1795 2292 1847 ei
2317 1795 2598 1863 judicium
2625 1815 2639 1860 ;
2662 1811 2831 1848 nemo
2865 1795 3198 1849 immutatus
3223 1797 3282 1850 in
3331 1798 3536 1850 melius
3557 1799 3679 1868 ju-'

1961 1883 2172 1938 dicium
2215 1883 2432 1946 timeat,
2466 1883 2600 1954 quia
2652 1884 2924 1954 praecedit
2976 1885 3383 1940 misericordia.
3418 1887 3656 1957 Semper

1958 1971 2079 2025 haec
2105 1971 2274 2024 simul
2313 1971 2373 2023 in
2402 1987 2470 2024 eo
2524 1977 2658 2024 sunt
2704 1991 2719 2024 :
2765 1973 2858 2025 sed
2911 1989 3014 2043 per
3043 1979 3303 2042 tempora
3342 1975 3652 2028 secundum

1959 2059 2188 2113 effectus
2227 2058 2683 2128 distinguuntur,
2737 2059 3128 2114 misericordia
3177 2079 3348 2126 nunc,
3370 2063 3654 2134 judicium

1957 2148 2017 2202 in
2058 2148 2268 2200 futuro.

2029 2236 2186 2288 Vens.
2234 2237 2288 2287 2.
2338 2263 2405 2273 —
2463 2235 2702 2287 Psallam
2752 2239 2802 2288 et
2855 2235 3180 2303 intelligam.
3224 2237 3344 2302 (11).)
3395 2238 3510 2290 Hoc
3563 2239 3658 2292 dat

1955 2322 2218 2391 psallere,
2267 2321 2663 2390 utintelligam
2697 2325 2906 2383 mente,
2940 2323 3092 2392 quod
3119 2323 3297 2376 oculis
3331 2339 3446 2376 non
3478 2329 3652 2394 patet,

1953 2407 2012 2462 id
2061 2415 2163 2474 est,
2243 2409 2470 2462 credam
2523 2409 2677 2479 quod
2743 2409 3018 2462 Dominus
3059 2411 3264 2476 veniet,
3317 2427 3492 2480 quem
3549 2412 3653 2464 iste

1957 2501 2188 2550 tantum
2241 2497 2546 2562 desiderat,
2627 2497 2722 2567 qui
2774 2498 2961 2550 veniet
3013 2499 3072 2551 in
3121 2498 3212 2550 via
3261 2499 3648 2552 immaculata.

1956 2584 2150 2654 (Cass)
2182 2586 2322 2649 Quia
2381 2586 2660 2638 mundum
2717 2585 2978 2639 transivit
3036 2585 3156 2639 sine
3224 2591 3487 2656 peccato;
3539 2588 3648 2654 vel,

1954 2689 2060 2742 ego
2100 2674 2333 2742 psallam
2368 2678 2424 2726 et
2479 2674 2818 2744 intelligam,
2866 2673 3112 2726 existens
3145 2674 3201 2726 in
3233 2675 3322 2726 via
3369 2674 3648 2728 immacu-

1953 2763 2085 2827 lata,
2144 2763 2394 2832 quando,
2458 2767 2562 2816 etc.
2597 2763 2710 2824 Vel,
2759 2763 3012 2830 psallam,
3064 2762 3322 2815 hilariter
3349 2764 3650 2832 operabor,

1953 2855 2009 2903 et
2037 2867 2138 2919 per
2187 2851 2293 2904 hoc
2344 2851 2684 2914 intelligam.
2729 2850 2953 2915 Quando
2999 2853 3177 2904 venies
3211 2850 3285 2904 ad
3325 2867 3422 2903 me.
3459 2852 3523 2903 ln
3553 2868 3644 2904 se-

1952 2939 2138 2993 cundo
2174 2939 2439 3004 adventu,
2485 2939 2572 2991 vel
2607 2939 2768 2991 obitu
2799 2939 3094 3008 cujusque.
3131 2939 3250 3004 Vel,
3300 2940 3518 3008 quando
3567 2957 3650 2994 ve-

1878 3029 1918 3084 C
1955 3028 2074 3081 nies
2113 3027 2186 3081 ad
2231 3044 2330 3092 me,
2379 3042 2482 3097 per
2512 3043 2738 3078 carnem
2789 3027 2848 3078 in
2877 3027 3065 3096 primo
3097 3027 3363 3095 adventu,
3397 3026 3532 3096 quia
3563 3027 3650 3080 in-

1953 3113 2043 3168 via
2110 3113 2496 3168 immaculata.
2577 3113 3041 3166 Perambulabam.
3105 3113 3312 3178 (Cass)
3366 3113 3648 3182 Secundo,

1955 3217 2082 3271 quae
2129 3201 2203 3254 sit
2256 3203 2346 3254 via
2399 3200 2766 3254 immaculata
2818 3201 3067 3271 exponit.
3132 3201 3312 3268 (AUG.)
3361 3201 3649 3254 Perambu-

1953 3289 2314 3352 labam.Quaa
2367 3295 2451 3342 est
2483 3289 2574 3342 via
2602 3287 3005 3341 immaculata?
3059 3289 3132 3341 Ea
3188 3289 3258 3340 ab
3315 3289 3644 3342 innocentia

1952 3377 2172 3447 incipit,
2235 3382 2291 3430 et
2337 3377 2396 3429 in
2449 3377 2546 3429 illa
2603 3381 3065 3442 consummatur;
3124 3381 3180 3428 et
3219 3392 3336 3428 non
3386 3381 3469 3429 est
3501 3393 3645 3446 opus

1952 3466 2145 3519 multis
2179 3466 2362 3519 verbis
2396 3482 2408 3518 :
2445 3467 2722 3519 Innocens
2754 3471 2897 3530 esto,
2930 3469 2986 3518 et
3022 3465 3308 3534 perfecisti
3337 3465 3640 3534 justitiam,

1949 3554 2056 3608 Sed
2089 3555 2312 3609 duobus
2339 3554 2519 3606 modis
2549 3557 2715 3607 nocet
2755 3555 2950 3618 homo,
3005 3553 3268 3606 videlicet
3296 3553 3340 3605 si
3375 3553 3506 3606 facit
3535 3553 3642 3606 mi-

1948 3649 2238 3708 serum,et
2270 3644 2316 3694 si
2367 3642 2577 3696 deserit
2623 3643 2918 3694 miserum.
2957 3643 3233 3694 Innocens
3286 3647 3370 3695 est
3413 3642 3512 3711 qui
3541 3659 3646 3695 nec

1949 3731 2054 3783 sibi
2115 3747 2219 3784 nec
2273 3730 2370 3783 alii
2432 3735 2618 3784 nocet.
2683 3729 2880 3799 (Cass)
2945 3729 3410 3782 Perambulabam.
3473 3729 3642 3792 Quasi

1947 3820 2095 3872 dicat
2139 3834 2154 3871 :
2200 3818 2546 3872 Transitoria
2587 3833 2700 3870 non
2757 3816 3014 3886 qumsivi,
3072 3817 3166 3869 sed
3216 3817 3438 3868 cucurri
3494 3818 3640 3870 viam

1947 3907 2170 3971 mundi,
2227 3907 2468 3958 existens
2523 3906 2580 3957 in
2627 3904 2813 3956 medio
2875 3905 3077 3956 domus
3111 3914 3242 3957 tum.
3311 3905 3642 3958 Innocentia

1945 3997 2054 4050 hoc
2082 3999 2289 4064 potest,
2327 3999 2386 4046 ut
2415 3993 2580 4046 faciat
2637 3991 2891 4045 habitare
2939 3993 3000 4044 in
3037 3991 3223 4044 medio
3272 3993 3477 4045 domus
3517 3992 3637 4059 Dei,

1948 4083 2109 4154 quasi
2141 4081 2478 4135 honorabile
2504 4080 2825 4149 exemplum
2860 4079 3123 4132 aliorum.

2019 4173 2176 4225 Vens.
2235 4173 2284 4224 3.
2333 4199 2396 4208 ——
2451 4171 2566 4226 Non
2635 4168 3016 4238 proponebam.
3103 4167 3305 4238 (Cass)
3363 4169 3637 4222 Innocen-

1947 4259 2086 4313 tiam
2133 4275 2234 4330 per
2290 4263 2480 4328 partes
2529 4257 2779 4328 exponit.
2841 4255 3057 4323 Primo,
3092 4257 3224 4326 quia
3279 4257 3423 4310 nihil
3471 4257 3642 4310 habet

1948 4365 2076 4402 cum
2124 4347 2310 4409 malis,
2360 4346 2496 4400 dicit
2556 4361 2569 4399 :
2635 4348 2751 4400 Non
2807 4345 3188 4413 proponebam,
3246 4361 3444 4415 usque,
3497 4346 3642 4398 oculi

1944 4439 2066 4491 mei.
2100 4437 2229 4489 Post
2260 4435 2409 4505 quod
2463 4449 2593 4502 pars
2625 4433 2678 4485 ei
2707 4449 2837 4486 cum
2863 4433 3051 4502 justis,
3087 4439 3143 4487 et
3187 4433 3337 4502 quod
3365 4433 3640 4486 versutias

1946 4523 2158 4577 diaboli
2203 4523 2272 4575 de
2345 4521 2512 4574 corde
2575 4521 2751 4590 fugat,
2813 4520 2890 4573 ibi
2955 4523 3014 4573 in
3083 4522 3387 4574 matutinis.
3448 4519 3638 4588 (Anc)

1945 4613 2060 4666 Non
2103 4611 2480 4679 prOponebam,
2519 4609 2728 4675 Quasi;
2762 4609 3218 4663 Perambulabam
3279 4611 3338 4662 in
3365 4607 3639 4678 [Iinnocen-

1947 4701 2026 4752 tia
2085 4716 2097 4752 :
2155 4699 2260 4751 hac
2303 4697 2502 4766 utique
2552 4697 2711 4766 (dicit
2769 4702 2922 4749 totus
3004 4696 3300 4762 Christus,)
3345 4696 3497 4766 quod
3532 4711 3640 4748 non

1943 4787 2323 4855 proponebam‘,
2371 4786 2428 4839 id
2458 4791 2562 4851 est,
2599 4801 2712 4838 non
2743 4785 3054 4854 diligebam
3085 4799 3207 4837 rem
3229 4785 3525 4854 injustam,

2015 4876 2177 4927 Vens.
2230 4875 2284 4927 4.
2315 4902 2384 4913 -
2441 4875 2556 4928 Non
2609 4874 2853 4927 adhaesit.
2891 4873 3090 4938 (Cass)
3123 4872 3367 4942 Exponit
3415 4887 3633 4940 praeva-

1945 4962 2268 5015 ricationes.
2358 4963 2459 5017 Cor
2507 4977 2759 5029 pravum,
2819 4960 2919 5030 qui
2975 4961 3379 5029 praevaricatur
3435 4959 3632 5024 corde;

1944 5051 2350 5117 declinantem,
2419 5047 2752 5102 hareticum
2823 5047 3008 5117 quia
3059 5047 3350 5101 catholicis
3425 5047 3633 5101 dissen—

1941 5137 2011 5192 tit
2046 5155 2058 5204 ;
2093 5143 2150 5191 et
2196 5137 2294 5208 qui
2327 5153 2359 5190 a
2387 5138 2553 5190 rectis
2584 5136 2801 5189 semitis
2834 5136 3020 5189 deviat
3075 5153 3190 5189 non
3233 5135 3626 5206 agnoscebam,

1943 5227 2078 5296 quia
2109 5225 2212 5278 etsi
2266 5225 2472 5295 signati
2527 5223 2819 5278 nobiscum
2852 5224 3236 5290 sacramentis,
3297 5239 3412 5277 non
3443 5228 3634 5302 tamen

1941 5315 2062 5368 veri
2095 5318 2244 5367 sunt.

2019 5405 2176 5456 Vens.
2202 5405 2252 5456 5.
2317 5431 2382 5439 --
2445 5401 2701 5469 Superbo.
2758 5402 2942 5467 (AUG.)
3002 5401 3065 5454 Et
3136 5401 3295 5454 .lesus
3374 5400 3635 5453 conviva-

1939 5495 2031 5544 tus
2080 5495 2206 5555 etc.,
2283 5503 2452 5558 usque
2528 5489 2602 5542 ad
2676 5488 2830 5542 unde
2887 5491 3083 5543 :Beati
3143 5487 3244 5555 qui
3287 5491 3532 5542 esuriant
3587 5495 3638 5544 et

1940 5581 2126 5633 sitient
2137 5578 2420 5645 justitiam
2449 5577 2676 5646 (Matth.
2713 5577 2854 5646 vni).
