  <div class='ocr_page' id='page_1' title='image "/cluster/home/n/w/nwhite01/storage/ocr_20150623/113/hvd.32044054759782/511.png"; bbox 0 0 4020 6184; ppageno 0'>
   <div class='ocr_carea' id='block_1_1' title="bbox 393 287 523 341">
    <p class='ocr_par' dir='ltr' id='par_1_1' title="bbox 393 287 523 341">
     <span class='ocr_line' id='line_1_1' title="bbox 393 287 523 341; baseline 0 -1"><span class='ocrx_word' id='word_1_1' title='bbox 393 287 523 341; x_wconf 90' lang='grc'><strong>1011</strong></span> 
     </span>
    </p>
   </div>
   <div class='ocr_carea' id='block_1_2' title="bbox 1004 279 3223 339">
    <p class='ocr_par' dir='ltr' id='par_1_2' title="bbox 1004 279 3223 339">
     <span class='ocr_line' id='line_1_2' title="bbox 1004 279 3223 339; baseline -0.001 -2"><span class='ocrx_word' id='word_1_2' title='bbox 1004 281 1395 338; x_wconf 84' lang='lat' dir='ltr'><strong>WALAFRIDI</strong></span> <span class='ocrx_word' id='word_1_3' title='bbox 1432 280 1681 336; x_wconf 78' lang='lat' dir='ltr'><strong>STRABI</strong></span> <span class='ocrx_word' id='word_1_4' title='bbox 1723 279 1928 336; x_wconf 86' lang='lat' dir='ltr'><strong>FULD.</strong></span> <span class='ocrx_word' id='word_1_5' title='bbox 1970 280 2134 336; x_wconf 81' lang='lat' dir='ltr'><strong>MON.</strong></span> <span class='ocrx_word' id='word_1_6' title='bbox 2175 282 2324 339; x_wconf 88' lang='lat' dir='ltr'><strong>OPP.</strong></span> <span class='ocrx_word' id='word_1_7' title='bbox 2366 283 2540 339; x_wconf 80' lang='lat' dir='ltr'><strong>PARS</strong></span> <span class='ocrx_word' id='word_1_8' title='bbox 2577 285 2618 338; x_wconf 89' lang='lat' dir='ltr'><strong>l.</strong></span> <span class='ocrx_word' id='word_1_9' title='bbox 2659 312 2729 322; x_wconf 89' lang='lat'>—</span> <span class='ocrx_word' id='word_1_10' title='bbox 2767 282 3223 338; x_wconf 81' lang='lat' dir='ltr'><strong>THEOLOGICA.</strong></span> 
     </span>
    </p>
   </div>
   <div class='ocr_carea' id='block_1_3' title="bbox 3726 289 3832 342">
    <p class='ocr_par' dir='ltr' id='par_1_3' title="bbox 3726 289 3832 342">
     <span class='ocr_line' id='line_1_3' title="bbox 3726 289 3832 342; baseline 0.009 -1"><span class='ocrx_word' id='word_1_11' title='bbox 3726 289 3832 342; x_wconf 68' lang='grc'><strong>1012</strong></span> 
     </span>
    </p>
   </div>
   <div class='ocr_carea' id='block_1_4' title="bbox 462 402 3834 477">
    <p class='ocr_par' dir='ltr' id='par_1_4' title="bbox 462 402 3834 477">
     <span class='ocr_line' id='line_1_4' title="bbox 462 402 3834 477; baseline 0 -16"><span class='ocrx_word' id='word_1_12' title='bbox 462 409 712 462; x_wconf 84' lang='lat' dir='ltr'><strong>Vens.6.</strong></span> <span class='ocrx_word' id='word_1_13' title='bbox 750 436 820 447; x_wconf 90' lang='lat'><strong><em>—</em></strong></span> <span class='ocrx_word' id='word_1_14' title='bbox 848 406 1003 462; x_wconf 85' lang='lat' dir='ltr'><strong>Oculi</strong></span> <span class='ocrx_word' id='word_1_15' title='bbox 1027 406 1152 458; x_wconf 87' lang='lat' dir='ltr'><strong>mei.</strong></span> <span class='ocrx_word' id='word_1_16' title='bbox 1213 402 1313 458; x_wconf 82' lang='lat' dir='ltr'><strong>Hic</strong></span> <span class='ocrx_word' id='word_1_17' title='bbox 1365 404 1602 457; x_wconf 83' lang='lat' dir='ltr'><strong>alteram</strong></span> <span class='ocrx_word' id='word_1_18' title='bbox 1651 407 1874 474; x_wconf 89' lang='lat' dir='ltr'><strong>partem</strong></span> <span class='ocrx_word' id='word_1_19' title='bbox 1913 402 2080 457; x_wconf 86' lang='lat' dir='ltr'><strong>inno-</strong></span> <span class='ocrx_word' id='word_1_20' title='bbox 2121 406 2169 459; x_wconf 81' lang='grc' dir='ltr'><strong>Α</strong></span> <span class='ocrx_word' id='word_1_21' title='bbox 2197 404 2602 477; x_wconf 81' lang='lat' dir='ltr'><strong>contemplatio</strong></span> <span class='ocrx_word' id='word_1_22' title='bbox 2673 405 2775 460; x_wconf 86' lang='lat' dir='ltr'><strong>Dei</strong></span> <span class='ocrx_word' id='word_1_23' title='bbox 2829 421 2944 460; x_wconf 90' lang='lat' dir='ltr'><strong>non</strong></span> <span class='ocrx_word' id='word_1_24' title='bbox 3015 404 3280 460; x_wconf 89' lang='lat' dir='ltr'><strong>habetur.</strong></span> <span class='ocrx_word' id='word_1_25' title='bbox 3335 407 3442 460; x_wconf 80' lang='lat' dir='ltr'><strong>Mei</strong></span> <span class='ocrx_word' id='word_1_26' title='bbox 3493 406 3670 476; x_wconf 60' lang='lat' dir='ltr'><strong>(Aea)</strong></span> <span class='ocrx_word' id='word_1_27' title='bbox 3734 409 3834 462; x_wconf 87' lang='lat' dir='ltr'><strong>Non</strong></span> 
     </span>
    </p>
   </div>
   <div class='ocr_carea' id='block_1_5' title="bbox 394 492 2089 566">
    <p class='ocr_par' dir='ltr' id='par_1_5' title="bbox 394 492 2089 566">
     <span class='ocr_line' id='line_1_5' title="bbox 394 492 2089 566; baseline -0.002 -16"><span class='ocrx_word' id='word_1_28' title='bbox 394 496 596 551; x_wconf 59' lang='lat' dir='ltr'><strong>centies</strong></span> <span class='ocrx_word' id='word_1_29' title='bbox 645 494 998 566; x_wconf 84' lang='lat' dir='ltr'><strong>exsequitur,</strong></span> <span class='ocrx_word' id='word_1_30' title='bbox 1055 492 1292 559; x_wconf 86' lang='lat' dir='ltr'><strong>scilicet,</strong></span> <span class='ocrx_word' id='word_1_31' title='bbox 1325 492 1477 563; x_wconf 89' lang='lat' dir='ltr'><strong>quod</strong></span> <span class='ocrx_word' id='word_1_32' title='bbox 1527 508 1657 546; x_wconf 87' lang='lat' dir='ltr'><strong>cum</strong></span> <span class='ocrx_word' id='word_1_33' title='bbox 1691 492 1864 562; x_wconf 87' lang='lat' dir='ltr'><strong>justis</strong></span> <span class='ocrx_word' id='word_1_34' title='bbox 1914 492 2089 547; x_wconf 83' lang='lat' dir='ltr'><strong>habet</strong></span> 
     </span>
    </p>
   </div>
   <div class='ocr_carea' id='block_1_6' title="bbox 395 580 2086 656">
    <p class='ocr_par' dir='ltr' id='par_1_6' title="bbox 395 580 2086 656">
     <span class='ocr_line' id='line_1_6' title="bbox 395 580 2086 656; baseline -0.004 -16"><span class='ocrx_word' id='word_1_35' title='bbox 395 590 636 656; x_wconf 91' lang='lat' dir='ltr'><strong>partem.</strong></span> <span class='ocrx_word' id='word_1_36' title='bbox 669 582 840 648; x_wconf 87' lang='lat' dir='ltr'><strong>Quasi</strong></span> <span class='ocrx_word' id='word_1_37' title='bbox 870 582 1019 636; x_wconf 84' lang='lat' dir='ltr'><strong>dicat</strong></span> <span class='ocrx_word' id='word_1_38' title='bbox 1058 597 1072 634; x_wconf 89' lang='lat'><strong>:</strong></span> <span class='ocrx_word' id='word_1_39' title='bbox 1099 581 1241 636; x_wconf 90' lang='lat' dir='ltr'><strong>Cum</strong></span> <span class='ocrx_word' id='word_1_40' title='bbox 1270 581 1481 635; x_wconf 84' lang='lat' dir='ltr'><strong>talibus</strong></span> <span class='ocrx_word' id='word_1_41' title='bbox 1525 597 1641 634; x_wconf 90' lang='lat' dir='ltr'><strong>non</strong></span> <span class='ocrx_word' id='word_1_42' title='bbox 1671 580 1898 647; x_wconf 88' lang='lat' dir='ltr'><strong>edebas,</strong></span> <span class='ocrx_word' id='word_1_43' title='bbox 1930 581 2086 635; x_wconf 91' lang='lat' dir='ltr'><strong>unde</strong></span> 
     </span>
    </p>
   </div>
   <div class='ocr_carea' id='block_1_7' title="bbox 397 667 2092 744">
    <p class='ocr_par' dir='ltr' id='par_1_7' title="bbox 397 667 2092 744">
     <span class='ocr_line' id='line_1_7' title="bbox 397 667 2092 744; baseline -0.004 -16"><span class='ocrx_word' id='word_1_44' title='bbox 397 689 532 744; x_wconf 90' lang='lat' dir='ltr'><strong>ergo</strong></span> <span class='ocrx_word' id='word_1_45' title='bbox 577 668 937 742; x_wconf 88' lang='lat' dir='ltr'><strong>pascebaris?</strong></span> <span class='ocrx_word' id='word_1_46' title='bbox 992 670 1185 722; x_wconf 61' lang='lat' dir='ltr'><strong>Terra.</strong></span> <span class='ocrx_word' id='word_1_47' title='bbox 1248 667 1433 736; x_wconf 74' lang='grc' dir='ltr'><strong>(Αυο.)</strong></span> <span class='ocrx_word' id='word_1_48' title='bbox 1490 669 1768 738; x_wconf 87' lang='lat' dir='ltr'><strong>Degentes</strong></span> <span class='ocrx_word' id='word_1_49' title='bbox 1821 667 1882 721; x_wconf 91' lang='lat' dir='ltr'><strong>in</strong></span> <span class='ocrx_word' id='word_1_50' title='bbox 1938 672 2092 721; x_wconf 87' lang='lat' dir='ltr'><strong>terra</strong></span> 
     </span>
    </p>
   </div>
   <div class='ocr_carea' id='block_1_8' title="bbox 398 756 2088 826">
    <p class='ocr_par' dir='ltr' id='par_1_8' title="bbox 398 756 2088 826">
     <span class='ocr_line' id='line_1_8' title="bbox 398 756 2088 826; baseline -0.004 -10"><span class='ocrx_word' id='word_1_51' title='bbox 398 762 496 816; x_wconf 91' lang='lat' dir='ltr'><strong>ubi</strong></span> <span class='ocrx_word' id='word_1_52' title='bbox 543 763 628 815; x_wconf 90' lang='lat' dir='ltr'><strong>tot</strong></span> <span class='ocrx_word' id='word_1_53' title='bbox 677 757 982 826; x_wconf 78' lang='lat' dir='ltr'><strong>illecebrae,</strong></span> <span class='ocrx_word' id='word_1_54' title='bbox 1036 756 1188 810; x_wconf 90' lang='lat' dir='ltr'><strong>unde</strong></span> <span class='ocrx_word' id='word_1_55' title='bbox 1242 757 1425 826; x_wconf 87' lang='lat' dir='ltr'><strong>major</strong></span> <span class='ocrx_word' id='word_1_56' title='bbox 1451 772 1677 810; x_wconf 86' lang='lat' dir='ltr'><strong>corona.</strong></span> <span class='ocrx_word' id='word_1_57' title='bbox 1734 756 1832 809; x_wconf 91' lang='lat' dir='ltr'><strong>Vel</strong></span> <span class='ocrx_word' id='word_1_58' title='bbox 1887 756 2088 824; x_wconf 80' lang='lat' dir='ltr'><strong>(CASS.)</strong></span> 
     </span>
    </p>
   </div>
   <div class='ocr_carea' id='block_1_9' title="bbox 399 843 2088 918">
    <p class='ocr_par' dir='ltr' id='par_1_9' title="bbox 399 843 2088 918">
     <span class='ocr_line' id='line_1_9' title="bbox 399 843 2088 918; baseline -0.002 -17"><span class='ocrx_word' id='word_1_59' title='bbox 399 847 499 918; x_wconf 88' lang='lat' dir='ltr'><strong>qui</strong></span> <span class='ocrx_word' id='word_1_60' title='bbox 556 862 659 918; x_wconf 90' lang='lat' dir='ltr'><strong>per</strong></span> <span class='ocrx_word' id='word_1_61' title='bbox 703 850 890 899; x_wconf 89' lang='lat' dir='ltr'><strong>totum</strong></span> <span class='ocrx_word' id='word_1_62' title='bbox 948 843 1226 897; x_wconf 91' lang='lat' dir='ltr'><strong>mundum</strong></span> <span class='ocrx_word' id='word_1_63' title='bbox 1287 847 1435 898; x_wconf 90' lang='lat' dir='ltr'><strong>sunt.</strong></span> <span class='ocrx_word' id='word_1_64' title='bbox 1496 845 1564 898; x_wconf 89' lang='lat' dir='ltr'><strong>Ut</strong></span> <span class='ocrx_word' id='word_1_65' title='bbox 1609 843 1828 898; x_wconf 82' lang='lat' dir='ltr'><strong>sedeant</strong></span> <span class='ocrx_word' id='word_1_66' title='bbox 1869 858 2088 898; x_wconf 89' lang='lat' dir='ltr'><strong>mecum.</strong></span> 
     </span>
    </p>
   </div>
   <div class='ocr_carea' id='block_1_10' title="bbox 399 932 2090 1006">
    <p class='ocr_par' dir='ltr' id='par_1_10' title="bbox 399 932 2090 1006">
     <span class='ocr_line' id='line_1_10' title="bbox 399 932 2090 1006; baseline -0.004 -16"><span class='ocrx_word' id='word_1_67' title='bbox 399 933 593 1006; x_wconf 85' lang='lat' dir='ltr'><strong>(AUG.)</strong></span> <span class='ocrx_word' id='word_1_68' title='bbox 624 934 690 988; x_wconf 93' lang='lat' dir='ltr'><strong>In</strong></span> <span class='ocrx_word' id='word_1_69' title='bbox 715 933 954 987; x_wconf 81' lang='lat' dir='ltr'><strong>veritate</strong></span> <span class='ocrx_word' id='word_1_70' title='bbox 994 932 1128 986; x_wconf 87' lang='lat' dir='ltr'><strong>ﬁdei</strong></span> <span class='ocrx_word' id='word_1_71' title='bbox 1156 948 1382 986; x_wconf 90' lang='lat' dir='ltr'><strong>mecum</strong></span> <span class='ocrx_word' id='word_1_72' title='bbox 1412 937 1807 1002; x_wconf 86' lang='lat' dir='ltr'><strong>permaneant,</strong></span> <span class='ocrx_word' id='word_1_73' title='bbox 1840 932 1928 985; x_wconf 90' lang='lat' dir='ltr'><strong>vel</strong></span> <span class='ocrx_word' id='word_1_74' title='bbox 1958 947 2090 1002; x_wconf 90' lang='lat' dir='ltr'><strong>par-</strong></span> 
     </span>
    </p>
   </div>
   <div class='ocr_carea' id='block_1_11' title="bbox 397 1021 2090 1093">
    <p class='ocr_par' dir='ltr' id='par_1_11' title="bbox 397 1021 2090 1093">
     <span class='ocr_line' id='line_1_11' title="bbox 397 1021 2090 1093; baseline -0.002 -15"><span class='ocrx_word' id='word_1_75' title='bbox 397 1023 637 1093; x_wconf 88' lang='lat' dir='ltr'><strong>ticipent</strong></span> <span class='ocrx_word' id='word_1_76' title='bbox 687 1036 914 1075; x_wconf 88' lang='lat' dir='ltr'><strong>mecum</strong></span> <span class='ocrx_word' id='word_1_77' title='bbox 968 1037 1147 1091; x_wconf 90' lang='lat' dir='ltr'><strong>regno</strong></span> <span class='ocrx_word' id='word_1_78' title='bbox 1177 1025 1407 1087; x_wconf 64' lang='lat' dir='ltr'><strong>aeterno,</strong></span> <span class='ocrx_word' id='word_1_79' title='bbox 1444 1021 1527 1074; x_wconf 84' lang='lat' dir='ltr'><strong>vel</strong></span> <span class='ocrx_word' id='word_1_80' title='bbox 1556 1021 1815 1092; x_wconf 88' lang='lat' dir='ltr'><strong>judicent</strong></span> <span class='ocrx_word' id='word_1_81' title='bbox 1845 1037 2090 1087; x_wconf 88' lang='lat' dir='ltr'><strong>mecum,</strong></span> 
     </span>
    </p>
   </div>
   <div class='ocr_carea' id='block_1_12' title="bbox 472 1109 2091 1167">
    <p class='ocr_par' dir='ltr' id='par_1_12' title="bbox 472 1109 2091 1167">
     <span class='ocr_line' id='line_1_12' title="bbox 472 1109 2091 1167; baseline -0.002 -1"><span class='ocrx_word' id='word_1_82' title='bbox 472 1114 634 1166; x_wconf 89' lang='lat' dir='ltr'><strong>Vens.</strong></span> <span class='ocrx_word' id='word_1_83' title='bbox 676 1116 727 1166; x_wconf 92' lang='lat'><strong>7.</strong></span> <span class='ocrx_word' id='word_1_84' title='bbox 790 1141 857 1150; x_wconf 94' lang='lat'>—</span> <span class='ocrx_word' id='word_1_85' title='bbox 888 1111 1009 1167; x_wconf 90' lang='lat' dir='ltr'><strong>Non</strong></span> <span class='ocrx_word' id='word_1_86' title='bbox 1069 1109 1341 1164; x_wconf 76' lang='lat' dir='ltr'><strong>habitabit</strong></span> <span class='ocrx_word' id='word_1_87' title='bbox 1386 1112 1445 1163; x_wconf 90' lang='lat' dir='ltr'><strong>in</strong></span> <span class='ocrx_word' id='word_1_88' title='bbox 1483 1111 1656 1164; x_wconf 87' lang='lat' dir='ltr'><strong>medio</strong></span> <span class='ocrx_word' id='word_1_89' title='bbox 1702 1110 1890 1164; x_wconf 89' lang='lat' dir='ltr'><strong>domus</strong></span> <span class='ocrx_word' id='word_1_90' title='bbox 1945 1124 2091 1163; x_wconf 72' lang='lat' dir='ltr'><strong>meae.</strong></span> 
     </span>
    </p>
   </div>
   <div class='ocr_carea' id='block_1_13' title="bbox 402 1197 2097 1273">
    <p class='ocr_par' dir='ltr' id='par_1_13' title="bbox 402 1197 2097 1273">
     <span class='ocr_line' id='line_1_13' title="bbox 402 1197 2097 1273; baseline -0.005 -15"><span class='ocrx_word' id='word_1_91' title='bbox 402 1201 600 1273; x_wconf 56' lang='lat' dir='ltr'><strong>(Casa)</strong></span> <span class='ocrx_word' id='word_1_92' title='bbox 657 1201 718 1255; x_wconf 88' lang='lat' dir='ltr'><strong>Id</strong></span> <span class='ocrx_word' id='word_1_93' title='bbox 775 1205 878 1265; x_wconf 89' lang='lat' dir='ltr'><strong>est,</strong></span> <span class='ocrx_word' id='word_1_94' title='bbox 930 1198 1208 1253; x_wconf 64' lang='lat' dir='ltr'><strong>Ecclesiae.</strong></span> <span class='ocrx_word' id='word_1_95' title='bbox 1252 1197 1367 1252; x_wconf 87' lang='lat' dir='ltr'><strong>Etsi</strong></span> <span class='ocrx_word' id='word_1_96' title='bbox 1414 1197 1749 1267; x_wconf 85' lang='lat' dir='ltr'><strong>aliquandiu</strong></span> <span class='ocrx_word' id='word_1_97' title='bbox 1821 1198 2097 1251; x_wconf 81' lang='lat' dir='ltr'><strong>toleratur</strong></span> 
     </span>
    </p>
   </div>
   <div class='ocr_carea' id='block_1_14' title="bbox 2197 493 3838 567">
    <p class='ocr_par' dir='ltr' id='par_1_14' title="bbox 2197 493 3838 567">
     <span class='ocr_line' id='line_1_14' title="bbox 2197 493 3838 567; baseline 0.002 -19"><span class='ocrx_word' id='word_1_98' title='bbox 2197 494 2432 549; x_wconf 88' lang='lat' dir='ltr'><strong>illorum</strong></span> <span class='ocrx_word' id='word_1_99' title='bbox 2463 494 2562 566; x_wconf 89' lang='lat' dir='ltr'><strong>qui</strong></span> <span class='ocrx_word' id='word_1_100' title='bbox 2589 494 2659 548; x_wconf 92' lang='lat' dir='ltr'><strong>de</strong></span> <span class='ocrx_word' id='word_1_101' title='bbox 2697 493 2960 560; x_wconf 88' lang='lat' dir='ltr'><strong>terrenis,</strong></span> <span class='ocrx_word' id='word_1_102' title='bbox 3019 497 3076 547; x_wconf 89' lang='lat' dir='ltr'><strong>et</strong></span> <span class='ocrx_word' id='word_1_103' title='bbox 3105 509 3222 547; x_wconf 92' lang='lat' dir='ltr'><strong>non</strong></span> <span class='ocrx_word' id='word_1_104' title='bbox 3266 493 3335 548; x_wconf 88' lang='lat' dir='ltr'><strong>de</strong></span> <span class='ocrx_word' id='word_1_105' title='bbox 3367 494 3730 565; x_wconf 87' lang='lat' dir='ltr'><strong>spiritualibus</strong></span> <span class='ocrx_word' id='word_1_106' title='bbox 3753 512 3838 567; x_wconf 88' lang='lat' dir='ltr'><strong>ge-</strong></span> 
     </span>
    </p>
   </div>
   <div class='ocr_carea' id='block_1_15' title="bbox 2197 583 3480 652">
    <p class='ocr_par' dir='ltr' id='par_1_15' title="bbox 2197 583 3480 652">
     <span class='ocr_line' id='line_1_15' title="bbox 2197 583 3480 652; baseline 0 -15"><span class='ocrx_word' id='word_1_107' title='bbox 2197 589 2386 652; x_wconf 90' lang='lat' dir='ltr'><strong>munt,</strong></span> <span class='ocrx_word' id='word_1_108' title='bbox 2418 588 2548 651; x_wconf 91' lang='lat' dir='ltr'><strong>etc.,</strong></span> <span class='ocrx_word' id='word_1_109' title='bbox 2577 597 2746 652; x_wconf 84' lang='lat' dir='ltr'><strong>usque</strong></span> <span class='ocrx_word' id='word_1_110' title='bbox 2771 583 2846 637; x_wconf 87' lang='lat' dir='ltr'><strong>ad</strong></span> <span class='ocrx_word' id='word_1_111' title='bbox 2874 584 3213 651; x_wconf 80' lang='lat' dir='ltr'><strong>inﬁrmorum</strong></span> <span class='ocrx_word' id='word_1_112' title='bbox 3238 588 3480 652; x_wconf 79' lang='lat' dir='ltr'><strong>portare.</strong></span> 
     </span>
    </p>
   </div>
   <div class='ocr_carea' id='block_1_16' title="bbox 2269 671 3841 740">
    <p class='ocr_par' dir='ltr' id='par_1_16' title="bbox 2269 671 3841 740">
     <span class='ocr_line' id='line_1_16' title="bbox 2269 671 3841 740; baseline 0 -15"><span class='ocrx_word' id='word_1_113' title='bbox 2269 673 2432 726; x_wconf 88' lang='lat' dir='ltr'><strong>Vens.</strong></span> <span class='ocrx_word' id='word_1_114' title='bbox 2475 676 2537 726; x_wconf 86' lang='lat'><strong>&#39;7.</strong></span> <span class='ocrx_word' id='word_1_115' title='bbox 2595 701 2655 711; x_wconf 89' lang='lat'>—</span> <span class='ocrx_word' id='word_1_116' title='bbox 2719 672 2980 736; x_wconf 85' lang='lat' dir='ltr'><strong>Pelicano,</strong></span> <span class='ocrx_word' id='word_1_117' title='bbox 3031 671 3218 740; x_wconf 82' lang='lat' dir='ltr'><strong>(AUG.)</strong></span> <span class='ocrx_word' id='word_1_118' title='bbox 3269 672 3404 725; x_wconf 87' lang='lat' dir='ltr'><strong>Tres</strong></span> <span class='ocrx_word' id='word_1_119' title='bbox 3450 687 3593 738; x_wconf 89' lang='lat' dir='ltr'><strong>aves,</strong></span> <span class='ocrx_word' id='word_1_120' title='bbox 3624 671 3719 725; x_wconf 89' lang='lat' dir='ltr'><strong>tria</strong></span> <span class='ocrx_word' id='word_1_121' title='bbox 3742 672 3841 726; x_wconf 84' lang='lat' dir='ltr'><strong>loca</strong></span> 
     </span>
    </p>
   </div>
   <div class='ocr_carea' id='block_1_17' title="bbox 2199 758 3844 832">
    <p class='ocr_par' dir='ltr' id='par_1_17' title="bbox 2199 758 3844 832">
     <span class='ocr_line' id='line_1_17' title="bbox 2199 758 3844 832; baseline 0 -18"><span class='ocrx_word' id='word_1_122' title='bbox 2199 760 2385 832; x_wconf 90' lang='lat' dir='ltr'><strong>ponit,</strong></span> <span class='ocrx_word' id='word_1_123' title='bbox 2417 764 2546 827; x_wconf 89' lang='lat' dir='ltr'><strong>etc.,</strong></span> <span class='ocrx_word' id='word_1_124' title='bbox 2568 775 2736 831; x_wconf 86' lang='lat' dir='ltr'><strong>usque</strong></span> <span class='ocrx_word' id='word_1_125' title='bbox 2764 761 2837 813; x_wconf 78' lang='lat' dir='ltr'><strong>ad</strong></span> <span class='ocrx_word' id='word_1_126' title='bbox 2881 759 2981 830; x_wconf 86' lang='lat' dir='ltr'><strong>qui</strong></span> <span class='ocrx_word' id='word_1_127' title='bbox 3029 760 3076 812; x_wconf 91' lang='lat' dir='ltr'><strong>si</strong></span> <span class='ocrx_word' id='word_1_128' title='bbox 3115 775 3233 813; x_wconf 91' lang='lat' dir='ltr'><strong>non</strong></span> <span class='ocrx_word' id='word_1_129' title='bbox 3258 758 3410 812; x_wconf 89' lang='lat' dir='ltr'><strong>inter</strong></span> <span class='ocrx_word' id='word_1_130' title='bbox 3437 759 3700 826; x_wconf 89' lang='lat' dir='ltr'><strong>homines,</strong></span> <span class='ocrx_word' id='word_1_131' title='bbox 3721 767 3844 814; x_wconf 82' lang='lat' dir='ltr'><strong>extra</strong></span> 
     </span>
    </p>
   </div>
   <div class='ocr_carea' id='block_1_18' title="bbox 2200 847 3634 919">
    <p class='ocr_par' dir='ltr' id='par_1_18' title="bbox 2200 847 3634 919">
     <span class='ocr_line' id='line_1_18' title="bbox 2200 847 3634 919; baseline -0.001 -17"><span class='ocrx_word' id='word_1_132' title='bbox 2200 853 2287 902; x_wconf 91' lang='lat' dir='ltr'><strong>est</strong></span> <span class='ocrx_word' id='word_1_133' title='bbox 2311 848 2372 902; x_wconf 93' lang='lat' dir='ltr'><strong>in</strong></span> <span class='ocrx_word' id='word_1_134' title='bbox 2401 849 2538 917; x_wconf 88' lang='lat' dir='ltr'><strong>alto,</strong></span> <span class='ocrx_word' id='word_1_135' title='bbox 2570 847 2762 902; x_wconf 90' lang='lat' dir='ltr'><strong>dicens</strong></span> <span class='ocrx_word' id='word_1_136' title='bbox 2783 847 2886 916; x_wconf 90' lang='lat' dir='ltr'><strong>eis,</strong></span> <span class='ocrx_word' id='word_1_137' title='bbox 2919 847 3021 919; x_wconf 91' lang='lat' dir='ltr'><strong>qui</strong></span> <span class='ocrx_word' id='word_1_138' title='bbox 3043 848 3102 901; x_wconf 91' lang='lat' dir='ltr'><strong>in</strong></span> <span class='ocrx_word' id='word_1_139' title='bbox 3134 853 3302 902; x_wconf 89' lang='lat' dir='ltr'><strong>nocte</strong></span> <span class='ocrx_word' id='word_1_140' title='bbox 3325 848 3634 902; x_wconf 85' lang='lat' dir='ltr'><strong>dormiunt.</strong></span> 
     </span>
    </p>
   </div>
   <div class='ocr_carea' id='block_1_19' title="bbox 2271 937 3842 1007">
    <p class='ocr_par' dir='ltr' id='par_1_19' title="bbox 2271 937 3842 1007">
     <span class='ocr_line' id='line_1_19' title="bbox 2271 937 3842 1007; baseline 0.001 -18"><span class='ocrx_word' id='word_1_141' title='bbox 2271 938 2391 998; x_wconf 86' lang='lat' dir='ltr'><strong>Vel,</strong></span> <span class='ocrx_word' id='word_1_142' title='bbox 2445 953 2640 1007; x_wconf 90' lang='lat' dir='ltr'><strong>passer</strong></span> <span class='ocrx_word' id='word_1_143' title='bbox 2695 953 2864 1007; x_wconf 88' lang='lat' dir='ltr'><strong>sagax</strong></span> <span class='ocrx_word' id='word_1_144' title='bbox 2921 937 2991 990; x_wconf 90' lang='lat' dir='ltr'><strong>ad</strong></span> <span class='ocrx_word' id='word_1_145' title='bbox 3044 937 3157 990; x_wconf 91' lang='lat' dir='ltr'><strong>alta</strong></span> <span class='ocrx_word' id='word_1_146' title='bbox 3235 939 3511 990; x_wconf 82' lang='lat' dir='ltr'><strong>virtutum</strong></span> <span class='ocrx_word' id='word_1_147' title='bbox 3567 937 3718 1006; x_wconf 85' lang='lat' dir='ltr'><strong>fugit,</strong></span> <span class='ocrx_word' id='word_1_148' title='bbox 3764 937 3842 991; x_wconf 87' lang='lat' dir='ltr'><strong>ubi</strong></span> 
     </span>
    </p>
   </div>
   <div class='ocr_carea' id='block_1_20' title="bbox 2202 1024 3847 1097">
    <p class='ocr_par' dir='ltr' id='par_1_20' title="bbox 2202 1024 3847 1097">
     <span class='ocr_line' id='line_1_20' title="bbox 2202 1024 3847 1097; baseline -0.001 -17"><span class='ocrx_word' id='word_1_149' title='bbox 2202 1031 2358 1080; x_wconf 91' lang='lat' dir='ltr'><strong>tutus</strong></span> <span class='ocrx_word' id='word_1_150' title='bbox 2389 1025 2689 1097; x_wconf 90' lang='lat' dir='ltr'><strong>alaqueis.</strong></span> <span class='ocrx_word' id='word_1_151' title='bbox 2749 1024 2858 1090; x_wconf 87' lang='lat' dir='ltr'><strong>Qui</strong></span> <span class='ocrx_word' id='word_1_152' title='bbox 2915 1025 3203 1080; x_wconf 87' lang='lat' dir='ltr'><strong>solitarius</strong></span> <span class='ocrx_word' id='word_1_153' title='bbox 3259 1026 3350 1080; x_wconf 86' lang='lat' dir='ltr'><strong>vel</strong></span> <span class='ocrx_word' id='word_1_154' title='bbox 3406 1027 3622 1089; x_wconf 85' lang='lat' dir='ltr'><strong>unicus,</strong></span> <span class='ocrx_word' id='word_1_155' title='bbox 3654 1030 3847 1096; x_wconf 85' lang='lat' dir='ltr'><strong>prepter</strong></span> 
     </span>
    </p>
   </div>
   <div class='ocr_carea' id='block_1_21' title="bbox 2204 1115 3848 1187">
    <p class='ocr_par' dir='ltr' id='par_1_21' title="bbox 2204 1115 3848 1187">
     <span class='ocr_line' id='line_1_21' title="bbox 2204 1115 3848 1187; baseline -0.001 -18"><span class='ocrx_word' id='word_1_156' title='bbox 2204 1115 2541 1170; x_wconf 89' lang='lat' dir='ltr'><strong>charitatem</strong></span> <span class='ocrx_word' id='word_1_157' title='bbox 2598 1116 2784 1186; x_wconf 86' lang='lat' dir='ltr'><strong>(quem</strong></span> <span class='ocrx_word' id='word_1_158' title='bbox 2857 1131 2925 1169; x_wconf 87' lang='lat' dir='ltr'><strong>ex</strong></span> <span class='ocrx_word' id='word_1_159' title='bbox 2989 1115 3188 1170; x_wconf 90' lang='lat' dir='ltr'><strong>multis</strong></span> <span class='ocrx_word' id='word_1_160' title='bbox 3247 1131 3430 1169; x_wconf 88' lang='lat' dir='ltr'><strong>unum</strong></span> <span class='ocrx_word' id='word_1_161' title='bbox 3483 1115 3635 1187; x_wconf 84' lang='lat' dir='ltr'><strong>facit)</strong></span> <span class='ocrx_word' id='word_1_162' title='bbox 3685 1121 3757 1169; x_wconf 80' lang='lat' dir='ltr'><strong>est</strong></span> <span class='ocrx_word' id='word_1_163' title='bbox 3803 1115 3848 1168; x_wconf 90' lang='lat' dir='ltr'><strong>in</strong></span> 
     </span>
    </p>
   </div>
   <div class='ocr_carea' id='block_1_22' title="bbox 2202 1203 3848 1274">
    <p class='ocr_par' dir='ltr' id='par_1_22' title="bbox 2202 1203 3848 1274">
     <span class='ocr_line' id='line_1_22' title="bbox 2202 1203 3848 1274; baseline -0.001 -16"><span class='ocrx_word' id='word_1_164' title='bbox 2202 1207 2372 1271; x_wconf 88' lang='lat' dir='ltr'><strong>tecto,</strong></span> <span class='ocrx_word' id='word_1_165' title='bbox 2404 1205 2490 1258; x_wconf 87' lang='lat' dir='ltr'><strong>vel</strong></span> <span class='ocrx_word' id='word_1_166' title='bbox 2523 1203 2761 1258; x_wconf 79' lang='lat' dir='ltr'><strong>aediﬁcio</strong></span> <span class='ocrx_word' id='word_1_167' title='bbox 2791 1208 3027 1274; x_wconf 91' lang='lat' dir='ltr'><strong>propter</strong></span> <span class='ocrx_word' id='word_1_168' title='bbox 3065 1203 3421 1258; x_wconf 88' lang='lat' dir='ltr'><strong>altitudinem</strong></span> <span class='ocrx_word' id='word_1_169' title='bbox 3477 1203 3625 1270; x_wconf 86' lang='lat' dir='ltr'><strong>ﬁdei,</strong></span> <span class='ocrx_word' id='word_1_170' title='bbox 3683 1207 3738 1257; x_wconf 90' lang='lat' dir='ltr'><strong>ut</strong></span> <span class='ocrx_word' id='word_1_171' title='bbox 3759 1219 3848 1257; x_wconf 89' lang='lat' dir='ltr'><strong>non</strong></span> 
     </span>
    </p>
   </div>
   <div class='ocr_carea' id='block_1_23' title="bbox 403 1285 3675 1363">
    <p class='ocr_par' dir='ltr' id='par_1_23' title="bbox 403 1285 3675 1363">
     <span class='ocr_line' id='line_1_23' title="bbox 403 1285 3675 1363; baseline -0.002 -18"><span class='ocrx_word' id='word_1_172' title='bbox 403 1291 590 1363; x_wconf 90' lang='lat' dir='ltr'><strong>gratia</strong></span> <span class='ocrx_word' id='word_1_173' title='bbox 635 1289 1028 1358; x_wconf 87' lang='lat' dir='ltr'><strong>correctionis,</strong></span> <span class='ocrx_word' id='word_1_174' title='bbox 1088 1304 1202 1342; x_wconf 92' lang='lat' dir='ltr'><strong>non</strong></span> <span class='ocrx_word' id='word_1_175' title='bbox 1258 1287 1597 1359; x_wconf 70' lang='lat' dir='ltr'><strong>proseminat</strong></span> <span class='ocrx_word' id='word_1_176' title='bbox 1654 1286 1895 1352; x_wconf 90' lang='lat' dir='ltr'><strong>meritis,</strong></span> <span class='ocrx_word' id='word_1_177' title='bbox 1954 1285 2096 1339; x_wconf 87' lang='lat' dir='ltr'><strong>nihil</strong></span> <span class='ocrx_word' id='word_1_178' title='bbox 2207 1293 2512 1348; x_wconf 72' lang='lat' dir='ltr'><strong>descendat</strong></span> <span class='ocrx_word' id='word_1_179' title='bbox 2540 1292 2753 1363; x_wconf 80' lang='lat' dir='ltr'><strong>aliquid</strong></span> <span class='ocrx_word' id='word_1_180' title='bbox 2776 1293 2972 1346; x_wconf 74' lang='lat' dir='ltr'><strong>tollere</strong></span> <span class='ocrx_word' id='word_1_181' title='bbox 2991 1292 3060 1346; x_wconf 85' lang='lat' dir='ltr'><strong>de</strong></span> <span class='ocrx_word' id='word_1_182' title='bbox 3083 1292 3274 1360; x_wconf 70' lang='lat' dir='ltr'><strong>domo,</strong></span> <span class='ocrx_word' id='word_1_183' title='bbox 3302 1293 3358 1346; x_wconf 85' lang='lat' dir='ltr'><strong>id</strong></span> <span class='ocrx_word' id='word_1_184' title='bbox 3385 1298 3472 1346; x_wconf 74' lang='lat' dir='ltr'><strong>est,</strong></span> <span class='ocrx_word' id='word_1_185' title='bbox 3492 1308 3675 1347; x_wconf 77' lang='lat' dir='ltr'><strong>came,</strong></span> 
     </span>
    </p>
   </div>
   <div class='ocr_carea' id='block_1_24' title="bbox 405 1375 2094 1452">
    <p class='ocr_par' dir='ltr' id='par_1_24' title="bbox 405 1375 2094 1452">
     <span class='ocr_line' id='line_1_24' title="bbox 405 1375 2094 1452; baseline -0.004 -18"><span class='ocrx_word' id='word_1_186' title='bbox 405 1383 623 1452; x_wconf 87' lang='lat' dir='ltr'><strong>potest;</strong></span> <span class='ocrx_word' id='word_1_187' title='bbox 685 1395 799 1432; x_wconf 90' lang='lat' dir='ltr'><strong>non</strong></span> <span class='ocrx_word' id='word_1_188' title='bbox 837 1383 921 1432; x_wconf 92' lang='lat' dir='ltr'><strong>est</strong></span> <span class='ocrx_word' id='word_1_189' title='bbox 975 1377 1035 1431; x_wconf 92' lang='lat' dir='ltr'><strong>in</strong></span> <span class='ocrx_word' id='word_1_190' title='bbox 1067 1378 1280 1448; x_wconf 90' lang='lat' dir='ltr'><strong>populo</strong></span> <span class='ocrx_word' id='word_1_191' title='bbox 1313 1392 1440 1430; x_wconf 90' lang='lat' dir='ltr'><strong>meo</strong></span> <span class='ocrx_word' id='word_1_192' title='bbox 1489 1392 1751 1447; x_wconf 82' lang='lat' dir='ltr'><strong>granum,</strong></span> <span class='ocrx_word' id='word_1_193' title='bbox 1783 1375 1881 1429; x_wconf 90' lang='lat' dir='ltr'><strong>sed</strong></span> <span class='ocrx_word' id='word_1_194' title='bbox 1913 1375 2094 1446; x_wconf 89' lang='lat' dir='ltr'><strong>palea.</strong></span> 
     </span>
    </p>
   </div>
   <div class='ocr_carea' id='block_1_25' title="bbox 407 1464 2097 1534">
    <p class='ocr_par' dir='ltr' id='par_1_25' title="bbox 407 1464 2097 1534">
     <span class='ocr_line' id='line_1_25' title="bbox 407 1464 2097 1534; baseline -0.007 -6"><span class='ocrx_word' id='word_1_195' title='bbox 407 1473 527 1528; x_wconf 89' lang='lat' dir='ltr'><strong>Non</strong></span> <span class='ocrx_word' id='word_1_196' title='bbox 572 1468 868 1534; x_wconf 75' lang='lat' dir='ltr'><strong>habitabit,</strong></span> <span class='ocrx_word' id='word_1_197' title='bbox 922 1467 1031 1520; x_wconf 92' lang='lat' dir='ltr'><strong>hoc</strong></span> <span class='ocrx_word' id='word_1_198' title='bbox 1089 1466 1334 1519; x_wconf 84' lang='lat' dir='ltr'><strong>maxime</strong></span> <span class='ocrx_word' id='word_1_199' title='bbox 1369 1465 1634 1519; x_wconf 89' lang='lat' dir='ltr'><strong>convenit</strong></span> <span class='ocrx_word' id='word_1_200' title='bbox 1690 1464 2097 1530; x_wconf 87' lang='lat' dir='ltr'><strong>sacerdotibus,</strong></span> 
     </span>
    </p>
   </div>
   <div class='ocr_carea' id='block_1_26' title="bbox 407 1551 1204 1628">
    <p class='ocr_par' dir='ltr' id='par_1_26' title="bbox 407 1551 1204 1628">
     <span class='ocr_line' id='line_1_26' title="bbox 407 1551 1204 1628; baseline -0.009 -16"><span class='ocrx_word' id='word_1_201' title='bbox 407 1562 475 1612; x_wconf 90' lang='lat' dir='ltr'><strong>ut</strong></span> <span class='ocrx_word' id='word_1_202' title='bbox 502 1557 692 1628; x_wconf 89' lang='lat' dir='ltr'><strong>pravis</strong></span> <span class='ocrx_word' id='word_1_203' title='bbox 719 1569 836 1607; x_wconf 93' lang='lat' dir='ltr'><strong>non</strong></span> <span class='ocrx_word' id='word_1_204' title='bbox 860 1551 1204 1607; x_wconf 82' lang='lat' dir='ltr'><strong>cohabitant.</strong></span> 
     </span>
    </p>
   </div>
   <div class='ocr_carea' id='block_1_27' title="bbox 2297 1379 3847 1452">
    <p class='ocr_par' dir='ltr' id='par_1_27' title="bbox 2297 1379 3847 1452">
     <span class='ocr_line' id='line_1_27' title="bbox 2297 1379 3847 1452; baseline -0.002 -16"><span class='ocrx_word' id='word_1_205' title='bbox 2297 1383 2602 1436; x_wconf 86' lang='lat' dir='ltr'><strong>Domicilio.</strong></span> <span class='ocrx_word' id='word_1_206' title='bbox 2641 1383 2773 1448; x_wconf 78' lang='lat'><strong>(10.)</strong></span> <span class='ocrx_word' id='word_1_207' title='bbox 2817 1381 2914 1434; x_wconf 83' lang='lat' dir='ltr'><strong>Vel</strong></span> <span class='ocrx_word' id='word_1_208' title='bbox 2945 1379 3265 1450; x_wconf 85' lang='lat' dir='ltr'><strong>parietinis,</strong></span> <span class='ocrx_word' id='word_1_209' title='bbox 3308 1397 3436 1452; x_wconf 66' lang='lat' dir='ltr'><strong>qua</strong></span> <span class='ocrx_word' id='word_1_210' title='bbox 3467 1382 3634 1451; x_wconf 81' lang='lat' dir='ltr'><strong>vulgo</strong></span> <span class='ocrx_word' id='word_1_211' title='bbox 3689 1380 3847 1433; x_wconf 87' lang='lat' dir='ltr'><strong>dicun-</strong></span> 
     </span>
    </p>
   </div>
   <div class='ocr_carea' id='block_1_28' title="bbox 2210 1468 3854 1540">
    <p class='ocr_par' dir='ltr' id='par_1_28' title="bbox 2210 1468 3854 1540">
     <span class='ocr_line' id='line_1_28' title="bbox 2210 1468 3854 1540; baseline -0.001 -16"><span class='ocrx_word' id='word_1_212' title='bbox 2210 1474 2304 1525; x_wconf 88' lang='lat' dir='ltr'><strong>tur</strong></span> <span class='ocrx_word' id='word_1_213' title='bbox 2324 1471 2528 1536; x_wconf 76' lang='lat' dir='ltr'><strong>ruiuse,</strong></span> <span class='ocrx_word' id='word_1_214' title='bbox 2561 1469 2662 1523; x_wconf 91' lang='lat' dir='ltr'><strong>ubi</strong></span> <span class='ocrx_word' id='word_1_215' title='bbox 2685 1469 2934 1540; x_wconf 86' lang='lat' dir='ltr'><strong>parietes</strong></span> <span class='ocrx_word' id='word_1_216' title='bbox 2963 1473 3116 1522; x_wconf 90' lang='lat' dir='ltr'><strong>stant</strong></span> <span class='ocrx_word' id='word_1_217' title='bbox 3145 1469 3265 1522; x_wconf 89' lang='lat' dir='ltr'><strong>sine</strong></span> <span class='ocrx_word' id='word_1_218' title='bbox 3320 1473 3496 1538; x_wconf 88' lang='lat' dir='ltr'><strong>tecto,</strong></span> <span class='ocrx_word' id='word_1_219' title='bbox 3550 1469 3648 1524; x_wconf 88' lang='lat' dir='ltr'><strong>ubi</strong></span> <span class='ocrx_word' id='word_1_220' title='bbox 3673 1468 3854 1524; x_wconf 84' lang='lat' dir='ltr'><strong>habitat</strong></span> 
     </span>
    </p>
   </div>
   <div class='ocr_carea' id='block_1_29' title="bbox 2211 1559 3324 1631">
    <p class='ocr_par' dir='ltr' id='par_1_29' title="bbox 2211 1559 3324 1631">
     <span class='ocr_line' id='line_1_29' title="bbox 2211 1559 3324 1631; baseline 0 -17"><span class='ocrx_word' id='word_1_221' title='bbox 2211 1559 2531 1631; x_wconf 90' lang='lat' dir='ltr'><strong>nycticorax</strong></span> <span class='ocrx_word' id='word_1_222' title='bbox 2557 1559 2696 1627; x_wconf 89' lang='lat' dir='ltr'><strong>avis,</strong></span> <span class='ocrx_word' id='word_1_223' title='bbox 2729 1574 2858 1630; x_wconf 66' lang='lat' dir='ltr'><strong>quae</strong></span> <span class='ocrx_word' id='word_1_224' title='bbox 2880 1563 3102 1612; x_wconf 90' lang='lat' dir='ltr'><strong>noctem</strong></span> <span class='ocrx_word' id='word_1_225' title='bbox 3145 1562 3324 1614; x_wconf 89' lang='lat' dir='ltr'><strong>amat.</strong></span> 
     </span>
    </p>
   </div>
   <div class='ocr_carea' id='block_1_30' title="bbox 478 1637 2104 1710">
    <p class='ocr_par' dir='ltr' id='par_1_30' title="bbox 478 1637 2104 1710">
     <span class='ocr_line' id='line_1_30' title="bbox 478 1637 2104 1710; baseline -0.005 -12"><span class='ocrx_word' id='word_1_226' title='bbox 478 1646 641 1698; x_wconf 91' lang='lat' dir='ltr'><strong>Vens.</strong></span> <span class='ocrx_word' id='word_1_227' title='bbox 676 1646 728 1698; x_wconf 93' lang='lat'><strong>8.</strong></span> <span class='ocrx_word' id='word_1_228' title='bbox 763 1672 830 1682; x_wconf 87' lang='lat'><strong>--</strong></span> <span class='ocrx_word' id='word_1_229' title='bbox 859 1643 922 1695; x_wconf 87' lang='lat' dir='ltr'><strong>In</strong></span> <span class='ocrx_word' id='word_1_230' title='bbox 939 1643 1224 1695; x_wconf 86' lang='lat' dir='ltr'><strong>matutino.</strong></span> <span class='ocrx_word' id='word_1_231' title='bbox 1263 1639 1464 1710; x_wconf 69' lang='lat' dir='ltr'><strong>(Cass.)</strong></span> <span class='ocrx_word' id='word_1_232' title='bbox 1494 1638 1683 1693; x_wconf 86' lang='lat' dir='ltr'><strong>Tertia</strong></span> <span class='ocrx_word' id='word_1_233' title='bbox 1710 1654 1863 1709; x_wconf 90' lang='lat' dir='ltr'><strong>pars,</strong></span> <span class='ocrx_word' id='word_1_234' title='bbox 1893 1637 1992 1692; x_wconf 90' lang='lat' dir='ltr'><strong>ubi</strong></span> <span class='ocrx_word' id='word_1_235' title='bbox 2017 1653 2104 1691; x_wconf 84' lang='lat' dir='ltr'><strong>os-</strong></span> 
     </span>
    </p>
   </div>
   <div class='ocr_carea' id='block_1_31' title="bbox 410 1725 2100 1803">
    <p class='ocr_par' dir='ltr' id='par_1_31' title="bbox 410 1725 2100 1803">
     <span class='ocr_line' id='line_1_31' title="bbox 410 1725 2100 1803; baseline -0.006 -14"><span class='ocrx_word' id='word_1_236' title='bbox 410 1732 596 1790; x_wconf 89' lang='lat' dir='ltr'><strong>tendit</strong></span> <span class='ocrx_word' id='word_1_237' title='bbox 623 1733 751 1803; x_wconf 89' lang='lat' dir='ltr'><strong>quis</strong></span> <span class='ocrx_word' id='word_1_238' title='bbox 772 1730 904 1785; x_wconf 85' lang='lat' dir='ltr'><strong>ﬁnis</strong></span> <span class='ocrx_word' id='word_1_239' title='bbox 933 1730 1008 1784; x_wconf 86' lang='lat' dir='ltr'><strong>sit</strong></span> <span class='ocrx_word' id='word_1_240' title='bbox 1024 1729 1330 1784; x_wconf 90' lang='lat' dir='ltr'><strong>malorum.</strong></span> <span class='ocrx_word' id='word_1_241' title='bbox 1356 1729 1420 1782; x_wconf 85' lang='lat' dir='ltr'><strong>Et</strong></span> <span class='ocrx_word' id='word_1_242' title='bbox 1441 1727 1696 1799; x_wconf 87' lang='lat' dir='ltr'><strong>loquitur</strong></span> <span class='ocrx_word' id='word_1_243' title='bbox 1717 1727 1810 1781; x_wconf 91' lang='lat' dir='ltr'><strong>hic</strong></span> <span class='ocrx_word' id='word_1_244' title='bbox 1826 1725 2100 1781; x_wconf 86' lang='lat' dir='ltr'><strong>Christus.</strong></span> 
     </span>
    </p>
   </div>
   <div class='ocr_carea' id='block_1_32' title="bbox 410 1817 2106 1888">
    <p class='ocr_par' dir='ltr' id='par_1_32' title="bbox 410 1817 2106 1888">
     <span class='ocr_line' id='line_1_32' title="bbox 410 1817 2106 1888; baseline -0.007 -7"><span class='ocrx_word' id='word_1_245' title='bbox 410 1828 476 1882; x_wconf 88' lang='lat' dir='ltr'><strong>1n</strong></span> <span class='ocrx_word' id='word_1_246' title='bbox 503 1825 790 1879; x_wconf 86' lang='lat' dir='ltr'><strong>matutino.</strong></span> <span class='ocrx_word' id='word_1_247' title='bbox 827 1823 959 1876; x_wconf 91' lang='lat' dir='ltr'><strong>Post</strong></span> <span class='ocrx_word' id='word_1_248' title='bbox 1006 1819 1208 1873; x_wconf 84' lang='lat' dir='ltr'><strong>vitatos</strong></span> <span class='ocrx_word' id='word_1_249' title='bbox 1259 1818 1461 1886; x_wconf 89' lang='lat' dir='ltr'><strong>malos,</strong></span> <span class='ocrx_word' id='word_1_250' title='bbox 1502 1818 1690 1888; x_wconf 88' lang='lat' dir='ltr'><strong>justus</strong></span> <span class='ocrx_word' id='word_1_251' title='bbox 1736 1817 1806 1870; x_wconf 90' lang='lat' dir='ltr'><strong>ad</strong></span> <span class='ocrx_word' id='word_1_252' title='bbox 1835 1833 1893 1870; x_wconf 93' lang='lat' dir='ltr'><strong>se</strong></span> <span class='ocrx_word' id='word_1_253' title='bbox 1923 1832 2106 1870; x_wconf 82' lang='lat' dir='ltr'><strong>rever-</strong></span> 
     </span>
    </p>
   </div>
   <div class='ocr_carea' id='block_1_33' title="bbox 2285 1647 3863 1719">
    <p class='ocr_par' dir='ltr' id='par_1_33' title="bbox 2285 1647 3863 1719">
     <span class='ocr_line' id='line_1_33' title="bbox 2285 1647 3863 1719; baseline -0.002 -17"><span class='ocrx_word' id='word_1_254' title='bbox 2285 1649 2443 1702; x_wconf 86' lang='lat' dir='ltr'><strong>Vens.</strong></span> <span class='ocrx_word' id='word_1_255' title='bbox 2501 1650 2554 1702; x_wconf 92' lang='lat'><strong>9.</strong></span> <span class='ocrx_word' id='word_1_256' title='bbox 2596 1678 2662 1688; x_wconf 90' lang='lat'><strong><em>—</em></strong></span> <span class='ocrx_word' id='word_1_257' title='bbox 2729 1650 2862 1702; x_wconf 90' lang='lat' dir='ltr'><strong>Tota</strong></span> <span class='ocrx_word' id='word_1_258' title='bbox 2927 1647 3032 1702; x_wconf 90' lang='lat' dir='ltr'><strong>die.</strong></span> <span class='ocrx_word' id='word_1_259' title='bbox 3070 1647 3265 1718; x_wconf 61' lang='lat' dir='ltr'><strong>(Cass)</strong></span> <span class='ocrx_word' id='word_1_260' title='bbox 3349 1647 3472 1714; x_wconf 91' lang='lat' dir='ltr'><strong>Vel,</strong></span> <span class='ocrx_word' id='word_1_261' title='bbox 3558 1647 3616 1702; x_wconf 90' lang='lat' dir='ltr'><strong>in</strong></span> <span class='ocrx_word' id='word_1_262' title='bbox 3662 1662 3863 1719; x_wconf 85' lang='lat' dir='ltr'><strong>persona</strong></span> 
     </span>
    </p>
   </div>
   <div class='ocr_carea' id='block_1_34' title="bbox 2207 1736 3864 1808">
    <p class='ocr_par' dir='ltr' id='par_1_34' title="bbox 2207 1736 3864 1808">
     <span class='ocr_line' id='line_1_34' title="bbox 2207 1736 3864 1808; baseline -0.001 -18"><span class='ocrx_word' id='word_1_263' title='bbox 2207 1737 2349 1808; x_wconf 87' lang='lat' dir='ltr'><strong>justi</strong></span> <span class='ocrx_word' id='word_1_264' title='bbox 2376 1740 2564 1790; x_wconf 92' lang='lat' dir='ltr'><strong>totum</strong></span> <span class='ocrx_word' id='word_1_265' title='bbox 2593 1736 2770 1807; x_wconf 89' lang='lat' dir='ltr'><strong>accipi</strong></span> <span class='ocrx_word' id='word_1_266' title='bbox 2793 1740 2997 1807; x_wconf 87' lang='lat' dir='ltr'><strong>potest.</strong></span> <span class='ocrx_word' id='word_1_267' title='bbox 3033 1737 3204 1801; x_wconf 87' lang='lat' dir='ltr'><strong>Quasi</strong></span> <span class='ocrx_word' id='word_1_268' title='bbox 3255 1736 3426 1805; x_wconf 86' lang='lat' dir='ltr'><strong>dicat,</strong></span> <span class='ocrx_word' id='word_1_269' title='bbox 3480 1741 3609 1800; x_wconf 87' lang='lat' dir='ltr'><strong>etc.,</strong></span> <span class='ocrx_word' id='word_1_270' title='bbox 3639 1752 3787 1805; x_wconf 86' lang='lat' dir='ltr'><strong>usque</strong></span> <span class='ocrx_word' id='word_1_271' title='bbox 3809 1736 3864 1789; x_wconf 82' lang='lat' dir='ltr'><strong>ad</strong></span> 
     </span>
    </p>
   </div>
   <div class='ocr_carea' id='block_1_35' title="bbox 2216 1823 3751 1894">
    <p class='ocr_par' dir='ltr' id='par_1_35' title="bbox 2216 1823 3751 1894">
     <span class='ocr_line' id='line_1_35' title="bbox 2216 1823 3751 1894; baseline -0.001 -16"><span class='ocrx_word' id='word_1_272' title='bbox 2216 1825 2327 1889; x_wconf 86' lang='lat' dir='ltr'><strong>vel,</strong></span> <span class='ocrx_word' id='word_1_273' title='bbox 2362 1824 2420 1878; x_wconf 92' lang='lat' dir='ltr'><strong>in</strong></span> <span class='ocrx_word' id='word_1_274' title='bbox 2452 1823 2769 1893; x_wconf 77' lang='lat' dir='ltr'><strong>dejectione</strong></span> <span class='ocrx_word' id='word_1_275' title='bbox 2800 1824 3113 1891; x_wconf 85' lang='lat' dir='ltr'><strong>reﬁciebar,</strong></span> <span class='ocrx_word' id='word_1_276' title='bbox 3142 1824 3284 1878; x_wconf 90' lang='lat' dir='ltr'><strong>adeo</strong></span> <span class='ocrx_word' id='word_1_277' title='bbox 3317 1825 3576 1894; x_wconf 87' lang='lat' dir='ltr'><strong>placebat</strong></span> <span class='ocrx_word' id='word_1_278' title='bbox 3606 1825 3751 1886; x_wconf 89' lang='lat' dir='ltr'><strong>mihi,</strong></span> 
     </span>
    </p>
   </div>
   <div class='ocr_carea' id='block_1_36' title="bbox 421 1905 2107 1980">
    <p class='ocr_par' dir='ltr' id='par_1_36' title="bbox 421 1905 2107 1980">
     <span class='ocr_line' id='line_1_36' title="bbox 421 1905 2107 1980; baseline -0.006 -12"><span class='ocrx_word' id='word_1_279' title='bbox 421 1931 538 1975; x_wconf 86' lang='lat' dir='ltr'><strong>sus,</strong></span> <span class='ocrx_word' id='word_1_280' title='bbox 584 1911 741 1965; x_wconf 90' lang='lat' dir='ltr'><strong>addit</strong></span> <span class='ocrx_word' id='word_1_281' title='bbox 793 1909 948 1980; x_wconf 90' lang='lat' dir='ltr'><strong>quod</strong></span> <span class='ocrx_word' id='word_1_282' title='bbox 986 1906 1380 1978; x_wconf 88' lang='lat' dir='ltr'><strong>suggestiones</strong></span> <span class='ocrx_word' id='word_1_283' title='bbox 1435 1906 1766 1960; x_wconf 68' lang='lat' dir='ltr'><strong>dmmonum</strong></span> <span class='ocrx_word' id='word_1_284' title='bbox 1815 1905 1885 1959; x_wconf 90' lang='lat' dir='ltr'><strong>de</strong></span> <span class='ocrx_word' id='word_1_285' title='bbox 1939 1905 2107 1958; x_wconf 90' lang='lat' dir='ltr'><strong>corde</strong></span> 
     </span>
    </p>
   </div>
   <div class='ocr_carea' id='block_1_37' title="bbox 421 1993 2107 2073">
    <p class='ocr_par' dir='ltr' id='par_1_37' title="bbox 421 1993 2107 2073">
     <span class='ocr_line' id='line_1_37' title="bbox 421 1993 2107 2073; baseline -0.007 -16"><span class='ocrx_word' id='word_1_286' title='bbox 421 2002 641 2073; x_wconf 88' lang='lat' dir='ltr'><strong>expulit</strong></span> <span class='ocrx_word' id='word_1_287' title='bbox 685 2003 745 2053; x_wconf 90' lang='lat' dir='ltr'><strong>in</strong></span> <span class='ocrx_word' id='word_1_288' title='bbox 781 2000 1071 2060; x_wconf 81' lang='lat' dir='ltr'><strong>matutino,</strong></span> <span class='ocrx_word' id='word_1_289' title='bbox 1103 1997 1162 2051; x_wconf 92' lang='lat' dir='ltr'><strong>id</strong></span> <span class='ocrx_word' id='word_1_290' title='bbox 1217 2000 1320 2062; x_wconf 91' lang='lat' dir='ltr'><strong>est,</strong></span> <span class='ocrx_word' id='word_1_291' title='bbox 1382 1995 1608 2066; x_wconf 87' lang='lat' dir='ltr'><strong>quando</strong></span> <span class='ocrx_word' id='word_1_292' title='bbox 1639 1993 1701 2047; x_wconf 91' lang='lat' dir='ltr'><strong>in</strong></span> <span class='ocrx_word' id='word_1_293' title='bbox 1727 1993 1893 2047; x_wconf 91' lang='lat' dir='ltr'><strong>initio</strong></span> <span class='ocrx_word' id='word_1_294' title='bbox 1925 1997 2107 2047; x_wconf 85' lang='lat' dir='ltr'><strong>tenta-</strong></span> 
     </span>
    </p>
   </div>
   <div class='ocr_carea' id='block_1_38' title="bbox 419 2083 2112 2160">
    <p class='ocr_par' dir='ltr' id='par_1_38' title="bbox 419 2083 2112 2160">
     <span class='ocr_line' id='line_1_38' title="bbox 419 2083 2112 2160; baseline -0.007 -14"><span class='ocrx_word' id='word_1_295' title='bbox 419 2091 612 2155; x_wconf 88' lang='lat' dir='ltr'><strong>tionis,</strong></span> <span class='ocrx_word' id='word_1_296' title='bbox 659 2087 822 2160; x_wconf 89' lang='lat' dir='ltr'><strong>quasi</strong></span> <span class='ocrx_word' id='word_1_297' title='bbox 857 2087 917 2140; x_wconf 91' lang='lat' dir='ltr'><strong>in</strong></span> <span class='ocrx_word' id='word_1_298' title='bbox 965 2085 1297 2156; x_wconf 91' lang='lat' dir='ltr'><strong>crepusculo</strong></span> <span class='ocrx_word' id='word_1_299' title='bbox 1353 2083 1641 2153; x_wconf 88' lang='lat' dir='ltr'><strong>incipiunt</strong></span> <span class='ocrx_word' id='word_1_300' title='bbox 1669 2097 1960 2153; x_wconf 87' lang='lat' dir='ltr'><strong>apparere.</strong></span> <span class='ocrx_word' id='word_1_301' title='bbox 2019 2083 2112 2136; x_wconf 88' lang='lat' dir='ltr'><strong>1n-</strong></span> 
     </span>
    </p>
   </div>
   <div class='ocr_carea' id='block_1_39' title="bbox 422 2170 2108 2248">
    <p class='ocr_par' dir='ltr' id='par_1_39' title="bbox 422 2170 2108 2248">
     <span class='ocr_line' id='line_1_39' title="bbox 422 2170 2108 2248; baseline -0.006 -14"><span class='ocrx_word' id='word_1_302' title='bbox 422 2177 773 2248; x_wconf 81' lang='lat' dir='ltr'><strong>terﬁciebam.</strong></span> <span class='ocrx_word' id='word_1_303' title='bbox 809 2174 1099 2240; x_wconf 89' lang='lat' dir='ltr'><strong>Oratione,</strong></span> <span class='ocrx_word' id='word_1_304' title='bbox 1157 2189 1270 2244; x_wconf 90' lang='lat' dir='ltr'><strong>qua</strong></span> <span class='ocrx_word' id='word_1_305' title='bbox 1308 2171 1518 2226; x_wconf 90' lang='lat' dir='ltr'><strong>debent</strong></span> <span class='ocrx_word' id='word_1_306' title='bbox 1547 2170 1696 2241; x_wconf 90' lang='lat' dir='ltr'><strong>ejici,</strong></span> <span class='ocrx_word' id='word_1_307' title='bbox 1729 2186 1802 2224; x_wconf 92' lang='lat' dir='ltr'><strong>ne</strong></span> <span class='ocrx_word' id='word_1_308' title='bbox 1833 2173 2108 2224; x_wconf 75' lang='lat' dir='ltr'><strong>crescant.</strong></span> 
     </span>
    </p>
   </div>
   <div class='ocr_carea' id='block_1_40' title="bbox 423 2258 2115 2331">
    <p class='ocr_par' dir='ltr' id='par_1_40' title="bbox 423 2258 2115 2331">
     <span class='ocr_line' id='line_1_40' title="bbox 423 2258 2115 2331; baseline -0.007 -8"><span class='ocrx_word' id='word_1_309' title='bbox 423 2269 750 2322; x_wconf 87' lang='lat' dir='ltr'><strong>Peccatores.</strong></span> <span class='ocrx_word' id='word_1_310' title='bbox 805 2265 1121 2330; x_wconf 57' lang='lat' dir='ltr'><strong>Daemones,</strong></span> <span class='ocrx_word' id='word_1_311' title='bbox 1178 2261 1278 2331; x_wconf 91' lang='lat' dir='ltr'><strong>qui</strong></span> <span class='ocrx_word' id='word_1_312' title='bbox 1343 2275 1575 2314; x_wconf 90' lang='lat' dir='ltr'><strong>omnem</strong></span> <span class='ocrx_word' id='word_1_313' title='bbox 1604 2275 1833 2314; x_wconf 85' lang='lat' dir='ltr'><strong>carnem</strong></span> <span class='ocrx_word' id='word_1_314' title='bbox 1898 2258 2115 2313; x_wconf 85' lang='lat' dir='ltr'><strong>faciunt</strong></span> 
     </span>
    </p>
   </div>
   <div class='ocr_carea' id='block_1_41' title="bbox 419 2346 2116 2427">
    <p class='ocr_par' dir='ltr' id='par_1_41' title="bbox 419 2346 2116 2427">
     <span class='ocr_line' id='line_1_41' title="bbox 419 2346 2116 2427; baseline -0.006 -17"><span class='ocrx_word' id='word_1_315' title='bbox 419 2370 673 2427; x_wconf 87' lang='lat' dir='ltr'><strong>peccare.</strong></span> <span class='ocrx_word' id='word_1_316' title='bbox 707 2353 938 2409; x_wconf 87' lang='lat' dir='ltr'><strong>Civitate</strong></span> <span class='ocrx_word' id='word_1_317' title='bbox 966 2351 1209 2404; x_wconf 80' lang='lat' dir='ltr'><strong>Domini.</strong></span> <span class='ocrx_word' id='word_1_318' title='bbox 1243 2346 1450 2403; x_wconf 75' lang='lat' dir='ltr'><strong>Anima</strong></span> <span class='ocrx_word' id='word_1_319' title='bbox 1472 2347 1636 2419; x_wconf 89' lang='lat' dir='ltr'><strong>justi,</strong></span> <span class='ocrx_word' id='word_1_320' title='bbox 1667 2347 1821 2401; x_wconf 88' lang='lat' dir='ltr'><strong>unde</strong></span> <span class='ocrx_word' id='word_1_321' title='bbox 1853 2346 2116 2401; x_wconf 88' lang='lat' dir='ltr'><strong>diabolus</strong></span> 
     </span>
    </p>
   </div>
   <div class='ocr_carea' id='block_1_42' title="bbox 419 2437 2114 2515">
    <p class='ocr_par' dir='ltr' id='par_1_42' title="bbox 419 2437 2114 2515">
     <span class='ocr_line' id='line_1_42' title="bbox 419 2437 2114 2515; baseline -0.006 -16"><span class='ocrx_word' id='word_1_322' title='bbox 419 2443 769 2515; x_wconf 84' lang='lat' dir='ltr'><strong>dispergitur</strong></span> <span class='ocrx_word' id='word_1_323' title='bbox 805 2445 862 2494; x_wconf 90' lang='lat' dir='ltr'><strong>et</strong></span> <span class='ocrx_word' id='word_1_324' title='bbox 906 2442 1247 2493; x_wconf 85' lang='lat' dir='ltr'><strong>removetur.</strong></span> <span class='ocrx_word' id='word_1_325' title='bbox 1303 2439 1494 2493; x_wconf 83' lang='lat' dir='ltr'><strong>Omnes</strong></span> <span class='ocrx_word' id='word_1_326' title='bbox 1533 2441 1813 2505; x_wconf 84' lang='lat' dir='ltr'><strong>operantes</strong></span> <span class='ocrx_word' id='word_1_327' title='bbox 1849 2437 2114 2504; x_wconf 84' lang='lat' dir='ltr'><strong>iniquita-</strong></span> 
     </span>
    </p>
   </div>
   <div class='ocr_carea' id='block_1_43' title="bbox 421 2523 2006 2597">
    <p class='ocr_par' dir='ltr' id='par_1_43' title="bbox 421 2523 2006 2597">
     <span class='ocr_line' id='line_1_43' title="bbox 421 2523 2006 2597; baseline -0.008 -8"><span class='ocrx_word' id='word_1_328' title='bbox 421 2539 552 2589; x_wconf 86' lang='lat' dir='ltr'><strong>tem.</strong></span> <span class='ocrx_word' id='word_1_329' title='bbox 587 2531 647 2586; x_wconf 91' lang='lat' dir='ltr'><strong>Id</strong></span> <span class='ocrx_word' id='word_1_330' title='bbox 679 2534 782 2597; x_wconf 92' lang='lat' dir='ltr'><strong>est,</strong></span> <span class='ocrx_word' id='word_1_331' title='bbox 814 2527 1222 2583; x_wconf 89' lang='lat' dir='ltr'><strong>submissiones</strong></span> <span class='ocrx_word' id='word_1_332' title='bbox 1248 2527 1336 2579; x_wconf 88' lang='lat' dir='ltr'><strong>vel</strong></span> <span class='ocrx_word' id='word_1_333' title='bbox 1361 2524 1746 2578; x_wconf 89' lang='lat' dir='ltr'><strong>immissiones</strong></span> <span class='ocrx_word' id='word_1_334' title='bbox 1773 2523 2006 2577; x_wconf 89' lang='lat' dir='ltr'><strong>diaboli.</strong></span> 
     </span>
    </p>
   </div>
   <div class='ocr_carea' id='block_1_44' title="bbox 2289 1913 3867 1984">
    <p class='ocr_par' dir='ltr' id='par_1_44' title="bbox 2289 1913 3867 1984">
     <span class='ocr_line' id='line_1_44' title="bbox 2289 1913 3867 1984; baseline -0.001 -18"><span class='ocrx_word' id='word_1_335' title='bbox 2289 1913 2449 1966; x_wconf 89' lang='lat' dir='ltr'><strong>Vens.</strong></span> <span class='ocrx_word' id='word_1_336' title='bbox 2499 1915 2582 1966; x_wconf 86' lang='lat'><strong>10.</strong></span> <span class='ocrx_word' id='word_1_337' title='bbox 2637 1942 2706 1952; x_wconf 89' lang='lat'><strong>-—</strong></span> <span class='ocrx_word' id='word_1_338' title='bbox 2737 1913 2994 1969; x_wconf 87' lang='lat' dir='ltr'><strong>Cinerem.</strong></span> <span class='ocrx_word' id='word_1_339' title='bbox 3043 1913 3232 1984; x_wconf 76' lang='grc' dir='ltr'><strong>(Αυο.)</strong></span> <span class='ocrx_word' id='word_1_340' title='bbox 3279 1915 3385 1967; x_wconf 90' lang='lat' dir='ltr'><strong>Per</strong></span> <span class='ocrx_word' id='word_1_341' title='bbox 3411 1913 3659 1967; x_wconf 89' lang='lat' dir='ltr'><strong>cinerem</strong></span> <span class='ocrx_word' id='word_1_342' title='bbox 3698 1916 3748 1966; x_wconf 91' lang='lat' dir='ltr'><strong>et</strong></span> <span class='ocrx_word' id='word_1_343' title='bbox 3788 1913 3867 1966; x_wconf 84' lang='lat' dir='ltr'><strong>tle-</strong></span> 
     </span>
    </p>
   </div>
   <div class='ocr_carea' id='block_1_45' title="bbox 2218 2000 3863 2072">
    <p class='ocr_par' dir='ltr' id='par_1_45' title="bbox 2218 2000 3863 2072">
     <span class='ocr_line' id='line_1_45' title="bbox 2218 2000 3863 2072; baseline -0.002 -18"><span class='ocrx_word' id='word_1_344' title='bbox 2218 2005 2343 2054; x_wconf 88' lang='lat' dir='ltr'><strong>tum</strong></span> <span class='ocrx_word' id='word_1_345' title='bbox 2370 2000 2715 2071; x_wconf 74' lang='lat' dir='ltr'><strong>pmnitentes</strong></span> <span class='ocrx_word' id='word_1_346' title='bbox 2745 2000 3159 2072; x_wconf 89' lang='lat' dir='ltr'><strong>signiﬁcantur.</strong></span> <span class='ocrx_word' id='word_1_347' title='bbox 3193 2001 3347 2057; x_wconf 87' lang='lat' dir='ltr'><strong>Cinis</strong></span> <span class='ocrx_word' id='word_1_348' title='bbox 3377 2001 3537 2055; x_wconf 88' lang='lat' dir='ltr'><strong>enim</strong></span> <span class='ocrx_word' id='word_1_349' title='bbox 3585 2005 3638 2054; x_wconf 89' lang='lat' dir='ltr'><strong>et</strong></span> <span class='ocrx_word' id='word_1_350' title='bbox 3660 2000 3863 2054; x_wconf 87' lang='lat' dir='ltr'><strong>cilicium</strong></span> 
     </span>
    </p>
   </div>
   <div class='ocr_carea' id='block_1_46' title="bbox 2221 2089 3864 2161">
    <p class='ocr_par' dir='ltr' id='par_1_46' title="bbox 2221 2089 3864 2161">
     <span class='ocr_line' id='line_1_46' title="bbox 2221 2089 3864 2161; baseline -0.001 -19"><span class='ocrx_word' id='word_1_351' title='bbox 2221 2093 2355 2143; x_wconf 88' lang='lat' dir='ltr'><strong>sunt</strong></span> <span class='ocrx_word' id='word_1_352' title='bbox 2390 2105 2550 2143; x_wconf 90' lang='lat' dir='ltr'><strong>arma</strong></span> <span class='ocrx_word' id='word_1_353' title='bbox 2604 2089 3026 2159; x_wconf 77' lang='lat' dir='ltr'><strong>paenitentiam.</strong></span> <span class='ocrx_word' id='word_1_354' title='bbox 3088 2093 3293 2144; x_wconf 85' lang='lat' dir='ltr'><strong>Potum.</strong></span> <span class='ocrx_word' id='word_1_355' title='bbox 3347 2090 3559 2161; x_wconf 62' lang='lat' dir='ltr'><strong>(Cass)</strong></span> <span class='ocrx_word' id='word_1_356' title='bbox 3607 2091 3864 2159; x_wconf 83' lang='lat' dir='ltr'><strong>Tempora-</strong></span> 
     </span>
    </p>
   </div>
   <div class='ocr_carea' id='block_1_47' title="bbox 2221 2176 3860 2249">
    <p class='ocr_par' dir='ltr' id='par_1_47' title="bbox 2221 2176 3860 2249">
     <span class='ocr_line' id='line_1_47' title="bbox 2221 2176 3860 2249; baseline -0.003 -17"><span class='ocrx_word' id='word_1_357' title='bbox 2221 2179 2338 2232; x_wconf 90' lang='lat' dir='ltr'><strong>lem</strong></span> <span class='ocrx_word' id='word_1_358' title='bbox 2365 2177 2794 2249; x_wconf 78' lang='lat' dir='ltr'><strong>iucunditatem.</strong></span> <span class='ocrx_word' id='word_1_359' title='bbox 2830 2178 2925 2231; x_wconf 91' lang='lat' dir='ltr'><strong>Vel</strong></span> <span class='ocrx_word' id='word_1_360' title='bbox 2979 2178 3326 2232; x_wconf 87' lang='lat' dir='ltr'><strong>desiderium</strong></span> <span class='ocrx_word' id='word_1_361' title='bbox 3375 2178 3584 2248; x_wconf 66' lang='lat' dir='ltr'><strong>patriae</strong></span> <span class='ocrx_word' id='word_1_362' title='bbox 3633 2193 3727 2248; x_wconf 88' lang='lat' dir='ltr'><strong>pro</strong></span> <span class='ocrx_word' id='word_1_363' title='bbox 3753 2176 3860 2229; x_wconf 86' lang='lat' dir='ltr'><strong>dila-</strong></span> 
     </span>
    </p>
   </div>
   <div class='ocr_carea' id='block_1_48' title="bbox 2223 2265 3860 2337">
    <p class='ocr_par' dir='ltr' id='par_1_48' title="bbox 2223 2265 3860 2337">
     <span class='ocr_line' id='line_1_48' title="bbox 2223 2265 3860 2337; baseline -0.002 -17"><span class='ocrx_word' id='word_1_364' title='bbox 2223 2266 2378 2320; x_wconf 88' lang='lat' dir='ltr'><strong>tione</strong></span> <span class='ocrx_word' id='word_1_365' title='bbox 2428 2265 2693 2336; x_wconf 86' lang='lat' dir='ltr'><strong>lacrymis</strong></span> <span class='ocrx_word' id='word_1_366' title='bbox 2770 2265 3010 2334; x_wconf 87' lang='lat' dir='ltr'><strong>miscui;</strong></span> <span class='ocrx_word' id='word_1_367' title='bbox 3067 2267 3156 2320; x_wconf 88' lang='lat' dir='ltr'><strong>vel</strong></span> <span class='ocrx_word' id='word_1_368' title='bbox 3217 2270 3420 2336; x_wconf 91' lang='lat' dir='ltr'><strong>potum</strong></span> <span class='ocrx_word' id='word_1_369' title='bbox 3471 2266 3860 2337; x_wconf 85' lang='lat' dir='ltr'><strong>Scripturarum,</strong></span> 
     </span>
    </p>
   </div>
   <div class='ocr_carea' id='block_1_49' title="bbox 2225 2353 2921 2426">
    <p class='ocr_par' dir='ltr' id='par_1_49' title="bbox 2225 2353 2921 2426">
     <span class='ocr_line' id='line_1_49' title="bbox 2225 2353 2921 2426; baseline -0.001 -19"><span class='ocrx_word' id='word_1_370' title='bbox 2225 2371 2353 2426; x_wconf 66' lang='lat' dir='ltr'><strong>quae</strong></span> <span class='ocrx_word' id='word_1_371' title='bbox 2371 2353 2608 2424; x_wconf 87' lang='lat' dir='ltr'><strong>antiqua</strong></span> <span class='ocrx_word' id='word_1_372' title='bbox 2637 2353 2921 2407; x_wconf 89' lang='lat' dir='ltr'><strong>recolunt.</strong></span> 
     </span>
    </p>
   </div>
   <div class='ocr_carea' id='block_1_50' title="bbox 2296 2439 3859 2510">
    <p class='ocr_par' dir='ltr' id='par_1_50' title="bbox 2296 2439 3859 2510">
     <span class='ocr_line' id='line_1_50' title="bbox 2296 2439 3859 2510; baseline -0.002 -16"><span class='ocrx_word' id='word_1_373' title='bbox 2296 2442 2458 2495; x_wconf 89' lang='lat' dir='ltr'><strong>Vens.</strong></span> <span class='ocrx_word' id='word_1_374' title='bbox 2495 2443 2580 2494; x_wconf 90' lang='lat'><strong>11.</strong></span> <span class='ocrx_word' id='word_1_375' title='bbox 2620 2469 2690 2480; x_wconf 91' lang='lat'>—</span> <span class='ocrx_word' id='word_1_376' title='bbox 2739 2443 2790 2493; x_wconf 83' lang='lat' dir='ltr'><strong><em>A</em></strong></span> <span class='ocrx_word' id='word_1_377' title='bbox 2823 2441 2968 2506; x_wconf 81' lang='lat' dir='ltr'><strong>facie</strong></span> <span class='ocrx_word' id='word_1_378' title='bbox 3010 2442 3131 2495; x_wconf 64' lang='lat' dir='ltr'><strong>iraa.</strong></span> <span class='ocrx_word' id='word_1_379' title='bbox 3191 2441 3382 2510; x_wconf 63' lang='lat' dir='ltr'><strong>(Cass)</strong></span> <span class='ocrx_word' id='word_1_380' title='bbox 3434 2442 3550 2510; x_wconf 88' lang='lat' dir='ltr'><strong>Ira,</strong></span> <span class='ocrx_word' id='word_1_381' title='bbox 3597 2439 3756 2506; x_wconf 88' lang='lat' dir='ltr'><strong>ultio;</strong></span> <span class='ocrx_word' id='word_1_382' title='bbox 3798 2439 3859 2492; x_wconf 88' lang='lat' dir='ltr'><strong>in-</strong></span> 
     </span>
    </p>
   </div>
   <div class='ocr_carea' id='block_1_51' title="bbox 2229 2527 3862 2602">
    <p class='ocr_par' dir='ltr' id='par_1_51' title="bbox 2229 2527 3862 2602">
     <span class='ocr_line' id='line_1_51' title="bbox 2229 2527 3862 2602; baseline -0.005 -17"><span class='ocrx_word' id='word_1_383' title='bbox 2229 2530 2509 2602; x_wconf 84' lang='lat' dir='ltr'><strong>dignatio,</strong></span> <span class='ocrx_word' id='word_1_384' title='bbox 2535 2528 2711 2582; x_wconf 91' lang='lat' dir='ltr'><strong>motio</strong></span> <span class='ocrx_word' id='word_1_385' title='bbox 2737 2529 2930 2594; x_wconf 88' lang='lat' dir='ltr'><strong>animi,</strong></span> <span class='ocrx_word' id='word_1_386' title='bbox 2966 2545 3080 2600; x_wconf 89' lang='lat' dir='ltr'><strong>qua</strong></span> <span class='ocrx_word' id='word_1_387' title='bbox 3126 2529 3500 2601; x_wconf 88' lang='lat' dir='ltr'><strong>indignamur</strong></span> <span class='ocrx_word' id='word_1_388' title='bbox 3546 2529 3709 2583; x_wconf 90' lang='lat' dir='ltr'><strong>etiam</strong></span> <span class='ocrx_word' id='word_1_389' title='bbox 3750 2527 3862 2581; x_wconf 75' lang='lat' dir='ltr'><strong>filiis.</strong></span> 
     </span>
    </p>
   </div>
   <div class='ocr_carea' id='block_1_52' title="bbox 493 2612 3867 2693">
    <p class='ocr_par' dir='ltr' id='par_1_52' title="bbox 493 2612 3867 2693">
     <span class='ocr_line' id='line_1_52' title="bbox 493 2612 3867 2693; baseline -0.003 -17"><span class='ocrx_word' id='word_1_390' title='bbox 493 2619 676 2693; x_wconf 84' lang='lat' dir='ltr'><strong>(Auu.)</strong></span> <span class='ocrx_word' id='word_1_391' title='bbox 710 2620 836 2674; x_wconf 77' lang='lat' dir='ltr'><strong>Iam</strong></span> <span class='ocrx_word' id='word_1_392' title='bbox 885 2615 1242 2671; x_wconf 79' lang='lat' dir='ltr'><strong>enumeravit</strong></span> <span class='ocrx_word' id='word_1_393' title='bbox 1287 2614 1442 2684; x_wconf 87' lang='lat' dir='ltr'><strong>quod</strong></span> <span class='ocrx_word' id='word_1_394' title='bbox 1487 2617 1544 2668; x_wconf 79' lang='lat' dir='ltr'><strong>et</strong></span> <span class='ocrx_word' id='word_1_395' title='bbox 1583 2629 1704 2667; x_wconf 82' lang='lat' dir='ltr'><strong>non</strong></span> <span class='ocrx_word' id='word_1_396' title='bbox 1757 2612 2120 2666; x_wconf 57' lang='lat' dir='ltr'><strong>adhwserunt</strong></span> <span class='ocrx_word' id='word_1_397' title='bbox 2229 2621 2318 2673; x_wconf 86' lang='lat' dir='ltr'><strong>Ira</strong></span> <span class='ocrx_word' id='word_1_398' title='bbox 2347 2617 2557 2672; x_wconf 88' lang='lat' dir='ltr'><strong>dicitur</strong></span> <span class='ocrx_word' id='word_1_399' title='bbox 2583 2617 2832 2689; x_wconf 89' lang='lat' dir='ltr'><strong>impetus</strong></span> <span class='ocrx_word' id='word_1_400' title='bbox 2853 2618 2913 2670; x_wconf 93' lang='lat' dir='ltr'><strong>in</strong></span> <span class='ocrx_word' id='word_1_401' title='bbox 2943 2617 3286 2688; x_wconf 89' lang='lat' dir='ltr'><strong>puniendos,</strong></span> <span class='ocrx_word' id='word_1_402' title='bbox 3338 2634 3468 2690; x_wconf 61' lang='lat' dir='ltr'><strong>quia</strong></span> <span class='ocrx_word' id='word_1_403' title='bbox 3503 2619 3564 2672; x_wconf 90' lang='lat' dir='ltr'><strong>in</strong></span> <span class='ocrx_word' id='word_1_404' title='bbox 3593 2619 3758 2672; x_wconf 90' lang='lat' dir='ltr'><strong>Deum</strong></span> <span class='ocrx_word' id='word_1_405' title='bbox 3782 2630 3867 2668; x_wconf 87' lang='lat' dir='ltr'><strong>non</strong></span> 
     </span>
    </p>
   </div>
   <div class='ocr_carea' id='block_1_53' title="bbox 425 2699 3208 2777">
    <p class='ocr_par' dir='ltr' id='par_1_53' title="bbox 425 2699 3208 2777">
     <span class='ocr_line' id='line_1_53' title="bbox 425 2699 3208 2777; baseline -0.004 -13"><span class='ocrx_word' id='word_1_406' title='bbox 425 2709 536 2765; x_wconf 90' lang='lat' dir='ltr'><strong>nisi</strong></span> <span class='ocrx_word' id='word_1_407' title='bbox 564 2707 722 2774; x_wconf 88' lang='lat' dir='ltr'><strong>boni,</strong></span> <span class='ocrx_word' id='word_1_408' title='bbox 751 2712 880 2772; x_wconf 88' lang='lat' dir='ltr'><strong>etc.,</strong></span> <span class='ocrx_word' id='word_1_409' title='bbox 931 2719 1100 2775; x_wconf 88' lang='lat' dir='ltr'><strong>usque</strong></span> <span class='ocrx_word' id='word_1_410' title='bbox 1155 2703 1229 2757; x_wconf 87' lang='lat' dir='ltr'><strong>ad</strong></span> <span class='ocrx_word' id='word_1_411' title='bbox 1278 2703 1387 2756; x_wconf 89' lang='lat' dir='ltr'><strong>hoc</strong></span> <span class='ocrx_word' id='word_1_412' title='bbox 1415 2706 1471 2756; x_wconf 91' lang='lat' dir='ltr'><strong>et</strong></span> <span class='ocrx_word' id='word_1_413' title='bbox 1509 2702 1666 2772; x_wconf 89' lang='lat' dir='ltr'><strong>justo</strong></span> <span class='ocrx_word' id='word_1_414' title='bbox 1701 2701 1985 2768; x_wconf 90' lang='lat' dir='ltr'><strong>convenit,</strong></span> <span class='ocrx_word' id='word_1_415' title='bbox 2019 2699 2120 2771; x_wconf 92' lang='lat' dir='ltr'><strong>qui</strong></span> <span class='ocrx_word' id='word_1_416' title='bbox 2231 2709 2458 2764; x_wconf 73' lang='lat' dir='ltr'><strong>cadunt,</strong></span> <span class='ocrx_word' id='word_1_417' title='bbox 2484 2706 2592 2762; x_wconf 80' lang='lat' dir='ltr'><strong>Sed</strong></span> <span class='ocrx_word' id='word_1_418' title='bbox 2638 2711 2720 2761; x_wconf 84' lang='lat' dir='ltr'><strong>est</strong></span> <span class='ocrx_word' id='word_1_419' title='bbox 2741 2707 3208 2777; x_wconf 79' lang='lat' dir='ltr'><strong>antropopathos.</strong></span> 
     </span>
    </p>
   </div>
   <div class='ocr_carea' id='block_1_54' title="bbox 423 2788 1796 2868">
    <p class='ocr_par' dir='ltr' id='par_1_54' title="bbox 423 2788 1796 2868">
     <span class='ocr_line' id='line_1_54' title="bbox 423 2788 1796 2868; baseline -0.006 -17"><span class='ocrx_word' id='word_1_420' title='bbox 423 2795 698 2868; x_wconf 65' lang='lat' dir='ltr'><strong>praevidet</strong></span> <span class='ocrx_word' id='word_1_421' title='bbox 728 2795 834 2849; x_wconf 92' lang='lat' dir='ltr'><strong>hoc</strong></span> <span class='ocrx_word' id='word_1_422' title='bbox 861 2794 1143 2857; x_wconf 85' lang='lat' dir='ltr'><strong>futurum,</strong></span> <span class='ocrx_word' id='word_1_423' title='bbox 1180 2796 1232 2845; x_wconf 84' lang='lat' dir='ltr'><strong>et</strong></span> <span class='ocrx_word' id='word_1_424' title='bbox 1262 2790 1390 2845; x_wconf 90' lang='lat' dir='ltr'><strong>ideo</strong></span> <span class='ocrx_word' id='word_1_425' title='bbox 1419 2806 1478 2843; x_wconf 92' lang='lat' dir='ltr'><strong>se</strong></span> <span class='ocrx_word' id='word_1_426' title='bbox 1509 2788 1589 2843; x_wconf 86' lang='lat' dir='ltr'><strong>sic</strong></span> <span class='ocrx_word' id='word_1_427' title='bbox 1608 2788 1796 2843; x_wconf 89' lang='lat' dir='ltr'><strong>habet.</strong></span> 
     </span>
    </p>
   </div>
   <div class='ocr_carea' id='block_1_55' title="bbox 1029 2879 1481 2935">
    <p class='ocr_par' dir='ltr' id='par_1_55' title="bbox 1029 2879 1481 2935">
     <span class='ocr_line' id='line_1_55' title="bbox 1029 2879 1481 2935; baseline -0.002 0"><span class='ocrx_word' id='word_1_428' title='bbox 1029 2879 1344 2935; x_wconf 75' lang='lat' dir='ltr'><strong>PSALMUS</strong></span> <span class='ocrx_word' id='word_1_429' title='bbox 1397 2879 1481 2934; x_wconf 86' lang='lat' dir='ltr'><strong>Cl.</strong></span> 
     </span>
    </p>
   </div>
   <div class='ocr_carea' id='block_1_56' title="bbox 2301 2795 3876 2861">
    <p class='ocr_par' dir='ltr' id='par_1_56' title="bbox 2301 2795 3876 2861">
     <span class='ocr_line' id='line_1_56' title="bbox 2301 2795 3876 2861; baseline -0.003 -11"><span class='ocrx_word' id='word_1_430' title='bbox 2301 2799 2422 2851; x_wconf 60' lang='lat' dir='ltr'><strong>Ire.</strong></span> <span class='ocrx_word' id='word_1_431' title='bbox 2457 2795 2613 2850; x_wconf 89' lang='lat' dir='ltr'><strong>Unde</strong></span> <span class='ocrx_word' id='word_1_432' title='bbox 2635 2799 2690 2849; x_wconf 88' lang='lat' dir='ltr'><strong>et</strong></span> <span class='ocrx_word' id='word_1_433' title='bbox 2736 2795 3010 2850; x_wconf 91' lang='lat' dir='ltr'><strong>Dominus</strong></span> <span class='ocrx_word' id='word_1_434' title='bbox 3062 2795 3186 2849; x_wconf 90' lang='lat' dir='ltr'><strong>ait:</strong></span> <span class='ocrx_word' id='word_1_435' title='bbox 3219 2797 3312 2849; x_wconf 88' lang='lat' dir='ltr'><strong>Ira</strong></span> <span class='ocrx_word' id='word_1_436' title='bbox 3367 2795 3476 2849; x_wconf 89' lang='lat' dir='ltr'><strong>Dei</strong></span> <span class='ocrx_word' id='word_1_437' title='bbox 3529 2797 3703 2849; x_wconf 88' lang='lat' dir='ltr'><strong>manet</strong></span> <span class='ocrx_word' id='word_1_438' title='bbox 3746 2805 3876 2861; x_wconf 81' lang='lat' dir='ltr'><strong>super</strong></span> 
     </span>
    </p>
   </div>
   <div class='ocr_carea' id='block_1_57' title="bbox 2233 2880 3969 2955">
    <p class='ocr_par' dir='ltr' id='par_1_57' title="bbox 2233 2880 3969 2955">
     <span class='ocr_line' id='line_1_57' title="bbox 2233 2880 3969 2955; baseline -0.005 -16"><span class='ocrx_word' id='word_1_439' title='bbox 2233 2901 2316 2940; x_wconf 85' lang='lat' dir='ltr'><strong>eos</strong></span> <span class='ocrx_word' id='word_1_440' title='bbox 2355 2887 2452 2955; x_wconf 86' lang='lat' dir='ltr'><strong>qui</strong></span> <span class='ocrx_word' id='word_1_441' title='bbox 2498 2900 2604 2940; x_wconf 88' lang='lat' dir='ltr'><strong>non</strong></span> <span class='ocrx_word' id='word_1_442' title='bbox 2661 2884 2886 2939; x_wconf 88' lang='lat' dir='ltr'><strong>credunt</strong></span> <span class='ocrx_word' id='word_1_443' title='bbox 2940 2883 3119 2955; x_wconf 84' lang='lat' dir='ltr'><strong>(Joan.</strong></span> <span class='ocrx_word' id='word_1_444' title='bbox 3162 2887 3272 2951; x_wconf 80' lang='lat' dir='ltr'><strong>ur).</strong></span> <span class='ocrx_word' id='word_1_445' title='bbox 3337 2884 3462 2938; x_wconf 89' lang='lat' dir='ltr'><strong>Non</strong></span> <span class='ocrx_word' id='word_1_446' title='bbox 3523 2883 3617 2949; x_wconf 87' lang='lat' dir='ltr'><strong>ait,</strong></span> <span class='ocrx_word' id='word_1_447' title='bbox 3686 2880 3876 2942; x_wconf 85' lang='lat' dir='ltr'><strong>veniet;</strong></span> <span class='ocrx_word' id='word_1_448' title='bbox 3968 2905 3969 2908; x_wconf 57' lang='grc' dir='ltr'><strong>η</strong></span> 
     </span>
    </p>
   </div>
   <div class='ocr_carea' id='block_1_58' title="bbox 498 2965 3707 3045">
    <p class='ocr_par' dir='ltr' id='par_1_58' title="bbox 498 2965 3707 3045">
     <span class='ocr_line' id='line_1_58' title="bbox 498 2965 3707 3045; baseline 0.002 -25"><span class='ocrx_word' id='word_1_449' title='bbox 498 2975 666 3029; x_wconf 65' lang='lat' dir='ltr'><strong>vus.</strong></span> <span class='ocrx_word' id='word_1_450' title='bbox 728 2976 775 3026; x_wconf 78' lang='grc' dir='ltr'><strong>ί,</strong></span> <span class='ocrx_word' id='word_1_451' title='bbox 852 3001 920 3010; x_wconf 91' lang='grc'><strong><em>-</em></strong></span> <span class='ocrx_word' id='word_1_452' title='bbox 977 2971 1165 3024; x_wconf 79' lang='lat' dir='ltr'><strong>Oratio</strong></span> <span class='ocrx_word' id='word_1_453' title='bbox 1210 2970 1491 3039; x_wconf 84' lang='lat' dir='ltr'><strong>pauperis.</strong></span> <span class='ocrx_word' id='word_1_454' title='bbox 1543 2966 1728 3038; x_wconf 76' lang='grc' dir='ltr'><strong>(Αυο.)</strong></span> <span class='ocrx_word' id='word_1_455' title='bbox 1799 2965 2122 3022; x_wconf 80' lang='lat' dir='ltr'><strong>Secundum</strong></span> <span class='ocrx_word' id='word_1_456' title='bbox 2153 2969 2196 3026; x_wconf 87' lang='lat' dir='ltr'>C</span> <span class='ocrx_word' id='word_1_457' title='bbox 2232 2975 2327 3030; x_wconf 89' lang='lat' dir='ltr'><strong>sed</strong></span> <span class='ocrx_word' id='word_1_458' title='bbox 2347 2980 2545 3042; x_wconf 88' lang='lat' dir='ltr'><strong>manet,</strong></span> <span class='ocrx_word' id='word_1_459' title='bbox 2573 2973 2708 3044; x_wconf 90' lang='lat' dir='ltr'><strong>quia</strong></span> <span class='ocrx_word' id='word_1_460' title='bbox 2738 2989 2851 3028; x_wconf 91' lang='lat' dir='ltr'><strong>non</strong></span> <span class='ocrx_word' id='word_1_461' title='bbox 2880 2973 3122 3040; x_wconf 90' lang='lat' dir='ltr'><strong>tollitur,</strong></span> <span class='ocrx_word' id='word_1_462' title='bbox 3154 2973 3215 3027; x_wconf 93' lang='lat' dir='ltr'><strong>in</strong></span> <span class='ocrx_word' id='word_1_463' title='bbox 3267 2989 3382 3045; x_wconf 91' lang='lat' dir='ltr'><strong>qua</strong></span> <span class='ocrx_word' id='word_1_464' title='bbox 3412 2977 3580 3028; x_wconf 90' lang='lat' dir='ltr'><strong>natus</strong></span> <span class='ocrx_word' id='word_1_465' title='bbox 3610 2977 3707 3026; x_wconf 88' lang='lat' dir='ltr'><strong>est.</strong></span> 
     </span>
    </p>
   </div>
   <div class='ocr_carea' id='block_1_59' title="bbox 427 3055 2114 3127">
    <p class='ocr_par' dir='ltr' id='par_1_59' title="bbox 427 3055 2114 3127">
     <span class='ocr_line' id='line_1_59' title="bbox 427 3055 2114 3127; baseline -0.007 -9"><span class='ocrx_word' id='word_1_466' title='bbox 427 3065 671 3120; x_wconf 83' lang='lat' dir='ltr'><strong>formam</strong></span> <span class='ocrx_word' id='word_1_467' title='bbox 703 3059 866 3125; x_wconf 84' lang='lat' dir='ltr'><strong>servi,</strong></span> <span class='ocrx_word' id='word_1_468' title='bbox 897 3063 1029 3125; x_wconf 90' lang='lat' dir='ltr'><strong>etc.,</strong></span> <span class='ocrx_word' id='word_1_469' title='bbox 1058 3073 1228 3127; x_wconf 88' lang='lat' dir='ltr'><strong>usque</strong></span> <span class='ocrx_word' id='word_1_470' title='bbox 1275 3055 1350 3110; x_wconf 87' lang='lat' dir='ltr'><strong>ad</strong></span> <span class='ocrx_word' id='word_1_471' title='bbox 1388 3071 1632 3126; x_wconf 90' lang='lat' dir='ltr'><strong>sponsus</strong></span> <span class='ocrx_word' id='word_1_472' title='bbox 1657 3059 1894 3125; x_wconf 90' lang='lat' dir='ltr'><strong>propter</strong></span> <span class='ocrx_word' id='word_1_473' title='bbox 1922 3060 2114 3124; x_wconf 90' lang='lat' dir='ltr'><strong>caput,</strong></span> 
     </span>
    </p>
   </div>
   <div class='ocr_carea' id='block_1_60' title="bbox 426 3142 2119 3225">
    <p class='ocr_par' dir='ltr' id='par_1_60' title="bbox 426 3142 2119 3225">
     <span class='ocr_line' id='line_1_60' title="bbox 426 3142 2119 3225; baseline -0.008 -17"><span class='ocrx_word' id='word_1_474' title='bbox 426 3168 638 3225; x_wconf 90' lang='lat' dir='ltr'><strong>sponsa</strong></span> <span class='ocrx_word' id='word_1_475' title='bbox 661 3152 902 3222; x_wconf 85' lang='lat' dir='ltr'><strong>propter</strong></span> <span class='ocrx_word' id='word_1_476' title='bbox 943 3163 1166 3218; x_wconf 92' lang='lat' dir='ltr'><strong>corpus.</strong></span> <span class='ocrx_word' id='word_1_477' title='bbox 1223 3144 1476 3200; x_wconf 86' lang='lat' dir='ltr'><strong>Christus</strong></span> <span class='ocrx_word' id='word_1_478' title='bbox 1501 3159 1724 3214; x_wconf 90' lang='lat' dir='ltr'><strong>pauper</strong></span> <span class='ocrx_word' id='word_1_479' title='bbox 1752 3142 1812 3197; x_wconf 92' lang='lat' dir='ltr'><strong>in</strong></span> <span class='ocrx_word' id='word_1_480' title='bbox 1844 3142 2026 3208; x_wconf 91' lang='lat' dir='ltr'><strong>nobis,</strong></span> <span class='ocrx_word' id='word_1_481' title='bbox 2061 3147 2119 3194; x_wconf 89' lang='lat' dir='ltr'><strong>et</strong></span> 
     </span>
    </p>
   </div>
   <div class='ocr_carea' id='block_1_61' title="bbox 428 3230 2116 3306">
    <p class='ocr_par' dir='ltr' id='par_1_61' title="bbox 428 3230 2116 3306">
     <span class='ocr_line' id='line_1_61' title="bbox 428 3230 2116 3306; baseline -0.008 -10"><span class='ocrx_word' id='word_1_482' title='bbox 428 3241 750 3301; x_wconf 88' lang='lat' dir='ltr'><strong>nobiscum,</strong></span> <span class='ocrx_word' id='word_1_483' title='bbox 782 3241 839 3291; x_wconf 90' lang='lat' dir='ltr'><strong>et</strong></span> <span class='ocrx_word' id='word_1_484' title='bbox 865 3239 1098 3306; x_wconf 89' lang='lat' dir='ltr'><strong>propter</strong></span> <span class='ocrx_word' id='word_1_485' title='bbox 1141 3249 1265 3300; x_wconf 92' lang='lat' dir='ltr'><strong>nos,</strong></span> <span class='ocrx_word' id='word_1_486' title='bbox 1298 3232 1391 3285; x_wconf 91' lang='lat' dir='ltr'><strong>hic</strong></span> <span class='ocrx_word' id='word_1_487' title='bbox 1435 3235 1559 3285; x_wconf 89' lang='lat' dir='ltr'><strong>orat</strong></span> <span class='ocrx_word' id='word_1_488' title='bbox 1611 3230 1669 3284; x_wconf 91' lang='lat' dir='ltr'><strong>in</strong></span> <span class='ocrx_word' id='word_1_489' title='bbox 1698 3246 1946 3301; x_wconf 88' lang='lat' dir='ltr'><strong>persona</strong></span> <span class='ocrx_word' id='word_1_490' title='bbox 1993 3245 2116 3300; x_wconf 87' lang='lat' dir='ltr'><strong>poe-</strong></span> 
     </span>
    </p>
   </div>
   <div class='ocr_carea' id='block_1_62' title="bbox 428 3319 2119 3395">
    <p class='ocr_par' dir='ltr' id='par_1_62' title="bbox 428 3319 2119 3395">
     <span class='ocr_line' id='line_1_62' title="bbox 428 3319 2119 3395; baseline -0.008 -11"><span class='ocrx_word' id='word_1_491' title='bbox 428 3327 684 3395; x_wconf 83' lang='lat' dir='ltr'><strong>nitentis,</strong></span> <span class='ocrx_word' id='word_1_492' title='bbox 738 3341 900 3379; x_wconf 87' lang='lat' dir='ltr'><strong>suam</strong></span> <span class='ocrx_word' id='word_1_493' title='bbox 956 3323 1352 3394; x_wconf 88' lang='lat' dir='ltr'><strong>dejectionem,</strong></span> <span class='ocrx_word' id='word_1_494' title='bbox 1401 3324 1457 3374; x_wconf 93' lang='lat' dir='ltr'><strong>et</strong></span> <span class='ocrx_word' id='word_1_495' title='bbox 1512 3319 1842 3390; x_wconf 89' lang='lat' dir='ltr'><strong>dejectionis</strong></span> <span class='ocrx_word' id='word_1_496' title='bbox 1889 3333 2119 3373; x_wconf 90' lang='lat' dir='ltr'><strong>causam</strong></span> 
     </span>
    </p>
   </div>
   <div class='ocr_carea' id='block_1_63' title="bbox 428 3405 2116 3485">
    <p class='ocr_par' dir='ltr' id='par_1_63' title="bbox 428 3405 2116 3485">
     <span class='ocr_line' id='line_1_63' title="bbox 428 3405 2116 3485; baseline -0.008 -14"><span class='ocrx_word' id='word_1_497' title='bbox 428 3412 908 3485; x_wconf 87' lang='lat' dir='ltr'><strong>recognoscentis,</strong></span> <span class='ocrx_word' id='word_1_498' title='bbox 955 3416 1013 3464; x_wconf 89' lang='lat' dir='ltr'><strong>et</strong></span> <span class='ocrx_word' id='word_1_499' title='bbox 1041 3427 1072 3463; x_wconf 91' lang='lat' dir='ltr'><strong>a</strong></span> <span class='ocrx_word' id='word_1_500' title='bbox 1102 3409 1346 3481; x_wconf 90' lang='lat' dir='ltr'><strong>peccatis</strong></span> <span class='ocrx_word' id='word_1_501' title='bbox 1398 3407 1629 3462; x_wconf 88' lang='lat' dir='ltr'><strong>liberari</strong></span> <span class='ocrx_word' id='word_1_502' title='bbox 1668 3411 1840 3478; x_wconf 87' lang='lat' dir='ltr'><strong>atque</strong></span> <span class='ocrx_word' id='word_1_503' title='bbox 1897 3406 1959 3460; x_wconf 92' lang='lat' dir='ltr'><strong>in</strong></span> <span class='ocrx_word' id='word_1_504' title='bbox 1996 3405 2116 3477; x_wconf 89' lang='lat' dir='ltr'><strong>pri-</strong></span> 
     </span>
    </p>
   </div>
   <div class='ocr_carea' id='block_1_64' title="bbox 2297 3060 3878 3116">
    <p class='ocr_par' dir='ltr' id='par_1_64' title="bbox 2297 3060 3878 3116">
     <span class='ocr_line' id='line_1_64' title="bbox 2297 3060 3878 3116; baseline -0.001 -2"><span class='ocrx_word' id='word_1_505' title='bbox 2297 3063 2454 3116; x_wconf 89' lang='lat' dir='ltr'><strong>Vens.</strong></span> <span class='ocrx_word' id='word_1_506' title='bbox 2516 3063 2601 3115; x_wconf 85' lang='lat'><strong>12.</strong></span> <span class='ocrx_word' id='word_1_507' title='bbox 2636 3089 2704 3100; x_wconf 88' lang='lat'><strong>-—</strong></span> <span class='ocrx_word' id='word_1_508' title='bbox 2749 3062 2877 3114; x_wconf 73' lang='lat' dir='ltr'><strong>Dies</strong></span> <span class='ocrx_word' id='word_1_509' title='bbox 2927 3063 3032 3114; x_wconf 89' lang='lat' dir='ltr'><strong>mei</strong></span> <span class='ocrx_word' id='word_1_510' title='bbox 3084 3062 3226 3115; x_wconf 84' lang='lat' dir='ltr'><strong>sicut</strong></span> <span class='ocrx_word' id='word_1_511' title='bbox 3256 3061 3450 3115; x_wconf 88' lang='lat' dir='ltr'><strong>umbra</strong></span> <span class='ocrx_word' id='word_1_512' title='bbox 3495 3060 3878 3115; x_wconf 77' lang='lat' dir='ltr'><strong>declinaverunt.</strong></span> 
     </span>
    </p>
   </div>
   <div class='ocr_carea' id='block_1_65' title="bbox 2224 3147 3884 3219">
    <p class='ocr_par' dir='ltr' id='par_1_65' title="bbox 2224 3147 3884 3219">
     <span class='ocr_line' id='line_1_65' title="bbox 2224 3147 3884 3219; baseline -0.004 -15"><span class='ocrx_word' id='word_1_513' title='bbox 2224 3150 2368 3215; x_wconf 89' lang='lat' dir='ltr'><strong>Quia</strong></span> <span class='ocrx_word' id='word_1_514' title='bbox 2413 3164 2520 3219; x_wconf 92' lang='lat' dir='ltr'><strong>ego</strong></span> <span class='ocrx_word' id='word_1_515' title='bbox 2565 3165 2598 3202; x_wconf 89' lang='lat' dir='ltr'><strong>a</strong></span> <span class='ocrx_word' id='word_1_516' title='bbox 2652 3163 2787 3202; x_wconf 90' lang='lat' dir='ltr'><strong>vero</strong></span> <span class='ocrx_word' id='word_1_517' title='bbox 2832 3147 2924 3202; x_wconf 90' lang='lat' dir='ltr'><strong>die</strong></span> <span class='ocrx_word' id='word_1_518' title='bbox 2962 3147 3266 3217; x_wconf 89' lang='lat' dir='ltr'><strong>declinavi,</strong></span> <span class='ocrx_word' id='word_1_519' title='bbox 3324 3148 3543 3204; x_wconf 89' lang='lat' dir='ltr'><strong>similes</strong></span> <span class='ocrx_word' id='word_1_520' title='bbox 3595 3147 3732 3202; x_wconf 90' lang='lat' dir='ltr'><strong>mihi</strong></span> <span class='ocrx_word' id='word_1_521' title='bbox 3778 3147 3884 3199; x_wconf 85' lang='lat' dir='ltr'><strong>sunt</strong></span> 
     </span>
    </p>
   </div>
   <div class='ocr_carea' id='block_1_66' title="bbox 2229 3235 2888 3294">
    <p class='ocr_par' dir='ltr' id='par_1_66' title="bbox 2229 3235 2888 3294">
     <span class='ocr_line' id='line_1_66' title="bbox 2229 3235 2888 3294; baseline -0.002 -1"><span class='ocrx_word' id='word_1_522' title='bbox 2229 3238 2580 3294; x_wconf 90' lang='lat' dir='ltr'><strong>declinantes</strong></span> <span class='ocrx_word' id='word_1_523' title='bbox 2603 3235 2724 3292; x_wconf 87' lang='lat' dir='ltr'><strong>dies</strong></span> <span class='ocrx_word' id='word_1_524' title='bbox 2754 3237 2888 3292; x_wconf 89' lang='lat' dir='ltr'><strong>mei.</strong></span> 
     </span>
    </p>
   </div>
   <div class='ocr_carea' id='block_1_67' title="bbox 2297 3323 3875 3397">
    <p class='ocr_par' dir='ltr' id='par_1_67' title="bbox 2297 3323 3875 3397">
     <span class='ocr_line' id='line_1_67' title="bbox 2297 3323 3875 3397; baseline -0.003 -18"><span class='ocrx_word' id='word_1_525' title='bbox 2297 3327 2460 3380; x_wconf 87' lang='lat' dir='ltr'><strong>Vens.</strong></span> <span class='ocrx_word' id='word_1_526' title='bbox 2512 3327 2601 3382; x_wconf 87' lang='lat'><strong>13.</strong></span> <span class='ocrx_word' id='word_1_527' title='bbox 2669 3353 2740 3366; x_wconf 90' lang='lat'><strong>—</strong></span> <span class='ocrx_word' id='word_1_528' title='bbox 2772 3327 2851 3380; x_wconf 89' lang='lat' dir='ltr'><strong>Tu</strong></span> <span class='ocrx_word' id='word_1_529' title='bbox 2881 3329 3080 3392; x_wconf 82' lang='lat' dir='ltr'><strong>autem,</strong></span> <span class='ocrx_word' id='word_1_530' title='bbox 3112 3328 3218 3379; x_wconf 88' lang='lat' dir='ltr'><strong>etc.</strong></span> <span class='ocrx_word' id='word_1_531' title='bbox 3271 3324 3473 3397; x_wconf 59' lang='lat' dir='ltr'><strong>(Cass)</strong></span> <span class='ocrx_word' id='word_1_532' title='bbox 3515 3323 3701 3381; x_wconf 87' lang='lat' dir='ltr'><strong>Tertia</strong></span> <span class='ocrx_word' id='word_1_533' title='bbox 3750 3337 3875 3394; x_wconf 85' lang='lat' dir='ltr'><strong>pars,</strong></span> 
     </span>
    </p>
   </div>
   <div class='ocr_carea' id='block_1_68' title="bbox 2227 3413 3883 3484">
    <p class='ocr_par' dir='ltr' id='par_1_68' title="bbox 2227 3413 3883 3484">
     <span class='ocr_line' id='line_1_68' title="bbox 2227 3413 3883 3484; baseline -0.004 -14"><span class='ocrx_word' id='word_1_534' title='bbox 2227 3414 2327 3470; x_wconf 91' lang='lat' dir='ltr'><strong>ubi</strong></span> <span class='ocrx_word' id='word_1_535' title='bbox 2382 3413 2700 3468; x_wconf 87' lang='lat' dir='ltr'><strong>ostenditur</strong></span> <span class='ocrx_word' id='word_1_536' title='bbox 2755 3413 3036 3468; x_wconf 88' lang='lat' dir='ltr'><strong>certitudo</strong></span> <span class='ocrx_word' id='word_1_537' title='bbox 3087 3413 3437 3484; x_wconf 89' lang='lat' dir='ltr'><strong>impetrandi</strong></span> <span class='ocrx_word' id='word_1_538' title='bbox 3491 3413 3732 3469; x_wconf 89' lang='lat' dir='ltr'><strong>veniam.</strong></span> <span class='ocrx_word' id='word_1_539' title='bbox 3784 3413 3883 3466; x_wconf 79' lang='lat' dir='ltr'><strong>lam</strong></span> 
     </span>
    </p>
   </div>
   <div class='ocr_carea' id='block_1_69' title="bbox 429 3495 2122 3566">
    <p class='ocr_par' dir='ltr' id='par_1_69' title="bbox 429 3495 2122 3566">
     <span class='ocr_line' id='line_1_69' title="bbox 429 3495 2122 3566; baseline -0.006 -8"><span class='ocrx_word' id='word_1_540' title='bbox 429 3504 643 3560; x_wconf 90' lang='lat' dir='ltr'><strong>stinum</strong></span> <span class='ocrx_word' id='word_1_541' title='bbox 701 3503 909 3554; x_wconf 89' lang='lat' dir='ltr'><strong>statum</strong></span> <span class='ocrx_word' id='word_1_542' title='bbox 965 3497 1188 3552; x_wconf 86' lang='lat' dir='ltr'><strong>restitui</strong></span> <span class='ocrx_word' id='word_1_543' title='bbox 1227 3495 1494 3566; x_wconf 89' lang='lat' dir='ltr'><strong>petentis.</strong></span> <span class='ocrx_word' id='word_1_544' title='bbox 1551 3496 1738 3549; x_wconf 86' lang='lat' dir='ltr'><strong>Monet</strong></span> <span class='ocrx_word' id='word_1_545' title='bbox 1784 3511 1920 3565; x_wconf 88' lang='lat' dir='ltr'><strong>ergo</strong></span> <span class='ocrx_word' id='word_1_546' title='bbox 1959 3509 2122 3548; x_wconf 90' lang='lat' dir='ltr'><strong>suam</strong></span> 
     </span>
    </p>
   </div>
   <div class='ocr_carea' id='block_1_70' title="bbox 428 3583 2012 3655">
    <p class='ocr_par' dir='ltr' id='par_1_70' title="bbox 428 3583 2012 3655">
     <span class='ocr_line' id='line_1_70' title="bbox 428 3583 2012 3655; baseline -0.007 -9"><span class='ocrx_word' id='word_1_547' title='bbox 428 3593 722 3646; x_wconf 80' lang='lat' dir='ltr'><strong>advertere</strong></span> <span class='ocrx_word' id='word_1_548' title='bbox 753 3586 1058 3655; x_wconf 88' lang='lat' dir='ltr'><strong>miseriam,</strong></span> <span class='ocrx_word' id='word_1_549' title='bbox 1088 3590 1144 3640; x_wconf 92' lang='lat' dir='ltr'><strong>et</strong></span> <span class='ocrx_word' id='word_1_550' title='bbox 1191 3584 1288 3639; x_wconf 91' lang='lat' dir='ltr'><strong>Dei</strong></span> <span class='ocrx_word' id='word_1_551' title='bbox 1317 3589 1513 3654; x_wconf 90' lang='lat' dir='ltr'><strong>petere</strong></span> <span class='ocrx_word' id='word_1_552' title='bbox 1542 3583 2012 3638; x_wconf 89' lang='lat' dir='ltr'><strong>misericordiam.</strong></span> 
     </span>
    </p>
   </div>
   <div class='ocr_carea' id='block_1_71' title="bbox 499 3672 2124 3736">
    <p class='ocr_par' dir='ltr' id='par_1_71' title="bbox 499 3672 2124 3736">
     <span class='ocr_line' id='line_1_71' title="bbox 499 3672 2124 3736; baseline -0.005 -3"><span class='ocrx_word' id='word_1_553' title='bbox 499 3681 661 3733; x_wconf 87' lang='lat' dir='ltr'><strong>Vens.</strong></span> <span class='ocrx_word' id='word_1_554' title='bbox 737 3680 791 3732; x_wconf 79' lang='lat'><strong>2.</strong></span> <span class='ocrx_word' id='word_1_555' title='bbox 873 3704 940 3716; x_wconf 96' lang='lat'><strong>—</strong></span> <span class='ocrx_word' id='word_1_556' title='bbox 1016 3675 1262 3736; x_wconf 85' lang='lat' dir='ltr'><strong>Domine,</strong></span> <span class='ocrx_word' id='word_1_557' title='bbox 1336 3672 1541 3726; x_wconf 67' lang='lat' dir='ltr'><strong>exaudi</strong></span> <span class='ocrx_word' id='word_1_558' title='bbox 1586 3674 1879 3727; x_wconf 84' lang='lat' dir='ltr'><strong>orationem</strong></span> <span class='ocrx_word' id='word_1_559' title='bbox 1936 3687 2124 3726; x_wconf 87' lang='lat' dir='ltr'><strong>meam.</strong></span> 
     </span>
    </p>
   </div>
   <div class='ocr_carea' id='block_1_72' title="bbox 2229 3499 3884 3575">
    <p class='ocr_par' dir='ltr' id='par_1_72' title="bbox 2229 3499 3884 3575">
     <span class='ocr_line' id='line_1_72' title="bbox 2229 3499 3884 3575; baseline -0.005 -17"><span class='ocrx_word' id='word_1_560' title='bbox 2229 3502 2520 3572; x_wconf 89' lang='lat' dir='ltr'><strong>consurgit</strong></span> <span class='ocrx_word' id='word_1_561' title='bbox 2569 3502 2760 3573; x_wconf 88' lang='lat' dir='ltr'><strong>lapsus</strong></span> <span class='ocrx_word' id='word_1_562' title='bbox 2815 3501 2887 3557; x_wconf 88' lang='lat' dir='ltr'><strong>ad</strong></span> <span class='ocrx_word' id='word_1_563' title='bbox 2935 3502 3422 3574; x_wconf 88' lang='lat' dir='ltr'><strong>prophetandum,</strong></span> <span class='ocrx_word' id='word_1_564' title='bbox 3481 3503 3604 3575; x_wconf 90' lang='lat' dir='ltr'><strong>jam</strong></span> <span class='ocrx_word' id='word_1_565' title='bbox 3643 3499 3884 3574; x_wconf 83' lang='lat' dir='ltr'><strong>paenitens</strong></span> 
     </span>
    </p>
   </div>
   <div class='ocr_carea' id='block_1_73' title="bbox 2229 3591 2660 3663">
    <p class='ocr_par' dir='ltr' id='par_1_73' title="bbox 2229 3591 2660 3663">
     <span class='ocr_line' id='line_1_73' title="bbox 2229 3591 2660 3663; baseline -0.005 -17"><span class='ocrx_word' id='word_1_566' title='bbox 2229 3596 2400 3663; x_wconf 89' lang='lat' dir='ltr'><strong>caput</strong></span> <span class='ocrx_word' id='word_1_567' title='bbox 2427 3591 2660 3645; x_wconf 86' lang='lat' dir='ltr'><strong>relevat.</strong></span> 
     </span>
    </p>
   </div>
   <div class='ocr_carea' id='block_1_74' title="bbox 2302 3678 3886 3752">
    <p class='ocr_par' dir='ltr' id='par_1_74' title="bbox 2302 3678 3886 3752">
     <span class='ocr_line' id='line_1_74' title="bbox 2302 3678 3886 3752; baseline -0.004 -18"><span class='ocrx_word' id='word_1_568' title='bbox 2302 3679 2492 3751; x_wconf 73' lang='grc' dir='ltr'><strong>(Αυθ.)</strong></span> <span class='ocrx_word' id='word_1_569' title='bbox 2550 3678 2877 3734; x_wconf 82' lang='lat' dir='ltr'><strong>Memoriale</strong></span> <span class='ocrx_word' id='word_1_570' title='bbox 2929 3679 3277 3752; x_wconf 88' lang='lat' dir='ltr'><strong>promissum</strong></span> <span class='ocrx_word' id='word_1_571' title='bbox 3328 3678 3724 3749; x_wconf 85' lang='lat' dir='ltr'><strong>memorabile,</strong></span> <span class='ocrx_word' id='word_1_572' title='bbox 3751 3678 3813 3732; x_wconf 89' lang='lat' dir='ltr'><strong>de</strong></span> <span class='ocrx_word' id='word_1_573' title='bbox 3845 3679 3886 3727; x_wconf 81' lang='lat' dir='ltr'><strong>te</strong></span> 
     </span>
    </p>
   </div>
   <div class='ocr_carea' id='block_1_75' title="bbox 2233 3763 3885 3840">
    <p class='ocr_par' dir='ltr' id='par_1_75' title="bbox 2233 3763 3885 3840">
     <span class='ocr_line' id='line_1_75' title="bbox 2233 3763 3885 3840; baseline -0.004 -18"><span class='ocrx_word' id='word_1_574' title='bbox 2233 3767 2515 3840; x_wconf 88' lang='lat' dir='ltr'><strong>reparatio</strong></span> <span class='ocrx_word' id='word_1_575' title='bbox 2547 3773 2757 3834; x_wconf 89' lang='lat' dir='ltr'><strong>nostra,</strong></span> <span class='ocrx_word' id='word_1_576' title='bbox 2779 3767 2915 3838; x_wconf 89' lang='lat' dir='ltr'><strong>quia</strong></span> <span class='ocrx_word' id='word_1_577' title='bbox 2936 3772 2996 3822; x_wconf 89' lang='lat' dir='ltr'><strong>tu</strong></span> <span class='ocrx_word' id='word_1_578' title='bbox 3020 3769 3222 3838; x_wconf 87' lang='lat' dir='ltr'><strong>nostri,</strong></span> <span class='ocrx_word' id='word_1_579' title='bbox 3247 3768 3336 3823; x_wconf 91' lang='lat' dir='ltr'><strong>vel</strong></span> <span class='ocrx_word' id='word_1_580' title='bbox 3376 3785 3484 3823; x_wconf 89' lang='lat' dir='ltr'><strong>nos</strong></span> <span class='ocrx_word' id='word_1_581' title='bbox 3508 3783 3783 3823; x_wconf 89' lang='lat' dir='ltr'><strong>memores</strong></span> <span class='ocrx_word' id='word_1_582' title='bbox 3807 3763 3885 3821; x_wconf 88' lang='lat' dir='ltr'><strong>tui.</strong></span> 
     </span>
    </p>
   </div>
   <div class='ocr_carea' id='block_1_76' title="bbox 2302 3855 3886 3928">
    <p class='ocr_par' dir='ltr' id='par_1_76' title="bbox 2302 3855 3886 3928">
     <span class='ocr_line' id='line_1_76' title="bbox 2302 3855 3886 3928; baseline -0.004 -18"><span class='ocrx_word' id='word_1_583' title='bbox 2302 3859 2463 3912; x_wconf 83' lang='lat' dir='ltr'><strong>Vens.</strong></span> <span class='ocrx_word' id='word_1_584' title='bbox 2507 3857 2590 3912; x_wconf 76' lang='grc'><strong>14.</strong></span> <span class='ocrx_word' id='word_1_585' title='bbox 2621 3886 2689 3898; x_wconf 89' lang='grc'><strong><em>-</em></strong></span> <span class='ocrx_word' id='word_1_586' title='bbox 2726 3859 2886 3914; x_wconf 85' lang='lat' dir='ltr'><strong>Venit</strong></span> <span class='ocrx_word' id='word_1_587' title='bbox 2941 3861 3166 3928; x_wconf 86' lang='lat' dir='ltr'><strong>tempus.</strong></span> <span class='ocrx_word' id='word_1_588' title='bbox 3193 3856 3381 3927; x_wconf 80' lang='lat' dir='ltr'><strong>(Auo.)</strong></span> <span class='ocrx_word' id='word_1_589' title='bbox 3433 3856 3582 3921; x_wconf 89' lang='lat' dir='ltr'><strong>Quia</strong></span> <span class='ocrx_word' id='word_1_590' title='bbox 3609 3855 3789 3910; x_wconf 87' lang='lat' dir='ltr'><strong>omnia</strong></span> <span class='ocrx_word' id='word_1_591' title='bbox 3817 3867 3886 3905; x_wconf 89' lang='lat' dir='ltr'><strong>or-</strong></span> 
     </span>
    </p>
   </div>
   <div class='ocr_carea' id='block_1_77' title="bbox 2234 3937 3887 4015">
    <p class='ocr_par' dir='ltr' id='par_1_77' title="bbox 2234 3937 3887 4015">
     <span class='ocr_line' id='line_1_77' title="bbox 2234 3937 3887 4015; baseline -0.003 -17"><span class='ocrx_word' id='word_1_592' title='bbox 2234 3943 2367 3998; x_wconf 90' lang='lat' dir='ltr'><strong>dine</strong></span> <span class='ocrx_word' id='word_1_593' title='bbox 2389 3943 2572 3998; x_wconf 88' lang='lat' dir='ltr'><strong>voluit</strong></span> <span class='ocrx_word' id='word_1_594' title='bbox 2601 3945 2749 3998; x_wconf 91' lang='lat' dir='ltr'><strong>Deus</strong></span> <span class='ocrx_word' id='word_1_595' title='bbox 2777 3943 2926 4012; x_wconf 87' lang='lat' dir='ltr'><strong>ﬁeri,</strong></span> <span class='ocrx_word' id='word_1_596' title='bbox 2956 3949 3013 3998; x_wconf 88' lang='lat' dir='ltr'><strong>et</strong></span> <span class='ocrx_word' id='word_1_597' title='bbox 3070 3947 3299 4015; x_wconf 89' lang='lat' dir='ltr'><strong>tempus</strong></span> <span class='ocrx_word' id='word_1_598' title='bbox 3353 3943 3424 3998; x_wconf 88' lang='lat' dir='ltr'><strong>ad</strong></span> <span class='ocrx_word' id='word_1_599' title='bbox 3455 3943 3568 3998; x_wconf 90' lang='lat' dir='ltr'><strong>hoc</strong></span> <span class='ocrx_word' id='word_1_600' title='bbox 3619 3937 3887 4012; x_wconf 84' lang='lat' dir='ltr'><strong>disposuit,</strong></span> 
     </span>
    </p>
   </div>
   <div class='ocr_carea' id='block_1_78' title="bbox 2235 4031 3348 4103">
    <p class='ocr_par' dir='ltr' id='par_1_78' title="bbox 2235 4031 3348 4103">
     <span class='ocr_line' id='line_1_78' title="bbox 2235 4031 3348 4103; baseline -0.001 -17"><span class='ocrx_word' id='word_1_601' title='bbox 2235 4032 2330 4086; x_wconf 91' lang='lat' dir='ltr'><strong>ubi</strong></span> <span class='ocrx_word' id='word_1_602' title='bbox 2363 4032 2763 4103; x_wconf 89' lang='lat' dir='ltr'><strong>opportunitas</strong></span> <span class='ocrx_word' id='word_1_603' title='bbox 2791 4037 2923 4102; x_wconf 86' lang='lat' dir='ltr'><strong>apte</strong></span> <span class='ocrx_word' id='word_1_604' title='bbox 2954 4031 3216 4087; x_wconf 88' lang='lat' dir='ltr'><strong>ordinata</strong></span> <span class='ocrx_word' id='word_1_605' title='bbox 3245 4036 3348 4086; x_wconf 88' lang='lat' dir='ltr'><strong>est.</strong></span> 
     </span>
    </p>
   </div>
   <div class='ocr_carea' id='block_1_79' title="bbox 2305 4113 3885 4190">
    <p class='ocr_par' dir='ltr' id='par_1_79' title="bbox 2305 4113 3885 4190">
     <span class='ocr_line' id='line_1_79' title="bbox 2305 4113 3885 4190; baseline -0.005 -14"><span class='ocrx_word' id='word_1_606' title='bbox 2305 4123 2468 4176; x_wconf 85' lang='lat' dir='ltr'><strong>Vens.</strong></span> <span class='ocrx_word' id='word_1_607' title='bbox 2504 4124 2588 4176; x_wconf 83' lang='lat'><strong>15.</strong></span> <span class='ocrx_word' id='word_1_608' title='bbox 2616 4150 2677 4160; x_wconf 96' lang='lat'><strong><em>—</em></strong></span> <span class='ocrx_word' id='word_1_609' title='bbox 2709 4121 2947 4190; x_wconf 82' lang='lat' dir='ltr'><strong>Lapides</strong></span> <span class='ocrx_word' id='word_1_610' title='bbox 2994 4121 3128 4190; x_wconf 84' lang='lat' dir='ltr'><strong>ejus.</strong></span> <span class='ocrx_word' id='word_1_611' title='bbox 3177 4119 3363 4190; x_wconf 83' lang='lat' dir='ltr'><strong>(Auc.)</strong></span> <span class='ocrx_word' id='word_1_612' title='bbox 3398 4119 3548 4176; x_wconf 89' lang='lat' dir='ltr'><strong>Sunt</strong></span> <span class='ocrx_word' id='word_1_613' title='bbox 3607 4117 3812 4190; x_wconf 89' lang='lat' dir='ltr'><strong>lapides</strong></span> <span class='ocrx_word' id='word_1_614' title='bbox 3842 4113 3885 4167; x_wconf 89' lang='lat' dir='ltr'><strong>in</strong></span> 
     </span>
    </p>
   </div>
   <div class='ocr_carea' id='block_1_80' title="bbox 503 4203 3883 4309">
    <p class='ocr_par' dir='ltr' id='par_1_80' title="bbox 503 4203 3883 4309">
     <span class='ocr_line' id='line_1_80' title="bbox 503 4203 3883 4309; baseline -0.003 -45"><span class='ocrx_word' id='word_1_615' title='bbox 503 4211 670 4307; x_wconf 77' lang='lat' dir='ltr'><strong>Vens.</strong></span> <span class='ocrx_word' id='word_1_616' title='bbox 731 4209 783 4262; x_wconf 60' lang='grc'><strong>4.</strong></span> <span class='ocrx_word' id='word_1_617' title='bbox 866 4234 926 4246; x_wconf 91' lang='lat'><strong>-—</strong></span> <span class='ocrx_word' id='word_1_618' title='bbox 987 4205 1549 4309; x_wconf 42' lang='lat' dir='ltr'><strong>Quiumdefecerunt..</strong></span> <span class='ocrx_word' id='word_1_619' title='bbox 1598 4203 1794 4275; x_wconf 78' lang='lat' dir='ltr'><strong>(CASS.)</strong></span> <span class='ocrx_word' id='word_1_620' title='bbox 1866 4203 2198 4309; x_wconf 59' lang='lat' dir='ltr'><strong>SecundaD</strong></span> <span class='ocrx_word' id='word_1_621' title='bbox 2236 4209 2392 4275; x_wconf 89' lang='lat' dir='ltr'><strong>Sion,</strong></span> <span class='ocrx_word' id='word_1_622' title='bbox 2429 4215 2558 4276; x_wconf 90' lang='lat' dir='ltr'><strong>etc.,</strong></span> <span class='ocrx_word' id='word_1_623' title='bbox 2617 4223 2787 4278; x_wconf 86' lang='lat' dir='ltr'><strong>usque</strong></span> <span class='ocrx_word' id='word_1_624' title='bbox 2838 4209 2912 4262; x_wconf 88' lang='lat' dir='ltr'><strong>ad</strong></span> <span class='ocrx_word' id='word_1_625' title='bbox 2958 4208 3091 4262; x_wconf 90' lang='lat' dir='ltr'><strong>inde</strong></span> <span class='ocrx_word' id='word_1_626' title='bbox 3120 4212 3208 4262; x_wconf 90' lang='lat' dir='ltr'><strong>est</strong></span> <span class='ocrx_word' id='word_1_627' title='bbox 3265 4208 3419 4280; x_wconf 92' lang='lat' dir='ltr'><strong>quod</strong></span> <span class='ocrx_word' id='word_1_628' title='bbox 3478 4207 3654 4261; x_wconf 87' lang='lat' dir='ltr'><strong>misso</strong></span> <span class='ocrx_word' id='word_1_629' title='bbox 3710 4204 3883 4276; x_wconf 86' lang='lat' dir='ltr'><strong>Spiritu</strong></span> 
     </span>
    </p>
   </div>
   <div class='ocr_carea' id='block_1_81' title="bbox 426 4291 3881 4369">
    <p class='ocr_par' dir='ltr' id='par_1_81' title="bbox 426 4291 3881 4369">
     <span class='ocr_line' id='line_1_81' title="bbox 426 4291 3881 4369; baseline -0.005 -6"><span class='ocrx_word' id='word_1_630' title='bbox 426 4315 584 4369; x_wconf 68' lang='lat' dir='ltr'><strong>pars.</strong></span> <span class='ocrx_word' id='word_1_631' title='bbox 632 4296 695 4351; x_wconf 79' lang='lat' dir='ltr'><strong>in</strong></span> <span class='ocrx_word' id='word_1_632' title='bbox 740 4311 854 4366; x_wconf 77' lang='lat' dir='ltr'><strong>qua</strong></span> <span class='ocrx_word' id='word_1_633' title='bbox 884 4298 969 4349; x_wconf 66' lang='lat' dir='ltr'><strong>est</strong></span> <span class='ocrx_word' id='word_1_634' title='bbox 1024 4292 1232 4346; x_wconf 71' lang='lat' dir='ltr'><strong>ﬂebilis</strong></span> <span class='ocrx_word' id='word_1_635' title='bbox 1264 4293 1480 4359; x_wconf 69' lang='grc' dir='ltr'><strong>οτειίος</strong></span> <span class='ocrx_word' id='word_1_636' title='bbox 1535 4291 1596 4346; x_wconf 72' lang='lat' dir='ltr'><strong>in</strong></span> <span class='ocrx_word' id='word_1_637' title='bbox 1653 4308 1767 4363; x_wconf 80' lang='lat' dir='ltr'><strong>qua</strong></span> <span class='ocrx_word' id='word_1_638' title='bbox 1796 4291 2116 4363; x_wconf 66' lang='lat' dir='ltr'><strong>exponitur.</strong></span> <span class='ocrx_word' id='word_1_639' title='bbox 2151 4291 2197 4309; x_wconf 73' lang='lat'><strong><em>&quot;</em></strong></span> <span class='ocrx_word' id='word_1_640' title='bbox 2235 4303 2429 4352; x_wconf 89' lang='lat' dir='ltr'><strong>sancto</strong></span> <span class='ocrx_word' id='word_1_641' title='bbox 2450 4296 2618 4351; x_wconf 90' lang='lat' dir='ltr'><strong>multi</strong></span> <span class='ocrx_word' id='word_1_642' title='bbox 2648 4312 2852 4352; x_wconf 89' lang='lat' dir='ltr'><strong>eorum</strong></span> <span class='ocrx_word' id='word_1_643' title='bbox 2894 4296 3259 4352; x_wconf 89' lang='lat' dir='ltr'><strong>crediderunt</strong></span> <span class='ocrx_word' id='word_1_644' title='bbox 3296 4295 3396 4368; x_wconf 90' lang='lat' dir='ltr'><strong>qui</strong></span> <span class='ocrx_word' id='word_1_645' title='bbox 3439 4295 3749 4350; x_wconf 90' lang='lat' dir='ltr'><strong>Dominum</strong></span> <span class='ocrx_word' id='word_1_646' title='bbox 3792 4305 3881 4346; x_wconf 88' lang='lat' dir='ltr'><strong>cru-</strong></span> 
     </span>
    </p>
   </div>
   <div class='ocr_carea' id='block_1_82' title="bbox 432 3759 2126 3839">
    <p class='ocr_par' dir='ltr' id='par_1_82' title="bbox 432 3759 2126 3839">
     <span class='ocr_line' id='line_1_82' title="bbox 432 3759 2126 3839; baseline -0.005 -17"><span class='ocrx_word' id='word_1_647' title='bbox 432 3766 627 3839; x_wconf 75' lang='lat' dir='ltr'><strong>(CAss.)</strong></span> <span class='ocrx_word' id='word_1_648' title='bbox 693 3764 937 3830; x_wconf 90' lang='lat' dir='ltr'><strong>Quintus</strong></span> <span class='ocrx_word' id='word_1_649' title='bbox 988 3763 1241 3833; x_wconf 81' lang='lat' dir='ltr'><strong>psalmus</strong></span> <span class='ocrx_word' id='word_1_650' title='bbox 1297 3760 1682 3832; x_wconf 70' lang='lat' dir='ltr'><strong>paenitentiae;</strong></span> <span class='ocrx_word' id='word_1_651' title='bbox 1739 3764 1978 3832; x_wconf 88' lang='lat' dir='ltr'><strong>quartus</strong></span> <span class='ocrx_word' id='word_1_652' title='bbox 2025 3759 2126 3831; x_wconf 89' lang='lat' dir='ltr'><strong>qui</strong></span> 
     </span>
    </p>
   </div>
   <div class='ocr_carea' id='block_1_83' title="bbox 429 3848 1944 3922">
    <p class='ocr_par' dir='ltr' id='par_1_83' title="bbox 429 3848 1944 3922">
     <span class='ocr_line' id='line_1_83' title="bbox 429 3848 1944 3922; baseline -0.006 -11"><span class='ocrx_word' id='word_1_653' title='bbox 429 3855 612 3912; x_wconf 88' lang='lat' dir='ltr'><strong>oratio</strong></span> <span class='ocrx_word' id='word_1_654' title='bbox 639 3853 872 3908; x_wconf 88' lang='lat' dir='ltr'><strong>dicitur.</strong></span> <span class='ocrx_word' id='word_1_655' title='bbox 905 3851 1092 3906; x_wconf 85' lang='lat' dir='ltr'><strong>Prima</strong></span> <span class='ocrx_word' id='word_1_656' title='bbox 1119 3867 1269 3921; x_wconf 88' lang='lat' dir='ltr'><strong>pars,</strong></span> <span class='ocrx_word' id='word_1_657' title='bbox 1303 3849 1547 3922; x_wconf 89' lang='lat' dir='ltr'><strong>captatio</strong></span> <span class='ocrx_word' id='word_1_658' title='bbox 1569 3848 1944 3919; x_wconf 87' lang='lat' dir='ltr'><strong>deprecativa.</strong></span> 
     </span>
    </p>
   </div>
   <div class='ocr_carea' id='block_1_84' title="bbox 498 3938 2124 4006">
    <p class='ocr_par' dir='ltr' id='par_1_84' title="bbox 498 3938 2124 4006">
     <span class='ocr_line' id='line_1_84' title="bbox 498 3938 2124 4006; baseline -0.006 -7"><span class='ocrx_word' id='word_1_659' title='bbox 498 3947 572 4000; x_wconf 83' lang='lat' dir='ltr'><strong>Et</strong></span> <span class='ocrx_word' id='word_1_660' title='bbox 621 3944 842 3998; x_wconf 86' lang='lat' dir='ltr'><strong>clamor.</strong></span> <span class='ocrx_word' id='word_1_661' title='bbox 899 3939 1092 3996; x_wconf 88' lang='lat' dir='ltr'><strong>Oratio</strong></span> <span class='ocrx_word' id='word_1_662' title='bbox 1166 3938 1344 3991; x_wconf 88' lang='lat' dir='ltr'><strong>crevit</strong></span> <span class='ocrx_word' id='word_1_663' title='bbox 1414 3938 1474 3992; x_wconf 92' lang='lat' dir='ltr'><strong>in</strong></span> <span class='ocrx_word' id='word_1_664' title='bbox 1530 3939 1861 3993; x_wconf 90' lang='lat' dir='ltr'><strong>clamorem.</strong></span> <span class='ocrx_word' id='word_1_665' title='bbox 1907 3938 2124 4006; x_wconf 84' lang='lat' dir='ltr'><strong>Veniat,</strong></span> 
     </span>
    </p>
   </div>
   <div class='ocr_carea' id='block_1_85' title="bbox 429 4025 2128 4098">
    <p class='ocr_par' dir='ltr' id='par_1_85' title="bbox 429 4025 2128 4098">
     <span class='ocr_line' id='line_1_85' title="bbox 429 4025 2128 4098; baseline -0.006 -10"><span class='ocrx_word' id='word_1_666' title='bbox 429 4049 546 4089; x_wconf 93' lang='lat' dir='ltr'><strong>non</strong></span> <span class='ocrx_word' id='word_1_667' title='bbox 579 4033 807 4086; x_wconf 88' lang='lat' dir='ltr'><strong>obstent</strong></span> <span class='ocrx_word' id='word_1_668' title='bbox 852 4028 1053 4095; x_wconf 90' lang='lat' dir='ltr'><strong>nubes,</strong></span> <span class='ocrx_word' id='word_1_669' title='bbox 1077 4043 1207 4098; x_wconf 62' lang='lat' dir='ltr'><strong>qua:</strong></span> <span class='ocrx_word' id='word_1_670' title='bbox 1238 4025 1477 4096; x_wconf 89' lang='lat' dir='ltr'><strong>iniquis.</strong></span> <span class='ocrx_word' id='word_1_671' title='bbox 1532 4027 1654 4097; x_wconf 76' lang='lat'><strong>(11).)</strong></span> <span class='ocrx_word' id='word_1_672' title='bbox 1717 4025 1994 4097; x_wconf 89' lang='lat' dir='ltr'><strong>Epimone</strong></span> <span class='ocrx_word' id='word_1_673' title='bbox 2022 4040 2128 4096; x_wconf 89' lang='lat' dir='ltr'><strong>per</strong></span> 
     </span>
    </p>
   </div>
   <div class='ocr_carea' id='block_1_86' title="bbox 429 4115 1842 4185">
    <p class='ocr_par' dir='ltr' id='par_1_86' title="bbox 429 4115 1842 4185">
     <span class='ocr_line' id='line_1_86' title="bbox 429 4115 1842 4185; baseline -0.006 -8"><span class='ocrx_word' id='word_1_674' title='bbox 429 4129 544 4178; x_wconf 89' lang='lat' dir='ltr'><strong>tres</strong></span> <span class='ocrx_word' id='word_1_675' title='bbox 573 4135 788 4185; x_wconf 89' lang='lat' dir='ltr'><strong>versus,</strong></span> <span class='ocrx_word' id='word_1_676' title='bbox 819 4117 880 4172; x_wconf 89' lang='lat' dir='ltr'><strong>id</strong></span> <span class='ocrx_word' id='word_1_677' title='bbox 901 4121 987 4171; x_wconf 91' lang='lat' dir='ltr'><strong>est</strong></span> <span class='ocrx_word' id='word_1_678' title='bbox 1010 4115 1208 4171; x_wconf 89' lang='lat' dir='ltr'><strong>crebra</strong></span> <span class='ocrx_word' id='word_1_679' title='bbox 1239 4115 1501 4185; x_wconf 89' lang='lat' dir='ltr'><strong>repetitio</strong></span> <span class='ocrx_word' id='word_1_680' title='bbox 1531 4115 1842 4169; x_wconf 77' lang='lat' dir='ltr'><strong>sententiae.</strong></span> 
     </span>
    </p>
   </div>
   <div class='ocr_carea' id='block_1_87' title="bbox 429 4381 2121 4460">
    <p class='ocr_par' dir='ltr' id='par_1_87' title="bbox 429 4381 2121 4460">
     <span class='ocr_line' id='line_1_87' title="bbox 429 4381 2121 4460; baseline -0.005 -17"><span class='ocrx_word' id='word_1_681' title='bbox 429 4403 560 4460; x_wconf 72' lang='lat' dir='ltr'><strong>quae</strong></span> <span class='ocrx_word' id='word_1_682' title='bbox 609 4387 939 4456; x_wconf 91' lang='lat' dir='ltr'><strong>paupertas,</strong></span> <span class='ocrx_word' id='word_1_683' title='bbox 975 4398 1105 4453; x_wconf 66' lang='lat' dir='ltr'><strong>quas</strong></span> <span class='ocrx_word' id='word_1_684' title='bbox 1155 4381 1466 4435; x_wconf 88' lang='lat' dir='ltr'><strong>tribulatio.</strong></span> <span class='ocrx_word' id='word_1_685' title='bbox 1531 4382 1691 4436; x_wconf 88' lang='lat' dir='ltr'><strong>Unde</strong></span> <span class='ocrx_word' id='word_1_686' title='bbox 1748 4382 1976 4450; x_wconf 87' lang='lat' dir='ltr'><strong>clamet,</strong></span> <span class='ocrx_word' id='word_1_687' title='bbox 1998 4381 2121 4450; x_wconf 89' lang='lat' dir='ltr'><strong>jam</strong></span> 
     </span>
    </p>
   </div>
   <div class='ocr_carea' id='block_1_88' title="bbox 430 4467 2120 4546">
    <p class='ocr_par' dir='ltr' id='par_1_88' title="bbox 430 4467 2120 4546">
     <span class='ocr_line' id='line_1_88' title="bbox 430 4467 2120 4546; baseline -0.005 -17"><span class='ocrx_word' id='word_1_688' title='bbox 430 4473 636 4546; x_wconf 86' lang='lat' dir='ltr'><strong>aperit.</strong></span> <span class='ocrx_word' id='word_1_689' title='bbox 683 4473 828 4538; x_wconf 85' lang='lat' dir='ltr'><strong>Quia</strong></span> <span class='ocrx_word' id='word_1_690' title='bbox 884 4472 1211 4538; x_wconf 80' lang='lat' dir='ltr'><strong>defecerunt.</strong></span> <span class='ocrx_word' id='word_1_691' title='bbox 1265 4471 1586 4535; x_wconf 85' lang='lat' dir='ltr'><strong>Defecerunt</strong></span> <span class='ocrx_word' id='word_1_692' title='bbox 1614 4471 1753 4524; x_wconf 88' lang='lat' dir='ltr'><strong>sicut</strong></span> <span class='ocrx_word' id='word_1_693' title='bbox 1788 4470 1974 4534; x_wconf 83' lang='lat' dir='ltr'><strong>fumus</strong></span> <span class='ocrx_word' id='word_1_694' title='bbox 2004 4467 2120 4522; x_wconf 88' lang='lat' dir='ltr'><strong>dies</strong></span> 
     </span>
    </p>
   </div>
   <div class='ocr_carea' id='block_1_89' title="bbox 429 4556 2119 4630">
    <p class='ocr_par' dir='ltr' id='par_1_89' title="bbox 429 4556 2119 4630">
     <span class='ocr_line' id='line_1_89' title="bbox 429 4556 2119 4630; baseline -0.005 -13"><span class='ocrx_word' id='word_1_695' title='bbox 429 4561 552 4617; x_wconf 90' lang='lat' dir='ltr'><strong>mei.</strong></span> <span class='ocrx_word' id='word_1_696' title='bbox 612 4558 800 4630; x_wconf 84' lang='lat' dir='ltr'><strong>(AUG.)</strong></span> <span class='ocrx_word' id='word_1_697' title='bbox 857 4559 1014 4614; x_wconf 88' lang='lat' dir='ltr'><strong>Elato</strong></span> <span class='ocrx_word' id='word_1_698' title='bbox 1073 4558 1230 4612; x_wconf 92' lang='lat' dir='ltr'><strong>enim</strong></span> <span class='ocrx_word' id='word_1_699' title='bbox 1258 4559 1440 4611; x_wconf 84' lang='lat' dir='ltr'><strong>Adam</strong></span> <span class='ocrx_word' id='word_1_700' title='bbox 1469 4557 1586 4611; x_wconf 90' lang='lat' dir='ltr'><strong>deis</strong></span> <span class='ocrx_word' id='word_1_701' title='bbox 1615 4556 1909 4627; x_wconf 88' lang='lat' dir='ltr'><strong>deﬁciunt,</strong></span> <span class='ocrx_word' id='word_1_702' title='bbox 1938 4556 2119 4610; x_wconf 91' lang='lat' dir='ltr'><strong>virtus</strong></span> 
     </span>
    </p>
   </div>
   <div class='ocr_carea' id='block_1_90' title="bbox 429 4645 2121 4717">
    <p class='ocr_par' dir='ltr' id='par_1_90' title="bbox 429 4645 2121 4717">
     <span class='ocr_line' id='line_1_90' title="bbox 429 4645 2121 4717; baseline -0.005 -12"><span class='ocrx_word' id='word_1_703' title='bbox 429 4648 610 4705; x_wconf 90' lang='lat' dir='ltr'><strong>animi</strong></span> <span class='ocrx_word' id='word_1_704' title='bbox 671 4648 1046 4702; x_wconf 87' lang='lat' dir='ltr'><strong>contrahitur.</strong></span> <span class='ocrx_word' id='word_1_705' title='bbox 1099 4646 1320 4701; x_wconf 82' lang='lat' dir='ltr'><strong>Miseria</strong></span> <span class='ocrx_word' id='word_1_706' title='bbox 1371 4645 1534 4716; x_wconf 88' lang='lat' dir='ltr'><strong>pium</strong></span> <span class='ocrx_word' id='word_1_707' title='bbox 1584 4645 1839 4717; x_wconf 90' lang='lat' dir='ltr'><strong>judicem</strong></span> <span class='ocrx_word' id='word_1_708' title='bbox 1892 4661 2121 4700; x_wconf 90' lang='lat' dir='ltr'><strong>movere</strong></span> 
     </span>
    </p>
   </div>
   <div class='ocr_carea' id='block_1_91' title="bbox 428 4735 2119 4810">
    <p class='ocr_par' dir='ltr' id='par_1_91' title="bbox 428 4735 2119 4810">
     <span class='ocr_line' id='line_1_91' title="bbox 428 4735 2119 4810; baseline -0.004 -17"><span class='ocrx_word' id='word_1_709' title='bbox 428 4742 640 4810; x_wconf 89' lang='lat' dir='ltr'><strong>potest.</strong></span> <span class='ocrx_word' id='word_1_710' title='bbox 694 4738 828 4794; x_wconf 90' lang='lat' dir='ltr'><strong>Ossa</strong></span> <span class='ocrx_word' id='word_1_711' title='bbox 879 4752 998 4791; x_wconf 87' lang='lat' dir='ltr'><strong>mea</strong></span> <span class='ocrx_word' id='word_1_712' title='bbox 1060 4738 1200 4790; x_wconf 89' lang='lat' dir='ltr'><strong>sicut</strong></span> <span class='ocrx_word' id='word_1_713' title='bbox 1247 4737 1502 4790; x_wconf 88' lang='lat' dir='ltr'><strong>cremium</strong></span> <span class='ocrx_word' id='word_1_714' title='bbox 1549 4738 1830 4790; x_wconf 83' lang='lat' dir='ltr'><strong>aruerunt.</strong></span> <span class='ocrx_word' id='word_1_715' title='bbox 1903 4735 2119 4800; x_wconf 88' lang='lat' dir='ltr'><strong>Fortes,</strong></span> 
     </span>
    </p>
   </div>
   <div class='ocr_carea' id='block_1_92' title="bbox 429 4822 2120 4901">
    <p class='ocr_par' dir='ltr' id='par_1_92' title="bbox 429 4822 2120 4901">
     <span class='ocr_line' id='line_1_92' title="bbox 429 4822 2120 4901; baseline -0.003 -19"><span class='ocrx_word' id='word_1_716' title='bbox 429 4842 679 4901; x_wconf 92' lang='lat' dir='ltr'><strong>quorum</strong></span> <span class='ocrx_word' id='word_1_717' title='bbox 731 4825 1040 4881; x_wconf 82' lang='lat' dir='ltr'><strong>frixorium</strong></span> <span class='ocrx_word' id='word_1_718' title='bbox 1090 4828 1238 4885; x_wconf 81' lang='lat' dir='ltr'><strong>sunt,</strong></span> <span class='ocrx_word' id='word_1_719' title='bbox 1293 4823 1393 4894; x_wconf 91' lang='lat' dir='ltr'><strong>qui</strong></span> <span class='ocrx_word' id='word_1_720' title='bbox 1452 4822 1930 4889; x_wconf 85' lang='lat' dir='ltr'><strong>scandalizantur,</strong></span> <span class='ocrx_word' id='word_1_721' title='bbox 1987 4827 2120 4891; x_wconf 89' lang='lat' dir='ltr'><strong>etc.,</strong></span> 
     </span>
    </p>
   </div>
   <div class='ocr_carea' id='block_1_93' title="bbox 428 4910 2122 4986">
    <p class='ocr_par' dir='ltr' id='par_1_93' title="bbox 428 4910 2122 4986">
     <span class='ocr_line' id='line_1_93' title="bbox 428 4910 2122 4986; baseline -0.005 -14"><span class='ocrx_word' id='word_1_722' title='bbox 428 4931 598 4986; x_wconf 84' lang='lat' dir='ltr'><strong>usque</strong></span> <span class='ocrx_word' id='word_1_723' title='bbox 625 4914 700 4970; x_wconf 87' lang='lat' dir='ltr'><strong>ad</strong></span> <span class='ocrx_word' id='word_1_724' title='bbox 735 4914 859 4985; x_wconf 89' lang='lat' dir='ltr'><strong>jam</strong></span> <span class='ocrx_word' id='word_1_725' title='bbox 912 4912 1066 4967; x_wconf 91' lang='lat' dir='ltr'><strong>enim</strong></span> <span class='ocrx_word' id='word_1_726' title='bbox 1121 4910 1352 4982; x_wconf 87' lang='lat' dir='ltr'><strong>frigitur</strong></span> <span class='ocrx_word' id='word_1_727' title='bbox 1407 4911 1604 4978; x_wconf 89' lang='lat' dir='ltr'><strong>homo,</strong></span> <span class='ocrx_word' id='word_1_728' title='bbox 1652 4910 1790 4964; x_wconf 91' lang='lat' dir='ltr'><strong>dum</strong></span> <span class='ocrx_word' id='word_1_729' title='bbox 1845 4911 2009 4966; x_wconf 90' lang='lat' dir='ltr'><strong>timet</strong></span> <span class='ocrx_word' id='word_1_730' title='bbox 2063 4927 2122 4965; x_wconf 88' lang='lat' dir='ltr'><strong>se</strong></span> 
     </span>
    </p>
   </div>
   <div class='ocr_carea' id='block_1_94' title="bbox 427 5018 714 5060">
    <p class='ocr_par' dir='ltr' id='par_1_94' title="bbox 427 5018 714 5060">
     <span class='ocr_line' id='line_1_94' title="bbox 427 5018 714 5060; baseline -0.01 0"><span class='ocrx_word' id='word_1_731' title='bbox 427 5018 714 5060; x_wconf 88' lang='lat' dir='ltr'><strong>arsurum.</strong></span> 
     </span>
    </p>
   </div>
   <div class='ocr_carea' id='block_1_95' title="bbox 500 5089 2124 5154">
    <p class='ocr_par' dir='ltr' id='par_1_95' title="bbox 500 5089 2124 5154">
     <span class='ocr_line' id='line_1_95' title="bbox 500 5089 2124 5154; baseline -0.003 -8"><span class='ocrx_word' id='word_1_732' title='bbox 500 5093 681 5147; x_wconf 87' lang='lat' dir='ltr'><strong>Vens.</strong></span> <span class='ocrx_word' id='word_1_733' title='bbox 737 5094 788 5145; x_wconf 86' lang='lat'><strong>5.</strong></span> <span class='ocrx_word' id='word_1_734' title='bbox 835 5120 903 5131; x_wconf 91' lang='lat'><strong>—</strong></span> <span class='ocrx_word' id='word_1_735' title='bbox 935 5090 1240 5145; x_wconf 78' lang='lat' dir='ltr'><strong>Percussus</strong></span> <span class='ocrx_word' id='word_1_736' title='bbox 1267 5103 1385 5143; x_wconf 90' lang='lat' dir='ltr'><strong>sum</strong></span> <span class='ocrx_word' id='word_1_737' title='bbox 1409 5092 1468 5142; x_wconf 87' lang='lat' dir='ltr'><strong>ut</strong></span> <span class='ocrx_word' id='word_1_738' title='bbox 1505 5089 1711 5154; x_wconf 85' lang='lat' dir='ltr'><strong>fenum,</strong></span> <span class='ocrx_word' id='word_1_739' title='bbox 1777 5091 1826 5141; x_wconf 87' lang='lat' dir='ltr'><strong>et</strong></span> <span class='ocrx_word' id='word_1_740' title='bbox 1858 5089 2007 5142; x_wconf 88' lang='lat' dir='ltr'><strong>aruit</strong></span> <span class='ocrx_word' id='word_1_741' title='bbox 2035 5102 2124 5142; x_wconf 89' lang='lat' dir='ltr'><strong>cor</strong></span> 
     </span>
    </p>
   </div>
   <div class='ocr_carea' id='block_1_96' title="bbox 429 5174 2121 5250">
    <p class='ocr_par' dir='ltr' id='par_1_96' title="bbox 429 5174 2121 5250">
     <span class='ocr_line' id='line_1_96' title="bbox 429 5174 2121 5250; baseline -0.005 -13"><span class='ocrx_word' id='word_1_742' title='bbox 429 5196 605 5237; x_wconf 88' lang='lat' dir='ltr'><strong>meum</strong></span> <span class='ocrx_word' id='word_1_743' title='bbox 649 5177 797 5250; x_wconf 78' lang='grc' dir='ltr'><strong>(Ιο.)</strong></span> <span class='ocrx_word' id='word_1_744' title='bbox 841 5177 1092 5233; x_wconf 76' lang='lat' dir='ltr'><strong>Mortalis</strong></span> <span class='ocrx_word' id='word_1_745' title='bbox 1135 5177 1333 5232; x_wconf 85' lang='lat' dir='ltr'><strong>factus.</strong></span> <span class='ocrx_word' id='word_1_746' title='bbox 1387 5179 1588 5231; x_wconf 88' lang='lat' dir='ltr'><strong>Fenum</strong></span> <span class='ocrx_word' id='word_1_747' title='bbox 1627 5175 1792 5241; x_wconf 90' lang='lat' dir='ltr'><strong>viret,</strong></span> <span class='ocrx_word' id='word_1_748' title='bbox 1847 5174 1947 5229; x_wconf 90' lang='lat' dir='ltr'><strong>sed</strong></span> <span class='ocrx_word' id='word_1_749' title='bbox 1989 5191 2121 5246; x_wconf 90' lang='lat' dir='ltr'><strong>per-</strong></span> 
     </span>
    </p>
   </div>
   <div class='ocr_carea' id='block_1_97' title="bbox 431 5261 2124 5336">
    <p class='ocr_par' dir='ltr' id='par_1_97' title="bbox 431 5261 2124 5336">
     <span class='ocr_line' id='line_1_97' title="bbox 431 5261 2124 5336; baseline -0.005 -12"><span class='ocrx_word' id='word_1_750' title='bbox 431 5283 659 5326; x_wconf 89' lang='lat' dir='ltr'><strong>cussum</strong></span> <span class='ocrx_word' id='word_1_751' title='bbox 684 5267 848 5322; x_wconf 87' lang='lat' dir='ltr'><strong>facile</strong></span> <span class='ocrx_word' id='word_1_752' title='bbox 887 5266 1056 5320; x_wconf 91' lang='lat' dir='ltr'><strong>sentit</strong></span> <span class='ocrx_word' id='word_1_753' title='bbox 1105 5265 1379 5336; x_wconf 90' lang='lat' dir='ltr'><strong>injuriam</strong></span> <span class='ocrx_word' id='word_1_754' title='bbox 1414 5281 1427 5318; x_wconf 88' lang='lat'><strong>:</strong></span> <span class='ocrx_word' id='word_1_755' title='bbox 1461 5265 1540 5318; x_wconf 89' lang='lat' dir='ltr'><strong>sic</strong></span> <span class='ocrx_word' id='word_1_756' title='bbox 1569 5279 1698 5317; x_wconf 90' lang='lat' dir='ltr'><strong>caro</strong></span> <span class='ocrx_word' id='word_1_757' title='bbox 1744 5261 1996 5318; x_wconf 89' lang='lat' dir='ltr'><strong>hominis</strong></span> <span class='ocrx_word' id='word_1_758' title='bbox 2061 5262 2124 5317; x_wconf 92' lang='lat' dir='ltr'><strong>in</strong></span> 
     </span>
    </p>
   </div>
   <div class='ocr_carea' id='block_1_98' title="bbox 430 5350 1764 5428">
    <p class='ocr_par' dir='ltr' id='par_1_98' title="bbox 430 5350 1764 5428">
     <span class='ocr_line' id='line_1_98' title="bbox 430 5350 1764 5428; baseline -0.006 -16"><span class='ocrx_word' id='word_1_759' title='bbox 430 5359 557 5428; x_wconf 91' lang='lat' dir='ltr'><strong>lege</strong></span> <span class='ocrx_word' id='word_1_760' title='bbox 588 5354 690 5410; x_wconf 89' lang='lat' dir='ltr'><strong>Dei</strong></span> <span class='ocrx_word' id='word_1_761' title='bbox 719 5355 927 5423; x_wconf 91' lang='lat' dir='ltr'><strong>virens,</strong></span> <span class='ocrx_word' id='word_1_762' title='bbox 948 5353 1018 5408; x_wconf 87' lang='lat' dir='ltr'><strong>ab</strong></span> <span class='ocrx_word' id='word_1_763' title='bbox 1057 5353 1258 5407; x_wconf 87' lang='lat' dir='ltr'><strong>eadem</strong></span> <span class='ocrx_word' id='word_1_764' title='bbox 1287 5351 1505 5406; x_wconf 90' lang='lat' dir='ltr'><strong>succisa</strong></span> <span class='ocrx_word' id='word_1_765' title='bbox 1546 5350 1764 5406; x_wconf 89' lang='lat' dir='ltr'><strong>arescit.</strong></span> 
     </span>
    </p>
   </div>
   <div class='ocr_carea' id='block_1_99' title="bbox 503 5439 2120 5513">
    <p class='ocr_par' dir='ltr' id='par_1_99' title="bbox 503 5439 2120 5513">
     <span class='ocr_line' id='line_1_99' title="bbox 503 5439 2120 5513; baseline -0.004 -13"><span class='ocrx_word' id='word_1_766' title='bbox 503 5447 662 5500; x_wconf 82' lang='lat' dir='ltr'><strong>Vens.</strong></span> <span class='ocrx_word' id='word_1_767' title='bbox 690 5447 743 5500; x_wconf 85' lang='lat'><strong>6.</strong></span> <span class='ocrx_word' id='word_1_768' title='bbox 803 5473 877 5485; x_wconf 92' lang='lat'><strong>—</strong></span> <span class='ocrx_word' id='word_1_769' title='bbox 906 5444 956 5500; x_wconf 80' lang='grc' dir='ltr'><strong><em>Α</em></strong></span> <span class='ocrx_word' id='word_1_770' title='bbox 1003 5458 1127 5500; x_wconf 82' lang='lat' dir='ltr'><strong>voce</strong></span> <span class='ocrx_word' id='word_1_771' title='bbox 1189 5444 1436 5510; x_wconf 86' lang='lat' dir='ltr'><strong>gemitus.</strong></span> <span class='ocrx_word' id='word_1_772' title='bbox 1493 5439 1694 5513; x_wconf 64' lang='lat' dir='ltr'><strong>(Cass)</strong></span> <span class='ocrx_word' id='word_1_773' title='bbox 1751 5442 1961 5496; x_wconf 87' lang='lat' dir='ltr'><strong>Natura</strong></span> <span class='ocrx_word' id='word_1_774' title='bbox 1989 5455 2120 5511; x_wconf 90' lang='lat' dir='ltr'><strong>pec-</strong></span> 
     </span>
    </p>
   </div>
   <div class='ocr_carea' id='block_1_100' title="bbox 434 5531 2121 5607">
    <p class='ocr_par' dir='ltr' id='par_1_100' title="bbox 434 5531 2121 5607">
     <span class='ocr_line' id='line_1_100' title="bbox 434 5531 2121 5607; baseline -0.004 -14"><span class='ocrx_word' id='word_1_775' title='bbox 434 5536 687 5593; x_wconf 88' lang='lat' dir='ltr'><strong>cantium</strong></span> <span class='ocrx_word' id='word_1_776' title='bbox 717 5536 1052 5603; x_wconf 87' lang='lat' dir='ltr'><strong>ostenditur,</strong></span> <span class='ocrx_word' id='word_1_777' title='bbox 1113 5534 1249 5607; x_wconf 88' lang='lat' dir='ltr'><strong>quia</strong></span> <span class='ocrx_word' id='word_1_778' title='bbox 1295 5533 1758 5604; x_wconf 88' lang='lat' dir='ltr'><strong>dum&#39;peccatum</strong></span> <span class='ocrx_word' id='word_1_779' title='bbox 1811 5531 2121 5605; x_wconf 88' lang='lat' dir='ltr'><strong>appetitur,</strong></span> 
     </span>
    </p>
   </div>
   <div class='ocr_carea' id='block_1_101' title="bbox 2230 4385 2560 4439">
    <p class='ocr_par' dir='ltr' id='par_1_101' title="bbox 2230 4385 2560 4439">
     <span class='ocr_line' id='line_1_101' title="bbox 2230 4385 2560 4439; baseline 0.003 -1"><span class='ocrx_word' id='word_1_780' title='bbox 2230 4385 2560 4439; x_wconf 88' lang='lat' dir='ltr'><strong>ciﬁxerunt.</strong></span> 
     </span>
    </p>
   </div>
   <div class='ocr_carea' id='block_1_102' title="bbox 2299 4468 3880 4543">
    <p class='ocr_par' dir='ltr' id='par_1_102' title="bbox 2299 4468 3880 4543">
     <span class='ocr_line' id='line_1_102' title="bbox 2299 4468 3880 4543; baseline -0.007 -17"><span class='ocrx_word' id='word_1_781' title='bbox 2299 4475 2469 4529; x_wconf 87' lang='lat' dir='ltr'><strong>Vens.</strong></span> <span class='ocrx_word' id='word_1_782' title='bbox 2507 4476 2590 4527; x_wconf 87' lang='lat'><strong>17.</strong></span> <span class='ocrx_word' id='word_1_783' title='bbox 2626 4501 2694 4512; x_wconf 93' lang='lat'><strong>—-</strong></span> <span class='ocrx_word' id='word_1_784' title='bbox 2731 4474 2798 4528; x_wconf 84' lang='lat' dir='ltr'><strong>In</strong></span> <span class='ocrx_word' id='word_1_785' title='bbox 2825 4473 3030 4540; x_wconf 86' lang='lat' dir='ltr'><strong>gloria.</strong></span> <span class='ocrx_word' id='word_1_786' title='bbox 3074 4474 3258 4540; x_wconf 60' lang='lat' dir='ltr'><strong>(Ana)</strong></span> <span class='ocrx_word' id='word_1_787' title='bbox 3287 4471 3395 4536; x_wconf 89' lang='lat' dir='ltr'><strong>Qui</strong></span> <span class='ocrx_word' id='word_1_788' title='bbox 3422 4471 3616 4543; x_wconf 91' lang='lat' dir='ltr'><strong>primo</strong></span> <span class='ocrx_word' id='word_1_789' title='bbox 3669 4470 3806 4523; x_wconf 87' lang='lat' dir='ltr'><strong>visus</strong></span> <span class='ocrx_word' id='word_1_790' title='bbox 3823 4468 3880 4519; x_wconf 85' lang='lat' dir='ltr'><strong>est</strong></span> 
     </span>
    </p>
   </div>
   <div class='ocr_carea' id='block_1_103' title="bbox 2228 4559 3881 4628">
    <p class='ocr_par' dir='ltr' id='par_1_103' title="bbox 2228 4559 3881 4628">
     <span class='ocr_line' id='line_1_103' title="bbox 2228 4559 3881 4628; baseline -0.005 -12"><span class='ocrx_word' id='word_1_791' title='bbox 2228 4561 2288 4616; x_wconf 91' lang='lat' dir='ltr'><strong>in</strong></span> <span class='ocrx_word' id='word_1_792' title='bbox 2319 4559 2654 4616; x_wconf 88' lang='lat' dir='ltr'><strong>inﬁrmitate</strong></span> <span class='ocrx_word' id='word_1_793' title='bbox 2704 4561 2767 4615; x_wconf 95' lang='lat' dir='ltr'><strong>in</strong></span> <span class='ocrx_word' id='word_1_794' title='bbox 2797 4560 2895 4614; x_wconf 85' lang='lat' dir='ltr'><strong>illa</strong></span> <span class='ocrx_word' id='word_1_795' title='bbox 2922 4560 3083 4628; x_wconf 91' lang='lat' dir='ltr'><strong>Sion;</strong></span> <span class='ocrx_word' id='word_1_796' title='bbox 3141 4560 3294 4614; x_wconf 90' lang='lat' dir='ltr'><strong>unde</strong></span> <span class='ocrx_word' id='word_1_797' title='bbox 3327 4576 3339 4614; x_wconf 93' lang='lat'>:</span> <span class='ocrx_word' id='word_1_798' title='bbox 3374 4560 3630 4615; x_wconf 85' lang='lat' dir='ltr'><strong>Vidimus</strong></span> <span class='ocrx_word' id='word_1_799' title='bbox 3676 4574 3785 4614; x_wconf 86' lang='lat' dir='ltr'><strong>eum</strong></span> <span class='ocrx_word' id='word_1_800' title='bbox 3807 4567 3881 4608; x_wconf 70' lang='lat' dir='ltr'><strong>non</strong></span> 
     </span>
    </p>
   </div>
   <div class='ocr_carea' id='block_1_104' title="bbox 2231 4648 3538 4720">
    <p class='ocr_par' dir='ltr' id='par_1_104' title="bbox 2231 4648 3538 4720">
     <span class='ocr_line' id='line_1_104' title="bbox 2231 4648 3538 4720; baseline -0.002 -14"><span class='ocrx_word' id='word_1_801' title='bbox 2231 4652 2508 4706; x_wconf 80' lang='lat' dir='ltr'><strong>habentem</strong></span> <span class='ocrx_word' id='word_1_802' title='bbox 2535 4652 2761 4720; x_wconf 88' lang='lat' dir='ltr'><strong>speciem</strong></span> <span class='ocrx_word' id='word_1_803' title='bbox 2784 4665 2955 4718; x_wconf 89' lang='lat' dir='ltr'><strong>neque</strong></span> <span class='ocrx_word' id='word_1_804' title='bbox 2981 4649 3218 4704; x_wconf 86' lang='lat' dir='ltr'><strong>decorem</strong></span> <span class='ocrx_word' id='word_1_805' title='bbox 3247 4648 3384 4720; x_wconf 88' lang='lat' dir='ltr'><strong>(Isa.</strong></span> <span class='ocrx_word' id='word_1_806' title='bbox 3403 4652 3538 4716; x_wconf 84' lang='lat' dir='ltr'><strong>Lm).</strong></span> 
     </span>
    </p>
   </div>
   <div class='ocr_carea' id='block_1_105' title="bbox 2302 4731 3878 4806">
    <p class='ocr_par' dir='ltr' id='par_1_105' title="bbox 2302 4731 3878 4806">
     <span class='ocr_line' id='line_1_105' title="bbox 2302 4731 3878 4806; baseline -0.005 -14"><span class='ocrx_word' id='word_1_807' title='bbox 2302 4739 2462 4792; x_wconf 87' lang='lat' dir='ltr'><strong>Vens.</strong></span> <span class='ocrx_word' id='word_1_808' title='bbox 2507 4741 2597 4792; x_wconf 91' lang='grc'><strong>18.</strong></span> <span class='ocrx_word' id='word_1_809' title='bbox 2662 4768 2730 4776; x_wconf 85' lang='grc'><strong><em>-</em></strong></span> <span class='ocrx_word' id='word_1_810' title='bbox 2778 4737 3104 4792; x_wconf 84' lang='lat' dir='ltr'><strong>Orationem.</strong></span> <span class='ocrx_word' id='word_1_811' title='bbox 3155 4737 3270 4790; x_wconf 83' lang='lat' dir='ltr'><strong>Hoc</strong></span> <span class='ocrx_word' id='word_1_812' title='bbox 3324 4735 3516 4806; x_wconf 89' lang='lat' dir='ltr'><strong>agitur</strong></span> <span class='ocrx_word' id='word_1_813' title='bbox 3556 4735 3623 4790; x_wconf 90' lang='lat' dir='ltr'><strong>in</strong></span> <span class='ocrx_word' id='word_1_814' title='bbox 3679 4731 3878 4790; x_wconf 61' lang='lat' dir='ltr'><strong>adiﬁca-</strong></span> 
     </span>
    </p>
   </div>
   <div class='ocr_carea' id='block_1_106' title="bbox 2231 4821 3881 4895">
    <p class='ocr_par' dir='ltr' id='par_1_106' title="bbox 2231 4821 3881 4895">
     <span class='ocr_line' id='line_1_106' title="bbox 2231 4821 3881 4895; baseline -0.005 -15"><span class='ocrx_word' id='word_1_815' title='bbox 2231 4825 2387 4880; x_wconf 89' lang='lat' dir='ltr'><strong>tione</strong></span> <span class='ocrx_word' id='word_1_816' title='bbox 2436 4824 2571 4880; x_wconf 91' lang='lat' dir='ltr'><strong>Sion</strong></span> <span class='ocrx_word' id='word_1_817' title='bbox 2621 4842 2634 4880; x_wconf 90' lang='lat'><strong>:</strong></span> <span class='ocrx_word' id='word_1_818' title='bbox 2686 4828 2871 4890; x_wconf 89' lang='lat' dir='ltr'><strong>orant,</strong></span> <span class='ocrx_word' id='word_1_819' title='bbox 2935 4831 3176 4893; x_wconf 87' lang='lat' dir='ltr'><strong>gemunt</strong></span> <span class='ocrx_word' id='word_1_820' title='bbox 3231 4823 3604 4892; x_wconf 64' lang='lat' dir='ltr'><strong>aediﬁcantes,</strong></span> <span class='ocrx_word' id='word_1_821' title='bbox 3637 4824 3734 4895; x_wconf 87' lang='lat' dir='ltr'><strong>qui</strong></span> <span class='ocrx_word' id='word_1_822' title='bbox 3784 4821 3881 4873; x_wconf 79' lang='lat' dir='ltr'><strong>sunt</strong></span> 
     </span>
    </p>
   </div>
   <div class='ocr_carea' id='block_1_107' title="bbox 2231 4907 3879 4984">
    <p class='ocr_par' dir='ltr' id='par_1_107' title="bbox 2231 4907 3879 4984">
     <span class='ocr_line' id='line_1_107' title="bbox 2231 4907 3879 4984; baseline -0.006 -16"><span class='ocrx_word' id='word_1_823' title='bbox 2231 4929 2381 4969; x_wconf 90' lang='lat' dir='ltr'><strong>unus</strong></span> <span class='ocrx_word' id='word_1_824' title='bbox 2411 4929 2652 4984; x_wconf 90' lang='lat' dir='ltr'><strong>pauper,</strong></span> <span class='ocrx_word' id='word_1_825' title='bbox 2684 4917 2739 4966; x_wconf 91' lang='lat' dir='ltr'><strong>et</strong></span> <span class='ocrx_word' id='word_1_826' title='bbox 2768 4927 3051 4983; x_wconf 86' lang='lat' dir='ltr'><strong>pauperes</strong></span> <span class='ocrx_word' id='word_1_827' title='bbox 3084 4909 3280 4980; x_wconf 89' lang='lat' dir='ltr'><strong>multi;</strong></span> <span class='ocrx_word' id='word_1_828' title='bbox 3315 4915 3465 4967; x_wconf 89' lang='lat' dir='ltr'><strong>unde</strong></span> <span class='ocrx_word' id='word_1_829' title='bbox 3508 4912 3571 4966; x_wconf 92' lang='lat' dir='ltr'><strong>in</strong></span> <span class='ocrx_word' id='word_1_830' title='bbox 3609 4911 3770 4966; x_wconf 88' lang='lat' dir='ltr'><strong>titulo</strong></span> <span class='ocrx_word' id='word_1_831' title='bbox 3797 4907 3879 4960; x_wconf 87' lang='lat' dir='ltr'><strong>sin-</strong></span> 
     </span>
    </p>
   </div>
   <div class='ocr_carea' id='block_1_108' title="bbox 2231 4999 3882 5074">
    <p class='ocr_par' dir='ltr' id='par_1_108' title="bbox 2231 4999 3882 5074">
     <span class='ocr_line' id='line_1_108' title="bbox 2231 4999 3882 5074; baseline -0.005 -18"><span class='ocrx_word' id='word_1_832' title='bbox 2231 5001 2528 5074; x_wconf 88' lang='lat' dir='ltr'><strong>gulariter,</strong></span> <span class='ocrx_word' id='word_1_833' title='bbox 2558 5001 2650 5055; x_wconf 91' lang='lat' dir='ltr'><strong>hic</strong></span> <span class='ocrx_word' id='word_1_834' title='bbox 2704 4999 3023 5072; x_wconf 88' lang='lat' dir='ltr'><strong>pluraliter.</strong></span> <span class='ocrx_word' id='word_1_835' title='bbox 3085 5000 3193 5055; x_wconf 90' lang='lat' dir='ltr'><strong>Sed</strong></span> <span class='ocrx_word' id='word_1_836' title='bbox 3248 5015 3399 5054; x_wconf 90' lang='lat' dir='ltr'><strong>unus</strong></span> <span class='ocrx_word' id='word_1_837' title='bbox 3453 5000 3665 5054; x_wconf 87' lang='lat' dir='ltr'><strong>dicitur</strong></span> <span class='ocrx_word' id='word_1_838' title='bbox 3690 5000 3882 5069; x_wconf 82' lang='lat' dir='ltr'><strong>propter</strong></span> 
     </span>
    </p>
   </div>
   <div class='ocr_carea' id='block_1_109' title="bbox 2231 5086 3878 5161">
    <p class='ocr_par' dir='ltr' id='par_1_109' title="bbox 2231 5086 3878 5161">
     <span class='ocr_line' id='line_1_109' title="bbox 2231 5086 3878 5161; baseline -0.005 -17"><span class='ocrx_word' id='word_1_839' title='bbox 2231 5090 2532 5161; x_wconf 85' lang='lat' dir='ltr'><strong>veritatem</strong></span> <span class='ocrx_word' id='word_1_840' title='bbox 2551 5089 2706 5160; x_wconf 90' lang='lat' dir='ltr'><strong>pacis</strong></span> <span class='ocrx_word' id='word_1_841' title='bbox 2733 5088 3015 5154; x_wconf 77' lang='lat' dir='ltr'><strong>Ecclesiae,</strong></span> <span class='ocrx_word' id='word_1_842' title='bbox 3048 5089 3214 5144; x_wconf 89' lang='lat' dir='ltr'><strong>multi</strong></span> <span class='ocrx_word' id='word_1_843' title='bbox 3255 5093 3493 5160; x_wconf 89' lang='lat' dir='ltr'><strong>propter</strong></span> <span class='ocrx_word' id='word_1_844' title='bbox 3530 5086 3878 5142; x_wconf 85' lang='lat' dir='ltr'><strong>latitudinem.</strong></span> 
     </span>
    </p>
   </div>
   <div class='ocr_carea' id='block_1_110' title="bbox 2301 5175 3882 5248">
    <p class='ocr_par' dir='ltr' id='par_1_110' title="bbox 2301 5175 3882 5248">
     <span class='ocr_line' id='line_1_110' title="bbox 2301 5175 3882 5248; baseline -0.005 -14"><span class='ocrx_word' id='word_1_845' title='bbox 2301 5181 2462 5236; x_wconf 82' lang='lat' dir='ltr'><strong>Vens.</strong></span> <span class='ocrx_word' id='word_1_846' title='bbox 2522 5182 2605 5234; x_wconf 88' lang='grc'><strong>19.</strong></span> <span class='ocrx_word' id='word_1_847' title='bbox 2661 5207 2733 5220; x_wconf 90' lang='grc'><strong>-</strong></span> <span class='ocrx_word' id='word_1_848' title='bbox 2786 5179 3113 5233; x_wconf 88' lang='lat' dir='ltr'><strong>Scribantur</strong></span> <span class='ocrx_word' id='word_1_849' title='bbox 3170 5179 3297 5233; x_wconf 61' lang='lat' dir='ltr'><strong>hac.</strong></span> <span class='ocrx_word' id='word_1_850' title='bbox 3359 5176 3549 5248; x_wconf 60' lang='lat' dir='ltr'><strong>(Cass)</strong></span> <span class='ocrx_word' id='word_1_851' title='bbox 3606 5175 3712 5242; x_wconf 91' lang='lat' dir='ltr'><strong>Qui</strong></span> <span class='ocrx_word' id='word_1_852' title='bbox 3745 5185 3882 5242; x_wconf 75' lang='lat' dir='ltr'><strong>supra</strong></span> 
     </span>
    </p>
   </div>
   <div class='ocr_carea' id='block_1_111' title="bbox 2229 5265 3877 5340">
    <p class='ocr_par' dir='ltr' id='par_1_111' title="bbox 2229 5265 3877 5340">
     <span class='ocr_line' id='line_1_111' title="bbox 2229 5265 3877 5340; baseline -0.007 -16"><span class='ocrx_word' id='word_1_853' title='bbox 2229 5267 2566 5340; x_wconf 68' lang='lat' dir='ltr'><strong>poenitentia</strong></span> <span class='ocrx_word' id='word_1_854' title='bbox 2596 5267 2880 5334; x_wconf 90' lang='lat' dir='ltr'><strong>sordebat,</strong></span> <span class='ocrx_word' id='word_1_855' title='bbox 2907 5267 3029 5338; x_wconf 90' lang='lat' dir='ltr'><strong>jam</strong></span> <span class='ocrx_word' id='word_1_856' title='bbox 3072 5266 3286 5322; x_wconf 90' lang='lat' dir='ltr'><strong>honore</strong></span> <span class='ocrx_word' id='word_1_857' title='bbox 3333 5267 3629 5338; x_wconf 70' lang='lat' dir='ltr'><strong>propheta:</strong></span> <span class='ocrx_word' id='word_1_858' title='bbox 3689 5265 3877 5320; x_wconf 85' lang='lat' dir='ltr'><strong>decora-</strong></span> 
     </span>
    </p>
   </div>
   <div class='ocr_carea' id='block_1_112' title="bbox 2232 5353 3879 5426">
    <p class='ocr_par' dir='ltr' id='par_1_112' title="bbox 2232 5353 3879 5426">
     <span class='ocr_line' id='line_1_112' title="bbox 2232 5353 3879 5426; baseline -0.006 -15"><span class='ocrx_word' id='word_1_859' title='bbox 2232 5363 2341 5420; x_wconf 89' lang='lat' dir='ltr'><strong>tus,</strong></span> <span class='ocrx_word' id='word_1_860' title='bbox 2401 5355 2666 5426; x_wconf 71' lang='lat' dir='ltr'><strong>praecipit</strong></span> <span class='ocrx_word' id='word_1_861' title='bbox 2719 5355 2842 5409; x_wconf 77' lang='lat' dir='ltr'><strong>haec</strong></span> <span class='ocrx_word' id='word_1_862' title='bbox 2883 5371 3011 5426; x_wconf 71' lang='lat' dir='ltr'><strong>quae</strong></span> <span class='ocrx_word' id='word_1_863' title='bbox 3069 5354 3211 5408; x_wconf 86' lang='lat' dir='ltr'><strong>dixit</strong></span> <span class='ocrx_word' id='word_1_864' title='bbox 3247 5354 3576 5409; x_wconf 85' lang='lat' dir='ltr'><strong>testimonio</strong></span> <span class='ocrx_word' id='word_1_865' title='bbox 3616 5353 3879 5422; x_wconf 60' lang='lat' dir='ltr'><strong>Scriptura:</strong></span> 
     </span>
    </p>
   </div>
   <div class='ocr_carea' id='block_1_113' title="bbox 2230 5435 3876 5512">
    <p class='ocr_par' dir='ltr' id='par_1_113' title="bbox 2230 5435 3876 5512">
     <span class='ocr_line' id='line_1_113' title="bbox 2230 5435 3876 5512; baseline -0.005 -13"><span class='ocrx_word' id='word_1_866' title='bbox 2230 5444 2468 5510; x_wconf 86' lang='lat' dir='ltr'><strong>ﬁrmari,</strong></span> <span class='ocrx_word' id='word_1_867' title='bbox 2501 5447 2565 5498; x_wconf 88' lang='lat' dir='ltr'><strong>ut</strong></span> <span class='ocrx_word' id='word_1_868' title='bbox 2595 5447 2731 5498; x_wconf 68' lang='lat' dir='ltr'><strong>aetas</strong></span> <span class='ocrx_word' id='word_1_869' title='bbox 2755 5443 2950 5498; x_wconf 88' lang='lat' dir='ltr'><strong>futura</strong></span> <span class='ocrx_word' id='word_1_870' title='bbox 2995 5441 3190 5498; x_wconf 89' lang='lat' dir='ltr'><strong>discat.</strong></span> <span class='ocrx_word' id='word_1_871' title='bbox 3247 5444 3313 5497; x_wconf 90' lang='lat' dir='ltr'><strong>In</strong></span> <span class='ocrx_word' id='word_1_872' title='bbox 3361 5444 3700 5512; x_wconf 79' lang='lat' dir='ltr'><strong>generatione</strong></span> <span class='ocrx_word' id='word_1_873' title='bbox 3728 5435 3876 5511; x_wconf 67' lang='lat' dir='ltr'><strong>(Ana)</strong></span> 
     </span>
    </p>
   </div>
   <div class='ocr_carea' id='block_1_114' title="bbox 2231 5530 3870 5604">
    <p class='ocr_par' dir='ltr' id='par_1_114' title="bbox 2231 5530 3870 5604">
     <span class='ocr_line' id='line_1_114' title="bbox 2231 5530 3870 5604; baseline -0.005 -16"><span class='ocrx_word' id='word_1_874' title='bbox 2231 5535 2363 5588; x_wconf 80' lang='lat' dir='ltr'><strong>Haec</strong></span> <span class='ocrx_word' id='word_1_875' title='bbox 2391 5533 2622 5604; x_wconf 90' lang='lat' dir='ltr'><strong>quando</strong></span> <span class='ocrx_word' id='word_1_876' title='bbox 2659 5531 3080 5598; x_wconf 89' lang='lat' dir='ltr'><strong>scribebantur,</strong></span> <span class='ocrx_word' id='word_1_877' title='bbox 3135 5547 3251 5586; x_wconf 91' lang='lat' dir='ltr'><strong>non</strong></span> <span class='ocrx_word' id='word_1_878' title='bbox 3280 5531 3359 5584; x_wconf 89' lang='lat' dir='ltr'><strong>sic</strong></span> <span class='ocrx_word' id='word_1_879' title='bbox 3405 5530 3714 5601; x_wconf 88' lang='lat' dir='ltr'><strong>proderant</strong></span> <span class='ocrx_word' id='word_1_880' title='bbox 3739 5539 3870 5599; x_wconf 83' lang='lat' dir='ltr'><strong>gene-</strong></span> 
     </span>
    </p>
   </div>
  </div>
