  <div class='ocr_page' id='page_1' title='image "/cluster/home/n/w/nwhite01/storage/ocr_20150623/113/hvd.32044054759782/512.png"; bbox 0 0 4020 6184; ppageno 0'>
   <div class='ocr_carea' id='block_1_1' title="bbox 182 300 321 353">
    <p class='ocr_par' dir='ltr' id='par_1_1' title="bbox 182 300 321 353">
     <span class='ocr_line' id='line_1_1' title="bbox 182 300 321 353; baseline 0.014 -2"><span class='ocrx_word' id='word_1_1' title='bbox 182 300 321 353; x_wconf 77' lang='grc'>1013</span> 
     </span>
    </p>
   </div>
   <div class='ocr_carea' id='block_1_2' title="bbox 1317 299 2573 359">
    <p class='ocr_par' dir='ltr' id='par_1_2' title="bbox 1317 299 2573 359">
     <span class='ocr_line' id='line_1_2' title="bbox 1317 299 2573 359; baseline 0.003 -6"><span class='ocrx_word' id='word_1_2' title='bbox 1317 299 1569 356; x_wconf 81' lang='lat' dir='ltr'>GLOSSA</span> <span class='ocrx_word' id='word_1_3' title='bbox 1607 300 2009 359; x_wconf 80' lang='lat' dir='ltr'>0RDINARIA.</span> <span class='ocrx_word' id='word_1_4' title='bbox 2051 332 2118 342; x_wconf 95' lang='lat'>—</span> <span class='ocrx_word' id='word_1_5' title='bbox 2158 304 2287 359; x_wconf 88' lang='lat' dir='ltr'>LIB.</span> <span class='ocrx_word' id='word_1_6' title='bbox 2331 304 2573 359; x_wconf 78' lang='lat' dir='ltr'>PSALM.</span> 
     </span>
    </p>
   </div>
   <div class='ocr_carea' id='block_1_3' title="bbox 3549 307 3686 360">
    <p class='ocr_par' dir='ltr' id='par_1_3' title="bbox 3549 307 3686 360">
     <span class='ocr_line' id='line_1_3' title="bbox 3549 307 3686 360; baseline 0 0"><span class='ocrx_word' id='word_1_7' title='bbox 3549 307 3686 360; x_wconf 79' lang='grc'><strong>1014</strong></span> 
     </span>
    </p>
   </div>
   <div class='ocr_carea' id='block_1_4' title="bbox 169 420 3680 495">
    <p class='ocr_par' dir='ltr' id='par_1_4' title="bbox 169 420 3680 495">
     <span class='ocr_line' id='line_1_4' title="bbox 169 420 3680 495; baseline 0.002 -21"><span class='ocrx_word' id='word_1_8' title='bbox 169 420 381 476; x_wconf 77' lang='lat' dir='ltr'>rationi</span> <span class='ocrx_word' id='word_1_9' title='bbox 429 420 642 476; x_wconf 76' lang='lat' dir='ltr'>Veteris</span> <span class='ocrx_word' id='word_1_10' title='bbox 696 420 1085 488; x_wconf 88' lang='lat' dir='ltr'>Testamenti;</span> <span class='ocrx_word' id='word_1_11' title='bbox 1140 427 1386 493; x_wconf 81' lang='lat' dir='ltr'>prosunt</span> <span class='ocrx_word' id='word_1_12' title='bbox 1443 424 1630 491; x_wconf 82' lang='lat' dir='ltr'>alteri,</span> <span class='ocrx_word' id='word_1_13' title='bbox 1679 425 1736 480; x_wconf 93' lang='lat' dir='ltr'>id</span> <span class='ocrx_word' id='word_1_14' title='bbox 1786 430 1873 480; x_wconf 89' lang='lat' dir='ltr'>est</span> <span class='ocrx_word' id='word_1_15' title='bbox 1902 426 1949 479; x_wconf 77' lang='grc' dir='ltr'>Α</span> <span class='ocrx_word' id='word_1_16' title='bbox 1988 425 2233 481; x_wconf 89' lang='lat' dir='ltr'>rioribus</span> <span class='ocrx_word' id='word_1_17' title='bbox 2264 442 2379 480; x_wconf 91' lang='lat' dir='ltr'>non</span> <span class='ocrx_word' id='word_1_18' title='bbox 2409 431 2492 480; x_wconf 91' lang='lat' dir='ltr'>est</span> <span class='ocrx_word' id='word_1_19' title='bbox 2516 431 2757 493; x_wconf 89' lang='lat' dir='ltr'>certum,</span> <span class='ocrx_word' id='word_1_20' title='bbox 2790 426 2885 480; x_wconf 90' lang='lat' dir='ltr'>sed</span> <span class='ocrx_word' id='word_1_21' title='bbox 2936 426 2982 480; x_wconf 98' lang='lat' dir='ltr'>si</span> <span class='ocrx_word' id='word_1_22' title='bbox 3012 430 3264 495; x_wconf 88' lang='lat' dir='ltr'>manent,</span> <span class='ocrx_word' id='word_1_23' title='bbox 3322 442 3439 483; x_wconf 91' lang='lat' dir='ltr'>non</span> <span class='ocrx_word' id='word_1_24' title='bbox 3493 428 3556 482; x_wconf 92' lang='lat' dir='ltr'>in</span> <span class='ocrx_word' id='word_1_25' title='bbox 3602 444 3680 495; x_wconf 89' lang='lat' dir='ltr'>se,</span> 
     </span>
    </p>
   </div>
   <div class='ocr_carea' id='block_1_5' title="bbox 178 527 364 565">
    <p class='ocr_par' dir='ltr' id='par_1_5' title="bbox 178 527 364 565">
     <span class='ocr_line' id='line_1_5' title="bbox 178 527 364 565; baseline -0.005 0"><span class='ocrx_word' id='word_1_26' title='bbox 178 527 364 565; x_wconf 64' lang='grc' dir='ltr'>Πονω.</span> 
     </span>
    </p>
   </div>
   <div class='ocr_carea' id='block_1_6' title="bbox 244 599 1875 672">
    <p class='ocr_par' dir='ltr' id='par_1_6' title="bbox 244 599 1875 672">
     <span class='ocr_line' id='line_1_6' title="bbox 244 599 1875 672; baseline 0.002 -18"><span class='ocrx_word' id='word_1_27' title='bbox 244 601 409 655; x_wconf 75' lang='lat' dir='ltr'>Vsus.</span> <span class='ocrx_word' id='word_1_28' title='bbox 446 602 534 654; x_wconf 87' lang='lat'>20.</span> <span class='ocrx_word' id='word_1_29' title='bbox 595 628 664 640; x_wconf 91' lang='lat'>—-</span> <span class='ocrx_word' id='word_1_30' title='bbox 694 601 836 666; x_wconf 89' lang='lat' dir='ltr'>Quia</span> <span class='ocrx_word' id='word_1_31' title='bbox 859 601 1165 670; x_wconf 73' lang='lat' dir='ltr'>prospexit,</span> <span class='ocrx_word' id='word_1_32' title='bbox 1199 603 1305 654; x_wconf 92' lang='lat' dir='ltr'>etc.</span> <span class='ocrx_word' id='word_1_33' title='bbox 1369 599 1563 671; x_wconf 84' lang='lat' dir='ltr'>(Anc.)</span> <span class='ocrx_word' id='word_1_34' title='bbox 1616 604 1751 657; x_wconf 87' lang='lat' dir='ltr'>Post</span> <span class='ocrx_word' id='word_1_35' title='bbox 1770 619 1875 672; x_wconf 84' lang='lat' dir='ltr'>ge-</span> 
     </span>
    </p>
   </div>
   <div class='ocr_carea' id='block_1_7' title="bbox 173 688 1875 761">
    <p class='ocr_par' dir='ltr' id='par_1_7' title="bbox 173 688 1875 761">
     <span class='ocr_line' id='line_1_7' title="bbox 173 688 1875 761; baseline 0.001 -17"><span class='ocrx_word' id='word_1_36' title='bbox 173 689 351 745; x_wconf 89' lang='lat' dir='ltr'>mitus</span> <span class='ocrx_word' id='word_1_37' title='bbox 381 688 644 756; x_wconf 81' lang='lat' dir='ltr'>dolentis,</span> <span class='ocrx_word' id='word_1_38' title='bbox 681 689 804 759; x_wconf 88' lang='lat' dir='ltr'>jam</span> <span class='ocrx_word' id='word_1_39' title='bbox 840 693 974 743; x_wconf 91' lang='lat' dir='ltr'>sunt</span> <span class='ocrx_word' id='word_1_40' title='bbox 1018 690 1192 743; x_wconf 85' lang='lat' dir='ltr'>verba</span> <span class='ocrx_word' id='word_1_41' title='bbox 1219 690 1697 759; x_wconf 86' lang='lat' dir='ltr'>consolatiouum,</span> <span class='ocrx_word' id='word_1_42' title='bbox 1754 693 1875 761; x_wconf 87' lang='lat' dir='ltr'>jam</span> 
     </span>
    </p>
   </div>
   <div class='ocr_carea' id='block_1_8' title="bbox 170 776 1876 848">
    <p class='ocr_par' dir='ltr' id='par_1_8' title="bbox 170 776 1876 848">
     <span class='ocr_line' id='line_1_8' title="bbox 170 776 1876 848; baseline 0.002 -17"><span class='ocrx_word' id='word_1_43' title='bbox 170 778 384 848; x_wconf 81' lang='lat' dir='ltr'>gaudet</span> <span class='ocrx_word' id='word_1_44' title='bbox 408 793 645 847; x_wconf 87' lang='lat' dir='ltr'>pauper.</span> <span class='ocrx_word' id='word_1_45' title='bbox 698 779 763 831; x_wconf 87' lang='lat' dir='ltr'>Et</span> <span class='ocrx_word' id='word_1_46' title='bbox 789 776 925 848; x_wconf 92' lang='lat' dir='ltr'>quia</span> <span class='ocrx_word' id='word_1_47' title='bbox 956 793 1131 846; x_wconf 82' lang='lat' dir='ltr'>supra</span> <span class='ocrx_word' id='word_1_48' title='bbox 1159 777 1300 832; x_wconf 85' lang='lat' dir='ltr'>dixit</span> <span class='ocrx_word' id='word_1_49' title='bbox 1331 794 1344 832; x_wconf 90' lang='lat'>:</span> <span class='ocrx_word' id='word_1_50' title='bbox 1397 780 1730 847; x_wconf 68' lang='lat' dir='ltr'>jEdiﬁcavit</span> <span class='ocrx_word' id='word_1_51' title='bbox 1761 784 1876 835; x_wconf 90' lang='lat' dir='ltr'>Do—</span> 
     </span>
    </p>
   </div>
   <div class='ocr_carea' id='block_1_9' title="bbox 172 866 1874 933">
    <p class='ocr_par' dir='ltr' id='par_1_9' title="bbox 172 866 1874 933">
     <span class='ocr_line' id='line_1_9' title="bbox 172 866 1874 933; baseline 0.002 -13"><span class='ocrx_word' id='word_1_52' title='bbox 172 871 352 921; x_wconf 82' lang='lat' dir='ltr'>minus</span> <span class='ocrx_word' id='word_1_53' title='bbox 383 866 543 933; x_wconf 91' lang='lat' dir='ltr'>Sion;</span> <span class='ocrx_word' id='word_1_54' title='bbox 577 872 634 920; x_wconf 87' lang='lat' dir='ltr'>et</span> <span class='ocrx_word' id='word_1_55' title='bbox 665 866 802 919; x_wconf 86' lang='lat' dir='ltr'>item</span> <span class='ocrx_word' id='word_1_56' title='bbox 836 882 849 919; x_wconf 92' lang='lat'>:</span> <span class='ocrx_word' id='word_1_57' title='bbox 897 867 1221 922; x_wconf 81' lang='lat' dir='ltr'>Scribuntur</span> <span class='ocrx_word' id='word_1_58' title='bbox 1257 868 1398 933; x_wconf 71' lang='lat' dir='ltr'>haec;</span> <span class='ocrx_word' id='word_1_59' title='bbox 1432 868 1605 922; x_wconf 89' lang='lat' dir='ltr'>modo</span> <span class='ocrx_word' id='word_1_60' title='bbox 1652 874 1874 923; x_wconf 89' lang='lat' dir='ltr'>utrum-</span> 
     </span>
    </p>
   </div>
   <div class='ocr_carea' id='block_1_10' title="bbox 175 954 1873 1026">
    <p class='ocr_par' dir='ltr' id='par_1_10' title="bbox 175 954 1873 1026">
     <span class='ocr_line' id='line_1_10' title="bbox 175 954 1873 1026; baseline 0.002 -18"><span class='ocrx_word' id='word_1_61' title='bbox 175 972 290 1026; x_wconf 87' lang='lat' dir='ltr'>que</span> <span class='ocrx_word' id='word_1_62' title='bbox 322 956 601 1018; x_wconf 82' lang='lat' dir='ltr'>declarat;</span> <span class='ocrx_word' id='word_1_63' title='bbox 636 954 799 1025; x_wconf 89' lang='lat' dir='ltr'>quasi</span> <span class='ocrx_word' id='word_1_64' title='bbox 830 954 936 1008; x_wconf 93' lang='lat' dir='ltr'>hoc</span> <span class='ocrx_word' id='word_1_65' title='bbox 965 959 1052 1007; x_wconf 88' lang='lat' dir='ltr'>est</span> <span class='ocrx_word' id='word_1_66' title='bbox 1095 954 1249 1024; x_wconf 92' lang='lat' dir='ltr'>quod</span> <span class='ocrx_word' id='word_1_67' title='bbox 1298 955 1439 1008; x_wconf 84' lang='lat' dir='ltr'>dixit</span> <span class='ocrx_word' id='word_1_68' title='bbox 1485 956 1873 1026; x_wconf 87' lang='lat' dir='ltr'>scribendum,</span> 
     </span>
    </p>
   </div>
   <div class='ocr_carea' id='block_1_11' title="bbox 173 1044 640 1113">
    <p class='ocr_par' dir='ltr' id='par_1_11' title="bbox 173 1044 640 1113">
     <span class='ocr_line' id='line_1_11' title="bbox 173 1044 640 1113; baseline -0.004 -15"><span class='ocrx_word' id='word_1_69' title='bbox 173 1046 311 1113; x_wconf 84' lang='lat' dir='ltr'>quia</span> <span class='ocrx_word' id='word_1_70' title='bbox 334 1044 640 1112; x_wconf 66' lang='lat' dir='ltr'>prospexit.</span> 
     </span>
    </p>
   </div>
   <div class='ocr_carea' id='block_1_12' title="bbox 242 1130 1863 1202">
    <p class='ocr_par' dir='ltr' id='par_1_12' title="bbox 242 1130 1863 1202">
     <span class='ocr_line' id='line_1_12' title="bbox 242 1130 1863 1202; baseline 0.001 -15"><span class='ocrx_word' id='word_1_71' title='bbox 242 1135 548 1201; x_wconf 68' lang='lat' dir='ltr'>Prospexit.</span> <span class='ocrx_word' id='word_1_72' title='bbox 596 1132 665 1185; x_wconf 92' lang='lat' dir='ltr'>Ut</span> <span class='ocrx_word' id='word_1_73' title='bbox 718 1130 1008 1201; x_wconf 58' lang='lat' dir='ltr'>praeterita</span> <span class='ocrx_word' id='word_1_74' title='bbox 1066 1130 1222 1198; x_wconf 88' lang='lat' dir='ltr'>dicit,</span> <span class='ocrx_word' id='word_1_75' title='bbox 1266 1148 1395 1202; x_wconf 71' lang='lat' dir='ltr'>quas</span> <span class='ocrx_word' id='word_1_76' title='bbox 1434 1137 1599 1187; x_wconf 87' lang='lat' dir='ltr'>erant</span> <span class='ocrx_word' id='word_1_77' title='bbox 1649 1134 1863 1191; x_wconf 87' lang='lat' dir='ltr'>futura.</span> 
     </span>
    </p>
   </div>
   <div class='ocr_carea' id='block_1_13' title="bbox 242 1220 1868 1290">
    <p class='ocr_par' dir='ltr' id='par_1_13' title="bbox 242 1220 1868 1290">
     <span class='ocr_line' id='line_1_13' title="bbox 242 1220 1868 1290; baseline 0.001 -17"><span class='ocrx_word' id='word_1_78' title='bbox 242 1223 407 1275; x_wconf 77' lang='lat' dir='ltr'>Vens.</span> <span class='ocrx_word' id='word_1_79' title='bbox 458 1224 546 1275; x_wconf 85' lang='grc'>21.</span> <span class='ocrx_word' id='word_1_80' title='bbox 600 1251 669 1259; x_wconf 93' lang='grc'><strong><em>-</em></strong></span> <span class='ocrx_word' id='word_1_81' title='bbox 726 1220 1176 1289; x_wconf 85' lang='lat' dir='ltr'>Compeditorum.</span> <span class='ocrx_word' id='word_1_82' title='bbox 1241 1220 1439 1290; x_wconf 77' lang='lat' dir='ltr'>(AUG.)</span> <span class='ocrx_word' id='word_1_83' title='bbox 1496 1222 1691 1275; x_wconf 86' lang='lat' dir='ltr'>Timor</span> <span class='ocrx_word' id='word_1_84' title='bbox 1752 1223 1868 1290; x_wconf 89' lang='lat' dir='ltr'>Dei,</span> 
     </span>
    </p>
   </div>
   <div class='ocr_carea' id='block_1_14' title="bbox 170 1308 1872 1381">
    <p class='ocr_par' dir='ltr' id='par_1_14' title="bbox 170 1308 1872 1381">
     <span class='ocr_line' id='line_1_14' title="bbox 170 1308 1872 1381; baseline 0.001 -17"><span class='ocrx_word' id='word_1_85' title='bbox 170 1309 475 1381; x_wconf 84' lang='lat' dir='ltr'>compedes</span> <span class='ocrx_word' id='word_1_86' title='bbox 504 1312 656 1375; x_wconf 87' lang='lat' dir='ltr'>sunt,</span> <span class='ocrx_word' id='word_1_87' title='bbox 698 1312 830 1375; x_wconf 90' lang='lat' dir='ltr'>etc.,</span> <span class='ocrx_word' id='word_1_88' title='bbox 863 1324 1032 1377; x_wconf 88' lang='lat' dir='ltr'>usque</span> <span class='ocrx_word' id='word_1_89' title='bbox 1061 1309 1135 1362; x_wconf 87' lang='lat' dir='ltr'>ad</span> <span class='ocrx_word' id='word_1_90' title='bbox 1156 1312 1211 1361; x_wconf 92' lang='lat' dir='ltr'>et</span> <span class='ocrx_word' id='word_1_91' title='bbox 1231 1308 1429 1362; x_wconf 90' lang='lat' dir='ltr'>solutis</span> <span class='ocrx_word' id='word_1_92' title='bbox 1454 1314 1756 1363; x_wconf 87' lang='lat' dir='ltr'>vertuntur</span> <span class='ocrx_word' id='word_1_93' title='bbox 1811 1312 1872 1365; x_wconf 88' lang='lat' dir='ltr'>in</span> 
     </span>
    </p>
   </div>
   <div class='ocr_carea' id='block_1_15' title="bbox 163 1396 1872 1469">
    <p class='ocr_par' dir='ltr' id='par_1_15' title="bbox 163 1396 1872 1469">
     <span class='ocr_line' id='line_1_15' title="bbox 163 1396 1872 1469; baseline 0.002 -18"><span class='ocrx_word' id='word_1_94' title='bbox 163 1397 430 1469; x_wconf 83' lang='lat' dir='ltr'>gloriam.</span> <span class='ocrx_word' id='word_1_95' title='bbox 494 1396 699 1467; x_wconf 60' lang='lat' dir='ltr'>(Cass)</span> <span class='ocrx_word' id='word_1_96' title='bbox 759 1396 1101 1466; x_wconf 85' lang='lat' dir='ltr'>Compediti.</span> <span class='ocrx_word' id='word_1_97' title='bbox 1153 1398 1353 1465; x_wconf 85' lang='lat' dir='ltr'>sancti,</span> <span class='ocrx_word' id='word_1_98' title='bbox 1397 1402 1525 1464; x_wconf 90' lang='lat' dir='ltr'>etc.,</span> <span class='ocrx_word' id='word_1_99' title='bbox 1582 1414 1749 1469; x_wconf 85' lang='lat' dir='ltr'>usque</span> <span class='ocrx_word' id='word_1_100' title='bbox 1798 1401 1872 1454; x_wconf 87' lang='lat' dir='ltr'>ad</span> 
     </span>
    </p>
   </div>
   <div class='ocr_carea' id='block_1_16' title="bbox 170 1483 1869 1554">
    <p class='ocr_par' dir='ltr' id='par_1_16' title="bbox 170 1483 1869 1554">
     <span class='ocr_line' id='line_1_16' title="bbox 170 1483 1869 1554; baseline -0.001 -15"><span class='ocrx_word' id='word_1_101' title='bbox 170 1485 324 1539; x_wconf 87' lang='lat' dir='ltr'>unde</span> <span class='ocrx_word' id='word_1_102' title='bbox 369 1483 429 1537; x_wconf 93' lang='lat' dir='ltr'>in</span> <span class='ocrx_word' id='word_1_103' title='bbox 476 1483 806 1554; x_wconf 81' lang='lat' dir='ltr'>generalem</span> <span class='ocrx_word' id='word_1_104' title='bbox 852 1483 1163 1537; x_wconf 89' lang='lat' dir='ltr'>Ecclesiam</span> <span class='ocrx_word' id='word_1_105' title='bbox 1220 1484 1506 1537; x_wconf 89' lang='lat' dir='ltr'>concurrit</span> <span class='ocrx_word' id='word_1_106' title='bbox 1543 1499 1729 1537; x_wconf 90' lang='lat' dir='ltr'>sermo</span> <span class='ocrx_word' id='word_1_107' title='bbox 1775 1500 1869 1537; x_wconf 86' lang='lat' dir='ltr'>eo-</span> 
     </span>
    </p>
   </div>
   <div class='ocr_carea' id='block_1_17' title="bbox 160 1571 1871 1642">
    <p class='ocr_par' dir='ltr' id='par_1_17' title="bbox 160 1571 1871 1642">
     <span class='ocr_line' id='line_1_17' title="bbox 160 1571 1871 1642; baseline -0.001 -15"><span class='ocrx_word' id='word_1_108' title='bbox 160 1589 315 1628; x_wconf 88' lang='lat' dir='ltr'>rum.</span> <span class='ocrx_word' id='word_1_109' title='bbox 354 1575 421 1627; x_wconf 90' lang='lat' dir='ltr'>Ut</span> <span class='ocrx_word' id='word_1_110' title='bbox 466 1574 692 1627; x_wconf 87' lang='lat' dir='ltr'>solveret</span> <span class='ocrx_word' id='word_1_111' title='bbox 725 1573 884 1641; x_wconf 79' lang='lat' dir='ltr'>ﬁlios.</span> <span class='ocrx_word' id='word_1_112' title='bbox 923 1571 1119 1642; x_wconf 82' lang='lat' dir='ltr'>(AUG.)</span> <span class='ocrx_word' id='word_1_113' title='bbox 1150 1573 1258 1626; x_wconf 86' lang='lat' dir='ltr'>Nos</span> <span class='ocrx_word' id='word_1_114' title='bbox 1288 1576 1479 1627; x_wconf 87' lang='lat' dir='ltr'>autem</span> <span class='ocrx_word' id='word_1_115' title='bbox 1521 1588 1719 1626; x_wconf 90' lang='lat' dir='ltr'>sumus</span> <span class='ocrx_word' id='word_1_116' title='bbox 1765 1572 1871 1626; x_wconf 89' lang='lat' dir='ltr'>ﬁlii</span> 
     </span>
    </p>
   </div>
   <div class='ocr_carea' id='block_1_18' title="bbox 162 1660 1868 1731">
    <p class='ocr_par' dir='ltr' id='par_1_18' title="bbox 162 1660 1868 1731">
     <span class='ocr_line' id='line_1_18' title="bbox 162 1660 1868 1731; baseline 0 -16"><span class='ocrx_word' id='word_1_117' title='bbox 162 1662 401 1715; x_wconf 88' lang='lat' dir='ltr'>illorum</span> <span class='ocrx_word' id='word_1_118' title='bbox 429 1661 920 1728; x_wconf 84' lang='lat' dir='ltr'>mortiﬁcatorum,</span> <span class='ocrx_word' id='word_1_119' title='bbox 954 1661 1053 1731; x_wconf 90' lang='lat' dir='ltr'>qui</span> <span class='ocrx_word' id='word_1_120' title='bbox 1103 1660 1378 1715; x_wconf 85' lang='lat' dir='ltr'>solvimur</span> <span class='ocrx_word' id='word_1_121' title='bbox 1424 1678 1459 1715; x_wconf 90' lang='lat' dir='ltr'>a</span> <span class='ocrx_word' id='word_1_122' title='bbox 1510 1661 1680 1716; x_wconf 91' lang='lat' dir='ltr'>nodis</span> <span class='ocrx_word' id='word_1_123' title='bbox 1728 1677 1868 1731; x_wconf 88' lang='lat' dir='ltr'>pec-</span> 
     </span>
    </p>
   </div>
   <div class='ocr_carea' id='block_1_19' title="bbox 174 1748 1251 1820">
    <p class='ocr_par' dir='ltr' id='par_1_19' title="bbox 174 1748 1251 1820">
     <span class='ocr_line' id='line_1_19' title="bbox 174 1748 1251 1820; baseline 0 -17"><span class='ocrx_word' id='word_1_124' title='bbox 174 1754 460 1817; x_wconf 89' lang='lat' dir='ltr'>catorum,</span> <span class='ocrx_word' id='word_1_125' title='bbox 492 1755 548 1802; x_wconf 92' lang='lat' dir='ltr'>et</span> <span class='ocrx_word' id='word_1_126' title='bbox 580 1748 823 1803; x_wconf 87' lang='lat' dir='ltr'>vinculis</span> <span class='ocrx_word' id='word_1_127' title='bbox 852 1749 1251 1820; x_wconf 84' lang='lat' dir='ltr'>cupiditatum.</span> 
     </span>
    </p>
   </div>
   <div class='ocr_carea' id='block_1_20' title="bbox 250 1837 1866 1907">
    <p class='ocr_par' dir='ltr' id='par_1_20' title="bbox 250 1837 1866 1907">
     <span class='ocr_line' id='line_1_20' title="bbox 250 1837 1866 1907; baseline 0 -16"><span class='ocrx_word' id='word_1_128' title='bbox 250 1840 413 1893; x_wconf 76' lang='lat' dir='ltr'>Vsus.</span> <span class='ocrx_word' id='word_1_129' title='bbox 472 1841 561 1893; x_wconf 89' lang='lat'>23.</span> <span class='ocrx_word' id='word_1_130' title='bbox 623 1868 691 1877; x_wconf 80' lang='lat'>-—</span> <span class='ocrx_word' id='word_1_131' title='bbox 728 1838 1035 1907; x_wconf 77' lang='lat' dir='ltr'>Respondit</span> <span class='ocrx_word' id='word_1_132' title='bbox 1086 1841 1136 1892; x_wconf 88' lang='lat' dir='ltr'>ei</span> <span class='ocrx_word' id='word_1_133' title='bbox 1193 1841 1253 1892; x_wconf 89' lang='lat' dir='ltr'>in</span> <span class='ocrx_word' id='word_1_134' title='bbox 1308 1841 1401 1892; x_wconf 90' lang='lat' dir='ltr'>via</span> <span class='ocrx_word' id='word_1_135' title='bbox 1453 1837 1680 1894; x_wconf 85' lang='lat' dir='ltr'>virtutis</span> <span class='ocrx_word' id='word_1_136' title='bbox 1738 1853 1866 1893; x_wconf 79' lang='lat' dir='ltr'>suae.</span> 
     </span>
    </p>
   </div>
   <div class='ocr_carea' id='block_1_21' title="bbox 161 1926 1866 1997">
    <p class='ocr_par' dir='ltr' id='par_1_21' title="bbox 161 1926 1866 1997">
     <span class='ocr_line' id='line_1_21' title="bbox 161 1926 1866 1997; baseline 0 -16"><span class='ocrx_word' id='word_1_137' title='bbox 161 1927 373 1997; x_wconf 74' lang='lat' dir='ltr'>(CASS.)</span> <span class='ocrx_word' id='word_1_138' title='bbox 404 1926 617 1991; x_wconf 89' lang='lat' dir='ltr'>Quarta</span> <span class='ocrx_word' id='word_1_139' title='bbox 657 1943 808 1997; x_wconf 89' lang='lat' dir='ltr'>pars,</span> <span class='ocrx_word' id='word_1_140' title='bbox 855 1927 970 1994; x_wconf 91' lang='lat' dir='ltr'>ubi,</span> <span class='ocrx_word' id='word_1_141' title='bbox 1018 1931 1150 1997; x_wconf 89' lang='lat' dir='ltr'>post</span> <span class='ocrx_word' id='word_1_142' title='bbox 1204 1928 1610 1982; x_wconf 87' lang='lat' dir='ltr'>certitudinem</span> <span class='ocrx_word' id='word_1_143' title='bbox 1660 1927 1866 1995; x_wconf 65' lang='lat' dir='ltr'>venias,</span> 
     </span>
    </p>
   </div>
   <div class='ocr_carea' id='block_1_22' title="bbox 162 2015 1865 2087">
    <p class='ocr_par' dir='ltr' id='par_1_22' title="bbox 162 2015 1865 2087">
     <span class='ocr_line' id='line_1_22' title="bbox 162 2015 1865 2087; baseline -0.001 -16"><span class='ocrx_word' id='word_1_144' title='bbox 162 2017 307 2071; x_wconf 86' lang='lat' dir='ltr'>dicit</span> <span class='ocrx_word' id='word_1_145' title='bbox 330 2016 485 2087; x_wconf 89' lang='lat' dir='ltr'>quod</span> <span class='ocrx_word' id='word_1_146' title='bbox 516 2015 585 2070; x_wconf 92' lang='lat' dir='ltr'>de</span> <span class='ocrx_word' id='word_1_147' title='bbox 616 2032 718 2069; x_wconf 90' lang='lat' dir='ltr'>sua</span> <span class='ocrx_word' id='word_1_148' title='bbox 760 2016 1036 2070; x_wconf 87' lang='lat' dir='ltr'>brevitate</span> <span class='ocrx_word' id='word_1_149' title='bbox 1068 2016 1140 2070; x_wconf 89' lang='lat' dir='ltr'>ad</span> <span class='ocrx_word' id='word_1_150' title='bbox 1170 2017 1548 2071; x_wconf 63' lang='lat' dir='ltr'>aeternitatem</span> <span class='ocrx_word' id='word_1_151' title='bbox 1597 2021 1865 2070; x_wconf 84' lang='lat' dir='ltr'>transeat.</span> 
     </span>
    </p>
   </div>
   <div class='ocr_carea' id='block_1_23' title="bbox 166 2104 1868 2174">
    <p class='ocr_par' dir='ltr' id='par_1_23' title="bbox 166 2104 1868 2174">
     <span class='ocr_line' id='line_1_23' title="bbox 166 2104 1868 2174; baseline -0.001 -15"><span class='ocrx_word' id='word_1_152' title='bbox 166 2105 370 2174; x_wconf 82' lang='lat' dir='ltr'>(AUG.)</span> <span class='ocrx_word' id='word_1_153' title='bbox 400 2104 716 2174; x_wconf 79' lang='lat' dir='ltr'>Respondit.</span> <span class='ocrx_word' id='word_1_154' title='bbox 746 2104 889 2168; x_wconf 87' lang='lat' dir='ltr'>Quia</span> <span class='ocrx_word' id='word_1_155' title='bbox 923 2122 935 2156; x_wconf 91' lang='lat'><strong>:</strong></span> <span class='ocrx_word' id='word_1_156' title='bbox 994 2105 1147 2171; x_wconf 91' lang='lat' dir='ltr'>Dico,</span> <span class='ocrx_word' id='word_1_157' title='bbox 1192 2110 1254 2158; x_wconf 93' lang='lat' dir='ltr'>ut</span> <span class='ocrx_word' id='word_1_158' title='bbox 1284 2104 1623 2159; x_wconf 90' lang='lat' dir='ltr'>annuntiem</span> <span class='ocrx_word' id='word_1_159' title='bbox 1655 2121 1868 2158; x_wconf 84' lang='lat' dir='ltr'>nomen</span> 
     </span>
    </p>
   </div>
   <div class='ocr_carea' id='block_1_24' title="bbox 167 2192 1869 2262">
    <p class='ocr_par' dir='ltr' id='par_1_24' title="bbox 167 2192 1869 2262">
     <span class='ocr_line' id='line_1_24' title="bbox 167 2192 1869 2262; baseline -0.001 -15"><span class='ocrx_word' id='word_1_160' title='bbox 167 2192 399 2247; x_wconf 90' lang='lat' dir='ltr'>Domini</span> <span class='ocrx_word' id='word_1_161' title='bbox 419 2198 474 2247; x_wconf 90' lang='lat' dir='ltr'>et</span> <span class='ocrx_word' id='word_1_162' title='bbox 504 2192 729 2246; x_wconf 92' lang='lat' dir='ltr'>laudem</span> <span class='ocrx_word' id='word_1_163' title='bbox 761 2193 885 2262; x_wconf 88' lang='lat' dir='ltr'>ejus</span> <span class='ocrx_word' id='word_1_164' title='bbox 912 2193 974 2245; x_wconf 90' lang='lat' dir='ltr'>in</span> <span class='ocrx_word' id='word_1_165' title='bbox 1012 2193 1347 2259; x_wconf 88' lang='lat' dir='ltr'>Jerusalem,</span> <span class='ocrx_word' id='word_1_166' title='bbox 1402 2198 1531 2259; x_wconf 90' lang='lat' dir='ltr'>etc.,</span> <span class='ocrx_word' id='word_1_167' title='bbox 1581 2208 1749 2262; x_wconf 88' lang='lat' dir='ltr'>usque</span> <span class='ocrx_word' id='word_1_168' title='bbox 1796 2193 1869 2247; x_wconf 89' lang='lat' dir='ltr'>ad</span> 
     </span>
    </p>
   </div>
   <div class='ocr_carea' id='block_1_25' title="bbox 162 2280 1866 2350">
    <p class='ocr_par' dir='ltr' id='par_1_25' title="bbox 162 2280 1866 2350">
     <span class='ocr_line' id='line_1_25' title="bbox 162 2280 1866 2350; baseline -0.001 -13"><span class='ocrx_word' id='word_1_169' title='bbox 162 2299 287 2337; x_wconf 87' lang='lat' dir='ltr'>non</span> <span class='ocrx_word' id='word_1_170' title='bbox 321 2282 654 2347; x_wconf 88' lang='lat' dir='ltr'>contemnit,</span> <span class='ocrx_word' id='word_1_171' title='bbox 688 2281 787 2334; x_wconf 90' lang='lat' dir='ltr'>sed</span> <span class='ocrx_word' id='word_1_172' title='bbox 816 2280 1063 2334; x_wconf 87' lang='lat' dir='ltr'>fructum</span> <span class='ocrx_word' id='word_1_173' title='bbox 1092 2281 1295 2335; x_wconf 91' lang='lat' dir='ltr'>reddit.</span> <span class='ocrx_word' id='word_1_174' title='bbox 1329 2281 1627 2350; x_wconf 76' lang='lat' dir='ltr'>Respondit</span> <span class='ocrx_word' id='word_1_175' title='bbox 1680 2284 1748 2335; x_wconf 88' lang='lat' dir='ltr'>ei.</span> <span class='ocrx_word' id='word_1_176' title='bbox 1805 2282 1866 2335; x_wconf 93' lang='lat' dir='ltr'>Id</span> 
     </span>
    </p>
   </div>
   <div class='ocr_carea' id='block_1_26' title="bbox 160 2368 1869 2439">
    <p class='ocr_par' dir='ltr' id='par_1_26' title="bbox 160 2368 1869 2439">
     <span class='ocr_line' id='line_1_26' title="bbox 160 2368 1869 2439; baseline -0.002 -12"><span class='ocrx_word' id='word_1_177' title='bbox 160 2377 269 2439; x_wconf 88' lang='lat' dir='ltr'>est,</span> <span class='ocrx_word' id='word_1_178' title='bbox 303 2371 480 2426; x_wconf 86' lang='lat' dir='ltr'>credit</span> <span class='ocrx_word' id='word_1_179' title='bbox 519 2369 894 2423; x_wconf 86' lang='lat' dir='ltr'>resurrexisse</span> <span class='ocrx_word' id='word_1_180' title='bbox 925 2368 1232 2424; x_wconf 84' lang='lat' dir='ltr'>Christum.</span> <span class='ocrx_word' id='word_1_181' title='bbox 1267 2369 1373 2424; x_wconf 91' lang='lat' dir='ltr'>Sed</span> <span class='ocrx_word' id='word_1_182' title='bbox 1426 2369 1564 2439; x_wconf 89' lang='lat' dir='ltr'>quia</span> <span class='ocrx_word' id='word_1_183' title='bbox 1592 2370 1869 2439; x_wconf 62' lang='lat' dir='ltr'>praevidet</span> 
     </span>
    </p>
   </div>
   <div class='ocr_carea' id='block_1_27' title="bbox 157 2457 1867 2532">
    <p class='ocr_par' dir='ltr' id='par_1_27' title="bbox 157 2457 1867 2532">
     <span class='ocr_line' id='line_1_27' title="bbox 157 2457 1867 2532; baseline -0.002 -17"><span class='ocrx_word' id='word_1_184' title='bbox 157 2460 443 2532; x_wconf 91' lang='lat' dir='ltr'>quosdam</span> <span class='ocrx_word' id='word_1_185' title='bbox 479 2458 746 2525; x_wconf 90' lang='lat' dir='ltr'>dicturos,</span> <span class='ocrx_word' id='word_1_186' title='bbox 802 2458 914 2512; x_wconf 87' lang='lat' dir='ltr'>fuit</span> <span class='ocrx_word' id='word_1_187' title='bbox 958 2457 1197 2528; x_wconf 89' lang='lat' dir='ltr'>quidem</span> <span class='ocrx_word' id='word_1_188' title='bbox 1254 2458 1548 2528; x_wconf 90' lang='lat' dir='ltr'>quondam</span> <span class='ocrx_word' id='word_1_189' title='bbox 1622 2458 1867 2512; x_wconf 88' lang='lat' dir='ltr'>Ecclesia</span> 
     </span>
    </p>
   </div>
   <div class='ocr_carea' id='block_1_28' title="bbox 162 2546 1581 2618">
    <p class='ocr_par' dir='ltr' id='par_1_28' title="bbox 162 2546 1581 2618">
     <span class='ocr_line' id='line_1_28' title="bbox 162 2546 1581 2618; baseline -0.003 -15"><span class='ocrx_word' id='word_1_190' title='bbox 162 2563 523 2618; x_wconf 72' lang='lat' dir='ltr'>congregans</span> <span class='ocrx_word' id='word_1_191' title='bbox 544 2562 741 2600; x_wconf 92' lang='lat' dir='ltr'>omnes</span> <span class='ocrx_word' id='word_1_192' title='bbox 770 2546 831 2598; x_wconf 88' lang='lat' dir='ltr'>in</span> <span class='ocrx_word' id='word_1_193' title='bbox 862 2562 1061 2613; x_wconf 91' lang='lat' dir='ltr'>unum,</span> <span class='ocrx_word' id='word_1_194' title='bbox 1092 2547 1190 2600; x_wconf 90' lang='lat' dir='ltr'>sed</span> <span class='ocrx_word' id='word_1_195' title='bbox 1211 2546 1334 2615; x_wconf 88' lang='lat' dir='ltr'>jam</span> <span class='ocrx_word' id='word_1_196' title='bbox 1351 2546 1581 2599; x_wconf 90' lang='lat' dir='ltr'>desinit.</span> 
     </span>
    </p>
   </div>
   <div class='ocr_carea' id='block_1_29' title="bbox 237 2634 1865 2705">
    <p class='ocr_par' dir='ltr' id='par_1_29' title="bbox 237 2634 1865 2705">
     <span class='ocr_line' id='line_1_29' title="bbox 237 2634 1865 2705; baseline -0.002 -13"><span class='ocrx_word' id='word_1_197' title='bbox 237 2639 590 2702; x_wconf 87' lang='lat' dir='ltr'>Paucitatem,</span> <span class='ocrx_word' id='word_1_198' title='bbox 636 2634 846 2705; x_wconf 89' lang='lat' dir='ltr'>inquit,</span> <span class='ocrx_word' id='word_1_199' title='bbox 878 2635 1089 2689; x_wconf 87' lang='lat' dir='ltr'>dierum</span> <span class='ocrx_word' id='word_1_200' title='bbox 1135 2651 1415 2689; x_wconf 86' lang='lat' dir='ltr'>meorum:</span> <span class='ocrx_word' id='word_1_201' title='bbox 1459 2651 1577 2688; x_wconf 90' lang='lat' dir='ltr'>non</span> <span class='ocrx_word' id='word_1_202' title='bbox 1633 2636 1865 2690; x_wconf 70' lang='lat' dir='ltr'>aeterni-</span> 
     </span>
    </p>
   </div>
   <div class='ocr_carea' id='block_1_30' title="bbox 171 2708 1867 2795">
    <p class='ocr_par' dir='ltr' id='par_1_30' title="bbox 171 2708 1867 2795">
     <span class='ocr_line' id='line_1_30' title="bbox 171 2708 1867 2795; baseline -0.002 -14"><span class='ocrx_word' id='word_1_203' title='bbox 171 2731 343 2782; x_wconf 87' lang='lat' dir='ltr'>tatem</span> <span class='ocrx_word' id='word_1_204' title='bbox 375 2708 626 2791; x_wconf 89' lang='lat' dir='ltr'>illorum,</span> <span class='ocrx_word' id='word_1_205' title='bbox 692 2722 790 2777; x_wconf 92' lang='lat' dir='ltr'>ubi</span> <span class='ocrx_word' id='word_1_206' title='bbox 820 2738 937 2787; x_wconf 89' lang='lat' dir='ltr'>ero,</span> <span class='ocrx_word' id='word_1_207' title='bbox 977 2724 1076 2777; x_wconf 92' lang='lat' dir='ltr'>sed</span> <span class='ocrx_word' id='word_1_208' title='bbox 1121 2724 1467 2793; x_wconf 86' lang='lat' dir='ltr'>temporales</span> <span class='ocrx_word' id='word_1_209' title='bbox 1492 2724 1631 2791; x_wconf 90' lang='lat' dir='ltr'>dies,</span> <span class='ocrx_word' id='word_1_210' title='bbox 1677 2741 1867 2795; x_wconf 91' lang='lat' dir='ltr'>quan-</span> 
     </span>
    </p>
   </div>
   <div class='ocr_carea' id='block_1_31' title="bbox 172 2813 1867 2884">
    <p class='ocr_par' dir='ltr' id='par_1_31' title="bbox 172 2813 1867 2884">
     <span class='ocr_line' id='line_1_31' title="bbox 172 2813 1867 2884; baseline -0.001 -15"><span class='ocrx_word' id='word_1_211' title='bbox 172 2816 271 2870; x_wconf 91' lang='lat' dir='ltr'>diu</span> <span class='ocrx_word' id='word_1_212' title='bbox 303 2831 401 2868; x_wconf 93' lang='lat' dir='ltr'>ero</span> <span class='ocrx_word' id='word_1_213' title='bbox 432 2815 491 2867; x_wconf 92' lang='lat' dir='ltr'>in</span> <span class='ocrx_word' id='word_1_214' title='bbox 514 2814 623 2867; x_wconf 92' lang='lat' dir='ltr'>hoc</span> <span class='ocrx_word' id='word_1_215' title='bbox 652 2813 876 2866; x_wconf 71' lang='lat' dir='ltr'>saaculo.</span> <span class='ocrx_word' id='word_1_216' title='bbox 902 2815 1110 2869; x_wconf 88' lang='lat' dir='ltr'>Nuntia</span> <span class='ocrx_word' id='word_1_217' title='bbox 1138 2815 1293 2866; x_wconf 85' lang='lat' dir='ltr'>mihi.</span> <span class='ocrx_word' id='word_1_218' title='bbox 1341 2814 1580 2882; x_wconf 88' lang='lat' dir='ltr'>Propter</span> <span class='ocrx_word' id='word_1_219' title='bbox 1608 2814 1734 2866; x_wconf 88' lang='lat' dir='ltr'>illos</span> <span class='ocrx_word' id='word_1_220' title='bbox 1766 2813 1867 2884; x_wconf 87' lang='lat' dir='ltr'>qui</span> 
     </span>
    </p>
   </div>
   <div class='ocr_carea' id='block_1_32' title="bbox 168 2899 1861 2970">
    <p class='ocr_par' dir='ltr' id='par_1_32' title="bbox 168 2899 1861 2970">
     <span class='ocr_line' id='line_1_32' title="bbox 168 2899 1861 2970; baseline -0.003 -13"><span class='ocrx_word' id='word_1_221' title='bbox 168 2904 385 2966; x_wconf 88' lang='lat' dir='ltr'>dicunt,</span> <span class='ocrx_word' id='word_1_222' title='bbox 406 2901 528 2970; x_wconf 89' lang='lat' dir='ltr'>jam</span> <span class='ocrx_word' id='word_1_223' title='bbox 551 2916 669 2953; x_wconf 92' lang='lat' dir='ltr'>non</span> <span class='ocrx_word' id='word_1_224' title='bbox 696 2915 818 2953; x_wconf 90' lang='lat' dir='ltr'>esse</span> <span class='ocrx_word' id='word_1_225' title='bbox 850 2899 1177 2953; x_wconf 77' lang='lat' dir='ltr'>Ecclesium.</span> <span class='ocrx_word' id='word_1_226' title='bbox 1214 2900 1339 2953; x_wconf 89' lang='lat' dir='ltr'>Non</span> <span class='ocrx_word' id='word_1_227' title='bbox 1370 2906 1530 2954; x_wconf 85' lang='lat' dir='ltr'>vacat</span> <span class='ocrx_word' id='word_1_228' title='bbox 1578 2916 1684 2954; x_wconf 89' lang='lat' dir='ltr'>vox</span> <span class='ocrx_word' id='word_1_229' title='bbox 1736 2900 1861 2963; x_wconf 87' lang='lat' dir='ltr'>ista,</span> 
     </span>
    </p>
   </div>
   <div class='ocr_carea' id='block_1_33' title="bbox 1989 516 2612 581">
    <p class='ocr_par' dir='ltr' id='par_1_33' title="bbox 1989 516 2612 581">
     <span class='ocr_line' id='line_1_33' title="bbox 1989 516 2612 581; baseline 0.002 -14"><span class='ocrx_word' id='word_1_230' title='bbox 1989 516 2084 581; x_wconf 81' lang='lat' dir='ltr'>sed</span> <span class='ocrx_word' id='word_1_231' title='bbox 2113 516 2172 569; x_wconf 91' lang='lat' dir='ltr'>in</span> <span class='ocrx_word' id='word_1_232' title='bbox 2203 516 2318 570; x_wconf 93' lang='lat' dir='ltr'>Deo</span> <span class='ocrx_word' id='word_1_233' title='bbox 2359 519 2612 569; x_wconf 88' lang='lat' dir='ltr'>manent.</span> 
     </span>
    </p>
   </div>
   <div class='ocr_carea' id='block_1_34' title="bbox 2058 604 3683 672">
    <p class='ocr_par' dir='ltr' id='par_1_34' title="bbox 2058 604 3683 672">
     <span class='ocr_line' id='line_1_34' title="bbox 2058 604 3683 672; baseline 0.002 -15"><span class='ocrx_word' id='word_1_234' title='bbox 2058 606 2220 658; x_wconf 79' lang='lat' dir='ltr'>Vaas.</span> <span class='ocrx_word' id='word_1_235' title='bbox 2261 607 2347 658; x_wconf 90' lang='lat'>28.</span> <span class='ocrx_word' id='word_1_236' title='bbox 2376 634 2444 644; x_wconf 93' lang='lat'>-—</span> <span class='ocrx_word' id='word_1_237' title='bbox 2491 608 2560 659; x_wconf 88' lang='lat' dir='ltr'>Et</span> <span class='ocrx_word' id='word_1_238' title='bbox 2588 606 2725 657; x_wconf 88' lang='lat' dir='ltr'>sicut</span> <span class='ocrx_word' id='word_1_239' title='bbox 2753 606 3078 672; x_wconf 75' lang='lat' dir='ltr'>opertorium</span> <span class='ocrx_word' id='word_1_240' title='bbox 3127 604 3362 658; x_wconf 85' lang='lat' dir='ltr'>mutabis</span> <span class='ocrx_word' id='word_1_241' title='bbox 3390 620 3493 661; x_wconf 85' lang='lat' dir='ltr'>cos.</span> <span class='ocrx_word' id='word_1_242' title='bbox 3552 606 3683 661; x_wconf 70' lang='lat' dir='ltr'>Cos—</span> 
     </span>
    </p>
   </div>
   <div class='ocr_carea' id='block_1_35' title="bbox 1985 690 3679 763">
    <p class='ocr_par' dir='ltr' id='par_1_35' title="bbox 1985 690 3679 763">
     <span class='ocr_line' id='line_1_35' title="bbox 1985 690 3679 763; baseline 0.001 -18"><span class='ocrx_word' id='word_1_243' title='bbox 1985 691 2073 745; x_wconf 93' lang='lat' dir='ltr'>los</span> <span class='ocrx_word' id='word_1_244' title='bbox 2120 692 2329 763; x_wconf 89' lang='lat' dir='ltr'>accipe,</span> <span class='ocrx_word' id='word_1_245' title='bbox 2384 692 2483 763; x_wconf 90' lang='lat' dir='ltr'>qui</span> <span class='ocrx_word' id='word_1_246' title='bbox 2529 692 2725 745; x_wconf 89' lang='lat' dir='ltr'>omnia</span> <span class='ocrx_word' id='word_1_247' title='bbox 2768 690 3054 760; x_wconf 87' lang='lat' dir='ltr'>operiunt,</span> <span class='ocrx_word' id='word_1_248' title='bbox 3113 691 3212 760; x_wconf 91' lang='lat' dir='ltr'>qui</span> <span class='ocrx_word' id='word_1_249' title='bbox 3271 692 3445 745; x_wconf 87' lang='lat' dir='ltr'>etiam</span> <span class='ocrx_word' id='word_1_250' title='bbox 3490 696 3679 746; x_wconf 85' lang='lat' dir='ltr'>muta-</span> 
     </span>
    </p>
   </div>
   <div class='ocr_carea' id='block_1_36' title="bbox 1986 780 3683 849">
    <p class='ocr_par' dir='ltr' id='par_1_36' title="bbox 1986 780 3683 849">
     <span class='ocr_line' id='line_1_36' title="bbox 1986 780 3683 849; baseline 0.001 -15"><span class='ocrx_word' id='word_1_251' title='bbox 1986 781 2221 835; x_wconf 89' lang='lat' dir='ltr'>buntur.</span> <span class='ocrx_word' id='word_1_252' title='bbox 2265 785 2337 836; x_wconf 89' lang='lat' dir='ltr'>Et</span> <span class='ocrx_word' id='word_1_253' title='bbox 2365 784 2500 835; x_wconf 87' lang='lat' dir='ltr'>anni</span> <span class='ocrx_word' id='word_1_254' title='bbox 2539 784 2619 834; x_wconf 86' lang='lat' dir='ltr'>tui</span> <span class='ocrx_word' id='word_1_255' title='bbox 2669 796 2773 834; x_wconf 84' lang='lat' dir='ltr'>non</span> <span class='ocrx_word' id='word_1_256' title='bbox 2805 780 3067 847; x_wconf 76' lang='lat' dir='ltr'>deficient.</span> <span class='ocrx_word' id='word_1_257' title='bbox 3112 780 3307 849; x_wconf 80' lang='lat' dir='ltr'>(AUG.)</span> <span class='ocrx_word' id='word_1_258' title='bbox 3353 780 3461 844; x_wconf 88' lang='lat' dir='ltr'>Qui</span> <span class='ocrx_word' id='word_1_259' title='bbox 3517 784 3683 835; x_wconf 89' lang='lat' dir='ltr'>erunt</span> 
     </span>
    </p>
   </div>
   <div class='ocr_carea' id='block_1_37' title="bbox 1984 868 3680 939">
    <p class='ocr_par' dir='ltr' id='par_1_37' title="bbox 1984 868 3680 939">
     <span class='ocr_line' id='line_1_37' title="bbox 1984 868 3680 939; baseline 0 -17"><span class='ocrx_word' id='word_1_260' title='bbox 1984 870 2044 923; x_wconf 91' lang='lat' dir='ltr'>in</span> <span class='ocrx_word' id='word_1_261' title='bbox 2093 870 2456 939; x_wconf 82' lang='lat' dir='ltr'>generatione</span> <span class='ocrx_word' id='word_1_262' title='bbox 2508 868 2964 939; x_wconf 87' lang='lat' dir='ltr'>generationum.</span> <span class='ocrx_word' id='word_1_263' title='bbox 3009 868 3113 921; x_wconf 89' lang='lat' dir='ltr'>Sed</span> <span class='ocrx_word' id='word_1_264' title='bbox 3147 884 3220 920; x_wconf 89' lang='lat' dir='ltr'>an</span> <span class='ocrx_word' id='word_1_265' title='bbox 3252 868 3329 920; x_wconf 87' lang='lat' dir='ltr'>ibi</span> <span class='ocrx_word' id='word_1_266' title='bbox 3357 884 3476 921; x_wconf 88' lang='lat' dir='ltr'>esse</span> <span class='ocrx_word' id='word_1_267' title='bbox 3521 874 3680 937; x_wconf 85' lang='lat' dir='ltr'>pote-</span> 
     </span>
    </p>
   </div>
   <div class='ocr_carea' id='block_1_38' title="bbox 1984 957 3676 1030">
    <p class='ocr_par' dir='ltr' id='par_1_38' title="bbox 1984 957 3676 1030">
     <span class='ocr_line' id='line_1_38' title="bbox 1984 957 3676 1030; baseline 0 -19"><span class='ocrx_word' id='word_1_268' title='bbox 1984 959 2205 1014; x_wconf 78' lang='lat' dir='ltr'>rimus?</span> <span class='ocrx_word' id='word_1_269' title='bbox 2256 960 2478 1030; x_wconf 87' lang='lat' dir='ltr'>Utique,</span> <span class='ocrx_word' id='word_1_270' title='bbox 2530 957 2665 1028; x_wconf 86' lang='lat' dir='ltr'>quia</span> <span class='ocrx_word' id='word_1_271' title='bbox 2701 958 2818 1026; x_wconf 83' lang='lat' dir='ltr'>ﬁlii</span> <span class='ocrx_word' id='word_1_272' title='bbox 2875 972 3151 1011; x_wconf 85' lang='lat' dir='ltr'>servorum</span> <span class='ocrx_word' id='word_1_273' title='bbox 3194 963 3406 1012; x_wconf 86' lang='lat' dir='ltr'>tuorum</span> <span class='ocrx_word' id='word_1_274' title='bbox 3461 958 3676 1011; x_wconf 79' lang='lat' dir='ltr'>habita-</span> 
     </span>
    </p>
   </div>
   <div class='ocr_carea' id='block_1_39' title="bbox 1986 1047 2134 1100">
    <p class='ocr_par' dir='ltr' id='par_1_39' title="bbox 1986 1047 2134 1100">
     <span class='ocr_line' id='line_1_39' title="bbox 1986 1047 2134 1100; baseline 0 -1"><span class='ocrx_word' id='word_1_275' title='bbox 1986 1047 2134 1100; x_wconf 87' lang='lat' dir='ltr'>bunt.</span> 
     </span>
    </p>
   </div>
   <div class='ocr_carea' id='block_1_40' title="bbox 2054 1133 3674 1203">
    <p class='ocr_par' dir='ltr' id='par_1_40' title="bbox 2054 1133 3674 1203">
     <span class='ocr_line' id='line_1_40' title="bbox 2054 1133 3674 1203; baseline 0.001 -17"><span class='ocrx_word' id='word_1_276' title='bbox 2054 1136 2215 1189; x_wconf 76' lang='lat' dir='ltr'>Vaas.</span> <span class='ocrx_word' id='word_1_277' title='bbox 2266 1138 2353 1188; x_wconf 88' lang='lat'>29.</span> <span class='ocrx_word' id='word_1_278' title='bbox 2390 1166 2456 1173; x_wconf 91' lang='lat'><strong><em>—</em></strong></span> <span class='ocrx_word' id='word_1_279' title='bbox 2509 1135 2638 1188; x_wconf 84' lang='lat' dir='ltr'>Filii</span> <span class='ocrx_word' id='word_1_280' title='bbox 2666 1148 2958 1187; x_wconf 85' lang='lat' dir='ltr'>servorum.</span> <span class='ocrx_word' id='word_1_281' title='bbox 3011 1133 3197 1203; x_wconf 80' lang='lat' dir='ltr'>(AUG.)</span> <span class='ocrx_word' id='word_1_282' title='bbox 3230 1134 3299 1187; x_wconf 91' lang='lat' dir='ltr'>Ut</span> <span class='ocrx_word' id='word_1_283' title='bbox 3342 1134 3446 1187; x_wconf 85' lang='lat' dir='ltr'>ﬁlii</span> <span class='ocrx_word' id='word_1_284' title='bbox 3495 1134 3674 1189; x_wconf 89' lang='lat' dir='ltr'>intra-</span> 
     </span>
    </p>
   </div>
   <div class='ocr_carea' id='block_1_41' title="bbox 1983 1222 3676 1293">
    <p class='ocr_par' dir='ltr' id='par_1_41' title="bbox 1983 1222 3676 1293">
     <span class='ocr_line' id='line_1_41' title="bbox 1983 1222 3676 1293; baseline 0.002 -19"><span class='ocrx_word' id='word_1_285' title='bbox 1983 1229 2189 1277; x_wconf 85' lang='lat' dir='ltr'>verunt</span> <span class='ocrx_word' id='word_1_286' title='bbox 2213 1229 2424 1277; x_wconf 86' lang='lat' dir='ltr'>terram</span> <span class='ocrx_word' id='word_1_287' title='bbox 2453 1222 2871 1293; x_wconf 87' lang='lat' dir='ltr'>promissionis,</span> <span class='ocrx_word' id='word_1_288' title='bbox 2898 1226 3030 1291; x_wconf 90' lang='lat' dir='ltr'>etc.,</span> <span class='ocrx_word' id='word_1_289' title='bbox 3060 1238 3229 1291; x_wconf 88' lang='lat' dir='ltr'>usque</span> <span class='ocrx_word' id='word_1_290' title='bbox 3258 1224 3332 1276; x_wconf 89' lang='lat' dir='ltr'>ad</span> <span class='ocrx_word' id='word_1_291' title='bbox 3361 1239 3490 1277; x_wconf 89' lang='lat' dir='ltr'>cum</span> <span class='ocrx_word' id='word_1_292' title='bbox 3516 1223 3676 1277; x_wconf 91' lang='lat' dir='ltr'>omni</span> 
     </span>
    </p>
   </div>
   <div class='ocr_carea' id='block_1_42' title="bbox 1982 1310 3572 1374">
    <p class='ocr_par' dir='ltr' id='par_1_42' title="bbox 1982 1310 3572 1374">
     <span class='ocr_line' id='line_1_42' title="bbox 1982 1310 3572 1374; baseline 0.002 -11"><span class='ocrx_word' id='word_1_293' title='bbox 1982 1310 2231 1364; x_wconf 84' lang='lat' dir='ltr'>novitate</span> <span class='ocrx_word' id='word_1_294' title='bbox 2270 1312 2544 1374; x_wconf 84' lang='lat' dir='ltr'>ﬁliorum,</span> <span class='ocrx_word' id='word_1_295' title='bbox 3564 1311 3572 1318; x_wconf 88' lang='grc'><em>’</em></span> 
     </span>
    </p>
   </div>
   <div class='ocr_carea' id='block_1_43' title="bbox 2052 1396 3676 1469">
    <p class='ocr_par' dir='ltr' id='par_1_43' title="bbox 2052 1396 3676 1469">
     <span class='ocr_line' id='line_1_43' title="bbox 2052 1396 3676 1469; baseline 0.002 -19"><span class='ocrx_word' id='word_1_296' title='bbox 2052 1398 2209 1452; x_wconf 84' lang='lat' dir='ltr'>Filii.</span> <span class='ocrx_word' id='word_1_297' title='bbox 2246 1398 2445 1451; x_wconf 81' lang='lat' dir='ltr'>Hilaris</span> <span class='ocrx_word' id='word_1_298' title='bbox 2476 1397 2783 1451; x_wconf 87' lang='lat' dir='ltr'>conclusio.</span> <span class='ocrx_word' id='word_1_299' title='bbox 2820 1396 2946 1451; x_wconf 89' lang='lat' dir='ltr'>Filii</span> <span class='ocrx_word' id='word_1_300' title='bbox 2980 1397 3386 1468; x_wconf 87' lang='lat' dir='ltr'>prophetarum</span> <span class='ocrx_word' id='word_1_301' title='bbox 3420 1405 3478 1453; x_wconf 88' lang='lat' dir='ltr'>et</span> <span class='ocrx_word' id='word_1_302' title='bbox 3532 1415 3676 1469; x_wconf 88' lang='lat' dir='ltr'>apo-</span> 
     </span>
    </p>
   </div>
   <div class='ocr_carea' id='block_1_44' title="bbox 1981 1485 2682 1556">
    <p class='ocr_par' dir='ltr' id='par_1_44' title="bbox 1981 1485 2682 1556">
     <span class='ocr_line' id='line_1_44' title="bbox 1981 1485 2682 1556; baseline 0.001 -18"><span class='ocrx_word' id='word_1_303' title='bbox 1981 1485 2281 1551; x_wconf 86' lang='lat' dir='ltr'>stolorum,</span> <span class='ocrx_word' id='word_1_304' title='bbox 2310 1487 2521 1540; x_wconf 89' lang='lat' dir='ltr'>nedum</span> <span class='ocrx_word' id='word_1_305' title='bbox 2554 1486 2682 1556; x_wconf 91' lang='lat' dir='ltr'>ipsi.</span> 
     </span>
    </p>
   </div>
   <div class='ocr_carea' id='block_1_45' title="bbox 2049 1575 3214 1645">
    <p class='ocr_par' dir='ltr' id='par_1_45' title="bbox 2049 1575 3214 1645">
     <span class='ocr_line' id='line_1_45' title="bbox 2049 1575 3214 1645; baseline 0.001 -17"><span class='ocrx_word' id='word_1_306' title='bbox 2049 1575 2257 1629; x_wconf 87' lang='lat' dir='ltr'>Semen.</span> <span class='ocrx_word' id='word_1_307' title='bbox 2285 1575 2488 1645; x_wconf 85' lang='lat' dir='ltr'>Opera,</span> <span class='ocrx_word' id='word_1_308' title='bbox 2524 1575 2674 1628; x_wconf 88' lang='lat' dir='ltr'>unde</span> <span class='ocrx_word' id='word_1_309' title='bbox 2704 1575 2919 1628; x_wconf 88' lang='lat' dir='ltr'>fructus</span> <span class='ocrx_word' id='word_1_310' title='bbox 2940 1579 3214 1629; x_wconf 66' lang='lat' dir='ltr'>aeternus.</span> 
     </span>
    </p>
   </div>
   <div class='ocr_carea' id='block_1_46' title="bbox 2051 1662 3151 1730">
    <p class='ocr_par' dir='ltr' id='par_1_46' title="bbox 2051 1662 3151 1730">
     <span class='ocr_line' id='line_1_46' title="bbox 2051 1662 3151 1730; baseline -0.001 -14"><span class='ocrx_word' id='word_1_311' title='bbox 2051 1665 2353 1730; x_wconf 82' lang='lat' dir='ltr'>Dirigetur.</span> <span class='ocrx_word' id='word_1_312' title='bbox 2391 1663 2530 1727; x_wconf 90' lang='lat' dir='ltr'>Quia</span> <span class='ocrx_word' id='word_1_313' title='bbox 2547 1662 2691 1717; x_wconf 87' lang='lat' dir='ltr'>nihil</span> <span class='ocrx_word' id='word_1_314' title='bbox 2724 1667 2938 1716; x_wconf 91' lang='lat' dir='ltr'>tortum</span> <span class='ocrx_word' id='word_1_315' title='bbox 2960 1662 3151 1716; x_wconf 88' lang='lat' dir='ltr'>intrat.</span> 
     </span>
    </p>
   </div>
   <div class='ocr_carea' id='block_1_47' title="bbox 2590 1805 3051 1860">
    <p class='ocr_par' dir='ltr' id='par_1_47' title="bbox 2590 1805 3051 1860">
     <span class='ocr_line' id='line_1_47' title="bbox 2590 1805 3051 1860; baseline -0.002 -1"><span class='ocrx_word' id='word_1_316' title='bbox 2590 1805 2902 1860; x_wconf 85' lang='lat' dir='ltr'>PSALMUS</span> <span class='ocrx_word' id='word_1_317' title='bbox 2943 1806 3051 1860; x_wconf 88' lang='lat' dir='ltr'>CII.</span> 
     </span>
    </p>
   </div>
   <div class='ocr_carea' id='block_1_48' title="bbox 2048 1928 3673 2000">
    <p class='ocr_par' dir='ltr' id='par_1_48' title="bbox 2048 1928 3673 2000">
     <span class='ocr_line' id='line_1_48' title="bbox 2048 1928 3673 2000; baseline 0.001 -19"><span class='ocrx_word' id='word_1_318' title='bbox 2048 1928 2213 1983; x_wconf 76' lang='lat' dir='ltr'>Vnus.</span> <span class='ocrx_word' id='word_1_319' title='bbox 2248 1930 2300 1981; x_wconf 92' lang='lat'>2.</span> <span class='ocrx_word' id='word_1_320' title='bbox 2362 1958 2429 1968; x_wconf 90' lang='lat'>—-</span> <span class='ocrx_word' id='word_1_321' title='bbox 2481 1930 2730 1992; x_wconf 87' lang='lat' dir='ltr'>Benedic,</span> <span class='ocrx_word' id='word_1_322' title='bbox 2786 1930 2990 1982; x_wconf 88' lang='lat' dir='ltr'>anima.</span> <span class='ocrx_word' id='word_1_323' title='bbox 3051 1928 3234 2000; x_wconf 82' lang='lat' dir='ltr'>(AUG.)</span> <span class='ocrx_word' id='word_1_324' title='bbox 3290 1930 3423 1983; x_wconf 90' lang='lat' dir='ltr'>Post</span> <span class='ocrx_word' id='word_1_325' title='bbox 3479 1944 3673 1999; x_wconf 90' lang='lat' dir='ltr'>preces</span> 
     </span>
    </p>
   </div>
   <div class='ocr_carea' id='block_1_49' title="bbox 1974 2016 3673 2088">
    <p class='ocr_par' dir='ltr' id='par_1_49' title="bbox 1974 2016 3673 2088">
     <span class='ocr_line' id='line_1_49' title="bbox 1974 2016 3673 2088; baseline 0.001 -19"><span class='ocrx_word' id='word_1_326' title='bbox 1974 2016 2248 2087; x_wconf 90' lang='lat' dir='ltr'>pauperis</span> <span class='ocrx_word' id='word_1_327' title='bbox 2276 2016 2564 2086; x_wconf 57' lang='lat' dir='ltr'>praeconia</span> <span class='ocrx_word' id='word_1_328' title='bbox 2593 2016 2918 2087; x_wconf 86' lang='lat' dir='ltr'>gaudentis.</span> <span class='ocrx_word' id='word_1_329' title='bbox 2973 2016 3183 2072; x_wconf 90' lang='lat' dir='ltr'>Omnes</span> <span class='ocrx_word' id='word_1_330' title='bbox 3214 2017 3314 2088; x_wconf 92' lang='lat' dir='ltr'>qui</span> <span class='ocrx_word' id='word_1_331' title='bbox 3343 2016 3403 2070; x_wconf 90' lang='lat' dir='ltr'>in</span> <span class='ocrx_word' id='word_1_332' title='bbox 3454 2017 3673 2071; x_wconf 83' lang='lat' dir='ltr'>Christo</span> 
     </span>
    </p>
   </div>
   <div class='ocr_carea' id='block_1_50' title="bbox 1976 2105 3671 2177">
    <p class='ocr_par' dir='ltr' id='par_1_50' title="bbox 1976 2105 3671 2177">
     <span class='ocr_line' id='line_1_50' title="bbox 1976 2105 3671 2177; baseline 0 -18"><span class='ocrx_word' id='word_1_333' title='bbox 1976 2105 2140 2175; x_wconf 85' lang='lat' dir='ltr'>quasi</span> <span class='ocrx_word' id='word_1_334' title='bbox 2166 2121 2313 2158; x_wconf 92' lang='lat' dir='ltr'>unus</span> <span class='ocrx_word' id='word_1_335' title='bbox 2343 2106 2516 2159; x_wconf 92' lang='lat' dir='ltr'>homo</span> <span class='ocrx_word' id='word_1_336' title='bbox 2568 2110 2718 2173; x_wconf 91' lang='lat' dir='ltr'>sunt,</span> <span class='ocrx_word' id='word_1_337' title='bbox 2751 2105 2851 2177; x_wconf 91' lang='lat' dir='ltr'>qui</span> <span class='ocrx_word' id='word_1_338' title='bbox 2886 2105 3089 2159; x_wconf 83' lang='lat' dir='ltr'>excitat</span> <span class='ocrx_word' id='word_1_339' title='bbox 3145 2110 3201 2159; x_wconf 93' lang='lat' dir='ltr'>et</span> <span class='ocrx_word' id='word_1_340' title='bbox 3252 2106 3510 2160; x_wconf 89' lang='lat' dir='ltr'>hortatur</span> <span class='ocrx_word' id='word_1_341' title='bbox 3548 2106 3671 2161; x_wconf 86' lang='lat' dir='ltr'>ani-</span> 
     </span>
    </p>
   </div>
   <div class='ocr_carea' id='block_1_51' title="bbox 1974 2193 3673 2261">
    <p class='ocr_par' dir='ltr' id='par_1_51' title="bbox 1974 2193 3673 2261">
     <span class='ocr_line' id='line_1_51' title="bbox 1974 2193 3673 2261; baseline 0.001 -14"><span class='ocrx_word' id='word_1_342' title='bbox 1974 2210 2129 2247; x_wconf 89' lang='lat' dir='ltr'>mam</span> <span class='ocrx_word' id='word_1_343' title='bbox 2162 2210 2343 2261; x_wconf 90' lang='lat' dir='ltr'>suam,</span> <span class='ocrx_word' id='word_1_344' title='bbox 2380 2200 2441 2247; x_wconf 91' lang='lat' dir='ltr'>ut</span> <span class='ocrx_word' id='word_1_345' title='bbox 2468 2193 2766 2248; x_wconf 89' lang='lat' dir='ltr'>benedicat</span> <span class='ocrx_word' id='word_1_346' title='bbox 2797 2193 3125 2258; x_wconf 90' lang='lat' dir='ltr'>Dominum,</span> <span class='ocrx_word' id='word_1_347' title='bbox 3185 2195 3382 2247; x_wconf 90' lang='lat' dir='ltr'>volens</span> <span class='ocrx_word' id='word_1_348' title='bbox 3423 2195 3673 2249; x_wconf 82' lang='lat' dir='ltr'>difﬁnire</span> 
     </span>
    </p>
   </div>
   <div class='ocr_carea' id='block_1_52' title="bbox 1974 2282 3671 2352">
    <p class='ocr_par' dir='ltr' id='par_1_52' title="bbox 1974 2282 3671 2352">
     <span class='ocr_line' id='line_1_52' title="bbox 1974 2282 3671 2352; baseline 0 -16"><span class='ocrx_word' id='word_1_349' title='bbox 1974 2298 2076 2336; x_wconf 90' lang='lat' dir='ltr'>cur</span> <span class='ocrx_word' id='word_1_350' title='bbox 2141 2282 2582 2349; x_wconf 91' lang='lat' dir='ltr'>benedicendus,</span> <span class='ocrx_word' id='word_1_351' title='bbox 2642 2298 2715 2335; x_wconf 88' lang='lat' dir='ltr'>ne</span> <span class='ocrx_word' id='word_1_352' title='bbox 2786 2282 2914 2352; x_wconf 90' lang='lat' dir='ltr'>quis</span> <span class='ocrx_word' id='word_1_353' title='bbox 2983 2282 3053 2335; x_wconf 89' lang='lat' dir='ltr'>ad</span> <span class='ocrx_word' id='word_1_354' title='bbox 3107 2284 3215 2336; x_wconf 90' lang='lat' dir='ltr'>hoc</span> <span class='ocrx_word' id='word_1_355' title='bbox 3276 2282 3442 2352; x_wconf 87' lang='lat' dir='ltr'>piger</span> <span class='ocrx_word' id='word_1_356' title='bbox 3512 2283 3671 2336; x_wconf 87' lang='lat' dir='ltr'>inve-</span> 
     </span>
    </p>
   </div>
   <div class='ocr_carea' id='block_1_53' title="bbox 1976 2370 3671 2441">
    <p class='ocr_par' dir='ltr' id='par_1_53' title="bbox 1976 2370 3671 2441">
     <span class='ocr_line' id='line_1_53' title="bbox 1976 2370 3671 2441; baseline 0 -16"><span class='ocrx_word' id='word_1_357' title='bbox 1976 2371 2185 2425; x_wconf 89' lang='lat' dir='ltr'>niatur.</span> <span class='ocrx_word' id='word_1_358' title='bbox 2222 2372 2417 2425; x_wconf 87' lang='lat' dir='ltr'>Clama</span> <span class='ocrx_word' id='word_1_359' title='bbox 2472 2387 2625 2438; x_wconf 91' lang='lat' dir='ltr'>voce,</span> <span class='ocrx_word' id='word_1_360' title='bbox 2678 2370 2725 2424; x_wconf 89' lang='lat' dir='ltr'>si</span> <span class='ocrx_word' id='word_1_361' title='bbox 2781 2375 2865 2424; x_wconf 93' lang='lat' dir='ltr'>est</span> <span class='ocrx_word' id='word_1_362' title='bbox 2911 2371 3082 2424; x_wconf 91' lang='lat' dir='ltr'>homo</span> <span class='ocrx_word' id='word_1_363' title='bbox 3113 2375 3215 2441; x_wconf 93' lang='lat' dir='ltr'>qut</span> <span class='ocrx_word' id='word_1_364' title='bbox 3264 2371 3490 2437; x_wconf 88' lang='lat' dir='ltr'>audiat;</span> <span class='ocrx_word' id='word_1_365' title='bbox 3548 2372 3671 2425; x_wconf 88' lang='lat' dir='ltr'>sine</span> 
     </span>
    </p>
   </div>
   <div class='ocr_carea' id='block_1_54' title="bbox 1972 2459 3665 2530">
    <p class='ocr_par' dir='ltr' id='par_1_54' title="bbox 1972 2459 3665 2530">
     <span class='ocr_line' id='line_1_54' title="bbox 1972 2459 3665 2530; baseline -0.001 -18"><span class='ocrx_word' id='word_1_366' title='bbox 1972 2475 2128 2525; x_wconf 84' lang='lat' dir='ltr'>voce,</span> <span class='ocrx_word' id='word_1_367' title='bbox 2158 2460 2205 2512; x_wconf 93' lang='lat' dir='ltr'>si</span> <span class='ocrx_word' id='word_1_368' title='bbox 2233 2476 2348 2512; x_wconf 89' lang='lat' dir='ltr'>non</span> <span class='ocrx_word' id='word_1_369' title='bbox 2369 2463 2452 2512; x_wconf 85' lang='lat' dir='ltr'>est</span> <span class='ocrx_word' id='word_1_370' title='bbox 2493 2459 2592 2529; x_wconf 89' lang='lat' dir='ltr'>qui</span> <span class='ocrx_word' id='word_1_371' title='bbox 2622 2460 2817 2513; x_wconf 89' lang='lat' dir='ltr'>audiat</span> <span class='ocrx_word' id='word_1_372' title='bbox 2865 2459 3056 2523; x_wconf 87' lang='lat' dir='ltr'>homo,</span> <span class='ocrx_word' id='word_1_373' title='bbox 3116 2459 3253 2530; x_wconf 85' lang='lat' dir='ltr'>quia</span> <span class='ocrx_word' id='word_1_374' title='bbox 3285 2460 3448 2512; x_wconf 90' lang='lat' dir='ltr'>audit</span> <span class='ocrx_word' id='word_1_375' title='bbox 3497 2461 3665 2513; x_wconf 91' lang='lat' dir='ltr'>Deus.</span> 
     </span>
    </p>
   </div>
   <div class='ocr_carea' id='block_1_55' title="bbox 1975 2547 3665 2617">
    <p class='ocr_par' dir='ltr' id='par_1_55' title="bbox 1975 2547 3665 2617">
     <span class='ocr_line' id='line_1_55' title="bbox 1975 2547 3665 2617; baseline -0.001 -14"><span class='ocrx_word' id='word_1_376' title='bbox 1975 2548 2181 2617; x_wconf 64' lang='lat' dir='ltr'>(Cass)</span> <span class='ocrx_word' id='word_1_377' title='bbox 2217 2549 2323 2601; x_wconf 89' lang='lat' dir='ltr'>Per</span> <span class='ocrx_word' id='word_1_378' title='bbox 2352 2563 2453 2601; x_wconf 89' lang='lat' dir='ltr'>sua</span> <span class='ocrx_word' id='word_1_379' title='bbox 2482 2547 2757 2601; x_wconf 87' lang='lat' dir='ltr'>beneﬁcia</span> <span class='ocrx_word' id='word_1_380' title='bbox 2785 2548 3050 2601; x_wconf 88' lang='lat' dir='ltr'>hortatur</span> <span class='ocrx_word' id='word_1_381' title='bbox 3081 2548 3416 2601; x_wconf 87' lang='lat' dir='ltr'>benedicere</span> <span class='ocrx_word' id='word_1_382' title='bbox 3466 2549 3665 2602; x_wconf 89' lang='lat' dir='ltr'>Deum.</span> 
     </span>
    </p>
   </div>
   <div class='ocr_carea' id='block_1_56' title="bbox 1977 2634 3665 2706">
    <p class='ocr_par' dir='ltr' id='par_1_56' title="bbox 1977 2634 3665 2706">
     <span class='ocr_line' id='line_1_56' title="bbox 1977 2634 3665 2706; baseline -0.001 -17"><span class='ocrx_word' id='word_1_383' title='bbox 1977 2634 2165 2704; x_wconf 81' lang='lat' dir='ltr'>(AUG.)</span> <span class='ocrx_word' id='word_1_384' title='bbox 2195 2637 2483 2706; x_wconf 88' lang='lat' dir='ltr'>Propheta</span> <span class='ocrx_word' id='word_1_385' title='bbox 2528 2636 2586 2688; x_wconf 91' lang='lat' dir='ltr'>in</span> <span class='ocrx_word' id='word_1_386' title='bbox 2616 2651 2861 2704; x_wconf 85' lang='lat' dir='ltr'>persona</span> <span class='ocrx_word' id='word_1_387' title='bbox 2894 2636 3177 2706; x_wconf 83' lang='lat' dir='ltr'>generalis</span> <span class='ocrx_word' id='word_1_388' title='bbox 3208 2636 3353 2705; x_wconf 83' lang='lat' dir='ltr'>justi</span> <span class='ocrx_word' id='word_1_389' title='bbox 3408 2636 3665 2705; x_wconf 90' lang='lat' dir='ltr'>loquens,</span> 
     </span>
    </p>
   </div>
   <div class='ocr_carea' id='block_1_57' title="bbox 1973 2723 3665 2794">
    <p class='ocr_par' dir='ltr' id='par_1_57' title="bbox 1973 2723 3665 2794">
     <span class='ocr_line' id='line_1_57' title="bbox 1973 2723 3665 2794; baseline 0.001 -18"><span class='ocrx_word' id='word_1_390' title='bbox 1973 2724 2287 2777; x_wconf 87' lang='lat' dir='ltr'>secundum</span> <span class='ocrx_word' id='word_1_391' title='bbox 2319 2723 2671 2794; x_wconf 89' lang='lat' dir='ltr'>superiorem</span> <span class='ocrx_word' id='word_1_392' title='bbox 2702 2723 2815 2777; x_wconf 92' lang='lat' dir='ltr'>vim</span> <span class='ocrx_word' id='word_1_393' title='bbox 2871 2723 3098 2789; x_wconf 68' lang='lat' dir='ltr'>animae,</span> <span class='ocrx_word' id='word_1_394' title='bbox 3136 2724 3192 2777; x_wconf 92' lang='lat' dir='ltr'>id</span> <span class='ocrx_word' id='word_1_395' title='bbox 3248 2728 3333 2776; x_wconf 90' lang='lat' dir='ltr'>est</span> <span class='ocrx_word' id='word_1_396' title='bbox 3362 2724 3665 2790; x_wconf 89' lang='lat' dir='ltr'>rationem,</span> 
     </span>
    </p>
   </div>
   <div class='ocr_carea' id='block_1_58' title="bbox 1974 2811 3672 2877">
    <p class='ocr_par' dir='ltr' id='par_1_58' title="bbox 1974 2811 3672 2877">
     <span class='ocr_line' id='line_1_58' title="bbox 1974 2811 3672 2877; baseline 0.002 -13"><span class='ocrx_word' id='word_1_397' title='bbox 1974 2812 2306 2865; x_wconf 87' lang='lat' dir='ltr'>exhortatur</span> <span class='ocrx_word' id='word_1_398' title='bbox 2335 2811 2588 2865; x_wconf 89' lang='lat' dir='ltr'>animam</span> <span class='ocrx_word' id='word_1_399' title='bbox 2613 2812 2683 2865; x_wconf 89' lang='lat' dir='ltr'>ad</span> <span class='ocrx_word' id='word_1_400' title='bbox 2723 2812 3198 2877; x_wconf 88' lang='lat' dir='ltr'>benedicendum,</span> <span class='ocrx_word' id='word_1_401' title='bbox 3258 2812 3491 2865; x_wconf 88' lang='lat' dir='ltr'>dicens:</span> <span class='ocrx_word' id='word_1_402' title='bbox 3544 2814 3672 2868; x_wconf 80' lang='lat' dir='ltr'>Noli</span> 
     </span>
    </p>
   </div>
   <div class='ocr_carea' id='block_1_59' title="bbox 1972 2900 3669 2970">
    <p class='ocr_par' dir='ltr' id='par_1_59' title="bbox 1972 2900 3669 2970">
     <span class='ocr_line' id='line_1_59' title="bbox 1972 2900 3669 2970; baseline 0 -15"><span class='ocrx_word' id='word_1_403' title='bbox 1972 2900 2240 2956; x_wconf 80' lang='lat' dir='ltr'>oblivisci.</span> <span class='ocrx_word' id='word_1_404' title='bbox 2273 2901 2394 2954; x_wconf 86' lang='lat' dir='ltr'>Non</span> <span class='ocrx_word' id='word_1_405' title='bbox 2418 2900 2490 2955; x_wconf 92' lang='lat' dir='ltr'>sit</span> <span class='ocrx_word' id='word_1_406' title='bbox 2538 2905 2671 2954; x_wconf 91' lang='lat' dir='ltr'>ante</span> <span class='ocrx_word' id='word_1_407' title='bbox 2727 2901 2921 2953; x_wconf 92' lang='lat' dir='ltr'>oculos</span> <span class='ocrx_word' id='word_1_408' title='bbox 2953 2900 3251 2955; x_wconf 88' lang='lat' dir='ltr'>delectatio</span> <span class='ocrx_word' id='word_1_409' title='bbox 3302 2901 3535 2970; x_wconf 88' lang='lat' dir='ltr'>peccati,</span> <span class='ocrx_word' id='word_1_410' title='bbox 3571 2902 3669 2956; x_wconf 89' lang='lat' dir='ltr'>sed</span> 
     </span>
    </p>
   </div>
   <div class='ocr_carea' id='block_1_60' title="bbox 166 2984 3663 3059">
    <p class='ocr_par' dir='ltr' id='par_1_60' title="bbox 166 2984 3663 3059">
     <span class='ocr_line' id='line_1_60' title="bbox 166 2984 3663 3059; baseline -0.001 -13"><span class='ocrx_word' id='word_1_411' title='bbox 166 3008 284 3046; x_wconf 91' lang='lat' dir='ltr'>non</span> <span class='ocrx_word' id='word_1_412' title='bbox 315 2995 401 3045; x_wconf 90' lang='lat' dir='ltr'>est</span> <span class='ocrx_word' id='word_1_413' title='bbox 419 2989 609 3043; x_wconf 90' lang='lat' dir='ltr'>inanis</span> <span class='ocrx_word' id='word_1_414' title='bbox 638 2987 861 3058; x_wconf 90' lang='lat' dir='ltr'>petitio.</span> <span class='ocrx_word' id='word_1_415' title='bbox 903 2989 1029 3058; x_wconf 88' lang='lat' dir='ltr'>Ipsa</span> <span class='ocrx_word' id='word_1_416' title='bbox 1060 2988 1213 3041; x_wconf 90' lang='lat' dir='ltr'>enim</span> <span class='ocrx_word' id='word_1_417' title='bbox 1246 2988 1357 3057; x_wconf 89' lang='lat' dir='ltr'>via,</span> <span class='ocrx_word' id='word_1_418' title='bbox 1388 2988 1446 3043; x_wconf 92' lang='lat' dir='ltr'>id</span> <span class='ocrx_word' id='word_1_419' title='bbox 1478 2993 1563 3041; x_wconf 90' lang='lat' dir='ltr'>est</span> <span class='ocrx_word' id='word_1_420' title='bbox 1585 2987 1858 3054; x_wconf 89' lang='lat' dir='ltr'>Christus,</span> <span class='ocrx_word' id='word_1_421' title='bbox 1903 2984 1943 3039; x_wconf 91' lang='lat' dir='ltr'>C</span> <span class='ocrx_word' id='word_1_422' title='bbox 1972 2988 2265 3042; x_wconf 89' lang='lat' dir='ltr'>damnatio</span> <span class='ocrx_word' id='word_1_423' title='bbox 2296 2994 2353 3042; x_wconf 90' lang='lat' dir='ltr'>et</span> <span class='ocrx_word' id='word_1_424' title='bbox 2394 2988 2655 3043; x_wconf 88' lang='lat' dir='ltr'>remissio</span> <span class='ocrx_word' id='word_1_425' title='bbox 2712 2989 2809 3042; x_wconf 93' lang='lat' dir='ltr'>Dei</span> <span class='ocrx_word' id='word_1_426' title='bbox 2840 3005 2852 3042; x_wconf 92' lang='lat'>:</span> <span class='ocrx_word' id='word_1_427' title='bbox 2881 2990 3067 3058; x_wconf 90' lang='lat' dir='ltr'>cogita</span> <span class='ocrx_word' id='word_1_428' title='bbox 3101 2990 3295 3042; x_wconf 87' lang='lat' dir='ltr'>omnia</span> <span class='ocrx_word' id='word_1_429' title='bbox 3340 2991 3490 3043; x_wconf 91' lang='lat' dir='ltr'>mala</span> <span class='ocrx_word' id='word_1_430' title='bbox 3545 2996 3663 3059; x_wconf 90' lang='lat' dir='ltr'>tua,</span> 
     </span>
    </p>
   </div>
   <div class='ocr_carea' id='block_1_61' title="bbox 164 3077 1861 3145">
    <p class='ocr_par' dir='ltr' id='par_1_61' title="bbox 164 3077 1861 3145">
     <span class='ocr_line' id='line_1_61' title="bbox 164 3077 1861 3145; baseline -0.003 -11"><span class='ocrx_word' id='word_1_431' title='bbox 164 3081 246 3134; x_wconf 92' lang='lat' dir='ltr'>sic</span> <span class='ocrx_word' id='word_1_432' title='bbox 286 3077 689 3133; x_wconf 86' lang='lat' dir='ltr'>annuntiavit:</span> <span class='ocrx_word' id='word_1_433' title='bbox 757 3077 1039 3133; x_wconf 82' lang='lat' dir='ltr'>Vobiscum</span> <span class='ocrx_word' id='word_1_434' title='bbox 1084 3091 1204 3131; x_wconf 88' lang='lat' dir='ltr'>sum</span> <span class='ocrx_word' id='word_1_435' title='bbox 1254 3091 1424 3145; x_wconf 87' lang='lat' dir='ltr'>usque</span> <span class='ocrx_word' id='word_1_436' title='bbox 1479 3077 1553 3130; x_wconf 90' lang='lat' dir='ltr'>ad</span> <span class='ocrx_word' id='word_1_437' title='bbox 1611 3091 1861 3131; x_wconf 88' lang='lat' dir='ltr'>consum-</span> 
     </span>
    </p>
   </div>
   <div class='ocr_carea' id='block_1_62' title="bbox 162 3164 1862 3234">
    <p class='ocr_par' dir='ltr' id='par_1_62' title="bbox 162 3164 1862 3234">
     <span class='ocr_line' id='line_1_62' title="bbox 162 3164 1862 3234; baseline -0.004 -12"><span class='ocrx_word' id='word_1_438' title='bbox 162 3171 455 3222; x_wconf 82' lang='lat' dir='ltr'>mationem</span> <span class='ocrx_word' id='word_1_439' title='bbox 525 3166 710 3219; x_wconf 56' lang='lat' dir='ltr'>seculi</span> <span class='ocrx_word' id='word_1_440' title='bbox 786 3166 1001 3231; x_wconf 77' lang='lat' dir='ltr'>(Matth.</span> <span class='ocrx_word' id='word_1_441' title='bbox 1087 3164 1296 3234; x_wconf 85' lang='lat' dir='ltr'>xxvm).</span> <span class='ocrx_word' id='word_1_442' title='bbox 1365 3166 1568 3217; x_wconf 90' lang='lat' dir='ltr'>Totum</span> <span class='ocrx_word' id='word_1_443' title='bbox 1636 3169 1862 3233; x_wconf 88' lang='lat' dir='ltr'>tempus</span> 
     </span>
    </p>
   </div>
   <div class='ocr_carea' id='block_1_63' title="bbox 163 3250 1861 3327">
    <p class='ocr_par' dir='ltr' id='par_1_63' title="bbox 163 3250 1861 3327">
     <span class='ocr_line' id='line_1_63' title="bbox 163 3250 1861 3327; baseline -0.004 -17"><span class='ocrx_word' id='word_1_444' title='bbox 163 3272 348 3327; x_wconf 92' lang='lat' dir='ltr'>usque</span> <span class='ocrx_word' id='word_1_445' title='bbox 380 3254 451 3309; x_wconf 89' lang='lat' dir='ltr'>ad</span> <span class='ocrx_word' id='word_1_446' title='bbox 478 3253 674 3319; x_wconf 90' lang='lat' dir='ltr'>ﬁnem,</span> <span class='ocrx_word' id='word_1_447' title='bbox 698 3256 782 3305; x_wconf 89' lang='lat' dir='ltr'>est</span> <span class='ocrx_word' id='word_1_448' title='bbox 809 3252 907 3306; x_wconf 90' lang='lat' dir='ltr'>illa</span> <span class='ocrx_word' id='word_1_449' title='bbox 925 3250 1206 3321; x_wconf 80' lang='lat' dir='ltr'>exiguitas</span> <span class='ocrx_word' id='word_1_450' title='bbox 1235 3251 1457 3305; x_wconf 82' lang='lat' dir='ltr'>dierum</span> <span class='ocrx_word' id='word_1_451' title='bbox 1484 3268 1496 3305; x_wconf 94' lang='lat'><strong>:</strong></span> <span class='ocrx_word' id='word_1_452' title='bbox 1529 3251 1664 3322; x_wconf 90' lang='lat' dir='ltr'>quia</span> <span class='ocrx_word' id='word_1_453' title='bbox 1691 3267 1861 3304; x_wconf 89' lang='lat' dir='ltr'>omne</span> 
     </span>
    </p>
   </div>
   <div class='ocr_carea' id='block_1_64' title="bbox 160 3340 1861 3417">
    <p class='ocr_par' dir='ltr' id='par_1_64' title="bbox 160 3340 1861 3417">
     <span class='ocr_line' id='line_1_64' title="bbox 160 3340 1861 3417; baseline -0.004 -18"><span class='ocrx_word' id='word_1_454' title='bbox 160 3345 321 3417; x_wconf 87' lang='lat' dir='ltr'>quod</span> <span class='ocrx_word' id='word_1_455' title='bbox 352 3343 553 3398; x_wconf 88' lang='lat' dir='ltr'>ﬁnitur</span> <span class='ocrx_word' id='word_1_456' title='bbox 583 3341 856 3411; x_wconf 85' lang='lat' dir='ltr'>exiguum</span> <span class='ocrx_word' id='word_1_457' title='bbox 877 3345 982 3406; x_wconf 91' lang='lat' dir='ltr'>est,</span> <span class='ocrx_word' id='word_1_458' title='bbox 1014 3344 1079 3394; x_wconf 92' lang='lat' dir='ltr'>ut</span> <span class='ocrx_word' id='word_1_459' title='bbox 1098 3340 1233 3394; x_wconf 88' lang='lat' dir='ltr'>inde</span> <span class='ocrx_word' id='word_1_460' title='bbox 1266 3344 1590 3394; x_wconf 87' lang='lat' dir='ltr'>transeatur</span> <span class='ocrx_word' id='word_1_461' title='bbox 1619 3340 1676 3393; x_wconf 91' lang='lat' dir='ltr'>in</span> <span class='ocrx_word' id='word_1_462' title='bbox 1695 3345 1861 3394; x_wconf 76' lang='lat' dir='ltr'>aeter-</span> 
     </span>
    </p>
   </div>
   <div class='ocr_carea' id='block_1_65' title="bbox 164 3432 796 3490">
    <p class='ocr_par' dir='ltr' id='par_1_65' title="bbox 164 3432 796 3490">
     <span class='ocr_line' id='line_1_65' title="bbox 164 3432 796 3490; baseline -0.009 -2"><span class='ocrx_word' id='word_1_463' title='bbox 164 3434 429 3490; x_wconf 87' lang='lat' dir='ltr'>nitatem.</span> <span class='ocrx_word' id='word_1_464' title='bbox 457 3432 667 3487; x_wconf 88' lang='lat' dir='ltr'>Nuntia</span> <span class='ocrx_word' id='word_1_465' title='bbox 696 3434 752 3483; x_wconf 88' lang='lat' dir='ltr'>et</span> <span class='ocrx_word' id='word_1_466' title='bbox 783 3446 796 3483; x_wconf 87' lang='lat'><strong>:</strong></span> 
     </span>
    </p>
   </div>
   <div class='ocr_carea' id='block_1_66' title="bbox 236 3517 1862 3576">
    <p class='ocr_par' dir='ltr' id='par_1_66' title="bbox 236 3517 1862 3576">
     <span class='ocr_line' id='line_1_66' title="bbox 236 3517 1862 3576; baseline -0.002 0"><span class='ocrx_word' id='word_1_467' title='bbox 236 3524 399 3576; x_wconf 69' lang='lat' dir='ltr'>Vens.</span> <span class='ocrx_word' id='word_1_468' title='bbox 457 3520 546 3574; x_wconf 77' lang='grc'>24.</span> <span class='ocrx_word' id='word_1_469' title='bbox 606 3549 674 3558; x_wconf 85' lang='grc'><strong><em>--</em></strong></span> <span class='ocrx_word' id='word_1_470' title='bbox 726 3519 801 3575; x_wconf 92' lang='lat' dir='ltr'>Ne</span> <span class='ocrx_word' id='word_1_471' title='bbox 856 3532 1062 3571; x_wconf 83' lang='lat' dir='ltr'>revoces</span> <span class='ocrx_word' id='word_1_472' title='bbox 1120 3532 1200 3570; x_wconf 88' lang='lat' dir='ltr'>me</span> <span class='ocrx_word' id='word_1_473' title='bbox 1255 3518 1314 3570; x_wconf 91' lang='lat' dir='ltr'>in</span> <span class='ocrx_word' id='word_1_474' title='bbox 1369 3517 1598 3571; x_wconf 87' lang='lat' dir='ltr'>dimidio</span> <span class='ocrx_word' id='word_1_475' title='bbox 1652 3517 1862 3572; x_wconf 86' lang='lat' dir='ltr'>dierum</span> 
     </span>
    </p>
   </div>
   <div class='ocr_carea' id='block_1_67' title="bbox 164 3605 1863 3675">
    <p class='ocr_par' dir='ltr' id='par_1_67' title="bbox 164 3605 1863 3675">
     <span class='ocr_line' id='line_1_67' title="bbox 164 3605 1863 3675; baseline -0.004 -8"><span class='ocrx_word' id='word_1_476' title='bbox 164 3626 420 3667; x_wconf 85' lang='lat' dir='ltr'>meorum.</span> <span class='ocrx_word' id='word_1_477' title='bbox 459 3610 584 3662; x_wconf 91' lang='lat' dir='ltr'>Non</span> <span class='ocrx_word' id='word_1_478' title='bbox 607 3608 688 3661; x_wconf 90' lang='lat' dir='ltr'>sic</span> <span class='ocrx_word' id='word_1_479' title='bbox 716 3606 835 3674; x_wconf 85' lang='lat' dir='ltr'>ﬁat,</span> <span class='ocrx_word' id='word_1_480' title='bbox 868 3609 935 3660; x_wconf 91' lang='lat' dir='ltr'>ut</span> <span class='ocrx_word' id='word_1_481' title='bbox 974 3605 1230 3660; x_wconf 70' lang='lat' dir='ltr'>haeretici</span> <span class='ocrx_word' id='word_1_482' title='bbox 1255 3605 1473 3671; x_wconf 90' lang='lat' dir='ltr'>dicunt,</span> <span class='ocrx_word' id='word_1_483' title='bbox 1533 3610 1663 3672; x_wconf 89' lang='lat' dir='ltr'>etc.,</span> <span class='ocrx_word' id='word_1_484' title='bbox 1695 3622 1863 3675; x_wconf 88' lang='lat' dir='ltr'>usque</span> 
     </span>
    </p>
   </div>
   <div class='ocr_carea' id='block_1_68' title="bbox 166 3693 1863 3761">
    <p class='ocr_par' dir='ltr' id='par_1_68' title="bbox 166 3693 1863 3761">
     <span class='ocr_line' id='line_1_68' title="bbox 166 3693 1863 3761; baseline -0.004 -7"><span class='ocrx_word' id='word_1_485' title='bbox 166 3701 242 3755; x_wconf 86' lang='lat' dir='ltr'>ad</span> <span class='ocrx_word' id='word_1_486' title='bbox 282 3700 383 3753; x_wconf 88' lang='lat' dir='ltr'>sed</span> <span class='ocrx_word' id='word_1_487' title='bbox 434 3714 553 3752; x_wconf 91' lang='lat' dir='ltr'>non</span> <span class='ocrx_word' id='word_1_488' title='bbox 606 3703 739 3750; x_wconf 85' lang='lat' dir='ltr'>sunt</span> <span class='ocrx_word' id='word_1_489' title='bbox 820 3694 933 3749; x_wconf 90' lang='lat' dir='ltr'>nisi</span> <span class='ocrx_word' id='word_1_490' title='bbox 1000 3693 1245 3761; x_wconf 91' lang='lat' dir='ltr'>dimidii,</span> <span class='ocrx_word' id='word_1_491' title='bbox 1309 3693 1356 3746; x_wconf 90' lang='lat' dir='ltr'>si</span> <span class='ocrx_word' id='word_1_492' title='bbox 1411 3709 1522 3746; x_wconf 91' lang='lat' dir='ltr'>non</span> <span class='ocrx_word' id='word_1_493' title='bbox 1581 3694 1863 3748; x_wconf 90' lang='lat' dir='ltr'>addantur</span> 
     </span>
    </p>
   </div>
   <div class='ocr_carea' id='block_1_69' title="bbox 164 3785 389 3843">
    <p class='ocr_par' dir='ltr' id='par_1_69' title="bbox 164 3785 389 3843">
     <span class='ocr_line' id='line_1_69' title="bbox 164 3785 389 3843; baseline -0.022 0"><span class='ocrx_word' id='word_1_494' title='bbox 164 3785 389 3843; x_wconf 68' lang='lat' dir='ltr'>aeterni.</span> 
     </span>
    </p>
   </div>
   <div class='ocr_carea' id='block_1_70' title="bbox 237 3868 1865 3940">
    <p class='ocr_par' dir='ltr' id='par_1_70' title="bbox 237 3868 1865 3940">
     <span class='ocr_line' id='line_1_70' title="bbox 237 3868 1865 3940; baseline -0.004 -13"><span class='ocrx_word' id='word_1_495' title='bbox 237 3874 400 3927; x_wconf 74' lang='lat' dir='ltr'>Vaas.</span> <span class='ocrx_word' id='word_1_496' title='bbox 438 3874 527 3926; x_wconf 79' lang='lat'>25.</span> <span class='ocrx_word' id='word_1_497' title='bbox 584 3901 651 3910; x_wconf 93' lang='lat'><strong><em>—</em></strong></span> <span class='ocrx_word' id='word_1_498' title='bbox 690 3872 764 3924; x_wconf 87' lang='lat' dir='ltr'>In</span> <span class='ocrx_word' id='word_1_499' title='bbox 788 3871 881 3924; x_wconf 97' lang='lat' dir='ltr'>via</span> <span class='ocrx_word' id='word_1_500' title='bbox 907 3871 1149 3924; x_wconf 87' lang='lat' dir='ltr'>virtutis.</span> <span class='ocrx_word' id='word_1_501' title='bbox 1188 3868 1380 3940; x_wconf 72' lang='grc' dir='ltr'>(Αυο.)</span> <span class='ocrx_word' id='word_1_502' title='bbox 1438 3869 1503 3922; x_wconf 90' lang='lat' dir='ltr'>In</span> <span class='ocrx_word' id='word_1_503' title='bbox 1560 3868 1690 3935; x_wconf 88' lang='lat' dir='ltr'>ﬁde,</span> <span class='ocrx_word' id='word_1_504' title='bbox 1751 3884 1865 3939; x_wconf 89' lang='lat' dir='ltr'>qua</span> 
     </span>
    </p>
   </div>
   <div class='ocr_carea' id='block_1_71' title="bbox 169 3956 1865 4017">
    <p class='ocr_par' dir='ltr' id='par_1_71' title="bbox 169 3956 1865 4017">
     <span class='ocr_line' id='line_1_71' title="bbox 169 3956 1865 4017; baseline -0.005 0"><span class='ocrx_word' id='word_1_505' title='bbox 169 3959 547 4017; x_wconf 86' lang='lat' dir='ltr'>resurrexisse</span> <span class='ocrx_word' id='word_1_506' title='bbox 603 3958 783 4013; x_wconf 89' lang='lat' dir='ltr'>credit</span> <span class='ocrx_word' id='word_1_507' title='bbox 839 3958 1149 4013; x_wconf 89' lang='lat' dir='ltr'>Christum.</span> <span class='ocrx_word' id='word_1_508' title='bbox 1177 3958 1278 4011; x_wconf 89' lang='lat' dir='ltr'>Via</span> <span class='ocrx_word' id='word_1_509' title='bbox 1310 3956 1534 4010; x_wconf 89' lang='lat' dir='ltr'>virtutis</span> <span class='ocrx_word' id='word_1_510' title='bbox 1563 3956 1672 4010; x_wconf 85' lang='lat' dir='ltr'>fuit</span> <span class='ocrx_word' id='word_1_511' title='bbox 1708 3956 1865 4011; x_wconf 89' lang='lat' dir='ltr'>Chri-</span> 
     </span>
    </p>
   </div>
   <div class='ocr_carea' id='block_1_72' title="bbox 169 4044 1861 4120">
    <p class='ocr_par' dir='ltr' id='par_1_72' title="bbox 169 4044 1861 4120">
     <span class='ocr_line' id='line_1_72' title="bbox 169 4044 1861 4120; baseline -0.005 -14"><span class='ocrx_word' id='word_1_512' title='bbox 169 4057 289 4106; x_wconf 88' lang='lat' dir='ltr'>stus</span> <span class='ocrx_word' id='word_1_513' title='bbox 325 4054 455 4120; x_wconf 90' lang='lat' dir='ltr'>post</span> <span class='ocrx_word' id='word_1_514' title='bbox 504 4046 1005 4114; x_wconf 87' lang='lat' dir='ltr'>resurrectionem,</span> <span class='ocrx_word' id='word_1_515' title='bbox 1039 4062 1169 4099; x_wconf 90' lang='lat' dir='ltr'>cum</span> <span class='ocrx_word' id='word_1_516' title='bbox 1230 4046 1349 4115; x_wconf 89' lang='lat' dir='ltr'>jam</span> <span class='ocrx_word' id='word_1_517' title='bbox 1406 4061 1524 4098; x_wconf 90' lang='lat' dir='ltr'>non</span> <span class='ocrx_word' id='word_1_518' title='bbox 1572 4044 1861 4113; x_wconf 85' lang='lat' dir='ltr'>inﬁrmus,</span> 
     </span>
    </p>
   </div>
   <div class='ocr_carea' id='block_1_73' title="bbox 169 4133 1860 4206">
    <p class='ocr_par' dir='ltr' id='par_1_73' title="bbox 169 4133 1860 4206">
     <span class='ocr_line' id='line_1_73' title="bbox 169 4133 1860 4206; baseline -0.006 -10"><span class='ocrx_word' id='word_1_519' title='bbox 169 4141 268 4196; x_wconf 89' lang='lat' dir='ltr'>sed</span> <span class='ocrx_word' id='word_1_520' title='bbox 300 4138 486 4206; x_wconf 85' lang='lat' dir='ltr'>fortis,</span> <span class='ocrx_word' id='word_1_521' title='bbox 520 4137 581 4191; x_wconf 91' lang='lat' dir='ltr'>in</span> <span class='ocrx_word' id='word_1_522' title='bbox 611 4136 752 4190; x_wconf 72' lang='lat' dir='ltr'>caelo</span> <span class='ocrx_word' id='word_1_523' title='bbox 804 4140 964 4189; x_wconf 90' lang='lat' dir='ltr'>vocat</span> <span class='ocrx_word' id='word_1_524' title='bbox 993 4134 1325 4189; x_wconf 74' lang='lat' dir='ltr'>Ecclesium.</span> <span class='ocrx_word' id='word_1_525' title='bbox 1358 4134 1505 4188; x_wconf 88' lang='lat' dir='ltr'>Laus</span> <span class='ocrx_word' id='word_1_526' title='bbox 1564 4133 1702 4187; x_wconf 88' lang='lat' dir='ltr'>ﬁdei</span> <span class='ocrx_word' id='word_1_527' title='bbox 1758 4138 1860 4201; x_wconf 88' lang='lat' dir='ltr'>est,</span> 
     </span>
    </p>
   </div>
   <div class='ocr_carea' id='block_1_74' title="bbox 170 4222 1861 4298">
    <p class='ocr_par' dir='ltr' id='par_1_74' title="bbox 170 4222 1861 4298">
     <span class='ocr_line' id='line_1_74' title="bbox 170 4222 1861 4298; baseline -0.004 -14"><span class='ocrx_word' id='word_1_528' title='bbox 170 4246 290 4284; x_wconf 90' lang='lat' dir='ltr'>non</span> <span class='ocrx_word' id='word_1_529' title='bbox 322 4227 464 4298; x_wconf 88' lang='lat' dir='ltr'>quia</span> <span class='ocrx_word' id='word_1_530' title='bbox 490 4224 667 4279; x_wconf 89' lang='lat' dir='ltr'>credit</span> <span class='ocrx_word' id='word_1_531' title='bbox 695 4228 1009 4289; x_wconf 89' lang='lat' dir='ltr'>mortuum,</span> <span class='ocrx_word' id='word_1_532' title='bbox 1041 4223 1191 4294; x_wconf 91' lang='lat' dir='ltr'>quod</span> <span class='ocrx_word' id='word_1_533' title='bbox 1246 4227 1301 4276; x_wconf 89' lang='lat' dir='ltr'>et</span> <span class='ocrx_word' id='word_1_534' title='bbox 1358 4224 1619 4292; x_wconf 87' lang='lat' dir='ltr'>Paganus</span> <span class='ocrx_word' id='word_1_535' title='bbox 1665 4222 1861 4289; x_wconf 91' lang='lat' dir='ltr'>credit,</span> 
     </span>
    </p>
   </div>
   <div class='ocr_carea' id='block_1_75' title="bbox 167 4315 702 4388">
    <p class='ocr_par' dir='ltr' id='par_1_75' title="bbox 167 4315 702 4388">
     <span class='ocr_line' id='line_1_75' title="bbox 167 4315 702 4388; baseline -0.013 -14"><span class='ocrx_word' id='word_1_536' title='bbox 167 4319 269 4374; x_wconf 90' lang='lat' dir='ltr'>sed</span> <span class='ocrx_word' id='word_1_537' title='bbox 300 4315 702 4388; x_wconf 85' lang='lat' dir='ltr'>gloriﬁcatum.</span> 
     </span>
    </p>
   </div>
   <div class='ocr_carea' id='block_1_76' title="bbox 237 4398 1870 4472">
    <p class='ocr_par' dir='ltr' id='par_1_76' title="bbox 237 4398 1870 4472">
     <span class='ocr_line' id='line_1_76' title="bbox 237 4398 1870 4472; baseline -0.005 -11"><span class='ocrx_word' id='word_1_538' title='bbox 237 4406 360 4472; x_wconf 93' lang='lat' dir='ltr'>Vel,</span> <span class='ocrx_word' id='word_1_539' title='bbox 417 4403 666 4458; x_wconf 90' lang='lat' dir='ltr'>breviter</span> <span class='ocrx_word' id='word_1_540' title='bbox 717 4400 998 4456; x_wconf 86' lang='lat' dir='ltr'>difﬁnitur</span> <span class='ocrx_word' id='word_1_541' title='bbox 1076 4399 1278 4470; x_wconf 80' lang='lat' dir='ltr'>religio</span> <span class='ocrx_word' id='word_1_542' title='bbox 1339 4398 1675 4464; x_wconf 84' lang='lat' dir='ltr'>Christiana,</span> <span class='ocrx_word' id='word_1_543' title='bbox 1738 4415 1870 4453; x_wconf 89' lang='lat' dir='ltr'>cum</span> 
     </span>
    </p>
   </div>
   <div class='ocr_carea' id='block_1_77' title="bbox 168 4492 773 4551">
    <p class='ocr_par' dir='ltr' id='par_1_77' title="bbox 168 4492 773 4551">
     <span class='ocr_line' id='line_1_77' title="bbox 168 4492 773 4551; baseline -0.012 0"><span class='ocrx_word' id='word_1_544' title='bbox 168 4494 384 4551; x_wconf 88' lang='lat' dir='ltr'>dicitur</span> <span class='ocrx_word' id='word_1_545' title='bbox 408 4495 504 4547; x_wconf 86' lang='lat' dir='ltr'>via</span> <span class='ocrx_word' id='word_1_546' title='bbox 530 4492 773 4546; x_wconf 86' lang='lat' dir='ltr'>virtutis.</span> 
     </span>
    </p>
   </div>
   <div class='ocr_carea' id='block_1_78' title="bbox 237 4576 1869 4651">
    <p class='ocr_par' dir='ltr' id='par_1_78' title="bbox 237 4576 1869 4651">
     <span class='ocr_line' id='line_1_78' title="bbox 237 4576 1869 4651; baseline -0.004 -14"><span class='ocrx_word' id='word_1_547' title='bbox 237 4583 361 4650; x_wconf 92' lang='lat' dir='ltr'>Vel,</span> <span class='ocrx_word' id='word_1_548' title='bbox 395 4587 456 4636; x_wconf 79' lang='lat' dir='ltr'>in</span> <span class='ocrx_word' id='word_1_549' title='bbox 510 4578 881 4651; x_wconf 86' lang='lat' dir='ltr'>generatione</span> <span class='ocrx_word' id='word_1_550' title='bbox 911 4576 1368 4649; x_wconf 90' lang='lat' dir='ltr'>generationum.</span> <span class='ocrx_word' id='word_1_551' title='bbox 1432 4578 1524 4631; x_wconf 87' lang='lat' dir='ltr'>Est</span> <span class='ocrx_word' id='word_1_552' title='bbox 1575 4576 1869 4646; x_wconf 87' lang='lat' dir='ltr'>generatio</span> 
     </span>
    </p>
   </div>
   <div class='ocr_carea' id='block_1_79' title="bbox 166 4665 1867 4745">
    <p class='ocr_par' dir='ltr' id='par_1_79' title="bbox 166 4665 1867 4745">
     <span class='ocr_line' id='line_1_79' title="bbox 166 4665 1867 4745; baseline -0.005 -18"><span class='ocrx_word' id='word_1_553' title='bbox 166 4670 636 4745; x_wconf 84' lang='lat' dir='ltr'>generationum,</span> <span class='ocrx_word' id='word_1_554' title='bbox 674 4684 804 4739; x_wconf 67' lang='lat' dir='ltr'>quas</span> <span class='ocrx_word' id='word_1_555' title='bbox 834 4682 948 4721; x_wconf 92' lang='lat' dir='ltr'>non</span> <span class='ocrx_word' id='word_1_556' title='bbox 969 4666 1190 4733; x_wconf 88' lang='lat' dir='ltr'>transit,</span> <span class='ocrx_word' id='word_1_557' title='bbox 1222 4667 1458 4720; x_wconf 92' lang='lat' dir='ltr'>collecta</span> <span class='ocrx_word' id='word_1_558' title='bbox 1484 4665 1554 4720; x_wconf 92' lang='lat' dir='ltr'>de</span> <span class='ocrx_word' id='word_1_559' title='bbox 1580 4666 1867 4731; x_wconf 91' lang='lat' dir='ltr'>omnibus,</span> 
     </span>
    </p>
   </div>
   <div class='ocr_carea' id='block_1_80' title="bbox 165 4754 1873 4825">
    <p class='ocr_par' dir='ltr' id='par_1_80' title="bbox 165 4754 1873 4825">
     <span class='ocr_line' id='line_1_80' title="bbox 165 4754 1873 4825; baseline -0.005 -9"><span class='ocrx_word' id='word_1_560' title='bbox 165 4762 225 4816; x_wconf 92' lang='lat' dir='ltr'>id</span> <span class='ocrx_word' id='word_1_561' title='bbox 257 4764 345 4815; x_wconf 88' lang='lat' dir='ltr'>est</span> <span class='ocrx_word' id='word_1_562' title='bbox 401 4757 600 4813; x_wconf 86' lang='lat' dir='ltr'>sancti.</span> <span class='ocrx_word' id='word_1_563' title='bbox 662 4758 727 4811; x_wconf 90' lang='lat' dir='ltr'>In</span> <span class='ocrx_word' id='word_1_564' title='bbox 775 4756 873 4810; x_wconf 89' lang='lat' dir='ltr'>illa</span> <span class='ocrx_word' id='word_1_565' title='bbox 904 4760 1075 4809; x_wconf 89' lang='lat' dir='ltr'>erunt</span> <span class='ocrx_word' id='word_1_566' title='bbox 1126 4754 1264 4809; x_wconf 88' lang='lat' dir='ltr'>anni</span> <span class='ocrx_word' id='word_1_567' title='bbox 1318 4755 1565 4822; x_wconf 90' lang='lat' dir='ltr'>Domini,</span> <span class='ocrx_word' id='word_1_568' title='bbox 1615 4754 1715 4825; x_wconf 91' lang='lat' dir='ltr'>qui</span> <span class='ocrx_word' id='word_1_569' title='bbox 1754 4770 1873 4808; x_wconf 91' lang='lat' dir='ltr'>non</span> 
     </span>
    </p>
   </div>
   <div class='ocr_carea' id='block_1_81' title="bbox 164 4843 1869 4915">
    <p class='ocr_par' dir='ltr' id='par_1_81' title="bbox 164 4843 1869 4915">
     <span class='ocr_line' id='line_1_81' title="bbox 164 4843 1869 4915; baseline -0.005 -10"><span class='ocrx_word' id='word_1_570' title='bbox 164 4851 487 4915; x_wconf 87' lang='lat' dir='ltr'>transeant,</span> <span class='ocrx_word' id='word_1_571' title='bbox 521 4846 582 4900; x_wconf 90' lang='lat' dir='ltr'>id</span> <span class='ocrx_word' id='word_1_572' title='bbox 613 4850 699 4899; x_wconf 88' lang='lat' dir='ltr'>est</span> <span class='ocrx_word' id='word_1_573' title='bbox 753 4844 1041 4899; x_wconf 65' lang='lat' dir='ltr'>aeternitas</span> <span class='ocrx_word' id='word_1_574' title='bbox 1096 4844 1213 4910; x_wconf 93' lang='lat' dir='ltr'>Dei,</span> <span class='ocrx_word' id='word_1_575' title='bbox 1274 4859 1404 4913; x_wconf 73' lang='lat' dir='ltr'>quas</span> <span class='ocrx_word' id='word_1_576' title='bbox 1453 4847 1538 4897; x_wconf 86' lang='lat' dir='ltr'>est</span> <span class='ocrx_word' id='word_1_577' title='bbox 1582 4843 1708 4914; x_wconf 91' lang='lat' dir='ltr'>ipsa</span> <span class='ocrx_word' id='word_1_578' title='bbox 1738 4844 1869 4897; x_wconf 90' lang='lat' dir='ltr'>sub-</span> 
     </span>
    </p>
   </div>
   <div class='ocr_carea' id='block_1_82' title="bbox 166 4931 1274 5002">
    <p class='ocr_par' dir='ltr' id='par_1_82' title="bbox 166 4931 1274 5002">
     <span class='ocr_line' id='line_1_82' title="bbox 166 4931 1274 5002; baseline -0.006 -10"><span class='ocrx_word' id='word_1_579' title='bbox 166 4937 385 4992; x_wconf 85' lang='lat' dir='ltr'>stantia</span> <span class='ocrx_word' id='word_1_580' title='bbox 414 4934 534 5002; x_wconf 91' lang='lat' dir='ltr'>Dei,</span> <span class='ocrx_word' id='word_1_581' title='bbox 565 4933 709 4987; x_wconf 87' lang='lat' dir='ltr'>nihil</span> <span class='ocrx_word' id='word_1_582' title='bbox 734 4933 951 4987; x_wconf 90' lang='lat' dir='ltr'>habens</span> <span class='ocrx_word' id='word_1_583' title='bbox 982 4931 1274 4985; x_wconf 89' lang='lat' dir='ltr'>mutabile.</span> 
     </span>
    </p>
   </div>
   <div class='ocr_carea' id='block_1_83' title="bbox 239 5018 1869 5087">
    <p class='ocr_par' dir='ltr' id='par_1_83' title="bbox 239 5018 1869 5087">
     <span class='ocr_line' id='line_1_83' title="bbox 239 5018 1869 5087; baseline -0.005 -8"><span class='ocrx_word' id='word_1_584' title='bbox 239 5027 407 5079; x_wconf 73' lang='lat' dir='ltr'>Vsas.</span> <span class='ocrx_word' id='word_1_585' title='bbox 442 5025 532 5077; x_wconf 86' lang='lat'>26.</span> <span class='ocrx_word' id='word_1_586' title='bbox 555 5053 623 5062; x_wconf 92' lang='lat'>——</span> <span class='ocrx_word' id='word_1_587' title='bbox 657 5024 827 5076; x_wconf 87' lang='lat' dir='ltr'>Initio</span> <span class='ocrx_word' id='word_1_588' title='bbox 852 5025 931 5087; x_wconf 85' lang='lat' dir='ltr'>tu,</span> <span class='ocrx_word' id='word_1_589' title='bbox 973 5023 1215 5076; x_wconf 83' lang='lat' dir='ltr'>Domine.</span> <span class='ocrx_word' id='word_1_590' title='bbox 1254 5018 1445 5085; x_wconf 90' lang='lat' dir='ltr'>Quasi,</span> <span class='ocrx_word' id='word_1_591' title='bbox 1488 5035 1562 5073; x_wconf 90' lang='lat' dir='ltr'>ne</span> <span class='ocrx_word' id='word_1_592' title='bbox 1618 5034 1869 5085; x_wconf 90' lang='lat' dir='ltr'>revoces,</span> 
     </span>
    </p>
   </div>
   <div class='ocr_carea' id='block_1_84' title="bbox 160 5107 1869 5188">
    <p class='ocr_par' dir='ltr' id='par_1_84' title="bbox 160 5107 1869 5188">
     <span class='ocr_line' id='line_1_84' title="bbox 160 5107 1869 5188; baseline -0.006 -18"><span class='ocrx_word' id='word_1_593' title='bbox 160 5115 310 5188; x_wconf 88' lang='lat' dir='ltr'>quia</span> <span class='ocrx_word' id='word_1_594' title='bbox 340 5113 413 5168; x_wconf 88' lang='lat' dir='ltr'>ad</span> <span class='ocrx_word' id='word_1_595' title='bbox 438 5111 817 5167; x_wconf 64' lang='lat' dir='ltr'>aeternitatem</span> <span class='ocrx_word' id='word_1_596' title='bbox 850 5110 1041 5178; x_wconf 90' lang='lat' dir='ltr'>tendo,</span> <span class='ocrx_word' id='word_1_597' title='bbox 1103 5125 1276 5180; x_wconf 87' lang='lat' dir='ltr'>quam</span> <span class='ocrx_word' id='word_1_598' title='bbox 1326 5108 1579 5179; x_wconf 86' lang='lat' dir='ltr'>exponit,</span> <span class='ocrx_word' id='word_1_599' title='bbox 1638 5107 1869 5161; x_wconf 88' lang='lat' dir='ltr'>dicens:</span> 
     </span>
    </p>
   </div>
   <div class='ocr_carea' id='block_1_85' title="bbox 153 5199 1254 5270">
    <p class='ocr_par' dir='ltr' id='par_1_85' title="bbox 153 5199 1254 5270">
     <span class='ocr_line' id='line_1_85' title="bbox 153 5199 1254 5270; baseline -0.008 -10"><span class='ocrx_word' id='word_1_600' title='bbox 153 5205 340 5260; x_wconf 86' lang='lat' dir='ltr'>Initio</span> <span class='ocrx_word' id='word_1_601' title='bbox 363 5208 443 5270; x_wconf 90' lang='lat' dir='ltr'>tu,</span> <span class='ocrx_word' id='word_1_602' title='bbox 474 5205 719 5266; x_wconf 85' lang='lat' dir='ltr'>Domine,</span> <span class='ocrx_word' id='word_1_603' title='bbox 755 5204 956 5255; x_wconf 84' lang='lat' dir='ltr'>terram</span> <span class='ocrx_word' id='word_1_604' title='bbox 979 5199 1254 5266; x_wconf 86' lang='lat' dir='ltr'>fundasti.</span> 
     </span>
    </p>
   </div>
   <div class='ocr_carea' id='block_1_86' title="bbox 239 5282 1874 5358">
    <p class='ocr_par' dir='ltr' id='par_1_86' title="bbox 239 5282 1874 5358">
     <span class='ocr_line' id='line_1_86' title="bbox 239 5282 1874 5358; baseline -0.006 -12"><span class='ocrx_word' id='word_1_605' title='bbox 239 5293 409 5346; x_wconf 70' lang='lat' dir='ltr'>Vens.</span> <span class='ocrx_word' id='word_1_606' title='bbox 465 5292 554 5344; x_wconf 87' lang='lat'>2&#39;7.</span> <span class='ocrx_word' id='word_1_607' title='bbox 617 5320 682 5330; x_wconf 93' lang='lat'><strong>—</strong></span> <span class='ocrx_word' id='word_1_608' title='bbox 720 5289 836 5358; x_wconf 87' lang='lat' dir='ltr'>Ipsi</span> <span class='ocrx_word' id='word_1_609' title='bbox 869 5288 1143 5358; x_wconf 84' lang='lat' dir='ltr'>peribunt.</span> <span class='ocrx_word' id='word_1_610' title='bbox 1200 5284 1390 5357; x_wconf 84' lang='lat' dir='ltr'>(AUG.)</span> <span class='ocrx_word' id='word_1_611' title='bbox 1436 5284 1547 5355; x_wconf 90' lang='lat' dir='ltr'>Ipsi</span> <span class='ocrx_word' id='word_1_612' title='bbox 1602 5282 1727 5338; x_wconf 67' lang='lat' dir='ltr'>caeli</span> <span class='ocrx_word' id='word_1_613' title='bbox 1769 5298 1874 5353; x_wconf 90' lang='lat' dir='ltr'>pe-</span> 
     </span>
    </p>
   </div>
   <div class='ocr_carea' id='block_1_87' title="bbox 152 5373 1875 5448">
    <p class='ocr_par' dir='ltr' id='par_1_87' title="bbox 152 5373 1875 5448">
     <span class='ocr_line' id='line_1_87' title="bbox 152 5373 1875 5448; baseline -0.006 -12"><span class='ocrx_word' id='word_1_614' title='bbox 152 5381 392 5442; x_wconf 89' lang='lat' dir='ltr'>ribunt,</span> <span class='ocrx_word' id='word_1_615' title='bbox 429 5378 498 5433; x_wconf 91' lang='lat' dir='ltr'>de</span> <span class='ocrx_word' id='word_1_616' title='bbox 529 5377 807 5448; x_wconf 85' lang='lat' dir='ltr'>proximis</span> <span class='ocrx_word' id='word_1_617' title='bbox 834 5381 1001 5430; x_wconf 56' lang='lat' dir='ltr'>terra),</span> <span class='ocrx_word' id='word_1_618' title='bbox 1038 5376 1147 5429; x_wconf 90' lang='lat' dir='ltr'>hoc</span> <span class='ocrx_word' id='word_1_619' title='bbox 1176 5378 1425 5439; x_wconf 86' lang='lat' dir='ltr'>constat;</span> <span class='ocrx_word' id='word_1_620' title='bbox 1483 5373 1632 5427; x_wconf 90' lang='lat' dir='ltr'>unde</span> <span class='ocrx_word' id='word_1_621' title='bbox 1680 5376 1736 5426; x_wconf 90' lang='lat' dir='ltr'>et</span> <span class='ocrx_word' id='word_1_622' title='bbox 1774 5374 1875 5426; x_wconf 88' lang='lat' dir='ltr'>Pe-</span> 
     </span>
    </p>
   </div>
   <div class='ocr_carea' id='block_1_88' title="bbox 152 5461 1873 5532">
    <p class='ocr_par' dir='ltr' id='par_1_88' title="bbox 152 5461 1873 5532">
     <span class='ocr_line' id='line_1_88' title="bbox 152 5461 1873 5532; baseline -0.006 -8"><span class='ocrx_word' id='word_1_623' title='bbox 152 5477 295 5526; x_wconf 86' lang='lat' dir='ltr'>trus</span> <span class='ocrx_word' id='word_1_624' title='bbox 333 5484 347 5521; x_wconf 89' lang='lat'><strong>:</strong></span> <span class='ocrx_word' id='word_1_625' title='bbox 386 5469 555 5521; x_wconf 82' lang='lat' dir='ltr'>Terra</span> <span class='ocrx_word' id='word_1_626' title='bbox 575 5469 755 5520; x_wconf 88' lang='lat' dir='ltr'>autem</span> <span class='ocrx_word' id='word_1_627' title='bbox 781 5468 832 5519; x_wconf 91' lang='lat' dir='ltr'>et</span> <span class='ocrx_word' id='word_1_628' title='bbox 860 5465 977 5518; x_wconf 72' lang='lat' dir='ltr'>caeli</span> <span class='ocrx_word' id='word_1_629' title='bbox 1006 5466 1102 5532; x_wconf 87' lang='lat' dir='ltr'>qui</span> <span class='ocrx_word' id='word_1_630' title='bbox 1137 5478 1278 5517; x_wconf 90' lang='lat' dir='ltr'>nunc</span> <span class='ocrx_word' id='word_1_631' title='bbox 1307 5466 1451 5528; x_wconf 87' lang='lat' dir='ltr'>sunt,</span> <span class='ocrx_word' id='word_1_632' title='bbox 1483 5461 1662 5515; x_wconf 87' lang='lat' dir='ltr'>eodem</span> <span class='ocrx_word' id='word_1_633' title='bbox 1715 5461 1873 5515; x_wconf 86' lang='lat' dir='ltr'>verbo</span> 
     </span>
    </p>
   </div>
   <div class='ocr_carea' id='block_1_89' title="bbox 154 5549 1870 5629">
    <p class='ocr_par' dir='ltr' id='par_1_89' title="bbox 154 5549 1870 5629">
     <span class='ocr_line' id='line_1_89' title="bbox 154 5549 1870 5629; baseline -0.007 -15"><span class='ocrx_word' id='word_1_634' title='bbox 154 5558 401 5629; x_wconf 81' lang='lat' dir='ltr'>repositi</span> <span class='ocrx_word' id='word_1_635' title='bbox 439 5559 567 5610; x_wconf 87' lang='lat' dir='ltr'>sunt</span> <span class='ocrx_word' id='word_1_636' title='bbox 622 5556 742 5623; x_wconf 87' lang='lat' dir='ltr'>igni</span> <span class='ocrx_word' id='word_1_637' title='bbox 789 5554 1052 5608; x_wconf 81' lang='lat' dir='ltr'>reservati</span> <span class='ocrx_word' id='word_1_638' title='bbox 1080 5551 1175 5621; x_wconf 80' lang='lat' dir='ltr'>(II</span> <span class='ocrx_word' id='word_1_639' title='bbox 1222 5553 1365 5606; x_wconf 88' lang='lat' dir='ltr'>Petr.</span> <span class='ocrx_word' id='word_1_640' title='bbox 1402 5549 1510 5620; x_wconf 87' lang='lat' dir='ltr'>Ill).</span> <span class='ocrx_word' id='word_1_641' title='bbox 1569 5551 1648 5604; x_wconf 89' lang='lat' dir='ltr'>De</span> <span class='ocrx_word' id='word_1_642' title='bbox 1699 5565 1870 5619; x_wconf 89' lang='lat' dir='ltr'>supe-</span> 
     </span>
    </p>
   </div>
   <div class='ocr_carea' id='block_1_90' title="bbox 1973 3076 3664 3146">
    <p class='ocr_par' dir='ltr' id='par_1_90' title="bbox 1973 3076 3664 3146">
     <span class='ocr_line' id='line_1_90' title="bbox 1973 3076 3664 3146; baseline 0.004 -17"><span class='ocrx_word' id='word_1_643' title='bbox 1973 3076 2111 3145; x_wconf 89' lang='lat' dir='ltr'>quia</span> <span class='ocrx_word' id='word_1_644' title='bbox 2166 3081 2306 3146; x_wconf 92' lang='lat' dir='ltr'>quot</span> <span class='ocrx_word' id='word_1_645' title='bbox 2370 3093 2454 3144; x_wconf 91' lang='lat' dir='ltr'>ea,</span> <span class='ocrx_word' id='word_1_646' title='bbox 2504 3081 2587 3130; x_wconf 92' lang='lat' dir='ltr'>tot</span> <span class='ocrx_word' id='word_1_647' title='bbox 2661 3078 2826 3131; x_wconf 57' lang='lat' dir='ltr'>bona;</span> <span class='ocrx_word' id='word_1_648' title='bbox 2887 3077 3294 3131; x_wconf 86' lang='lat' dir='ltr'>retributiones</span> <span class='ocrx_word' id='word_1_649' title='bbox 3371 3078 3491 3132; x_wconf 90' lang='lat' dir='ltr'>Dei.</span> <span class='ocrx_word' id='word_1_650' title='bbox 3562 3082 3664 3135; x_wconf 82' lang='lat' dir='ltr'>Re-</span> 
     </span>
    </p>
   </div>
   <div class='ocr_carea' id='block_1_91' title="bbox 1974 3165 3668 3220">
    <p class='ocr_par' dir='ltr' id='par_1_91' title="bbox 1974 3165 3668 3220">
     <span class='ocr_line' id='line_1_91' title="bbox 1974 3165 3668 3220; baseline 0.001 -3"><span class='ocrx_word' id='word_1_651' title='bbox 1974 3166 2307 3220; x_wconf 82' lang='lat' dir='ltr'>tributioncs.</span> <span class='ocrx_word' id='word_1_652' title='bbox 2363 3166 2488 3219; x_wconf 84' lang='lat' dir='ltr'>Non</span> <span class='ocrx_word' id='word_1_653' title='bbox 2552 3165 2910 3219; x_wconf 89' lang='lat' dir='ltr'>tributiones.</span> <span class='ocrx_word' id='word_1_654' title='bbox 2970 3166 3190 3219; x_wconf 89' lang='lat' dir='ltr'>Tribuit</span> <span class='ocrx_word' id='word_1_655' title='bbox 3262 3166 3436 3219; x_wconf 89' lang='lat' dir='ltr'>homo</span> <span class='ocrx_word' id='word_1_656' title='bbox 3515 3166 3668 3219; x_wconf 91' lang='lat' dir='ltr'>mala</span> 
     </span>
    </p>
   </div>
   <div class='ocr_carea' id='block_1_92' title="bbox 1971 3252 3662 3324">
    <p class='ocr_par' dir='ltr' id='par_1_92' title="bbox 1971 3252 3662 3324">
     <span class='ocr_line' id='line_1_92' title="bbox 1971 3252 3662 3324; baseline 0 -18"><span class='ocrx_word' id='word_1_657' title='bbox 1971 3270 2078 3323; x_wconf 90' lang='lat' dir='ltr'>pro</span> <span class='ocrx_word' id='word_1_658' title='bbox 2105 3252 2292 3319; x_wconf 93' lang='lat' dir='ltr'>bonis,</span> <span class='ocrx_word' id='word_1_659' title='bbox 2325 3258 2381 3307; x_wconf 92' lang='lat' dir='ltr'>et</span> <span class='ocrx_word' id='word_1_660' title='bbox 2419 3252 2684 3308; x_wconf 87' lang='lat' dir='ltr'>retribuit</span> <span class='ocrx_word' id='word_1_661' title='bbox 2731 3255 2782 3307; x_wconf 91' lang='lat' dir='ltr'>ei</span> <span class='ocrx_word' id='word_1_662' title='bbox 2816 3256 2961 3308; x_wconf 90' lang='lat' dir='ltr'>Deus</span> <span class='ocrx_word' id='word_1_663' title='bbox 2992 3255 3140 3309; x_wconf 87' lang='lat' dir='ltr'>bona</span> <span class='ocrx_word' id='word_1_664' title='bbox 3168 3270 3272 3324; x_wconf 89' lang='lat' dir='ltr'>pro</span> <span class='ocrx_word' id='word_1_665' title='bbox 3305 3254 3488 3308; x_wconf 90' lang='lat' dir='ltr'>malis.</span> <span class='ocrx_word' id='word_1_666' title='bbox 3541 3252 3662 3307; x_wconf 86' lang='lat' dir='ltr'>Tri-</span> 
     </span>
    </p>
   </div>
   <div class='ocr_carea' id='block_1_93' title="bbox 1971 3341 3343 3413">
    <p class='ocr_par' dir='ltr' id='par_1_93' title="bbox 1971 3341 3343 3413">
     <span class='ocr_line' id='line_1_93' title="bbox 1971 3341 3343 3413; baseline 0.002 -19"><span class='ocrx_word' id='word_1_667' title='bbox 1971 3341 2117 3409; x_wconf 88' lang='lat' dir='ltr'>buit,</span> <span class='ocrx_word' id='word_1_668' title='bbox 2144 3357 2275 3394; x_wconf 93' lang='lat' dir='ltr'>cum</span> <span class='ocrx_word' id='word_1_669' title='bbox 2305 3356 2396 3394; x_wconf 91' lang='lat' dir='ltr'>me</span> <span class='ocrx_word' id='word_1_670' title='bbox 2427 3341 2572 3409; x_wconf 91' lang='lat' dir='ltr'>fecit,</span> <span class='ocrx_word' id='word_1_671' title='bbox 2609 3342 2873 3395; x_wconf 89' lang='lat' dir='ltr'>retribuit</span> <span class='ocrx_word' id='word_1_672' title='bbox 2896 3359 3028 3396; x_wconf 91' lang='lat' dir='ltr'>cum</span> <span class='ocrx_word' id='word_1_673' title='bbox 3052 3342 3343 3413; x_wconf 81' lang='lat' dir='ltr'>justilicat.</span> 
     </span>
    </p>
   </div>
   <div class='ocr_carea' id='block_1_94' title="bbox 2045 3429 3666 3501">
    <p class='ocr_par' dir='ltr' id='par_1_94' title="bbox 2045 3429 3666 3501">
     <span class='ocr_line' id='line_1_94' title="bbox 2045 3429 3666 3501; baseline 0.001 -19"><span class='ocrx_word' id='word_1_674' title='bbox 2045 3429 2213 3482; x_wconf 75' lang='lat' dir='ltr'>Vsus.</span> <span class='ocrx_word' id='word_1_675' title='bbox 2264 3431 2316 3483; x_wconf 90' lang='lat'>3.</span> <span class='ocrx_word' id='word_1_676' title='bbox 2350 3460 2417 3467; x_wconf 90' lang='lat'><strong>—</strong></span> <span class='ocrx_word' id='word_1_677' title='bbox 2476 3431 2578 3496; x_wconf 85' lang='lat' dir='ltr'>Qui</span> <span class='ocrx_word' id='word_1_678' title='bbox 2625 3433 2985 3499; x_wconf 86' lang='lat' dir='ltr'>propitiatur.</span> <span class='ocrx_word' id='word_1_679' title='bbox 3045 3430 3237 3499; x_wconf 80' lang='lat' dir='ltr'>(Anc.)</span> <span class='ocrx_word' id='word_1_680' title='bbox 3285 3431 3396 3485; x_wconf 85' lang='lat' dir='ltr'>Hoc</span> <span class='ocrx_word' id='word_1_681' title='bbox 3452 3430 3573 3501; x_wconf 89' lang='lat' dir='ltr'>agit</span> <span class='ocrx_word' id='word_1_682' title='bbox 3604 3429 3666 3483; x_wconf 92' lang='lat' dir='ltr'>in</span> 
     </span>
    </p>
   </div>
   <div class='ocr_carea' id='block_1_95' title="bbox 1970 3517 3662 3587">
    <p class='ocr_par' dir='ltr' id='par_1_95' title="bbox 1970 3517 3662 3587">
     <span class='ocr_line' id='line_1_95' title="bbox 1970 3517 3662 3587; baseline 0.002 -18"><span class='ocrx_word' id='word_1_683' title='bbox 1970 3517 2243 3586; x_wconf 89' lang='lat' dir='ltr'>baptismi</span> <span class='ocrx_word' id='word_1_684' title='bbox 2300 3522 2678 3571; x_wconf 90' lang='lat' dir='ltr'>sacramento.</span> <span class='ocrx_word' id='word_1_685' title='bbox 2741 3520 2844 3584; x_wconf 86' lang='lat' dir='ltr'>Qui</span> <span class='ocrx_word' id='word_1_686' title='bbox 2886 3523 3047 3573; x_wconf 82' lang='lat' dir='ltr'>sanat</span> <span class='ocrx_word' id='word_1_687' title='bbox 3096 3534 3272 3573; x_wconf 88' lang='lat' dir='ltr'>omnes</span> <span class='ocrx_word' id='word_1_688' title='bbox 3320 3521 3662 3587; x_wconf 77' lang='lat' dir='ltr'>inﬁrmitates</span> 
     </span>
    </p>
   </div>
   <div class='ocr_carea' id='block_1_96' title="bbox 1972 3606 3666 3676">
    <p class='ocr_par' dir='ltr' id='par_1_96' title="bbox 1972 3606 3666 3676">
     <span class='ocr_line' id='line_1_96' title="bbox 1972 3606 3666 3676; baseline 0.001 -17"><span class='ocrx_word' id='word_1_689' title='bbox 1972 3608 2115 3659; x_wconf 85' lang='lat' dir='ltr'>tuas.</span> <span class='ocrx_word' id='word_1_690' title='bbox 2178 3606 2291 3659; x_wconf 87' lang='lat' dir='ltr'>Hoc</span> <span class='ocrx_word' id='word_1_691' title='bbox 2329 3606 2448 3676; x_wconf 90' lang='lat' dir='ltr'>agit</span> <span class='ocrx_word' id='word_1_692' title='bbox 2498 3607 2558 3659; x_wconf 91' lang='lat' dir='ltr'>in</span> <span class='ocrx_word' id='word_1_693' title='bbox 2591 3606 2705 3660; x_wconf 88' lang='lat' dir='ltr'>vita</span> <span class='ocrx_word' id='word_1_694' title='bbox 2750 3607 2933 3661; x_wconf 88' lang='lat' dir='ltr'>ﬁdelis</span> <span class='ocrx_word' id='word_1_695' title='bbox 2966 3606 3237 3673; x_wconf 90' lang='lat' dir='ltr'>hominis,</span> <span class='ocrx_word' id='word_1_696' title='bbox 3280 3607 3417 3661; x_wconf 90' lang='lat' dir='ltr'>dum</span> <span class='ocrx_word' id='word_1_697' title='bbox 3465 3622 3666 3661; x_wconf 80' lang='lat' dir='ltr'>concu-</span> 
     </span>
    </p>
   </div>
   <div class='ocr_carea' id='block_1_97' title="bbox 1970 3692 3664 3763">
    <p class='ocr_par' dir='ltr' id='par_1_97' title="bbox 1970 3692 3664 3763">
     <span class='ocr_line' id='line_1_97' title="bbox 1970 3692 3664 3763; baseline 0.001 -18"><span class='ocrx_word' id='word_1_698' title='bbox 1970 3692 2139 3762; x_wconf 89' lang='lat' dir='ltr'>piscit</span> <span class='ocrx_word' id='word_1_699' title='bbox 2166 3708 2295 3745; x_wconf 87' lang='lat' dir='ltr'>caro</span> <span class='ocrx_word' id='word_1_700' title='bbox 2347 3692 2617 3746; x_wconf 89' lang='lat' dir='ltr'>adversus</span> <span class='ocrx_word' id='word_1_701' title='bbox 2666 3694 2952 3763; x_wconf 89' lang='lat' dir='ltr'>spiritum,</span> <span class='ocrx_word' id='word_1_702' title='bbox 2987 3699 3049 3746; x_wconf 91' lang='lat' dir='ltr'>ut</span> <span class='ocrx_word' id='word_1_703' title='bbox 3108 3693 3155 3746; x_wconf 91' lang='lat' dir='ltr'>si</span> <span class='ocrx_word' id='word_1_704' title='bbox 3216 3710 3345 3763; x_wconf 65' lang='lat' dir='ltr'>qua:</span> <span class='ocrx_word' id='word_1_705' title='bbox 3395 3694 3664 3747; x_wconf 89' lang='lat' dir='ltr'>nolumus</span> 
     </span>
    </p>
   </div>
   <div class='ocr_carea' id='block_1_98' title="bbox 1970 3779 3664 3853">
    <p class='ocr_par' dir='ltr' id='par_1_98' title="bbox 1970 3779 3664 3853">
     <span class='ocr_line' id='line_1_98' title="bbox 1970 3779 3664 3853; baseline 0.001 -20"><span class='ocrx_word' id='word_1_706' title='bbox 1970 3779 2275 3843; x_wconf 86' lang='lat' dir='ltr'>faciamus;</span> <span class='ocrx_word' id='word_1_707' title='bbox 2333 3780 2431 3850; x_wconf 92' lang='lat' dir='ltr'>qui</span> <span class='ocrx_word' id='word_1_708' title='bbox 2462 3782 2767 3853; x_wconf 88' lang='lat' dir='ltr'>languores</span> <span class='ocrx_word' id='word_1_709' title='bbox 2816 3781 3107 3833; x_wconf 87' lang='lat' dir='ltr'>vetustatis</span> <span class='ocrx_word' id='word_1_710' title='bbox 3138 3783 3206 3834; x_wconf 89' lang='lat' dir='ltr'>de</span> <span class='ocrx_word' id='word_1_711' title='bbox 3258 3781 3349 3833; x_wconf 88' lang='lat' dir='ltr'>die</span> <span class='ocrx_word' id='word_1_712' title='bbox 3405 3781 3465 3833; x_wconf 90' lang='lat' dir='ltr'>in</span> <span class='ocrx_word' id='word_1_713' title='bbox 3511 3782 3664 3835; x_wconf 89' lang='lat' dir='ltr'>diem</span> 
     </span>
    </p>
   </div>
   <div class='ocr_carea' id='block_1_99' title="bbox 1972 3868 3667 3938">
    <p class='ocr_par' dir='ltr' id='par_1_99' title="bbox 1972 3868 3667 3938">
     <span class='ocr_line' id='line_1_99' title="bbox 1972 3868 3667 3938; baseline 0.001 -17"><span class='ocrx_word' id='word_1_714' title='bbox 1972 3873 2257 3921; x_wconf 88' lang='lat' dir='ltr'>crescente</span> <span class='ocrx_word' id='word_1_715' title='bbox 2296 3868 2543 3923; x_wconf 91' lang='lat' dir='ltr'>novitate</span> <span class='ocrx_word' id='word_1_716' title='bbox 2600 3874 2875 3922; x_wconf 89' lang='lat' dir='ltr'>sanantur</span> <span class='ocrx_word' id='word_1_717' title='bbox 2901 3886 2969 3922; x_wconf 86' lang='lat' dir='ltr'>ex</span> <span class='ocrx_word' id='word_1_718' title='bbox 3020 3869 3151 3935; x_wconf 88' lang='lat' dir='ltr'>ﬁde,</span> <span class='ocrx_word' id='word_1_719' title='bbox 3186 3884 3313 3938; x_wconf 79' lang='lat' dir='ltr'>quae</span> <span class='ocrx_word' id='word_1_720' title='bbox 3362 3884 3465 3938; x_wconf 90' lang='lat' dir='ltr'>per</span> <span class='ocrx_word' id='word_1_721' title='bbox 3529 3869 3667 3923; x_wconf 91' lang='lat' dir='ltr'>dile-</span> 
     </span>
    </p>
   </div>
   <div class='ocr_carea' id='block_1_100' title="bbox 1974 3956 2550 4026">
    <p class='ocr_par' dir='ltr' id='par_1_100' title="bbox 1974 3956 2550 4026">
     <span class='ocr_line' id='line_1_100' title="bbox 1974 3956 2550 4026; baseline 0.005 -17"><span class='ocrx_word' id='word_1_722' title='bbox 1974 3956 2225 4010; x_wconf 91' lang='lat' dir='ltr'>ctionem</span> <span class='ocrx_word' id='word_1_723' title='bbox 2256 3962 2550 4026; x_wconf 90' lang='lat' dir='ltr'>operatur.</span> 
     </span>
    </p>
   </div>
   <div class='ocr_carea' id='block_1_101' title="bbox 2046 4045 3665 4114">
    <p class='ocr_par' dir='ltr' id='par_1_101' title="bbox 2046 4045 3665 4114">
     <span class='ocr_line' id='line_1_101' title="bbox 2046 4045 3665 4114; baseline 0 -15"><span class='ocrx_word' id='word_1_724' title='bbox 2046 4046 2204 4099; x_wconf 75' lang='lat' dir='ltr'>Vsus.</span> <span class='ocrx_word' id='word_1_725' title='bbox 2273 4047 2324 4099; x_wconf 84' lang='grc'>4.</span> <span class='ocrx_word' id='word_1_726' title='bbox 2384 4076 2454 4085; x_wconf 91' lang='grc'><strong>-</strong></span> <span class='ocrx_word' id='word_1_727' title='bbox 2512 4048 2616 4114; x_wconf 87' lang='lat' dir='ltr'>Qui</span> <span class='ocrx_word' id='word_1_728' title='bbox 2675 4045 2915 4112; x_wconf 86' lang='lat' dir='ltr'>redimit,</span> <span class='ocrx_word' id='word_1_729' title='bbox 2994 4045 3059 4098; x_wconf 87' lang='lat' dir='ltr'>de</span> <span class='ocrx_word' id='word_1_730' title='bbox 3106 4046 3445 4113; x_wconf 86' lang='lat' dir='ltr'>corruptione</span> <span class='ocrx_word' id='word_1_731' title='bbox 3494 4047 3665 4099; x_wconf 89' lang='lat' dir='ltr'>vitam</span> 
     </span>
    </p>
   </div>
   <div class='ocr_carea' id='block_1_102' title="bbox 1977 4132 3663 4188">
    <p class='ocr_par' dir='ltr' id='par_1_102' title="bbox 1977 4132 3663 4188">
     <span class='ocr_line' id='line_1_102' title="bbox 1977 4132 3663 4188; baseline 0.001 -2"><span class='ocrx_word' id='word_1_732' title='bbox 1977 4138 2145 4187; x_wconf 90' lang='lat' dir='ltr'>tuam.</span> <span class='ocrx_word' id='word_1_733' title='bbox 2205 4134 2320 4187; x_wconf 87' lang='lat' dir='ltr'>Hoc</span> <span class='ocrx_word' id='word_1_734' title='bbox 2375 4133 2439 4188; x_wconf 85' lang='lat' dir='ltr'>ﬁt</span> <span class='ocrx_word' id='word_1_735' title='bbox 2466 4134 2528 4187; x_wconf 88' lang='lat' dir='ltr'>in</span> <span class='ocrx_word' id='word_1_736' title='bbox 2560 4133 2760 4186; x_wconf 89' lang='lat' dir='ltr'>ultima</span> <span class='ocrx_word' id='word_1_737' title='bbox 2810 4132 3224 4187; x_wconf 83' lang='lat' dir='ltr'>resurrectione</span> <span class='ocrx_word' id='word_1_738' title='bbox 3283 4139 3663 4187; x_wconf 88' lang='lat' dir='ltr'>mortuorum.</span> 
     </span>
    </p>
   </div>
   <div class='ocr_carea' id='block_1_103' title="bbox 1982 4221 3668 4292">
    <p class='ocr_par' dir='ltr' id='par_1_103' title="bbox 1982 4221 3668 4292">
     <span class='ocr_line' id='line_1_103' title="bbox 1982 4221 3668 4292; baseline 0.001 -17"><span class='ocrx_word' id='word_1_739' title='bbox 1982 4223 2090 4288; x_wconf 89' lang='lat' dir='ltr'>Qui</span> <span class='ocrx_word' id='word_1_740' title='bbox 2111 4227 2349 4288; x_wconf 88' lang='lat' dir='ltr'>coronat,</span> <span class='ocrx_word' id='word_1_741' title='bbox 2383 4227 2489 4275; x_wconf 83' lang='lat' dir='ltr'>etc.</span> <span class='ocrx_word' id='word_1_742' title='bbox 2530 4224 2643 4276; x_wconf 80' lang='lat' dir='ltr'>Hoc</span> <span class='ocrx_word' id='word_1_743' title='bbox 2671 4222 2737 4275; x_wconf 89' lang='lat' dir='ltr'>ﬁt</span> <span class='ocrx_word' id='word_1_744' title='bbox 2756 4221 2995 4292; x_wconf 83' lang='lat' dir='ltr'>judicio,</span> <span class='ocrx_word' id='word_1_745' title='bbox 3029 4222 3126 4276; x_wconf 89' lang='lat' dir='ltr'>ubi</span> <span class='ocrx_word' id='word_1_746' title='bbox 3179 4238 3309 4276; x_wconf 91' lang='lat' dir='ltr'>cum</span> <span class='ocrx_word' id='word_1_747' title='bbox 3360 4238 3457 4276; x_wconf 89' lang='lat' dir='ltr'>rex</span> <span class='ocrx_word' id='word_1_748' title='bbox 3510 4222 3668 4276; x_wconf 88' lang='lat' dir='ltr'>sede-</span> 
     </span>
    </p>
   </div>
   <div class='ocr_carea' id='block_1_104' title="bbox 1980 4310 3671 4383">
    <p class='ocr_par' dir='ltr' id='par_1_104' title="bbox 1980 4310 3671 4383">
     <span class='ocr_line' id='line_1_104' title="bbox 1980 4310 3671 4383; baseline 0 -19"><span class='ocrx_word' id='word_1_749' title='bbox 1980 4311 2055 4364; x_wconf 89' lang='lat' dir='ltr'>rit</span> <span class='ocrx_word' id='word_1_750' title='bbox 2084 4310 2144 4363; x_wconf 92' lang='lat' dir='ltr'>in</span> <span class='ocrx_word' id='word_1_751' title='bbox 2175 4311 2408 4377; x_wconf 90' lang='lat' dir='ltr'>throno,</span> <span class='ocrx_word' id='word_1_752' title='bbox 2439 4310 2766 4364; x_wconf 87' lang='lat' dir='ltr'>redditurus</span> <span class='ocrx_word' id='word_1_753' title='bbox 2816 4311 3125 4383; x_wconf 88' lang='lat' dir='ltr'>unicuique</span> <span class='ocrx_word' id='word_1_754' title='bbox 3154 4311 3466 4365; x_wconf 89' lang='lat' dir='ltr'>secundum</span> <span class='ocrx_word' id='word_1_755' title='bbox 3493 4326 3671 4380; x_wconf 88' lang='lat' dir='ltr'>opera</span> 
     </span>
    </p>
   </div>
   <div class='ocr_carea' id='block_1_105' title="bbox 1980 4398 3671 4469">
    <p class='ocr_par' dir='ltr' id='par_1_105' title="bbox 1980 4398 3671 4469">
     <span class='ocr_line' id='line_1_105' title="bbox 1980 4398 3671 4469; baseline 0 -17"><span class='ocrx_word' id='word_1_756' title='bbox 1980 4398 2121 4469; x_wconf 88' lang='lat' dir='ltr'>ejus,</span> <span class='ocrx_word' id='word_1_757' title='bbox 2172 4398 2299 4469; x_wconf 90' lang='lat' dir='ltr'>quis</span> <span class='ocrx_word' id='word_1_758' title='bbox 2345 4399 2683 4468; x_wconf 82' lang='lat' dir='ltr'>gloriabitur</span> <span class='ocrx_word' id='word_1_759' title='bbox 2726 4416 2784 4453; x_wconf 86' lang='lat' dir='ltr'>se</span> <span class='ocrx_word' id='word_1_760' title='bbox 2841 4400 3051 4454; x_wconf 87' lang='lat' dir='ltr'>habere</span> <span class='ocrx_word' id='word_1_761' title='bbox 3101 4400 3412 4469; x_wconf 89' lang='lat' dir='ltr'>gloriosum</span> <span class='ocrx_word' id='word_1_762' title='bbox 3470 4415 3568 4452; x_wconf 86' lang='lat' dir='ltr'>cor</span> <span class='ocrx_word' id='word_1_763' title='bbox 3616 4403 3671 4452; x_wconf 89' lang='lat' dir='ltr'>et</span> 
     </span>
    </p>
   </div>
   <div class='ocr_carea' id='block_1_106' title="bbox 1980 4487 3669 4557">
    <p class='ocr_par' dir='ltr' id='par_1_106' title="bbox 1980 4487 3669 4557">
     <span class='ocr_line' id='line_1_106' title="bbox 1980 4487 3669 4557; baseline 0.001 -16"><span class='ocrx_word' id='word_1_764' title='bbox 1980 4487 2262 4541; x_wconf 90' lang='lat' dir='ltr'>mundum</span> <span class='ocrx_word' id='word_1_765' title='bbox 2287 4503 2322 4540; x_wconf 91' lang='lat' dir='ltr'>a</span> <span class='ocrx_word' id='word_1_766' title='bbox 2351 4488 2620 4557; x_wconf 86' lang='lat' dir='ltr'>peccato?</span> <span class='ocrx_word' id='word_1_767' title='bbox 2668 4488 2800 4542; x_wconf 65' lang='lat' dir='ltr'>Ideo</span> <span class='ocrx_word' id='word_1_768' title='bbox 2833 4489 3214 4542; x_wconf 89' lang='lat' dir='ltr'>necessarium</span> <span class='ocrx_word' id='word_1_769' title='bbox 3256 4488 3366 4541; x_wconf 81' lang='lat' dir='ltr'>fuit</span> <span class='ocrx_word' id='word_1_770' title='bbox 3414 4504 3669 4543; x_wconf 90' lang='lat' dir='ltr'>comme-</span> 
     </span>
    </p>
   </div>
   <div class='ocr_carea' id='block_1_107' title="bbox 1982 4574 3672 4643">
    <p class='ocr_par' dir='ltr' id='par_1_107' title="bbox 1982 4574 3672 4643">
     <span class='ocr_line' id='line_1_107' title="bbox 1982 4574 3672 4643; baseline 0.001 -14"><span class='ocrx_word' id='word_1_771' title='bbox 1982 4591 2206 4629; x_wconf 88' lang='lat' dir='ltr'>morare</span> <span class='ocrx_word' id='word_1_772' title='bbox 2236 4574 2353 4629; x_wconf 89' lang='lat' dir='ltr'>illic</span> <span class='ocrx_word' id='word_1_773' title='bbox 2382 4576 2835 4631; x_wconf 88' lang='lat' dir='ltr'>misericordiam</span> <span class='ocrx_word' id='word_1_774' title='bbox 2859 4582 2914 4631; x_wconf 89' lang='lat' dir='ltr'>et</span> <span class='ocrx_word' id='word_1_775' title='bbox 2942 4576 3359 4643; x_wconf 86' lang='lat' dir='ltr'>miserationes,</span> <span class='ocrx_word' id='word_1_776' title='bbox 3393 4576 3494 4631; x_wconf 89' lang='lat' dir='ltr'>ubi</span> <span class='ocrx_word' id='word_1_777' title='bbox 3525 4576 3672 4631; x_wconf 89' lang='lat' dir='ltr'>vide-</span> 
     </span>
    </p>
   </div>
   <div class='ocr_carea' id='block_1_108' title="bbox 1980 4663 3670 4733">
    <p class='ocr_par' dir='ltr' id='par_1_108' title="bbox 1980 4663 3670 4733">
     <span class='ocr_line' id='line_1_108' title="bbox 1980 4663 3670 4733; baseline 0.001 -16"><span class='ocrx_word' id='word_1_778' title='bbox 1980 4664 2253 4717; x_wconf 90' lang='lat' dir='ltr'>derentnr</span> <span class='ocrx_word' id='word_1_779' title='bbox 2280 4663 2358 4717; x_wconf 84' lang='lat' dir='ltr'>sic</span> <span class='ocrx_word' id='word_1_780' title='bbox 2388 4665 2548 4719; x_wconf 88' lang='lat' dir='ltr'>reddi</span> <span class='ocrx_word' id='word_1_781' title='bbox 2579 4665 2789 4733; x_wconf 87' lang='lat' dir='ltr'>debita,</span> <span class='ocrx_word' id='word_1_782' title='bbox 2813 4670 2879 4719; x_wconf 91' lang='lat' dir='ltr'>ut</span> <span class='ocrx_word' id='word_1_783' title='bbox 2912 4665 3105 4720; x_wconf 91' lang='lat' dir='ltr'>nullus</span> <span class='ocrx_word' id='word_1_784' title='bbox 3136 4670 3283 4719; x_wconf 88' lang='lat' dir='ltr'>esset</span> <span class='ocrx_word' id='word_1_785' title='bbox 3310 4666 3469 4719; x_wconf 89' lang='lat' dir='ltr'>locus</span> <span class='ocrx_word' id='word_1_786' title='bbox 3501 4664 3670 4719; x_wconf 86' lang='lat' dir='ltr'>mise-</span> 
     </span>
    </p>
   </div>
   <div class='ocr_carea' id='block_1_109' title="bbox 1980 4752 2263 4807">
    <p class='ocr_par' dir='ltr' id='par_1_109' title="bbox 1980 4752 2263 4807">
     <span class='ocr_line' id='line_1_109' title="bbox 1980 4752 2263 4807; baseline -0.004 0"><span class='ocrx_word' id='word_1_787' title='bbox 1980 4752 2263 4807; x_wconf 75' lang='lat' dir='ltr'>ricordise.</span> 
     </span>
    </p>
   </div>
   <div class='ocr_carea' id='block_1_110' title="bbox 2052 4839 3671 4911">
    <p class='ocr_par' dir='ltr' id='par_1_110' title="bbox 2052 4839 3671 4911">
     <span class='ocr_line' id='line_1_110' title="bbox 2052 4839 3671 4911; baseline 0 -17"><span class='ocrx_word' id='word_1_788' title='bbox 2052 4843 2212 4896; x_wconf 74' lang='lat' dir='ltr'>Vaas.</span> <span class='ocrx_word' id='word_1_789' title='bbox 2256 4844 2308 4895; x_wconf 87' lang='lat'>5.</span> <span class='ocrx_word' id='word_1_790' title='bbox 2336 4871 2409 4883; x_wconf 95' lang='lat'><strong>—</strong></span> <span class='ocrx_word' id='word_1_791' title='bbox 2459 4844 2525 4898; x_wconf 90' lang='lat' dir='ltr'>Ut</span> <span class='ocrx_word' id='word_1_792' title='bbox 2577 4843 2772 4911; x_wconf 72' lang='lat' dir='ltr'>aquilae</span> <span class='ocrx_word' id='word_1_793' title='bbox 2801 4842 3066 4910; x_wconf 86' lang='lat' dir='ltr'>juventus</span> <span class='ocrx_word' id='word_1_794' title='bbox 3117 4846 3229 4895; x_wconf 87' lang='lat' dir='ltr'>tua.</span> <span class='ocrx_word' id='word_1_795' title='bbox 3265 4839 3448 4910; x_wconf 73' lang='grc' dir='ltr'>(Ασσ.)</span> <span class='ocrx_word' id='word_1_796' title='bbox 3504 4841 3671 4895; x_wconf 83' lang='lat' dir='ltr'>Simi-</span> 
     </span>
    </p>
   </div>
   <div class='ocr_carea' id='block_1_111' title="bbox 1981 4928 3673 4999">
    <p class='ocr_par' dir='ltr' id='par_1_111' title="bbox 1981 4928 3673 4999">
     <span class='ocr_line' id='line_1_111' title="bbox 1981 4928 3673 4999; baseline -0.001 -16"><span class='ocrx_word' id='word_1_797' title='bbox 1981 4930 2161 4983; x_wconf 91' lang='lat' dir='ltr'>litudo</span> <span class='ocrx_word' id='word_1_798' title='bbox 2186 4934 2347 4984; x_wconf 89' lang='lat' dir='ltr'>tanta</span> <span class='ocrx_word' id='word_1_799' title='bbox 2368 4932 2500 4985; x_wconf 89' lang='lat' dir='ltr'>data</span> <span class='ocrx_word' id='word_1_800' title='bbox 2522 4936 2626 4997; x_wconf 89' lang='lat' dir='ltr'>est,</span> <span class='ocrx_word' id='word_1_801' title='bbox 2660 4935 2788 4998; x_wconf 90' lang='lat' dir='ltr'>etc.,</span> <span class='ocrx_word' id='word_1_802' title='bbox 2820 4946 2988 4999; x_wconf 86' lang='lat' dir='ltr'>usque</span> <span class='ocrx_word' id='word_1_803' title='bbox 3030 4931 3104 4983; x_wconf 88' lang='lat' dir='ltr'>ad</span> <span class='ocrx_word' id='word_1_804' title='bbox 3160 4928 3369 4999; x_wconf 88' lang='lat' dir='ltr'>quibus</span> <span class='ocrx_word' id='word_1_805' title='bbox 3426 4934 3673 4983; x_wconf 88' lang='lat' dir='ltr'>vetustas</span> 
     </span>
    </p>
   </div>
   <div class='ocr_carea' id='block_1_112' title="bbox 1981 5018 3440 5087">
    <p class='ocr_par' dir='ltr' id='par_1_112' title="bbox 1981 5018 3440 5087">
     <span class='ocr_line' id='line_1_112' title="bbox 1981 5018 3440 5087; baseline -0.001 -15"><span class='ocrx_word' id='word_1_806' title='bbox 1981 5018 2187 5073; x_wconf 88' lang='lat' dir='ltr'>clausit</span> <span class='ocrx_word' id='word_1_807' title='bbox 2215 5035 2295 5086; x_wconf 91' lang='lat' dir='ltr'>os,</span> <span class='ocrx_word' id='word_1_808' title='bbox 2328 5019 2521 5074; x_wconf 85' lang='lat' dir='ltr'>oblitis</span> <span class='ocrx_word' id='word_1_809' title='bbox 2549 5019 2895 5073; x_wconf 88' lang='lat' dir='ltr'>manducare</span> <span class='ocrx_word' id='word_1_810' title='bbox 2922 5034 3131 5087; x_wconf 91' lang='lat' dir='ltr'>panem</span> <span class='ocrx_word' id='word_1_811' title='bbox 3160 5022 3440 5071; x_wconf 90' lang='lat' dir='ltr'>nostrum.</span> 
     </span>
    </p>
   </div>
   <div class='ocr_carea' id='block_1_113' title="bbox 2055 5106 3674 5178">
    <p class='ocr_par' dir='ltr' id='par_1_113' title="bbox 2055 5106 3674 5178">
     <span class='ocr_line' id='line_1_113' title="bbox 2055 5106 3674 5178; baseline -0.002 -17"><span class='ocrx_word' id='word_1_812' title='bbox 2055 5108 2219 5162; x_wconf 76' lang='lat' dir='ltr'>Vens.</span> <span class='ocrx_word' id='word_1_813' title='bbox 2274 5112 2327 5163; x_wconf 87' lang='lat'>6.</span> <span class='ocrx_word' id='word_1_814' title='bbox 2387 5139 2452 5148; x_wconf 92' lang='lat'>-—</span> <span class='ocrx_word' id='word_1_815' title='bbox 2504 5110 2743 5162; x_wconf 88' lang='lat' dir='ltr'>Faciens.</span> <span class='ocrx_word' id='word_1_816' title='bbox 2804 5107 3026 5178; x_wconf 82' lang='lat' dir='ltr'>(AUG.).</span> <span class='ocrx_word' id='word_1_817' title='bbox 3074 5107 3331 5161; x_wconf 89' lang='lat' dir='ltr'>Secunda</span> <span class='ocrx_word' id='word_1_818' title='bbox 3379 5122 3531 5176; x_wconf 90' lang='lat' dir='ltr'>pars,</span> <span class='ocrx_word' id='word_1_819' title='bbox 3577 5106 3674 5159; x_wconf 91' lang='lat' dir='ltr'>ubi</span> 
     </span>
    </p>
   </div>
   <div class='ocr_carea' id='block_1_114' title="bbox 1982 5194 3672 5265">
    <p class='ocr_par' dir='ltr' id='par_1_114' title="bbox 1982 5194 3672 5265">
     <span class='ocr_line' id='line_1_114' title="bbox 1982 5194 3672 5265; baseline -0.002 -16"><span class='ocrx_word' id='word_1_820' title='bbox 1982 5199 2179 5249; x_wconf 89' lang='lat' dir='ltr'>monet</span> <span class='ocrx_word' id='word_1_821' title='bbox 2206 5196 2542 5250; x_wconf 89' lang='lat' dir='ltr'>benedicere</span> <span class='ocrx_word' id='word_1_822' title='bbox 2565 5211 2670 5265; x_wconf 90' lang='lat' dir='ltr'>par</span> <span class='ocrx_word' id='word_1_823' title='bbox 2722 5210 2815 5248; x_wconf 90' lang='lat' dir='ltr'>eas</span> <span class='ocrx_word' id='word_1_824' title='bbox 2841 5211 2969 5265; x_wconf 67' lang='lat' dir='ltr'>quia</span> <span class='ocrx_word' id='word_1_825' title='bbox 3024 5194 3275 5264; x_wconf 90' lang='lat' dir='ltr'>antiquis</span> <span class='ocrx_word' id='word_1_826' title='bbox 3314 5194 3462 5247; x_wconf 88' lang='lat' dir='ltr'>facta</span> <span class='ocrx_word' id='word_1_827' title='bbox 3517 5197 3672 5259; x_wconf 87' lang='lat' dir='ltr'>sunt,</span> 
     </span>
    </p>
   </div>
   <div class='ocr_carea' id='block_1_115' title="bbox 1984 5283 3671 5353">
    <p class='ocr_par' dir='ltr' id='par_1_115' title="bbox 1984 5283 3671 5353">
     <span class='ocr_line' id='line_1_115' title="bbox 1984 5283 3671 5353; baseline -0.004 -15"><span class='ocrx_word' id='word_1_828' title='bbox 1984 5288 2041 5338; x_wconf 91' lang='lat' dir='ltr'>et</span> <span class='ocrx_word' id='word_1_829' title='bbox 2084 5284 2329 5353; x_wconf 89' lang='lat' dir='ltr'>posteris</span> <span class='ocrx_word' id='word_1_830' title='bbox 2374 5284 2535 5337; x_wconf 86' lang='lat' dir='ltr'>ﬁunt.</span> <span class='ocrx_word' id='word_1_831' title='bbox 2585 5284 3010 5338; x_wconf 86' lang='lat' dir='ltr'>Misericordias.</span> <span class='ocrx_word' id='word_1_832' title='bbox 3046 5283 3196 5347; x_wconf 90' lang='lat' dir='ltr'>Quas</span> <span class='ocrx_word' id='word_1_833' title='bbox 3227 5284 3671 5352; x_wconf 89' lang='lat' dir='ltr'>consequentur.</span> 
     </span>
    </p>
   </div>
   <div class='ocr_carea' id='block_1_116' title="bbox 1985 5370 3675 5442">
    <p class='ocr_par' dir='ltr' id='par_1_116' title="bbox 1985 5370 3675 5442">
     <span class='ocr_line' id='line_1_116' title="bbox 1985 5370 3675 5442; baseline -0.001 -18"><span class='ocrx_word' id='word_1_834' title='bbox 1985 5372 2084 5442; x_wconf 90' lang='lat' dir='ltr'>qui</span> <span class='ocrx_word' id='word_1_835' title='bbox 2126 5371 2389 5425; x_wconf 91' lang='lat' dir='ltr'>inimicos</span> <span class='ocrx_word' id='word_1_836' title='bbox 2440 5370 2706 5440; x_wconf 89' lang='lat' dir='ltr'>diligunt,</span> <span class='ocrx_word' id='word_1_837' title='bbox 2767 5377 2898 5439; x_wconf 90' lang='lat' dir='ltr'>etc.,</span> <span class='ocrx_word' id='word_1_838' title='bbox 2941 5387 3109 5440; x_wconf 81' lang='lat' dir='ltr'>usque</span> <span class='ocrx_word' id='word_1_839' title='bbox 3156 5371 3230 5425; x_wconf 89' lang='lat' dir='ltr'>ad</span> <span class='ocrx_word' id='word_1_840' title='bbox 3279 5375 3407 5440; x_wconf 89' lang='lat' dir='ltr'>post</span> <span class='ocrx_word' id='word_1_841' title='bbox 3462 5371 3675 5424; x_wconf 85' lang='lat' dir='ltr'>miseri-</span> 
     </span>
    </p>
   </div>
   <div class='ocr_carea' id='block_1_117' title="bbox 1984 5450 3677 5531">
    <p class='ocr_par' dir='ltr' id='par_1_117' title="bbox 1984 5450 3677 5531">
     <span class='ocr_line' id='line_1_117' title="bbox 1984 5450 3677 5531; baseline -0.001 -17"><span class='ocrx_word' id='word_1_842' title='bbox 1984 5460 2232 5516; x_wconf 81' lang='lat' dir='ltr'>cordiam</span> <span class='ocrx_word' id='word_1_843' title='bbox 2261 5459 2417 5514; x_wconf 90' lang='lat' dir='ltr'>enim</span> <span class='ocrx_word' id='word_1_844' title='bbox 2474 5450 2667 5514; x_wconf 85' lang='lat' dir='ltr'>subdit</span> <span class='ocrx_word' id='word_1_845' title='bbox 2712 5460 2780 5515; x_wconf 90' lang='lat' dir='ltr'>de</span> <span class='ocrx_word' id='word_1_846' title='bbox 2832 5460 3072 5531; x_wconf 88' lang='lat' dir='ltr'>judicio,</span> <span class='ocrx_word' id='word_1_847' title='bbox 3133 5459 3346 5526; x_wconf 90' lang='lat' dir='ltr'>dicens,</span> <span class='ocrx_word' id='word_1_848' title='bbox 3403 5461 3474 5515; x_wconf 83' lang='lat' dir='ltr'>Et</span> <span class='ocrx_word' id='word_1_849' title='bbox 3517 5458 3677 5528; x_wconf 86' lang='lat' dir='ltr'>judi-</span> 
     </span>
    </p>
   </div>
   <div class='ocr_carea' id='block_1_118' title="bbox 1985 5565 2146 5604">
    <p class='ocr_par' dir='ltr' id='par_1_118' title="bbox 1985 5565 2146 5604">
     <span class='ocr_line' id='line_1_118' title="bbox 1985 5565 2146 5604; baseline -0.019 0"><span class='ocrx_word' id='word_1_850' title='bbox 1985 5565 2125 5604; x_wconf 72' lang='lat' dir='ltr'>etum</span> <span class='ocrx_word' id='word_1_851' title='bbox 2133 5587 2146 5600; x_wconf 84' lang='lat'>.</span> 
     </span>
    </p>
   </div>
  </div>
