4020 6184
351 309 487 362 1015

995 301 1386 358 WALAFRIDI
1426 299 1681 356 STRABI
1721 299 1920 355 FULD.
1960 295 2122 352 MON.
2160 291 2316 350 OPP.
2359 295 2533 349 PARS
2569 294 2612 347 I.
2652 320 2722 332 —-
2760 289 3216 348 THEOLOGICA.

3693 293 3806 344 1018

421 429 585 484 Vens.
617 433 670 483 7.
688 457 758 469 —
781 428 974 497 Moysi.
999 425 1180 497 (Αῠσ.)
1201 427 1309 480 Per
1324 426 1553 494 Moysen
1575 415 1774 478 omnes
1800 426 2042 486 sanctos,
2073 420 2120 473 Α
2157 419 2350 474 caelum
2380 419 2538 473 sicut.
2569 416 2652 470 Ad
2681 414 2952 482 litteram,
2982 414 3208 482 omium,
3235 412 3396 483 quasi
3423 415 3652 480 tectum,
3699 417 3809 480 etc.,

349 522 479 580 etc.,
504 517 578 572 ad
600 532 770 586 usque
799 531 902 587 per
933 530 1104 586 quem
1161 515 1346 584 legem
1394 513 1571 582 dedit,
1618 517 1680 567 ut
1727 511 2045 566 abundaret

352 607 644 662 dilectum.

425 697 584 750 Vsus.
644 697 728 748 11.
806 723 874 732 —
934 693 1222 758 Quoniam.
1307 692 1440 760 (In.)
1503 691 1722 746 Ccelum
1787 688 2044 760 undique

354 785 502 839 circa
530 788 744 837 terram
799 779 952 835 unde
981 780 1155 833 etiam
1203 778 1569 850 peccantibus
1600 780 1720 846 lux,
1752 794 1850 832 aer
1878 776 2044 848 spiri-

349 877 463 938 tus,
489 870 702 942 pluvia,
737 869 892 924 unde
943 868 1207 922 fructus:
1262 868 1382 922 sine
1433 869 1575 922 coelo
1629 867 1842 922 desinit
1871 870 2042 934 terra,

351 961 432 1014 sic
451 959 728 1031 protectio
761 957 862 1011 Dei
892 973 1065 1028 super
1082 957 1372 1010 timentes.

2154 521 2324 576 usque
2358 507 2431 560 ad
2473 510 2603 576 post
2623 505 2681 558 in
2730 503 2847 558 ﬁne
2888 507 2950 556 ut
2999 502 3142 556 liber
3197 500 3485 571 Scriptura
3518 500 3811 571 plicabitur.

2229 597 2386 650 Vsus.
2420 597 2471 650 3.
2499 624 2568 634 -—
2597 594 2727 660 Quis
2761 593 2913 660 tegis.
2942 590 3067 662 (In.)
3099 591 3180 644 Ad
3208 590 3459 645 litteram
3502 595 3632 643 sunt
3659 605 3814 660 aqua,

2154 689 2478 755 etc.,usque
2517 683 2592 737 ad
2641 683 2800 751 cujus
2860 681 3160 750 superiora
3213 685 3348 733 sunt
3401 680 3512 733 duo
3561 684 3821 748 praecepta

2155 771 2461 826 charitatis.
2498 771 2595 824 Vel
2623 771 2720 840 qui
2741 772 2875 836 ivgis
2902 769 3083 837 aquis,
3117 766 3176 820 id
3197 771 3299 830 est,
3337 765 3620 837 spirituali
3652 781 3818 828 sensu,

2155 860 2514 932 superﬁciem
2547 859 2874 929 Scripturas,
2897 858 2980 911 vel
3012 855 3179 911 donis
3206 856 3620 927 {spiritualibus
3648 871 3822 909 eorum

2156 949 2346 1003 munis
2370 948 2726 1015 charitatem,
2758 963 2832 1002 ne
2853 946 2988 1018 quid
3021 961 3117 1000 eos
3147 961 3414 1016 separare
3441 944 3639 1016 possit.
3677 945 3826 1012 Super

427 1028 588 1102 Vens.
645 1049 728 1101 12.
779 1077 848 1085 —
881 1045 1156 1111 Quantum
1206 1045 1395 1110 distat,
1440 1050 1546 1099 etc.
1604 1043 1734 1114 (In.)
1805 1043 2046 1108 Quando
2114 1028 2358 1107 pennas
2413 1040 2712 1102 ventorum,
2754 1040 2860 1089 etc.
2911 1035 3117 1087 Ventus
3166 1039 3251 1086 est
3296 1038 3488 1086 motus
3521 1031 3685 1094 aeris,
3713 1039 3823 1095 etc.,

354 1141 650 1208 peccatum
682 1134 1013 1201 remittitur,
1045 1135 1310 1187 occidunt
1335 1137 1585 1204 peccata,
1630 1133 1810 1204 gratia
1845 1133 2046 1199 oritur,

351 1230 582 1296 peccata
611 1223 671 1278 in
701 1239 922 1290 occasu,
974 1227 1227 1276 avertere
1272 1237 1408 1291 ergo
1435 1221 1505 1274 ab
1536 1237 1738 1274 occasu
1793 1225 2051 1291 peccato-

357 1330 506 1381 rum,
541 1317 599 1367 et
623 1312 791 1366 tende
821 1311 891 1365 ad
923 1315 1111 1364 ortum
1132 1310 1355 1380 gratiae,
1389 1314 1446 1362 et
1473 1310 1676 1379 surgis.

428 1401 707 1455 Vaas.14.
752 1429 815 1440 -
849 1399 1181 1454 Recordatus
1226 1403 1325 1466 est,
1380 1402 1485 1452 etc.
1541 1398 1664 1467 (In.)
1716 1396 1812 1450 Vel
1847 1412 2049 1451 secun-

361 1491 493 1545 dam
541 1489 710 1542 aliam
771 1487 1061 1541 litteram:
1103 1489 1382 1552 Memento,
1434 1488 1688 1555 quoniam
1719 1485 1902 1554 pulvis
1958 1498 2049 1537 su-

359 1593 497 1633 mus.
566 1576 737 1642 Quasi
814 1575 1067 1630 diceret:
1128 1576 1396 1643 Cognovit
1445 1578 1776 1644 ﬁgmentum,
1853 1571 1912 1626 id
1968 1573 2053 1624 est

358 1665 752 1720 inﬁrmitatem
805 1669 1096 1718 nostram:
1152 1663 1306 1734 quod
1361 1662 1703 1733 ﬁgmentum
1743 1676 2050 1715 conversus
2093 1695 2133 1748 Β

356 1754 424 1808 ad
457 1756 636 1808 Deum
669 1753 850 1807 dicit:
905 1754 1164 1807 Memento
1217 1754 1348 1820 quia
1390 1753 1572 1820 pulvis
1627 1765 1831 1816 sumus,
1867 1749 1924 1804 id
1973 1753 2057 1802 est

361 1845 685 1914 perseveret
709 1857 846 1912 erga
885 1857 985 1894 nos
1034 1846 1132 1894 tua
1169 1839 1580 1906 misericordia,
1630 1854 1701 1893 ne
1755 1837 2053 1892 oblivisca-

359 1947 490 1984 mur
515 1929 714 2000 gratiae
743 1932 880 1982 tuae.
930 1927 1045 1981 Vel.
1094 1929 1256 1981 Homo
1287 1929 1428 1980 sicut
1454 1928 1658 1992 fenum,
1692 1929 1804 1980 etc.
1871 1925 2053 1978 Homo

361 2018 517 2073 enim
547 2017 691 2070 sicut
735 2019 831 2084 ﬂos
860 2015 1155 2084 egreditur,
1181 2020 1310 2082 etc.,
1343 2029 1511 2083 usque
1558 2013 1632 2067 ad
1686 2012 2055 2067 Misericordia

362 2106 607 2159 Domini.
639 2104 928 2174 Emorebit
957 2103 1176 2174 (Cass)
1227 2103 1287 2157 Id
1314 2107 1418 2168 est,
1443 2101 1511 2155 ad
1539 2102 1667 2172 plus
1706 2101 1784 2154 sic
1830 2100 2058 2155 Ilorebit

361 2193 450 2246 vel
476 2192 778 2258 efﬁorebit,
812 2191 871 2246 id
901 2196 985 2246 est
1003 2191 1323 2246 deﬂorebit.
1367 2191 1436 2243 Et
1481 2190 1558 2243 sic
1586 2194 1670 2244 est
1690 2189 2054 2258 intentivum,

362 2281 450 2334 vel
480 2280 841 2351 privativum.

438 2369 595 2422 Vens.
633 2371 717 2422 16.
748 2398 818 2407 —
845 2368 1108 2434 Quoniam
1157 2369 1390 2436 spiritus
1431 2366 1789 2436 pertransivit
1830 2367 1892 2418 in
1933 2363 2052 2420 illo.

363 2459 436 2511 Et
464 2472 570 2511 non
598 2457 866 2512 subsistet.

2156 1141 2325 1193 usque
2354 1125 2429 1178 ad
2465 1124 2565 1179 sed
2613 1123 2947 1178 charitatem
3002 1121 3262 1175 omnium
3320 1125 3557 1192 superat
3610 1121 3824 1173 charitas

2157 1213 2388 1268 Christi.

2227 1301 2394 1353 Vens.
2430 1300 2484 1352 4.
2519 1329 2589 1338 -
2646 1299 2829 1367 Ignem
2880 1301 3138 1351 urentem.
3198 1295 3393 1362 (Cass)
3433 1295 3493 1349 Id
3556 1298 3642 1348 est
3688 1309 3824 1347 sera-

2159 1388 2343 1459 phim,
2370 1387 2470 1458 qui
2498 1391 2632 1440 sunt
2675 1385 2939 1456 superior
2969 1385 3134 1447 ordo,
3198 1383 3333 1438 facis
3363 1383 3658 1437 ministros
3702 1386 3826 1445 tuos,

2161 1477 2313 1530 unde
2339 1476 2399 1529 in
2429 1476 2610 1529 Isaia:
2649 1475 2877 1531 Votavit
2905 1475 2980 1527 ad
3020 1488 3102 1527 me
3131 1488 3272 1526 unus
3304 1472 3370 1526 de
3421 1472 3699 1540 seraphim
3748 1469 3831 1539 qui

2162 1569 2295 1619 sunt
2325 1564 2587 1635 superior
2611 1565 2771 1619 ordo.

2234 1655 2410 1708 Vnus.
2442 1656 2492 1706 5.
2521 1683 2590 1692 —
2621 1653 2725 1718 Qui
2757 1651 3014 1718 fundasti
3043 1655 3245 1705 terram
3294 1663 3456 1718 super
3500 1647 3835 1703 stabilitatem

2163 1765 2336 1805 suam.
2376 1750 2496 1821 (In.)
2538 1749 2672 1804 Ideo
2699 1749 2944 1819 Spiritus
2969 1752 3199 1802 sanctus
3245 1746 3306 1801 in
3335 1746 3444 1800 hoc
3490 1746 3711 1817 psalmo
3747 1744 3838 1799 dif-

2162 1839 2336 1894 ﬁcilia
2361 1838 2496 1893 dicit
2526 1838 2839 1892 secundum
2900 1836 3174 1905 litteram,
3205 1841 3271 1890 ut
3321 1851 3652 1908 qumramus
3700 1832 3838 1902 spiri-

2163 1927 2360 1982 tualia.

2235 2018 2398 2070 Vnus.
2441 2020 2496 2069 7.
2557 2045 2625 2054 —
2672 2015 2722 2068 A
2773 2029 2893 2068 voce
2951 2014 3203 2068 tonitrui.
3253 2010 3383 2080 (In.)
3429 2012 3543 2065 Per
3585 2009 3837 2064 terribiles

2164 2107 2364 2155 ventos
2385 2101 2751 2155 siccabuntur
2781 2115 2976 2170 aqua;
3015 2100 3150 2153 mali
3181 2098 3637 2152 comminatione
3660 2096 3835 2168 judicii

2164 2191 2470 2246 timebunt.

2235 2280 2403 2332 Vens.
2466 2280 2518 2331 8.
2579 2303 2646 2318 -—
2683 2273 3013 2331 Ascendunt.
3077 2275 3262 2345 (Aua.)
3307 2273 3454 2341 Mali,
3496 2277 3569 2327 ut
3624 2277 3829 2335 montes,

2166 2371 2312 2435 etc.,
2349 2380 2519 2434 usque
2573 2364 2648 2418 ad
2693 2371 2760 2417 ut
2792 2363 2956 2417 liceat
3013 2362 3273 2417 Ecclesia:
3319 2361 3498 2416 libere
3530 2361 3830 2434 praedicare.

2165 2455 2374 2526 (CASS.)
2397 2453 2691 2522 Superbos
2717 2451 3002 2522 permittit
3049 2452 3216 2518 Deus,
3260 2456 3390 2518 etc.,
3449 2465 3628 2514 usque
3672 2450 3740 2504 ad
3787 2455 3836 2502 ut

437 2547 602 2599 Vens.
648 2549 733 2599 17.
780 2575 843 2585 —
898 2547 971 2599 Et
1013 2545 1259 2614 justitia.
1310 2543 1517 2615 (AUG.)
1566 2541 1951 2598 Misericordia
2003 2545 2060 2596 et
2160 2543 2282 2613 jam
2312 2541 2594 2594 mundum
2623 2557 2742 2594 non
2761 2545 3065 2610 occupent.

356 2633 580 2706 justitia
635 2633 936 2688 retributio
1001 2638 1102 2687 est.
1162 2633 1328 2701 Dicit,
1382 2647 1546 2701 super
1599 2633 1740 2700 ﬁlios
1788 2632 2054 2700 ﬁliorum;

363 2720 532 2776 multi
555 2720 695 2790 justi
721 2737 837 2775 non
867 2720 1081 2774 habent
1122 2719 1288 2786 ﬁlios,
1322 2720 1537 2774 nedum
1583 2718 1734 2772 ﬁlios
1781 2719 2055 2787 ﬁliorum,

365 2809 463 2864 sed
482 2811 586 2875 ﬁlii
614 2813 748 2862 sunt
777 2824 953 2880 opera
981 2825 998 2860 :
1021 2809 1127 2878 ﬁlii
1152 2809 1389 2877 ﬁliorum
1411 2823 1628 2861 merces
1648 2822 1912 2876 operum.

438 2897 607 2950 Vens.
635 2899 718 2950 19.
747 2924 816 2937 —
849 2897 1102 2950 Dominus
1141 2897 1200 2948 in
1231 2895 1357 2950 calo
1382 2897 1608 2964 paravit
1659 2895 1835 2949 sedem
1880 2909 2056 2948 suam.

2241 2628 2397 2680 Vens.
2435 2630 2520 2682 10.
2573 2658 2642 2666 -
2697 2629 2770 2682 In
2814 2628 3165 2682 convallibus.
3217 2628 3406 2699 (Auo.)
3447 2629 3533 2682 De
3557 2627 3844 2682 humilibus

2168 2715 2409 2770 subditis
2440 2716 2638 2787 gratiae
2687 2722 2743 2770 et
2793 2715 2841 2769 si
2897 2721 3030 2770 sunt
3070 2719 3293 2770 montes
3341 2714 3633 2786 spirituali
3681 2713 3847 2768 altitu-

2168 2805 2320 2872 dine,
2354 2805 2544 2859 ﬂuunt
2563 2805 2750 2860 fontes
2769 2805 3015 2875 Spiritus
3042 2807 3243 2869 sancti,
3268 2803 3368 2874 qui
3385 2819 3566 2874 super
3593 2803 3847 2858 humilem

2168 2892 2426 2963 quiescit.
2458 2895 2609 2949 Inter
2656 2893 2912 2947 medium.
2948 2892 3079 2960 (In.)
3122 2892 3183 2946 Id
3244 2897 3328 2945 est
3378 2891 3535 2946 inter
3593 2891 3850 2955 medium,

366 2986 559 3056 (Cass)
594 2984 871 3039 Praedicat
895 2983 1176 3054 judicium
1205 2984 1488 3050 futurum,
1521 2999 1590 3037 ne
1621 2987 1919 3054 peccantes
1971 2983 2060 3036 in-
2092 2979 2133 3033 C
2171 2987 2300 3046 etc.,
2325 2997 2493 3050 usque
2520 2981 2594 3035 ad
2631 2986 2689 3035 et
2733 2981 2826 3035 hic
2858 2981 2988 3034 talis
3035 2997 3200 3034 mons
3226 2997 3341 3033 non
3391 2984 3478 3033 est
3531 2979 3850 3034 audiendus.

366 3073 675 3139 solescant;
708 3073 890 3143 quasi,
919 3076 976 3126 et
1005 3072 1176 3127 debes
1197 3088 1318 3126 esse
1348 3087 1572 3126 memor
1601 3075 1666 3125 ut
1701 3071 1874 3125 facias
1925 3071 2063 3142 quia

367 3161 645 3217 Dominus
676 3162 735 3214 in
766 3162 926 3215 cmlo.

437 3251 599 3304 Vaas.
621 3252 710 3303 21.
742 3278 811 3289 —-
836 3247 1139 3303 Benedicite
1198 3248 1446 3314 Domino,
1479 3263 1655 3302 omnes
1693 3247 1878 3315 angeli
1922 3249 2060 3318 ejus,

361 3341 620 3407 potentes.
654 3337 776 3407 (In.)
817 3336 1007 3389 Tertio
1041 3341 1237 3389 monet
1265 3336 1522 3389 caelestes
1552 3340 1607 3388 et
1667 3351 1867 3389 omnes
1925 3335 2064 3388 alias

369 3429 659 3478 creaturas
711 3423 1064 3477 benedicere.
1122 3423 1433 3476 Benedicite
1466 3425 1703 3488 Domino,
1779 3427 1884 3477 etc.
1945 3426 2062 3492 Ag-

369 3511 711 3584 gratulando
756 3509 913 3577 dicit,
974 3525 1089 3563 non
1119 3508 1476 3579 imperando,
1508 3509 1596 3563 vel
1627 3511 1934 3564 monendo.
1966 3511 2062 3564 Mi-

369 3601 538 3654 nistri
579 3598 716 3667 ejus.
769 3596 955 3668 (AUG.)
1008 3598 1115 3650 Vos
1173 3597 1514 3665 benedicite,
1575 3601 1705 3665 etc.,
1777 3611 1946 3666 usque
1993 3597 2068 3652 ad

371 3691 436 3742 ut
461 3686 610 3758 quod
635 3685 807 3740 habet
831 3684 890 3738 in
923 3701 1020 3740 ore
1037 3685 1298 3740 ostendat
1325 3685 1384 3738 in
1413 3701 1604 3756 opere.

976 3827 1289 3882 PSALMUS
1328 3827 1463 3883 CIII.

445 3953 605 4008 Vens.
644 3956 688 4006 1.
710 3982 778 3991 —
811 3952 1054 4006 Psalmus
1086 3952 1279 4006 David.
1307 3950 1518 4021 (Cass)
1561 3952 1704 4005 Item
1733 3951 2068 4006 benedicere

373 4042 524 4095 "Deus
551 4043 766 4107 monet,
809 4039 999 4110 primo
1047 4055 1151 4109 per
1197 4041 1398 4094 coelum
1446 4043 1503 4093 et
1549 4044 1760 4093 terram
1794 4045 1851 4093 et
1896 4055 2069 4093 orna—

374 4134 498 4183 tum
529 4144 749 4183 eorum.
784 4127 964 4198 (Aue.)
1009 4127 1121 4182 Etsi
1161 4143 1291 4182 vere
1332 4127 1426 4181 hic
1477 4127 1674 4181 omnia
1711 4128 1779 4182 ad
1821 4127 2070 4198 litteram

373 4220 617 4287 possunt
665 4215 930 4286 religiose
961 4215 1161 4286 accipi,
1207 4221 1296 4270 etc
1329 4256 1342 4282 ,
1371 4230 1541 4286 usque
1566 4217 1641 4270 ad
1694 4215 1757 4269 in
1803 4215 2070 4270 omnibus

375 4304 689 4375 spiritualis
721 4319 916 4357 sensus
943 4303 1286 4375 quaerendus
1315 4307 1415 4357 est.
1450 4304 1694 4370 Benedic,
1725 4306 1913 4358 anima
1930 4321 2066 4371 mea,

375 4395 626 4461 Domino,
648 4397 778 4459 etc.,
834 4395 1234 4461 magniﬁcatus.
1288 4393 1354 4445 In
1402 4391 1623 4459 notitia,
1680 4391 1816 4463 quia
1847 4409 2073 4463 semper

378 4496 624 4551 magnus
664 4485 891 4544 natura,
940 4480 1041 4552 qui
1071 4496 1187 4534 non
1245 4485 1411 4550 putes
1457 4495 1707 4534 crescere
1736 4481 1823 4534 vel
1865 4481 2070 4549 minui,

379 4568 517 4640 quia
562 4568 846 4639 perfectus
903 4584 992 4634 es;
1035 4569 1444 4635 Confessionem,
1481 4568 1535 4621 id
1567 4573 1651 4622 est
1685 4568 1940 4640 undiqne
1978 4569 2076 4623 ha-

379 4657 480 4713 bes
509 4661 816 4722 creaturas,
849 4673 978 4727 quae
1005 4661 1058 4711 te
1095 4657 1464 4724 conﬁtentur,
1503 4661 1559 4710 et
1596 4673 1727 4727 quae
1783 4661 1915 4711 sunt
1973 4657 2072 4712 de-

380 4761 531 4801 corae
561 4750 616 4799 et
671 4745 1002 4801 luminosae.
1048 4746 1167 4812 Vel,
1227 4746 1399 4799 decor
1443 4745 1505 4798 in
1563 4748 1806 4799 essentia
1858 4745 1976 4812 Dei,
2019 4750 2076 4800 et

381 4835 479 4889 lux
533 4833 805 4904 undique.
859 4833 1062 4902 (Cass)
1118 4835 1215 4888 Vel
1273 4832 1724 4888 incarnationem
1771 4833 2074 4904 signiﬁcat,

385 4937 489 4993 per
517 4937 690 4993 quam
726 4921 1006 4975 confessio
1046 4925 1104 4976 et
1131 4921 1300 4976 decus
1329 4936 1588 4991 superate
1636 4921 1949 4990 majestatis
1994 4921 2078 4974 in-

385 5010 594 5076 notuit,
628 5013 684 5063 et
731 5009 994 5064 homines
1043 5025 1176 5064 eum
1214 5009 1457 5064 confessi
1509 5013 1658 5074 sunt,
1693 5009 1794 5080 qui
1823 5013 1957 5063 sunt
1996 5010 2079 5063 lu-

385 5113 520 5152 men
541 5096 886 5168 cognitione.
922 5096 1110 5168 (Auo.)
1151 5097 1578 5152 Confessionem
1617 5096 1873 5162 induisti,
1905 5097 1962 5151 id
1994 5102 2078 5151 est

384 5183 711 5250 Ecclesiam,
742 5189 872 5251 etc.,
921 5183 1203 5254 usquead
1255 5189 1312 5237 et
1354 5183 1525 5237 vestis
1575 5183 1698 5237 sine
1741 5183 1967 5237 macula
2021 5187 2079 5237 et

384 5287 549 5342 ruga.

454 5361 612 5414 Vsus.
644 5362 698 5416 2.
733 5390 795 5402 —
822 5360 1355 5428 Emtendensfctelum
1379 5362 1481 5415 sic.
1517 5359 1720 5428 (CAss.)
1752 5359 1891 5424 Quae
1948 5375 2080 5414 con-

384 5445 654 5502 ﬁtentur?
674 5449 881 5504 cmlum
909 5452 1082 5515 terra,
1135 5464 1314 5514 mare,
1339 5463 1469 5502 cum
1517 5447 1676 5501 omni
1707 5450 1916 5502 ornatu
1973 5463 2076 5501 suo

381 5534 454 5590 de
499 5533 708 5606 quibus
748 5535 991 5606 singulis
1047 5535 1480 5607 subsequenter.
1529 5534 1710 5604 (Ana)
1767 5534 2078 5591 Emtendens

2241 3070 2411 3124 Vens.
2448 3072 2532 3123 1t.
2569 3099 2638 3109 —
2685 3070 2954 3124 Potabunt
2982 3083 3178 3123 omnes.
3216 3069 3342 3139 (In.)
3395 3068 3613 3122 Omnes
3642 3068 3854 3121 fuerunt

2171 3158 2231 3212 in
2263 3159 2416 3213 disco
2444 3158 2596 3213 Petri
2621 3163 2709 3214 ter
2741 3158 3042 3226 submisso,
3067 3163 3208 3215 etc..
3258 3173 3432 3226 usque
3462 3158 3540 3211 ad
3585 3163 3654 3211 ut
3689 3157 3853 3210 Eccle-

2172 3247 2255 3300 sia
2280 3251 2676 3318 congregetur.
2711 3248 2937 3316 Onagri.
2973 3245 3098 3317 (In.)
3123 3246 3430 3317 Sylvestres
3477 3245 3632 3299 asini
3678 3243 3856 3314 magni

2172 3335 2458 3403 indomiti,
2511 3340 2644 3403 etc.,
2701 3351 2871 3404 usque
2925 3334 3001 3389 ad
3052 3334 3139 3388 vel
3188 3333 3419 3404 superbi
3453 3333 3646 3390 Judaei
3702 3333 3855 3388 diffe-

2173 3429 2302 3477 rent
2316 3424 2510 3478 bibere
2539 3424 2600 3478 in
2620 3429 2846 3494 tempus
2868 3423 3156 3477 ultimum.

2246 3513 2414 3566 Vens.
2473 3515 2556 3567 12.
2612 3541 2684 3554 —
2739 3513 2913 3581 Super
2967 3526 3031 3565 ea
3079 3511 3319 3565 volucres
3363 3511 3497 3564 caeli.
3566 3510 3702 3580 (In.)
3749 3511 3858 3565 Non

2175 3616 2376 3655 omnes
2415 3617 2545 3654 aves
2587 3605 2840 3666 manent,
2901 3604 3031 3666 etc.,
3084 3614 3255 3670 usque
3293 3599 3368 3653 ad
3413 3599 3510 3653 alii
3555 3599 3621 3653 in
3653 3599 3858 3654 sinistra

2176 3689 2542 3744 damnantur.

2245 3776 2412 3830 Vens.
2451 3779 2533 3830 15.
2563 3803 2636 3816 —
2658 3775 2741 3829 De
2766 3775 2955 3841 fructu
2983 3789 3202 3844 operum
3248 3779 3483 3836 tuorum,
3519 3773 3644 3843 (In.)
3704 3774 3862 3827 Nemo
3960 3825 3961 3852 ξ

2178 3879 2314 3934 ergo
2345 3864 2627 3933 glorietur
2658 3863 2718 3916 in
2757 3862 3024 3932 operibus
3056 3861 3190 3924 suis,
3221 3862 3317 3915 sed
3367 3863 3464 3929 qui
3491 3863 3786 3929 gloriatur,
3813 3862 3861 3914 in
3960 3869 3961 3874 ‘

2177 3954 2404 4007 Domino
2435 3953 2713 4019 glorietur,
2762 3951 2946 4019 gratia
2996 3949 3150 4004 enim
3211 3949 3309 4003 Dei
3354 3955 3654 4004 saturatur
3707 3954 3857 4003 terra.
3960 4013 3961 4016 η

2177 4040 2266 4096 Sic
2289 4039 2468 4110 igitur
2506 4039 2690 4111 gratia
2721 4039 2898 4109 gratis
2937 4037 3123 4091 datur.
3155 4037 3214 4091 Si
3247 4035 3519 4107 operibus
3579 4036 3861 4092 hominum
3960 4081 3961 4090 χ

2177 4127 2452 4195 redditur,
2477 4142 2692 4181 merces
2724 4126 2948 4181 dicitur.

2253 4214 2408 4268 Vens.
2445 4213 2528 4267 14.
2579 4243 2648 4253 -ο
2693 4213 2962 4267 Servituti
3019 4213 3313 4267 hominum.
3366 4211 3490 4281 (In.)
3546 4212 3712 4267 Unde
3763 4227 3856 4266 own

2183 4301 2318 4355 liber
2347 4316 2509 4356 essem
2530 4317 2597 4355 erc
2625 4301 2893 4370 omnibus,
2919 4303 3153 4356 omnium
3210 4317 3292 4355 me
3319 4299 3428 4368 feci
3467 4315 3713 4369 servum,
3749 4307 3856 4361 etc.,

2178 4403 2348 4456 usque
2396 4389 2470 4442 ad
2499 4389 2706 4460 quibus
2753 4389 3005 4460 praebuit
3056 4389 3381 4459 exemplum
3425 4390 3756 4444 necessaria
3784 4403 3856 4441 su-

2179 4477 2428 4532 mendia
2483 4477 2742 4532 subditis.
2793 4479 2858 4532 In
2887 4478 3019 4534 oleo.
3061 4475 3356 4546 Unicuique
3405 4477 3583 4531 datur
3639 4480 3857 4548 Spiritus

2130 4586 2134 4591 ’
2181 4565 2256 4620 ad
2282 4567 2816 4632 manifestationem:
2872 4566 3055 4637 gratia
3111 4581 3246 4634 ergo
3286 4569 3342 4618 et
3394 4564 3556 4618 nitor
3627 4566 3854 4636 quidam,

2183 4658 2315 4715 etc.,
2347 4669 2516 4724 usque
2545 4655 2620 4708 ad
2652 4660 2712 4707 ut
2733 4654 3082 4708 exhilaretur
3103 4653 3271 4707 facies
3299 4653 3360 4705 in
3389 4653 3540 4707 oleo.
3572 4657 3647 4708 Et
3700 4657 3854 4723 panis.

2184 4742 2341 4797 Idem
2373 4749 2458 4797 est
2506 4759 2641 4814 ergo
2680 4743 2845 4813 panis
2875 4747 2931 4796 et
2985 4743 3202 4796 vinum.
3255 4740 3421 4794 Panis
3463 4741 3628 4795 enim
3681 4742 3780 4794 iste
3817 4743 3859 4790 et

2184 4828 2404 4895 vinum,
2429 4829 2654 4898 justitia
2675 4834 2779 4894 est,
2803 4828 3011 4882 veritas
3041 4833 3124 4882 est
3157 4827 3413 4883 Christus
3447 4843 3460 4884 :
3495 4833 3556 4882 et
3586 4828 3684 4883 hic
3711 4833 3764 4882 et
3807 4827 3860 4878 il-

2185 4917 2283 4972 lud
2315 4917 2580 4982 laetiﬁcat,
2614 4921 2671 4970 et
2695 4917 2996 4971 conﬁrmat
3023 4932 3146 4972 cor.

2255 5007 2414 5060 Vsus.
2453 5009 2535 5060 16.
2570 5037 2634 5046 -μ-
2665 5005 2810 5071 Quas
2842 5007 3135 5075 plantavit.
3191 5002 3313 5074 (In.)
3369 5002 3484 5057 Cur
3539 5019 3573 5057 a
3634 5018 3694 5057 se
3725 5003 3858 5073 plan-

2186 5093 2318 5148 tatis
2347 5093 2622 5164 relinquit
2643 5094 2950 5148 candorem
2976 5093 3209 5148 saeculi?
3231 5090 3367 5162 quia
3387 5091 3504 5144 illic
3535 5091 3714 5146 fulica
3741 5090 3858 5144 avis.

2186 5198 2315 5253 quae
2341 5181 2400 5235 in
2422 5182 2585 5254 aquis
2614 5182 2855 5244 habitat,
2892 5182 2952 5236 hi
2984 5186 3114 5236 sunt
3144 5180 3243 5252 qui
3296 5179 3360 5234 in
3384 5179 3662 5250 baptismi
3708 5176 3863 5248 gratia

2184 5276 2542 5342 permanent.
2578 5272 2696 5334 Vel,
2743 5271 3020 5326 Herodius
3051 5271 3167 5325 avis
3196 5269 3590 5341 rapacissima,
3647 5284 3748 5324 nec
3788 5274 3859 5320 ta-

2186 5359 2268 5413 les
2297 5358 2553 5413 Christus
2582 5359 2818 5429 respuit.

2256 5447 2418 5500 Vens.
2457 5449 2539 5501 17.
2593 5477 2661 5486 —
2705 5447 2822 5501 Illic
2870 5461 3138 5516 passeres.
3182 5447 3311 5517 (In.)
3351 5445 3565 5500 Minuta
3603 5446 3852 5502 volatilia.

2189 5539 2330 5601 etc.,
2358 5533 2622 5604 usquead
2644 5538 2708 5588 ut
2736 5534 2796 5588 in
2829 5534 3014 5589 cedris
3066 5534 3261 5590 Libani
3299 5534 3619 5589 nidiﬁcent.
3664 5532 3859 5588 Herodii
