4020 6184
247 318 385 370 1017

1373 316 1619 373 GLOSSA
1662 306 2063 371 ORDINARIA.
2105 348 2173 357 —
2216 318 2340 372 LIB.
2386 318 2625 373 PSALM.

3618 321 3752 371 1018

240 436 458 492 domus.
496 439 678 507 (Ana)
703 442 825 493 Diu:
855 443 934 491 est
952 453 1131 492 eorum
1152 454 1468 508 passerum,
1497 439 1585 493 vel
1615 434 1940 504 cedrorum,
1973 439 2014 491 A
2059 440 2193 509 quia
2251 440 2463 494 dictum
2515 444 2601 494 est
2648 439 2699 494 ei
2725 442 2977 493 :Terram
3007 441 3242 494 comedes
3296 441 3538 494 omnibus
3569 441 3755 495 diebus

242 527 398 596 quod
425 531 616 580 tamen
643 527 836 580 Latine
861 526 970 580 dici
1002 544 1118 580 non
1176 532 1378 597 potest,
1414 528 1549 598 quia
1587 526 1743 582 cedri
1782 528 1945 582 femi-

241 614 372 668 nini
404 616 629 686 generis
654 622 807 683 sunt,
832 616 936 669 hoc
967 622 1158 669 autem
1191 616 1349 669 nullo
1377 618 1546 671 modo
1579 617 1645 671 ad
1680 616 1945 683 litteram,

244 701 458 757 domus
478 704 654 769 enim,
685 704 743 757 id
774 710 875 765 est,
899 705 1065 758 nidus
1084 705 1290 769 fulicae,
1318 722 1446 776 quae
1468 710 1554 759 est
1584 706 1699 759 avis
1728 705 1949 759 marina

242 793 335 845 vel
365 794 701 862 stagnensis,
731 793 1023 863 quomodo
1054 793 1166 847 dux
1217 800 1303 847 est
1333 810 1630 864 passerum
1650 795 1679 850 ?
1714 795 1805 848 sed
1840 810 1943 865 per

247 881 360 935 hoc
398 882 590 935 innuit
636 882 955 952 spiritualia
988 898 1109 936 esse
1167 883 1496 953 quaerenda.
1542 885 1605 937 Et
1634 884 1680 937 si
1710 883 1770 936 in
1802 884 1946 937 divi-

248 969 407 1022 tibus
438 970 625 1023 seaculi
658 985 913 1040 passeres
972 970 1285 1036 nidiﬁcent,
1347 974 1476 1037 etc.,
1530 987 1700 1039 usque
1748 972 1821 1024 ad
1851 972 1946 1025 sed

252 1074 371 1111 non
400 1058 687 1127 peribunt,
721 1057 857 1129 quia
876 1062 1037 1129 petra
1069 1064 1155 1112 est
1185 1059 1297 1112 dux
1326 1075 1544 1113 eorum.
1604 1059 1799 1131 (Cass)
1853 1061 1950 1114 Vel

252 1146 427 1199 fulica
457 1146 589 1207 avis,
616 1163 743 1216 quae
771 1146 827 1199 in
862 1146 1022 1217 aquis
1054 1147 1292 1213 habitat,
1326 1147 1385 1200 hi
1410 1153 1545 1200 sunt
1595 1147 1695 1218 qui
1726 1148 1784 1201 in
1815 1164 1951 1215 gra—

254 1234 336 1287 tia
366 1234 635 1303 baptismi
664 1240 1021 1303 permanent,
1073 1250 1317 1305 quorum
1364 1236 1567 1289 domus
1599 1240 1681 1288 est
1737 1233 1950 1304 baptis-

253 1338 403 1375 mus.
443 1323 508 1375 Et
536 1327 620 1375 est
650 1322 812 1392 quasi
862 1322 1111 1376 diceret:
1155 1322 1262 1387 Qui
1326 1328 1457 1376 sunt
1511 1324 1809 1392 passeres?
1868 1322 1951 1375 Illi

255 1410 360 1480 qui
400 1410 784 1479 baptizantur,
816 1412 879 1465 Et
935 1412 1040 1464 hoc
1092 1416 1192 1477 est,
1251 1413 1434 1477 fulicae
1487 1411 1695 1477 domus,
1758 1411 1811 1464 id
1844 1415 1948 1474 est,

252 1498 599 1568 baptismus,
632 1500 731 1569 qui
755 1504 839 1552 est
870 1500 1069 1553 domus
1108 1505 1574 1569 regeneratorum
1605 1500 1720 1554 dua:
1759 1506 1839 1554 est
1867 1514 1951 1553 eo-

251 1604 376 1642 rum
409 1604 723 1657 passerum,
749 1588 804 1641 id
828 1592 929 1655 est,
966 1588 1446 1643 Christianorum.

2057 532 2182 583 vitae
2211 546 2336 583 meae
2367 531 2526 597 (Gen.
2578 529 2682 599 III).
2719 528 2861 592 Quia
2907 528 3003 599 qui
3062 534 3287 581 terrena
3334 536 3546 595 amant,
3602 529 3759 582 cibus

2058 618 2271 671 diaboli
2305 623 2453 671 sunt.
2502 618 2673 672 Cibus
2729 622 2919 670 autem
2944 618 3085 687 justi
3117 618 3356 670 verbum
3407 618 3525 682 Dei,
3586 619 3753 686 unde,

2058 709 2177 764 Non
2205 712 2263 760 in
2291 708 2399 760 solo
2440 723 2581 776 pane
2609 709 2745 760 vivit
2793 708 2963 769 homo,
2993 706 3087 759 sed
3116 708 3173 759 in
3223 709 3368 759 omni
3406 707 3562 759 verbo
3615 708 3759 775 quod

2054 796 2302 866 procedit
2325 797 2389 850 de
2410 812 2497 850 ore
2524 800 2621 851 Dei
2649 799 2820 865 (Deut.
2856 796 2996 865 vui).

2132 884 2290 937 Vens.
2353 886 2439 937 28.
2482 915 2550 923 —
2578 887 2800 939 Manum
2853 890 3019 953 tuam,
3054 887 3235 938 omnia
3264 885 3639 954 implebuntur
3668 886 3756 938 bo-

2057 971 2249 1023 nitate.
2300 972 2512 1041 (Cass)
2543 973 2639 1026 Vel
2683 988 2887 1025 manus
2942 976 3024 1024 est
3054 976 3304 1041 potestas
3344 988 3471 1043 quae
3531 972 3757 1026 abunde

2059 1059 2243 1127 replet
2260 1060 2470 1113 omnia.

2132 1148 2287 1200 Vens.
2325 1150 2413 1201 29.
2466 1177 2532 1186 —
2586 1148 2873 1200 Avertente
2938 1152 3133 1200 autem.
3206 1145 3390 1217 (Λυσι.)
3442 1146 3598 1200 Multi
3650 1147 3758 1199 im-

2062 1235 2200 1304 pleti
2231 1236 2508 1304 bonitate,
2564 1236 2670 1288 sibi
2718 1235 3075 1301 tribuerunt;
3131 1236 3323 1288 volens
3359 1241 3548 1289 autem
3610 1237 3758 1289 Deus

2063 1323 2144 1375 eis
2170 1324 2411 1394 probare
2456 1326 2608 1394 quod
2658 1341 2773 1378 non
2805 1340 2837 1377 a
2882 1340 2940 1377 se
2982 1324 3210 1390 habent,
3272 1323 3367 1377 sed
3421 1340 3451 1375 a
3512 1325 3645 1391 Deo,
3696 1328 3759 1376 ut

2063 1428 2192 1465 cum
2243 1413 2493 1466 bonitate
2550 1413 2795 1467 habeant
2854 1413 3251 1477 humilitatem,
3319 1412 3623 1481 aliquando
3667 1428 3762 1464 eos

2062 1501 2379 1569 perturbat,
2423 1501 2623 1553 avertit
2653 1501 2873 1566 faciem,
2930 1507 2984 1553 et
3015 1501 3225 1554 cadunt
3269 1500 3327 1552 in
3357 1500 3755 1552 tentationem.

2135 1589 2295 1642 Vens.
2331 1590 2417 1643 30.
2464 1617 2532 1630 —
2563 1592 2759 1642 Emitte
2795 1591 3050 1658 spiritum
3107 1594 3277 1642 tuum.
3330 1587 3525 1657 (Cass)
3572 1587 3760 1641 Pulvis

328 1676 552 1746 (Hii-1a.,
614 1677 783 1740 Cass.)
840 1676 1149 1743 Herodius;
1210 1676 1327 1730 avis
1374 1676 1759 1747 rapacissima,
1814 1681 1949 1746 etc.,
1984 1714 2025 1767 Β
2065 1692 2202 1730 suus
2234 1677 2461 1730 illorum
2510 1676 2736 1742 dicitur,
2795 1677 2928 1747 quia
2972 1692 3039 1729 ex
3078 1692 3134 1729 se
3164 1676 3378 1729 habent
3428 1675 3581 1746 quod
3630 1680 3763 1729 sunt

253 1780 431 1833 usque
452 1765 527 1818 ad
556 1765 691 1836 quia
728 1765 848 1835 ipse
902 1782 1205 1818 conversus
1265 1764 1403 1819 alios
1433 1767 1623 1836 plures
1680 1766 1749 1819 ad
1780 1766 1951 1819 fidem

254 1851 556 1905 convertit.
620 1852 838 1907 Cernis:
912 1856 1087 1920 petra.
1138 1849 1291 1921 (on)
1348 1851 1510 1906 Cervi
1570 1856 1703 1905 sunt
1761 1852 1954 1921 magni

256 1940 610 2010 spirituales,
642 1944 772 2005 etc.,
830 1955 999 2008 usque
1056 1940 1129 1993 ad
1168 1940 1285 1994 haec
1328 1945 1412 1993 est
1464 1940 1529 1993 de
1560 1957 1669 2010 qua
1723 1942 1809 2007 (ut
1856 1957 1953 1993 su-

256 2043 367 2097 pra
389 2026 603 2080 dictum
624 2028 730 2095 est)
761 2028 997 2081 volucres
1028 2029 1144 2080 caeli
1164 2028 1299 2081 dant
1324 2043 1491 2081 voces.

334 2116 492 2169 Vens.
540 2117 622 2169 l9.
668 2146 736 2155 —-
786 2120 929 2169 Fecit
979 2118 1179 2169 lunam.
1247 2114 1460 2187 (Cass)
1520 2117 1652 2170 Post
1725 2120 1955 2169 terrena

258 2204 473 2259 transit
503 2205 571 2258 ad
602 2204 870 2271 coelestia,
904 2221 1032 2275 quae
1072 2210 1266 2258 tamen
1292 2210 1461 2258 terrae
1493 2204 1728 2270 faciunt,
1762 2204 1821 2259 id
1852 2210 1956 2270 est,

260 2293 537 2347 serviunt.
571 2294 704 2347 Post
751 2297 837 2347 tot
882 2309 1093 2362 genera
1150 2292 1623 2358 Christianorum,
1680 2309 1808 2363 quas
1855 2308 1960 2362 per

261 2380 540 2434 animalia
591 2380 950 2451 signiﬁcavit,
1007 2386 1063 2434 et
1112 2381 1440 2450 praedictam
1515 2381 1954 2445 ordinationem,

260 2469 578 2523 ascendens
630 2469 925 2539 subjungit
981 2469 1050 2522 de
1108 2468 1328 2522 Christo
1387 2473 1443 2523 et
1490 2469 1754 2536 Ecclesia,
1823 2486 1963 2539 quo—

262 2558 440 2612 modo
465 2557 680 2611 scilicet
700 2558 789 2611 hic
828 2557 1161 2624 temporalis
1186 2557 1430 2610 Ecclesia
1462 2558 1661 2611 crescit
1685 2564 1741 2611 et
1775 2558 1961 2611 decre-

262 2646 389 2709 scit,
425 2645 588 2716 quasi
616 2646 786 2699 faciat
805 2662 1034 2698 occasus
1062 2650 1116 2699 et
1145 2652 1303 2699 ortus
1340 2647 1455 2699 veri
1487 2647 1638 2701 solis.

336 2736 499 2788 Vens.
525 2736 612 2787 20.
642 2763 708 2773 -
739 2737 992 2796 Posuisti,
1030 2740 1137 2788 etc.
1174 2736 1255 2789 Et
1306 2737 1458 2801 facta
1478 2742 1555 2789 est
1609 2751 1718 2789 no.1:
1748 2735 1808 2787 in
1856 2734 1961 2801 eis,

264 2823 322 2876 id
363 2829 447 2876 est
476 2823 714 2876 obscura
764 2823 973 2875 mentis
1021 2822 1353 2889 obstinatio,
1403 2826 1472 2877 Et
1519 2827 1640 2893 ipsa
1692 2830 1966 2892 pertrans-

262 2913 437 2967 ibunt.
472 2912 650 2981 (ΑΕΘ.)
712 2912 834 2965 Non
867 2916 929 2965 ut
958 2927 1152 2981 supra,
1210 2912 1489 2977 conversi,
1540 2912 1800 2982 gentiles,
1864 2913 1963 2967 sed

2064 1766 2271 1835 pulvis.
2306 1765 2550 1835 Spiritus
2596 1781 2728 1819 vero
2770 1764 3035 1818 Domini:
3091 1766 3223 1818 Ecce
3254 1764 3538 1817 medicina
3569 1780 3757 1817 rever-

2065 1854 2140 1907 sis
2161 1853 2219 1906 in
2244 1854 2559 1923 pulverem.

2137 1943 2296 1995 Vens.
2339 1944 2423 1994 32.
2466 1972 2533 1979 —
2595 1942 2856 2004 Tremere,
2916 1941 3103 2011 (AUG.)
3162 1940 3356 1995 Melior
3412 1945 3496 1993 est
3548 1942 3762 1993 tremor

2063 2029 2423 2098 humilitatis,
2457 2046 2628 2100 quam
2661 2030 3002 2084 confidentia
3032 2029 3331 2099 superbiae.
3397 2028 3555 2082 Unde
3610 2032 3755 2098 Apo-

2065 2120 2270 2172 stolus:
2353 2118 2481 2172 Cum
2554 2123 2778 2172 tremore
2850 2121 3155 2186 operamini
3226 2122 3460 2172 vestram
3535 2117 3763 2171 salutem

2068 2207 2232 2275 (Phil.
2270 2208 2348 2272 ιι).
2387 2208 2609 2260 Montes.
2674 2205 2797 2275 (11).)
2831 2205 2938 2269 Qui
2978 2205 3210 2275 superbi
3263 2211 3446 2270 erant,
3485 2206 3764 2273 jactantes

2066 2310 2180 2348 ase
2209 2294 2420 2347 omnia.
2473 2293 2967 2358 Quemadmodum
3024 2293 3227 2347 accidit
3254 2293 3314 2346 in
3374 2298 3563 2346 monte
3608 2292 3759 2346 Sina.

2139 2384 2297 2437 Vens.
2351 2386 2437 2437 33.
2496 2413 2563 2421 —
2629 2383 2888 2438 Cantabo.
2969 2381 3158 2452 (Cass)
3204 2381 3394 2435 Tertia
3460 2396 3608 2451 pars,
3668 2380 3764 2433 ubi

2066 2470 2351 2542 promittit
2406 2487 2463 2524 se
2524 2487 2749 2542 semper
2806 2475 3186 2524 cantaturum.
3257 2468 3424 2533 Quasi
3509 2468 3758 2522 diceret:

2071 2562 2196 2613 Haac
2261 2560 2533 2629 praedicta
2584 2559 2718 2613 fecit
2759 2560 3054 2625 Dominus,
3104 2564 3161 2612 et
3211 2558 3298 2611 his
3347 2556 3635 2627 inspectis.
3701 2558 3763 2610 In

2068 2651 2184 2702 vita
2212 2664 2355 2704 mea.
2394 2648 2590 2717 (AUG.)
2623 2648 2891 2702 Praesenti
2946 2652 3001 2701 et
3028 2647 3252 2713 futura;
3284 2646 3403 2716 spei
3426 2650 3481 2698 et
3529 2643 3759 2714 speciei.

2072 2736 2233 2791 Modo
2267 2752 2394 2805 spes
2434 2740 2517 2789 est
2538 2736 2651 2789 vita
2685 2742 2891 2802 nostra,
2922 2744 3048 2805 post
3094 2741 3304 2789 mterna
3337 2735 3462 2787 erit.
3509 2735 3634 2787 Vita
3673 2733 3759 2785 vi-

2070 2827 2142 2876 ta:
2191 2823 2464 2890 mortalis,
2496 2840 2623 2894 spes
2657 2830 2741 2878 est
2772 2825 2903 2878 vita:
2947 2824 3306 2877 immortalis.
3340 2823 3590 2889 Quandiu
3621 2837 3758 2875 sum.
3846 2814 3855 2817 ’

2073 2912 2204 2982 (ῐῡ.)
2254 2912 2397 2976 Quia
2425 2913 2483 2965 in
2526 2912 2623 2965 illo
2687 2912 2808 2965 sine
2857 2912 2971 2965 ﬁne
3002 2929 3147 2980 sum,
3207 2912 3447 2981 psallam
3509 2909 3762 2981 quandiu

263 3000 575 3062 daemones,
619 2999 719 3070 qui
770 3005 1027 3069 tempore
1072 3000 1350 3070 passionis
1396 2999 1741 3053 invenerunt
1790 3001 1962 3054 corda
1991 2989 2032 3044 Ο
2071 3016 2218 3066 sum,
2251 3016 2321 3053 ne
2372 3004 2604 3070 putetur
2633 3001 2778 3053 alius
2823 3005 2978 3054 actus
3008 3001 3162 3054 illius
3208 3001 3355 3067 vitae,
3408 3015 3580 3069 quam
3608 2999 3764 3068 psal-

264 3087 637 3143 titubantium
665 3088 1086 3157 apostolorum;
1119 3089 1217 3142 sed
1250 3088 1470 3141 Christo
1502 3094 1791 3159 surgente,
1825 3089 1961 3159 quia

265 3175 327 3229 in
352 3175 622 3229 omnibus
652 3192 766 3230 non
801 3180 1057 3246 possunt,
1090 3179 1148 3230 in
1194 3176 1477 3240 cubilibus,
1539 3177 1595 3230 id
1634 3182 1736 3241 est,
1769 3178 1961 3232 cordi-

262 3263 375 3319 bus
430 3264 807 3333 pertinacium
851 3268 1217 3335 permanent:
1278 3265 1356 3317 sic
1399 3265 1621 3319 Christo
1679 3265 1736 3318 in
1768 3266 1960 3336 aliquo

266 3351 583 3419 occidente,
639 3352 835 3423 vigent
873 3353 1043 3419 mala,
1100 3358 1436 3421 resnrgente
1488 3353 1737 3422 fugiunt.
1800 3354 1963 3409 Occa-

266 3456 409 3494 sum.
444 3440 536 3493 Sol
576 3440 654 3493 sic
713 3441 939 3504 occidit,
974 3446 1035 3493 ut
1083 3441 1332 3494 oriatur:
1367 3442 1443 3494 ita
1493 3441 1590 3512 qui
1638 3442 1866 3509 dormit,
1904 3442 1960 3496 id

268 3535 375 3594 est,
407 3528 681 3596 Christus,
716 3546 830 3583 non
862 3529 1089 3600 adjiciet
1115 3534 1181 3583 ut
1198 3532 1499 3600 resurgat?
1560 3530 1795 3595 Occidit,
1830 3531 1965 3601 quia

268 3619 473 3685 voluit,
500 3634 666 3672 nemo
692 3618 844 3672 tollit
896 3617 1148 3672 animam
1182 3618 1334 3688 ejus;
1386 3634 1516 3672 cum
1548 3619 1771 3682 occidit,
1803 3625 1964 3674 tene-

270 3709 389 3761 brae
405 3706 563 3761 facta;
593 3712 727 3760 sunt
749 3706 807 3760 in
830 3707 1117 3777 apostolis,
1146 3706 1352 3760 defecit
1380 3724 1507 3776 spes
1528 3723 1747 3761 eorum.

341 3797 499 3849 Vens.
535 3798 623 3849 2i.
674 3825 742 3833 —
800 3795 982 3850 Catuli
1033 3795 1260 3859 leonum,
1311 3798 1415 3848 etc.
1474 3796 1663 3864 (AUG.)
1719 3794 1862 3848 Sunt
1912 3798 1968 3848 et

263 3884 556 3955 principes
586 3883 1024 3947 daemoniorum,
1055 3881 1198 3935 sicut
1232 3886 1287 3935 et
1345 3882 1516 3935 catuli
1573 3882 1966 3951 contemptili—

263 3974 341 4027 lia
373 3972 679 4039 daemonia,
712 3987 841 4041 quae
872 3972 930 4024 in
953 3971 1204 4025 tenebris
1247 3975 1513 4041 quaerunt
1541 3971 1808 4025 seducere
1843 3971 1966 4023 ani-

264 4077 429 4128 mas;
462 4060 642 4130 major
687 4060 777 4113 leo
808 4076 1035 4129 semper
1072 4060 1320 4113 circumit
1373 4074 1611 4129 quaerens
1664 4074 1818 4128 quem
1867 4058 1963 4111 de-

283 4154 436 4205 voret
490 4149 540 4216 (Ι
595 4150 704 4202 Pet.
764 4147 832 4216 v),
904 4152 1218 4217 pascuntur
1260 4152 1453 4201 autem
1508 4147 1799 4201 erroribus
1854 4146 1964 4199 ho-

268 4238 521 4293 minum.

343 4327 508 4379 Vsus.
538 4328 624 4379 22.
654 4353 727 4365 —
766 4323 926 4379 Ortus
973 4328 1050 4377 est
1102 4324 1201 4389 sol,
1235 4327 1339 4377 etc.
1396 4322 1605 4393 (CASS.)
1659 4325 1969 4395 Postquam

270 4415 413 4471 dixit
441 4413 580 4484 quid
608 4413 742 4467 fecit
770 4427 997 4466 occasus
1026 4412 1142 4464 veri
1158 4411 1312 4478 solis,
1347 4412 1540 4465 subdit
1568 4412 1635 4465 de
1675 4417 1823 4466 ortu.

346 4504 515 4556 Vens.
561 4502 648 4555 24.
717 4530 788 4540 —
832 4502 1189 4555 Possessione.
1250 4498 1438 4570 (Ana)
1493 4500 1644 4555 Alias
1695 4507 1964 4555 creatura.

273 4593 405 4660 (11).)
434 4592 543 4645 Per
597 4589 881 4643 Christum
932 4590 1117 4655 Pater,
1150 4593 1281 4655 etc.,
1321 4604 1488 4658 usque
1540 4590 1615 4643 ad
1644 4590 1839 4643 datum
1888 4593 1971 4642 est

270 4685 471 4733 tamen
492 4677 711 4747 lignum
736 4676 794 4729 in
825 4692 938 4746 quo
971 4675 1486 4747 transnavigemus.

341 4769 506 4822 Vens.
543 4767 632 4820 25.
684 4793 755 4805 —
796 4766 904 4818 Hoc
946 4780 1093 4818 mare
1138 4779 1413 4831 magnum,
1465 4769 1569 4819 etc.
1623 4766 1812 4835 (Cass)
1872 4765 1968 4820 Se-

269 4855 462 4909 cunda
483 4870 613 4923 pars
636 4852 733 4906 ubi
783 4852 946 4907 dicit:
980 4851 1272 4916 Quomodo
1323 4852 1627 4906 Ecclesium
1681 4870 1784 4924 per
1813 4869 1968 4907 mare

268 4940 730 4996 saeculitraducit
756 4940 823 4992 ad
850 4939 1008 4992 littus
1063 4939 1283 5009 patriai.
1344 4941 1601 5009 Reptilia,
1637 4944 1741 4995 etc.
1789 4942 1968 5013 (Αυα.)

268 5030 398 5085 Mali
434 5028 685 5099 spiritus,
710 5043 955 5098 quorum
986 5027 1210 5081 insidiae
1239 5033 1493 5098 serpunt.

341 5121 507 5173 Vens.
557 5121 740 5172 26.—
770 5118 950 5171 Draco
980 5119 1083 5171 iste
1133 5132 1287 5185 quem
1344 5120 1617 5183 formasti.
1666 5117 1967 5187 (In.)Pree-

224 5236 237 5247 ~
265 5215 355 5265 ter
380 5209 503 5263 haec
548 5207 840 5268 animalia.
902 5214 1032 5273 etc.,
1093 5221 1261 5276 usque
1292 5206 1366 5259 ad
1395 5207 1575 5260 factus
1605 5211 1697 5259 est
1720 5206 1775 5259 in
1803 5208 1967 5260 mali-

266 5298 346 5352 tia
376 5297 579 5367 major.
634 5296 733 5350 Αὰ
788 5295 1152 5349 illudendum.
1194 5294 1316 5366 (ιο.)
1351 5294 1571 5348 Dicitur
1618 5295 1677 5348 in
1711 5294 1816 5348 Job
1856 5296 1968 5364 (Job

266 5385 377 5455 XL),
409 5385 578 5439 illudi
610 5385 836 5439 Satanae
867 5384 938 5437 ab
969 5383 1184 5453 angelis
1218 5383 1339 5450 Dei,
1377 5383 1475 5453 qui
1503 5388 1636 5438 sunt
1678 5384 1968 5454 praepositi

267 5490 447 5543 super
471 5488 665 5526 aereas
697 5474 1026 5543 potestates,
1061 5488 1132 5525 ne
1154 5476 1397 5526 noceant
1424 5470 1610 5525 nobis.

343 5562 506 5615 Vens.
530 5563 627 5616 27.
664 5591 732 5600 —
762 5563 971 5615 Escam.
1007 5560 1135 5630 (11).)
1164 5560 1336 5615 Cibus
1382 5558 1645 5613 draconis
1688 5562 1839 5613 terra
1861 5563 1965 5622 est,

2071 3089 2214 3143 lere:
2250 3088 2386 3159 quia
2430 3105 2546 3142 non
2578 3094 2769 3158 potest
2796 3089 2990 3143 venire
3037 3089 3097 3142 in
3148 3089 3460 3153 fastidium,
3512 3087 3607 3158 qui
3640 3087 3763 3138 lau-

2071 3177 2257 3242 datur,
2287 3192 2404 3230 non
2455 3178 2609 3230 venit
2652 3178 2712 3230 in
2770 3178 3061 3232 fastidium
3094 3178 3355 3245 laudare;
3397 3175 3494 3230 sed
3540 3189 3765 3244 semper

2073 3272 2317 3331 amatur,
2338 3282 2564 3336 semper
2584 3266 2867 3320 laudatur.

2142 3354 2419 3408 “235.34.
2486 3384 2555 3394 ——
2614 3354 2919 3408 Iucundum
2974 3355 3066 3408 sit.
3118 3352 3242 3406 Alia
3291 3352 3508 3404 littera:
3567 3351 3767 3403 Suavis

2074 3442 2212 3495 sitei
2238 3440 2539 3509 disputatio
2572 3456 2709 3495 mea.
2762 3440 2953 3511 (Aua.)
3009 3439 3326 3511 Disputatio
3394 3438 3545 3491 enim
3594 3436 3772 3491 homi-
3838 3440 3843 3445 ”

2073 3530 2162 3582 nis
2222 3530 2291 3582 ad
2364 3530 2565 3594 Deum,
2643 3534 2725 3582 est
2797 3529 3073 3582 confessio
3150 3533 3535 3598 peccatorum.
3612 3525 3770 3579 Unde

2075 3618 2217 3671 Isaia
2259 3619 2387 3683 (Isa.
2426 3620 2485 3682 ι).
2534 3618 2764 3684 Auferte
2807 3616 3080 3687 nequitias
3113 3617 3180 3670 ab
3228 3617 3514 3670 animabus
3556 3617 3768 3677 vestris,

2074 3706 2239 3760 dicite
2298 3706 2622 3772 benefacere,
2664 3706 2912 3775 judicate
2937 3707 3173 3774 pupillo,
3205 3712 3255 3759 et
3283 3708 3457 3759 venite
3502 3708 3553 3757 et
3577 3704 3769 3772 dispu-

2076 3800 2244 3849 temus
2300 3794 2435 3847 dicit
2488 3796 2761 3847 Dominus.
2827 3793 3142 3863 Disputatio
3188 3809 3325 3862 ergo
3380 3798 3497 3859 tua,
3563 3790 3773 3843 sacrifi-

2075 3881 2224 3934 cium
2260 3880 2603 3934 humilitatis
2619 3886 2753 3945 tuas,
2783 3880 2931 3949 quod
2963 3886 3046 3932 est
3070 3882 3183 3933 Deo
3210 3896 3399 3933 suave.

2149 3969 2305 4023 Vens.
2361 3971 2445 4022 35.
2498 3998 2567 4007 -
2615 3968 2869 4032 Benedic,
2926 3970 3111 4021 anima
3155 3983 3293 4035 mea,
3358 3970 3596 4022 Domino.
3641 3967 3769 4032 (10.)

2076 4058 2251 4110 Iterat
2308 4057 2463 4128 quod
2524 4056 2582 4109 in
2645 4055 2929 4126 principio
2985 4055 3224 4126 psalmi:
3275 4056 3522 4119 Benedic,
3586 4056 3771 4107 anima

2076 4162 2212 4212 mea,
2246 4148 2467 4199 Domino
2519 4161 2621 4215 per
2649 4144 2757 4198 hoc
2803 4144 3069 4212 innuens,
3105 4144 3256 4215 quod
3304 4144 3434 4198 finis
3484 4144 3770 4197 bonorum

1996 4270 2039 4325 ο
2080 4233 2284 4287 similis
2317 4235 2389 4287 sit
2426 4233 2729 4304 principio.

2554 4423 2559 4427 .
2654 4376 2989 4431 ‘PSALMUS
3036 4376 3170 4431 CIV.

2148 4500 2316 4555 Vens.
2370 4505 2416 4554 1.
2469 4532 2538 4540 -
2594 4500 2853 4556 Alleluia.
2903 4499 3093 4570 (Cass)
3162 4500 3260 4554 Hic
3318 4498 3506 4569 primo
3552 4498 3773 4551 alleluia

2076 4604 2180 4642 nec
2227 4593 2356 4642 ante
2386 4605 2418 4642 a
2466 4604 2758 4659 quoquam
2816 4588 2987 4641 situm
3046 4592 3149 4651 est,
3183 4588 3336 4659 quod
3369 4588 3524 4640 nulla
3577 4587 3773 4655 lingua

2076 4676 2447 4747 prmsumpsit
2472 4682 2711 4731 mutare.
2746 4678 3003 4743 Alleluia,
3030 4676 3273 4731 laudate.
3328 4679 3387 4731 Ia
3411 4691 3621 4729 nomen
3672 4674 3771 4728 Dei

2077 4765 2400 4832 invisibilis,
2456 4765 2611 4836 quod
2669 4765 2719 4817 ei
2776 4769 3001 4818 tantum
3051 4764 3333 4817 convenit.
3401 4766 3505 4817 Per
3570 4762 3775 4833 viginti

2076 4856 2345 4923 psalmos,
2380 4854 2585 4925 quibus
2610 4853 2704 4907 hic
2733 4853 2931 4906 titulus
2964 4858 3067 4921 est,
3106 4853 3390 4923 magnalia
3422 4852 3523 4905 Dei
3573 4852 3771 4906 dicun-

2077 4946 2191 5007 tur,
2220 4947 2277 4995 et
2302 4958 2511 5012 magna
2540 4941 2599 4994 iu
2647 4940 2727 4993 eis
2767 4946 2850 4994 est
2879 4942 3197 4994 exsultatio.
3229 4941 3430 5011 (Class)
3458 4940 3557 4994 Hic
3612 4957 3771 4994 com-

2076 5030 2309 5083 mendat
2338 5030 2618 5098 propheta
2655 5029 2834 5082 bonos
2882 5029 2938 5082 in
2994 5030 3092 5083 illo
3140 5031 3354 5100 populo
3414 5030 3608 5096 Israel,
3675 5028 3773 5099 qui

2077 5133 2206 5171 cum
2255 5118 2379 5171 aliis
2409 5117 2670 5171 ﬁdelibus
2718 5122 2850 5170 sunt
2901 5133 3099 5171 verum
3127 5134 3323 5171 semen
3368 5118 3627 5184 Abrahae,
3674 5115 3774 5170 filii

2076 5205 2498 5276 promissionis.

2149 5296 2493 5361 Conﬁtemini
2542 5294 2792 5347 Domino.
2871 5294 3052 5364 (Αοα.)
3108 5294 3332 5349 Primus
3389 5295 3645 5364 psalmus
3683 5293 3773 5347 cui

2076 5387 2430 5452 praenotatur
2467 5381 2714 5445 alleluia,
2768 5387 2898 5449 etc.,
2942 5398 3108 5451 usque
3149 5383 3224 5436 ad
3273 5399 3401 5454 quae
3434 5384 3776 5453 temporalia

2076 5469 2465 5524 misericordia
2497 5470 2595 5523 Dei
2624 5470 2705 5523 eis
2737 5470 2912 5537 dedit,
2947 5471 3235 5541 supponit.

2148 5560 2306 5612 Vens.
2356 5562 2405 5612 2.
2471 5588 2531 5598 -
2573 5560 2799 5614 Omnia:
2846 5560 3048 5629 (CASS.)
3102 5560 3320 5627 omnia;
3362 5560 3505 5615 nihil
3546 5566 3629 5616 est
3661 5577 3774 5631 pu-
