  <div class='ocr_page' id='page_1' title='image "/cluster/home/n/w/nwhite01/storage/ocr_20150623/113/hvd.32044054759782/515.png"; bbox 0 0 4082 6184; ppageno 0'>
   <div class='ocr_carea' id='block_1_1' title="bbox 307 268 441 320">
    <p class='ocr_par' dir='ltr' id='par_1_1' title="bbox 307 268 441 320">
     <span class='ocr_line' id='line_1_1' title="bbox 307 268 441 320; baseline 0.007 -1"><span class='ocrx_word' id='word_1_1' title='bbox 307 268 441 320; x_wconf 88' lang='grc'><strong>1019</strong></span> 
     </span>
    </p>
   </div>
   <div class='ocr_carea' id='block_1_2' title="bbox 927 255 3132 318">
    <p class='ocr_par' dir='ltr' id='par_1_2' title="bbox 927 255 3132 318">
     <span class='ocr_line' id='line_1_2' title="bbox 927 255 3132 318; baseline -0.005 0"><span class='ocrx_word' id='word_1_2' title='bbox 927 262 1326 318; x_wconf 81' lang='lat' dir='ltr'>WALAFRIDI</span> <span class='ocrx_word' id='word_1_3' title='bbox 1363 261 1608 316; x_wconf 81' lang='lat' dir='ltr'>STRABI</span> <span class='ocrx_word' id='word_1_4' title='bbox 1647 262 1843 318; x_wconf 84' lang='lat' dir='ltr'>FULD.</span> <span class='ocrx_word' id='word_1_5' title='bbox 1887 262 2050 317; x_wconf 81' lang='lat' dir='ltr'>MON.</span> <span class='ocrx_word' id='word_1_6' title='bbox 2092 259 2252 314; x_wconf 89' lang='lat' dir='ltr'>OPP.</span> <span class='ocrx_word' id='word_1_7' title='bbox 2286 258 2463 316; x_wconf 81' lang='lat' dir='ltr'>PARS</span> <span class='ocrx_word' id='word_1_8' title='bbox 2499 259 2542 312; x_wconf 93' lang='grc' dir='ltr'><strong>Ι.</strong></span> <span class='ocrx_word' id='word_1_9' title='bbox 2571 286 2640 298; x_wconf 91' lang='grc'><strong><em>-</em></strong></span> <span class='ocrx_word' id='word_1_10' title='bbox 2677 255 3132 312; x_wconf 79' lang='lat' dir='ltr'>THEOLOGICA.</span> 
     </span>
    </p>
   </div>
   <div class='ocr_carea' id='block_1_3' title="bbox 3671 251 3808 304">
    <p class='ocr_par' dir='ltr' id='par_1_3' title="bbox 3671 251 3808 304">
     <span class='ocr_line' id='line_1_3' title="bbox 3671 251 3808 304; baseline -0.015 0"><span class='ocrx_word' id='word_1_11' title='bbox 3671 253 3689 304; x_wconf 92' lang='grc'>1</span> <span class='ocrx_word' id='word_1_12' title='bbox 3703 251 3808 303; x_wconf 78' lang='grc'>020</span> 
     </span>
    </p>
   </div>
   <div class='ocr_carea' id='block_1_4' title="bbox 301 375 3815 454">
    <p class='ocr_par' dir='ltr' id='par_1_4' title="bbox 301 375 3815 454">
     <span class='ocr_line' id='line_1_4' title="bbox 301 375 3815 454; baseline -0.003 -15"><span class='ocrx_word' id='word_1_13' title='bbox 301 385 437 439; x_wconf 88' lang='lat' dir='ltr'>dore</span> <span class='ocrx_word' id='word_1_14' title='bbox 495 383 802 439; x_wconf 88' lang='lat' dir='ltr'>silendum.</span> <span class='ocrx_word' id='word_1_15' title='bbox 861 383 958 437; x_wconf 83' lang='lat' dir='ltr'>Vel</span> <span class='ocrx_word' id='word_1_16' title='bbox 1011 383 1224 451; x_wconf 84' lang='lat' dir='ltr'><strong>omnia,</strong></span> <span class='ocrx_word' id='word_1_17' title='bbox 1282 398 1411 454; x_wconf 74' lang='lat' dir='ltr'>quae</span> <span class='ocrx_word' id='word_1_18' title='bbox 1445 382 1660 448; x_wconf 84' lang='lat' dir='ltr'>dicent,</span> <span class='ocrx_word' id='word_1_19' title='bbox 1718 378 2002 435; x_wconf 82' lang='lat' dir='ltr'>mirabilia</span> <span class='ocrx_word' id='word_1_20' title='bbox 2033 383 2069 435; x_wconf 83' lang='lat' dir='ltr'><strong>A</strong></span> <span class='ocrx_word' id='word_1_21' title='bbox 2111 383 2333 447; x_wconf 79' lang='lat' dir='ltr'>gavisus</span> <span class='ocrx_word' id='word_1_22' title='bbox 2363 384 2440 435; x_wconf 83' lang='lat' dir='ltr'>est</span> <span class='ocrx_word' id='word_1_23' title='bbox 2471 379 2663 450; x_wconf 88' lang='lat' dir='ltr'>(Joan.</span> <span class='ocrx_word' id='word_1_24' title='bbox 2694 377 2834 449; x_wconf 83' lang='lat' dir='ltr'>VIII).</span> <span class='ocrx_word' id='word_1_25' title='bbox 2891 378 3091 432; x_wconf 88' lang='lat' dir='ltr'>Nullus</span> <span class='ocrx_word' id='word_1_26' title='bbox 3134 375 3288 431; x_wconf 89' lang='lat' dir='ltr'>enim</span> <span class='ocrx_word' id='word_1_27' title='bbox 3318 381 3524 448; x_wconf 67' lang='lat' dir='ltr'>praeter</span> <span class='ocrx_word' id='word_1_28' title='bbox 3573 377 3720 430; x_wconf 85' lang='lat' dir='ltr'>hanc</span> <span class='ocrx_word' id='word_1_29' title='bbox 3745 375 3815 429; x_wconf 79' lang='lat' dir='ltr'>ﬁ-</span> 
     </span>
    </p>
   </div>
   <div class='ocr_carea' id='block_1_5' title="bbox 300 472 1566 542">
    <p class='ocr_par' dir='ltr' id='par_1_5' title="bbox 300 472 1566 542">
     <span class='ocr_line' id='line_1_5' title="bbox 300 472 1566 542; baseline -0.004 -14"><span class='ocrx_word' id='word_1_30' title='bbox 300 477 450 537; x_wconf 92' lang='lat' dir='ltr'>sunt,</span> <span class='ocrx_word' id='word_1_31' title='bbox 485 473 676 527; x_wconf 91' lang='lat' dir='ltr'>nullus</span> <span class='ocrx_word' id='word_1_32' title='bbox 702 472 855 526; x_wconf 88' lang='lat' dir='ltr'>enim</span> <span class='ocrx_word' id='word_1_33' title='bbox 882 476 1069 542; x_wconf 84' lang='lat' dir='ltr'>potest</span> <span class='ocrx_word' id='word_1_34' title='bbox 1088 472 1283 526; x_wconf 83' lang='lat' dir='ltr'>omnia</span> <span class='ocrx_word' id='word_1_35' title='bbox 1314 487 1566 524; x_wconf 87' lang='lat' dir='ltr'>narrare.</span> 
     </span>
    </p>
   </div>
   <div class='ocr_carea' id='block_1_6' title="bbox 375 558 1995 628">
    <p class='ocr_par' dir='ltr' id='par_1_6' title="bbox 375 558 1995 628">
     <span class='ocr_line' id='line_1_6' title="bbox 375 558 1995 628; baseline -0.002 -13"><span class='ocrx_word' id='word_1_36' title='bbox 375 563 537 616; x_wconf 73' lang='lat' dir='ltr'>Vens.</span> <span class='ocrx_word' id='word_1_37' title='bbox 572 564 622 616; x_wconf 90' lang='lat'>3.</span> <span class='ocrx_word' id='word_1_38' title='bbox 675 589 729 602; x_wconf 91' lang='lat'>—-</span> <span class='ocrx_word' id='word_1_39' title='bbox 803 561 1138 616; x_wconf 87' lang='lat' dir='ltr'>Laudamini</span> <span class='ocrx_word' id='word_1_40' title='bbox 1191 562 1251 614; x_wconf 90' lang='lat' dir='ltr'>in</span> <span class='ocrx_word' id='word_1_41' title='bbox 1299 563 1532 628; x_wconf 82' lang='lat' dir='ltr'>nomine,</span> <span class='ocrx_word' id='word_1_42' title='bbox 1581 558 1635 613; x_wconf 82' lang='lat' dir='ltr'>id</span> <span class='ocrx_word' id='word_1_43' title='bbox 1693 562 1795 624; x_wconf 91' lang='lat' dir='ltr'>est,</span> <span class='ocrx_word' id='word_1_44' title='bbox 1855 573 1995 628; x_wconf 87' lang='lat' dir='ltr'>gau-</span> 
     </span>
    </p>
   </div>
   <div class='ocr_carea' id='block_1_7' title="bbox 304 647 1238 704">
    <p class='ocr_par' dir='ltr' id='par_1_7' title="bbox 304 647 1238 704">
     <span class='ocr_line' id='line_1_7' title="bbox 304 647 1238 704; baseline -0.002 0"><span class='ocrx_word' id='word_1_45' title='bbox 304 650 432 704; x_wconf 90' lang='lat' dir='ltr'>dete</span> <span class='ocrx_word' id='word_1_46' title='bbox 464 649 769 704; x_wconf 84' lang='lat' dir='ltr'>Christiani</span> <span class='ocrx_word' id='word_1_47' title='bbox 800 648 910 702; x_wconf 90' lang='lat' dir='ltr'>dici</span> <span class='ocrx_word' id='word_1_48' title='bbox 943 665 977 702; x_wconf 91' lang='lat' dir='ltr'>a</span> <span class='ocrx_word' id='word_1_49' title='bbox 997 647 1238 702; x_wconf 84' lang='lat' dir='ltr'>Christo.</span> 
     </span>
    </p>
   </div>
   <div class='ocr_carea' id='block_1_8' title="bbox 374 733 1998 808">
    <p class='ocr_par' dir='ltr' id='par_1_8' title="bbox 374 733 1998 808">
     <span class='ocr_line' id='line_1_8' title="bbox 374 733 1998 808; baseline -0.004 -15"><span class='ocrx_word' id='word_1_50' title='bbox 374 739 560 808; x_wconf 82' lang='lat' dir='ltr'>(AUG.)</span> <span class='ocrx_word' id='word_1_51' title='bbox 595 736 950 804; x_wconf 88' lang='lat' dir='ltr'>Laudamini,</span> <span class='ocrx_word' id='word_1_52' title='bbox 985 752 1103 789; x_wconf 87' lang='lat' dir='ltr'>non</span> <span class='ocrx_word' id='word_1_53' title='bbox 1135 739 1287 790; x_wconf 85' lang='lat' dir='ltr'>vetat</span> <span class='ocrx_word' id='word_1_54' title='bbox 1316 735 1562 804; x_wconf 88' lang='lat' dir='ltr'>laudari,</span> <span class='ocrx_word' id='word_1_55' title='bbox 1613 736 1661 789; x_wconf 90' lang='lat' dir='ltr'>si</span> <span class='ocrx_word' id='word_1_56' title='bbox 1714 735 1850 789; x_wconf 91' lang='lat' dir='ltr'>boni</span> <span class='ocrx_word' id='word_1_57' title='bbox 1879 751 1892 800; x_wconf 87' lang='lat'><strong>;</strong></span> <span class='ocrx_word' id='word_1_58' title='bbox 1952 733 1998 786; x_wconf 90' lang='lat' dir='ltr'>si</span> 
     </span>
    </p>
   </div>
   <div class='ocr_carea' id='block_1_9' title="bbox 253 822 2000 894">
    <p class='ocr_par' dir='ltr' id='par_1_9' title="bbox 253 822 2000 894">
     <span class='ocr_line' id='line_1_9' title="bbox 253 822 2000 894; baseline -0.004 -12"><span class='ocrx_word' id='word_1_59' title='bbox 253 853 276 865; x_wconf 69' lang='grc' dir='ltr'><strong>ο</strong></span> <span class='ocrx_word' id='word_1_60' title='bbox 303 844 440 891; x_wconf 91' lang='lat' dir='ltr'>non,</span> <span class='ocrx_word' id='word_1_61' title='bbox 472 826 582 880; x_wconf 89' lang='lat' dir='ltr'>nisi</span> <span class='ocrx_word' id='word_1_62' title='bbox 609 825 672 879; x_wconf 90' lang='lat' dir='ltr'>in</span> <span class='ocrx_word' id='word_1_63' title='bbox 703 824 973 891; x_wconf 88' lang='lat' dir='ltr'>Domino,</span> <span class='ocrx_word' id='word_1_64' title='bbox 1019 825 1118 894; x_wconf 86' lang='lat' dir='ltr'>qui</span> <span class='ocrx_word' id='word_1_65' title='bbox 1148 824 1330 878; x_wconf 90' lang='lat' dir='ltr'>bonos</span> <span class='ocrx_word' id='word_1_66' title='bbox 1357 824 1508 878; x_wconf 86' lang='lat' dir='ltr'>facit.</span> <span class='ocrx_word' id='word_1_67' title='bbox 1576 822 1907 878; x_wconf 88' lang='lat' dir='ltr'>Laudamini</span> <span class='ocrx_word' id='word_1_68' title='bbox 1937 822 2000 876; x_wconf 89' lang='lat' dir='ltr'>in</span> 
     </span>
    </p>
   </div>
   <div class='ocr_carea' id='block_1_10' title="bbox 304 913 2000 979">
    <p class='ocr_par' dir='ltr' id='par_1_10' title="bbox 304 913 2000 979">
     <span class='ocr_line' id='line_1_10' title="bbox 304 913 2000 979; baseline -0.002 -10"><span class='ocrx_word' id='word_1_69' title='bbox 304 916 561 970; x_wconf 90' lang='lat' dir='ltr'>nomine.</span> <span class='ocrx_word' id='word_1_70' title='bbox 611 915 770 979; x_wconf 91' lang='lat' dir='ltr'>Quod</span> <span class='ocrx_word' id='word_1_71' title='bbox 830 913 986 979; x_wconf 81' lang='lat' dir='ltr'>alibi,</span> <span class='ocrx_word' id='word_1_72' title='bbox 1028 915 1100 967; x_wconf 90' lang='lat' dir='ltr'>In</span> <span class='ocrx_word' id='word_1_73' title='bbox 1156 915 1375 967; x_wconf 84' lang='lat' dir='ltr'>Domino</span> <span class='ocrx_word' id='word_1_74' title='bbox 1437 913 1758 969; x_wconf 76' lang='lat' dir='ltr'>laudabitur</span> <span class='ocrx_word' id='word_1_75' title='bbox 1814 915 2000 966; x_wconf 84' lang='lat' dir='ltr'>anima</span> 
     </span>
    </p>
   </div>
   <div class='ocr_carea' id='block_1_11' title="bbox 301 1001 1994 1074">
    <p class='ocr_par' dir='ltr' id='par_1_11' title="bbox 301 1001 1994 1074">
     <span class='ocr_line' id='line_1_11' title="bbox 301 1001 1994 1074; baseline -0.002 -16"><span class='ocrx_word' id='word_1_76' title='bbox 301 1003 624 1074; x_wconf 87' lang='lat' dir='ltr'>mea:quod</span> <span class='ocrx_word' id='word_1_77' title='bbox 666 1002 746 1058; x_wconf 89' lang='lat' dir='ltr'>ibi</span> <span class='ocrx_word' id='word_1_78' title='bbox 785 1002 964 1068; x_wconf 91' lang='lat' dir='ltr'>addit,</span> <span class='ocrx_word' id='word_1_79' title='bbox 1021 1001 1253 1055; x_wconf 83' lang='lat' dir='ltr'>audiant</span> <span class='ocrx_word' id='word_1_80' title='bbox 1301 1005 1572 1056; x_wconf 75' lang='lat' dir='ltr'>mansueti</span> <span class='ocrx_word' id='word_1_81' title='bbox 1621 1006 1670 1055; x_wconf 88' lang='lat' dir='ltr'>ct</span> <span class='ocrx_word' id='word_1_82' title='bbox 1721 1003 1994 1055; x_wconf 78' lang='lat' dir='ltr'>laetentur:</span> 
     </span>
    </p>
   </div>
   <div class='ocr_carea' id='block_1_12' title="bbox 299 1089 1888 1162">
    <p class='ocr_par' dir='ltr' id='par_1_12' title="bbox 299 1089 1888 1162">
     <span class='ocr_line' id='line_1_12' title="bbox 299 1089 1888 1162; baseline -0.003 -16"><span class='ocrx_word' id='word_1_83' title='bbox 299 1091 391 1146; x_wconf 88' lang='lat' dir='ltr'>hic</span> <span class='ocrx_word' id='word_1_84' title='bbox 412 1108 644 1162; x_wconf 90' lang='lat' dir='ltr'>quoque</span> <span class='ocrx_word' id='word_1_85' title='bbox 677 1090 1120 1162; x_wconf 90' lang='lat' dir='ltr'>quodammodo,</span> <span class='ocrx_word' id='word_1_86' title='bbox 1155 1090 1364 1144; x_wconf 77' lang='lat' dir='ltr'>laetetur</span> <span class='ocrx_word' id='word_1_87' title='bbox 1395 1105 1502 1153; x_wconf 90' lang='lat' dir='ltr'>cor,</span> <span class='ocrx_word' id='word_1_88' title='bbox 1528 1089 1692 1160; x_wconf 88' lang='lat' dir='ltr'>quasi</span> <span class='ocrx_word' id='word_1_89' title='bbox 1723 1089 1888 1142; x_wconf 85' lang='lat' dir='ltr'>dicat.</span> 
     </span>
    </p>
   </div>
   <div class='ocr_carea' id='block_1_13' title="bbox 373 1179 1999 1250">
    <p class='ocr_par' dir='ltr' id='par_1_13' title="bbox 373 1179 1999 1250">
     <span class='ocr_line' id='line_1_13' title="bbox 373 1179 1999 1250; baseline -0.002 -16"><span class='ocrx_word' id='word_1_90' title='bbox 373 1183 533 1235; x_wconf 78' lang='lat' dir='ltr'>Vens.</span> <span class='ocrx_word' id='word_1_91' title='bbox 587 1181 640 1236; x_wconf 80' lang='grc'><strong>4.</strong></span> <span class='ocrx_word' id='word_1_92' title='bbox 693 1208 763 1221; x_wconf 92' lang='grc'><strong>-</strong></span> <span class='ocrx_word' id='word_1_93' title='bbox 809 1181 1038 1247; x_wconf 81' lang='lat' dir='ltr'>Faciem,</span> <span class='ocrx_word' id='word_1_94' title='bbox 1113 1183 1218 1232; x_wconf 85' lang='lat' dir='ltr'>etc.</span> <span class='ocrx_word' id='word_1_95' title='bbox 1280 1179 1406 1250; x_wconf 91' lang='grc'><strong>(11).)</strong></span> <span class='ocrx_word' id='word_1_96' title='bbox 1481 1180 1541 1233; x_wconf 91' lang='lat' dir='ltr'>Id</span> <span class='ocrx_word' id='word_1_97' title='bbox 1595 1181 1680 1232; x_wconf 90' lang='lat' dir='ltr'>est</span> <span class='ocrx_word' id='word_1_98' title='bbox 1748 1193 1999 1248; x_wconf 67' lang='lat' dir='ltr'>preesen-</span> 
     </span>
    </p>
   </div>
   <div class='ocr_carea' id='block_1_14' title="bbox 299 1265 1998 1338">
    <p class='ocr_par' dir='ltr' id='par_1_14' title="bbox 299 1265 1998 1338">
     <span class='ocr_line' id='line_1_14' title="bbox 299 1265 1998 1338; baseline -0.004 -16"><span class='ocrx_word' id='word_1_99' title='bbox 299 1268 464 1338; x_wconf 88' lang='lat' dir='ltr'>tiam,</span> <span class='ocrx_word' id='word_1_100' title='bbox 495 1272 626 1334; x_wconf 89' lang='lat' dir='ltr'>etc.,</span> <span class='ocrx_word' id='word_1_101' title='bbox 685 1282 854 1336; x_wconf 87' lang='lat' dir='ltr'>usque</span> <span class='ocrx_word' id='word_1_102' title='bbox 900 1267 975 1320; x_wconf 89' lang='lat' dir='ltr'>ad</span> <span class='ocrx_word' id='word_1_103' title='bbox 1017 1265 1200 1319; x_wconf 89' lang='lat' dir='ltr'>malus</span> <span class='ocrx_word' id='word_1_104' title='bbox 1256 1265 1460 1319; x_wconf 90' lang='lat' dir='ltr'>timere</span> <span class='ocrx_word' id='word_1_105' title='bbox 1514 1269 1703 1335; x_wconf 84' lang='lat' dir='ltr'>potest</span> <span class='ocrx_word' id='word_1_106' title='bbox 1746 1278 1998 1334; x_wconf 74' lang='lat' dir='ltr'>praesen-</span> 
     </span>
    </p>
   </div>
   <div class='ocr_carea' id='block_1_15' title="bbox 301 1352 2001 1427">
    <p class='ocr_par' dir='ltr' id='par_1_15' title="bbox 301 1352 2001 1427">
     <span class='ocr_line' id='line_1_15' title="bbox 301 1352 2001 1427; baseline -0.003 -17"><span class='ocrx_word' id='word_1_107' title='bbox 301 1355 460 1424; x_wconf 87' lang='lat' dir='ltr'>tiam,</span> <span class='ocrx_word' id='word_1_108' title='bbox 504 1371 676 1427; x_wconf 90' lang='lat' dir='ltr'>quam</span> <span class='ocrx_word' id='word_1_109' title='bbox 730 1355 910 1408; x_wconf 91' lang='lat' dir='ltr'>bonus</span> <span class='ocrx_word' id='word_1_110' title='bbox 958 1358 1131 1408; x_wconf 88' lang='lat' dir='ltr'>amat.</span> <span class='ocrx_word' id='word_1_111' title='bbox 1167 1352 1379 1422; x_wconf 76' lang='grc'><strong>(1111111.)</strong></span> <span class='ocrx_word' id='word_1_112' title='bbox 1409 1355 1456 1407; x_wconf 83' lang='grc' dir='ltr'><strong>Α</strong></span> <span class='ocrx_word' id='word_1_113' title='bbox 1483 1352 1745 1424; x_wconf 82' lang='lat' dir='ltr'>[martyre</span> <span class='ocrx_word' id='word_1_114' title='bbox 1779 1353 2001 1422; x_wconf 82' lang='lat' dir='ltr'>Hyppo-</span> 
     </span>
    </p>
   </div>
   <div class='ocr_carea' id='block_1_16' title="bbox 301 1441 2001 1512">
    <p class='ocr_par' dir='ltr' id='par_1_16' title="bbox 301 1441 2001 1512">
     <span class='ocr_line' id='line_1_16' title="bbox 301 1441 2001 1512; baseline -0.003 -15"><span class='ocrx_word' id='word_1_115' title='bbox 301 1443 425 1510; x_wconf 89' lang='lat' dir='ltr'>lito,</span> <span class='ocrx_word' id='word_1_116' title='bbox 457 1449 586 1510; x_wconf 88' lang='lat' dir='ltr'>etc.,</span> <span class='ocrx_word' id='word_1_117' title='bbox 641 1459 810 1512; x_wconf 87' lang='lat' dir='ltr'>usque</span> <span class='ocrx_word' id='word_1_118' title='bbox 871 1443 944 1497; x_wconf 87' lang='lat' dir='ltr'>ad</span> <span class='ocrx_word' id='word_1_119' title='bbox 975 1442 1054 1497; x_wconf 91' lang='lat' dir='ltr'>ibi</span> <span class='ocrx_word' id='word_1_120' title='bbox 1102 1459 1166 1496; x_wconf 84' lang='lat' dir='ltr'>ex</span> <span class='ocrx_word' id='word_1_121' title='bbox 1201 1442 1471 1512; x_wconf 80' lang='lat' dir='ltr'>gentibus</span> <span class='ocrx_word' id='word_1_122' title='bbox 1518 1445 1862 1512; x_wconf 79' lang='lat' dir='ltr'>sumpturus</span> <span class='ocrx_word' id='word_1_123' title='bbox 1905 1441 2001 1493; x_wconf 90' lang='lat' dir='ltr'>Ec-</span> 
     </span>
    </p>
   </div>
   <div class='ocr_carea' id='block_1_17' title="bbox 301 1531 552 1586">
    <p class='ocr_par' dir='ltr' id='par_1_17' title="bbox 301 1531 552 1586">
     <span class='ocr_line' id='line_1_17' title="bbox 301 1531 552 1586; baseline 0 0"><span class='ocrx_word' id='word_1_124' title='bbox 301 1531 552 1586; x_wconf 90' lang='lat' dir='ltr'>clesiam.</span> 
     </span>
    </p>
   </div>
   <div class='ocr_carea' id='block_1_18' title="bbox 370 1616 2000 1687">
    <p class='ocr_par' dir='ltr' id='par_1_18' title="bbox 370 1616 2000 1687">
     <span class='ocr_line' id='line_1_18' title="bbox 370 1616 2000 1687; baseline -0.002 -13"><span class='ocrx_word' id='word_1_125' title='bbox 370 1623 532 1676; x_wconf 74' lang='lat' dir='ltr'>Vens.</span> <span class='ocrx_word' id='word_1_126' title='bbox 568 1624 619 1676; x_wconf 88' lang='lat'><strong>5.</strong></span> <span class='ocrx_word' id='word_1_127' title='bbox 673 1651 744 1660; x_wconf 98' lang='lat'>—</span> <span class='ocrx_word' id='word_1_128' title='bbox 798 1621 1108 1676; x_wconf 77' lang='lat' dir='ltr'>Mementote</span> <span class='ocrx_word' id='word_1_129' title='bbox 1137 1624 1188 1674; x_wconf 87' lang='lat' dir='ltr'>et</span> <span class='ocrx_word' id='word_1_130' title='bbox 1235 1623 1444 1674; x_wconf 55' lang='lat' dir='ltr'>cetera.</span> <span class='ocrx_word' id='word_1_131' title='bbox 1490 1619 1692 1687; x_wconf 79' lang='lat' dir='ltr'>(AUG.)</span> <span class='ocrx_word' id='word_1_132' title='bbox 1754 1616 2000 1682; x_wconf 68' lang='lat' dir='ltr'>Quaerite</span> 
     </span>
    </p>
   </div>
   <div class='ocr_carea' id='block_1_19' title="bbox 301 1708 2001 1781">
    <p class='ocr_par' dir='ltr' id='par_1_19' title="bbox 301 1708 2001 1781">
     <span class='ocr_line' id='line_1_19' title="bbox 301 1708 2001 1781; baseline -0.003 -17"><span class='ocrx_word' id='word_1_133' title='bbox 301 1710 514 1781; x_wconf 91' lang='lat' dir='ltr'>ipsum,</span> <span class='ocrx_word' id='word_1_134' title='bbox 541 1713 669 1778; x_wconf 92' lang='lat' dir='ltr'>etc.,</span> <span class='ocrx_word' id='word_1_135' title='bbox 702 1724 871 1778; x_wconf 86' lang='lat' dir='ltr'>usque</span> <span class='ocrx_word' id='word_1_136' title='bbox 923 1709 997 1762; x_wconf 88' lang='lat' dir='ltr'>ad</span> <span class='ocrx_word' id='word_1_137' title='bbox 1030 1708 1076 1761; x_wconf 88' lang='lat' dir='ltr'>si</span> <span class='ocrx_word' id='word_1_138' title='bbox 1114 1709 1173 1762; x_wconf 92' lang='lat' dir='ltr'>id</span> <span class='ocrx_word' id='word_1_139' title='bbox 1205 1709 1360 1779; x_wconf 88' lang='lat' dir='ltr'>quod</span> <span class='ocrx_word' id='word_1_140' title='bbox 1394 1709 1540 1761; x_wconf 89' lang='lat' dir='ltr'>Deus</span> <span class='ocrx_word' id='word_1_141' title='bbox 1570 1712 1670 1773; x_wconf 89' lang='lat' dir='ltr'>est,</span> <span class='ocrx_word' id='word_1_142' title='bbox 1725 1721 2001 1776; x_wconf 88' lang='lat' dir='ltr'>magnum</span> 
     </span>
    </p>
   </div>
   <div class='ocr_carea' id='block_1_20' title="bbox 299 1796 1993 1870">
    <p class='ocr_par' dir='ltr' id='par_1_20' title="bbox 299 1796 1993 1870">
     <span class='ocr_line' id='line_1_20' title="bbox 299 1796 1993 1870; baseline -0.004 -16"><span class='ocrx_word' id='word_1_143' title='bbox 299 1803 386 1854; x_wconf 90' lang='lat' dir='ltr'>est</span> <span class='ocrx_word' id='word_1_144' title='bbox 426 1815 704 1870; x_wconf 61' lang='lat' dir='ltr'>quaerere,</span> <span class='ocrx_word' id='word_1_145' title='bbox 759 1798 848 1852; x_wconf 88' lang='lat' dir='ltr'>vel</span> <span class='ocrx_word' id='word_1_146' title='bbox 906 1813 1036 1868; x_wconf 80' lang='lat' dir='ltr'>quae</span> <span class='ocrx_word' id='word_1_147' title='bbox 1090 1797 1224 1851; x_wconf 80' lang='lat' dir='ltr'>fecit</span> <span class='ocrx_word' id='word_1_148' title='bbox 1284 1797 1488 1851; x_wconf 88' lang='lat' dir='ltr'>videte.</span> <span class='ocrx_word' id='word_1_149' title='bbox 1550 1796 1831 1863; x_wconf 77' lang='lat' dir='ltr'>Prodigia,</span> <span class='ocrx_word' id='word_1_150' title='bbox 1889 1799 1993 1849; x_wconf 90' lang='lat' dir='ltr'>etc.</span> 
     </span>
    </p>
   </div>
   <div class='ocr_carea' id='block_1_21' title="bbox 301 1883 2000 1958">
    <p class='ocr_par' dir='ltr' id='par_1_21' title="bbox 301 1883 2000 1958">
     <span class='ocr_line' id='line_1_21' title="bbox 301 1883 2000 1958; baseline -0.003 -15"><span class='ocrx_word' id='word_1_151' title='bbox 301 1889 424 1958; x_wconf 88' lang='lat' dir='ltr'>(In.)</span> <span class='ocrx_word' id='word_1_152' title='bbox 483 1886 762 1942; x_wconf 85' lang='lat' dir='ltr'>Paulatim</span> <span class='ocrx_word' id='word_1_153' title='bbox 811 1885 1063 1939; x_wconf 83' lang='lat' dir='ltr'>ascendit</span> <span class='ocrx_word' id='word_1_154' title='bbox 1117 1885 1185 1940; x_wconf 92' lang='lat' dir='ltr'>de</span> <span class='ocrx_word' id='word_1_155' title='bbox 1233 1885 1509 1956; x_wconf 87' lang='lat' dir='ltr'>prodigiis</span> <span class='ocrx_word' id='word_1_156' title='bbox 1564 1883 1881 1938; x_wconf 79' lang='lat' dir='ltr'>visibilibus</span> <span class='ocrx_word' id='word_1_157' title='bbox 1932 1883 2000 1938; x_wconf 88' lang='lat' dir='ltr'>ad</span> 
     </span>
    </p>
   </div>
   <div class='ocr_carea' id='block_1_22' title="bbox 291 1972 2002 2048">
    <p class='ocr_par' dir='ltr' id='par_1_22' title="bbox 291 1972 2002 2048">
     <span class='ocr_line' id='line_1_22' title="bbox 291 1972 2002 2048; baseline -0.002 -18"><span class='ocrx_word' id='word_1_158' title='bbox 291 1976 535 2048; x_wconf 88' lang='lat' dir='ltr'>judicia:</span> <span class='ocrx_word' id='word_1_159' title='bbox 599 1975 730 2029; x_wconf 90' lang='lat' dir='ltr'>inde</span> <span class='ocrx_word' id='word_1_160' title='bbox 804 1974 875 2028; x_wconf 91' lang='lat' dir='ltr'>ad</span> <span class='ocrx_word' id='word_1_161' title='bbox 947 1978 1226 2028; x_wconf 60' lang='lat' dir='ltr'>aeternum</span> <span class='ocrx_word' id='word_1_162' title='bbox 1282 1977 1712 2041; x_wconf 87' lang='lat' dir='ltr'>testamentum,</span> <span class='ocrx_word' id='word_1_163' title='bbox 1796 1972 1896 2027; x_wconf 91' lang='lat' dir='ltr'>ubi</span> <span class='ocrx_word' id='word_1_164' title='bbox 1945 1976 2002 2027; x_wconf 89' lang='lat' dir='ltr'>et</span> 
     </span>
    </p>
   </div>
   <div class='ocr_carea' id='block_1_23' title="bbox 308 2063 1142 2136">
    <p class='ocr_par' dir='ltr' id='par_1_23' title="bbox 308 2063 1142 2136">
     <span class='ocr_line' id='line_1_23' title="bbox 308 2063 1142 2136; baseline -0.002 -18"><span class='ocrx_word' id='word_1_165' title='bbox 308 2068 660 2136; x_wconf 69' lang='lat' dir='ltr'>praeceptum</span> <span class='ocrx_word' id='word_1_166' title='bbox 691 2067 748 2116; x_wconf 89' lang='lat' dir='ltr'>et</span> <span class='ocrx_word' id='word_1_167' title='bbox 773 2063 1142 2134; x_wconf 89' lang='lat' dir='ltr'>promissum.</span> 
     </span>
    </p>
   </div>
   <div class='ocr_carea' id='block_1_24' title="bbox 373 2151 2000 2222">
    <p class='ocr_par' dir='ltr' id='par_1_24' title="bbox 373 2151 2000 2222">
     <span class='ocr_line' id='line_1_24' title="bbox 373 2151 2000 2222; baseline -0.002 -15"><span class='ocrx_word' id='word_1_168' title='bbox 373 2155 539 2207; x_wconf 72' lang='lat' dir='ltr'>Vens.</span> <span class='ocrx_word' id='word_1_169' title='bbox 572 2157 626 2206; x_wconf 88' lang='lat'>7.</span> <span class='ocrx_word' id='word_1_170' title='bbox 695 2182 764 2192; x_wconf 91' lang='lat'>—-</span> <span class='ocrx_word' id='word_1_171' title='bbox 809 2153 877 2207; x_wconf 89' lang='lat' dir='ltr'>In</span> <span class='ocrx_word' id='word_1_172' title='bbox 923 2153 1177 2206; x_wconf 86' lang='lat' dir='ltr'>universa</span> <span class='ocrx_word' id='word_1_173' title='bbox 1234 2155 1406 2209; x_wconf 86' lang='lat' dir='ltr'>terra.</span> <span class='ocrx_word' id='word_1_174' title='bbox 1469 2151 1591 2222; x_wconf 96' lang='grc'><strong>(11).)</strong></span> <span class='ocrx_word' id='word_1_175' title='bbox 1653 2151 1776 2206; x_wconf 89' lang='lat' dir='ltr'>Non</span> <span class='ocrx_word' id='word_1_176' title='bbox 1831 2153 2000 2221; x_wconf 85' lang='lat' dir='ltr'>putes</span> 
     </span>
    </p>
   </div>
   <div class='ocr_carea' id='block_1_25' title="bbox 303 2239 1994 2310">
    <p class='ocr_par' dir='ltr' id='par_1_25' title="bbox 303 2239 1994 2310">
     <span class='ocr_line' id='line_1_25' title="bbox 303 2239 1994 2310; baseline -0.002 -16"><span class='ocrx_word' id='word_1_177' title='bbox 303 2240 452 2295; x_wconf 89' lang='lat' dir='ltr'>ﬁlios</span> <span class='ocrx_word' id='word_1_178' title='bbox 505 2239 747 2294; x_wconf 58' lang='lat' dir='ltr'>Abrahae</span> <span class='ocrx_word' id='word_1_179' title='bbox 797 2239 858 2293; x_wconf 92' lang='lat' dir='ltr'>in</span> <span class='ocrx_word' id='word_1_180' title='bbox 941 2256 1054 2293; x_wconf 88' lang='lat' dir='ltr'>una</span> <span class='ocrx_word' id='word_1_181' title='bbox 1132 2243 1300 2310; x_wconf 88' lang='lat' dir='ltr'>gente</span> <span class='ocrx_word' id='word_1_182' title='bbox 1360 2239 1677 2292; x_wconf 88' lang='lat' dir='ltr'>secundum</span> <span class='ocrx_word' id='word_1_183' title='bbox 1745 2253 1994 2303; x_wconf 90' lang='lat' dir='ltr'>carnem,</span> 
     </span>
    </p>
   </div>
   <div class='ocr_carea' id='block_1_26' title="bbox 303 2325 1998 2401">
    <p class='ocr_par' dir='ltr' id='par_1_26' title="bbox 303 2325 1998 2401">
     <span class='ocr_line' id='line_1_26' title="bbox 303 2325 1998 2401; baseline -0.001 -19"><span class='ocrx_word' id='word_1_184' title='bbox 303 2329 436 2401; x_wconf 89' lang='lat' dir='ltr'>quia</span> <span class='ocrx_word' id='word_1_185' title='bbox 466 2329 524 2382; x_wconf 92' lang='lat' dir='ltr'>in</span> <span class='ocrx_word' id='word_1_186' title='bbox 580 2328 846 2382; x_wconf 84' lang='lat' dir='ltr'>universa</span> <span class='ocrx_word' id='word_1_187' title='bbox 890 2330 1043 2381; x_wconf 88' lang='lat' dir='ltr'>terra</span> <span class='ocrx_word' id='word_1_188' title='bbox 1109 2331 1241 2381; x_wconf 90' lang='lat' dir='ltr'>sunt</span> <span class='ocrx_word' id='word_1_189' title='bbox 1298 2327 1468 2381; x_wconf 86' lang='lat' dir='ltr'>Jacob</span> <span class='ocrx_word' id='word_1_190' title='bbox 1525 2331 1581 2380; x_wconf 91' lang='lat' dir='ltr'>et</span> <span class='ocrx_word' id='word_1_191' title='bbox 1621 2327 1811 2393; x_wconf 84' lang='lat' dir='ltr'>Israel,</span> <span class='ocrx_word' id='word_1_192' title='bbox 1870 2325 1998 2397; x_wconf 90' lang='lat' dir='ltr'>qui-</span> 
     </span>
    </p>
   </div>
   <div class='ocr_carea' id='block_1_27' title="bbox 299 2415 1739 2489">
    <p class='ocr_par' dir='ltr' id='par_1_27' title="bbox 299 2415 1739 2489">
     <span class='ocr_line' id='line_1_27' title="bbox 299 2415 1739 2489; baseline -0.003 -16"><span class='ocrx_word' id='word_1_193' title='bbox 299 2419 407 2473; x_wconf 90' lang='lat' dir='ltr'>bus</span> <span class='ocrx_word' id='word_1_194' title='bbox 431 2417 650 2489; x_wconf 87' lang='lat' dir='ltr'>judicia</span> <span class='ocrx_word' id='word_1_195' title='bbox 675 2433 778 2471; x_wconf 90' lang='lat' dir='ltr'>sua</span> <span class='ocrx_word' id='word_1_196' title='bbox 807 2417 1150 2481; x_wconf 85' lang='lat' dir='ltr'>manifestat,</span> <span class='ocrx_word' id='word_1_197' title='bbox 1184 2417 1279 2471; x_wconf 90' lang='lat' dir='ltr'>sed</span> <span class='ocrx_word' id='word_1_198' title='bbox 1300 2432 1414 2470; x_wconf 91' lang='lat' dir='ltr'>non</span> <span class='ocrx_word' id='word_1_199' title='bbox 1443 2415 1538 2470; x_wconf 91' lang='lat' dir='ltr'>alii</span> <span class='ocrx_word' id='word_1_200' title='bbox 1565 2415 1739 2486; x_wconf 91' lang='lat' dir='ltr'>genti.</span> 
     </span>
    </p>
   </div>
   <div class='ocr_carea' id='block_1_28' title="bbox 371 2501 1996 2574">
    <p class='ocr_par' dir='ltr' id='par_1_28' title="bbox 371 2501 1996 2574">
     <span class='ocr_line' id='line_1_28' title="bbox 371 2501 1996 2574; baseline -0.002 -15"><span class='ocrx_word' id='word_1_201' title='bbox 371 2506 530 2560; x_wconf 75' lang='lat' dir='ltr'>Vsus.</span> <span class='ocrx_word' id='word_1_202' title='bbox 591 2509 642 2561; x_wconf 92' lang='lat'>8.</span> <span class='ocrx_word' id='word_1_203' title='bbox 700 2535 768 2545; x_wconf 92' lang='lat'>-—-</span> <span class='ocrx_word' id='word_1_204' title='bbox 825 2507 890 2560; x_wconf 86' lang='lat' dir='ltr'>1n</span> <span class='ocrx_word' id='word_1_205' title='bbox 935 2506 1206 2559; x_wconf 72' lang='lat' dir='ltr'>saeculum.</span> <span class='ocrx_word' id='word_1_206' title='bbox 1274 2505 1398 2574; x_wconf 91' lang='grc'><strong>(11).)</strong></span> <span class='ocrx_word' id='word_1_207' title='bbox 1455 2503 1512 2556; x_wconf 92' lang='lat' dir='ltr'>id</span> <span class='ocrx_word' id='word_1_208' title='bbox 1562 2506 1662 2569; x_wconf 92' lang='lat' dir='ltr'>est,</span> <span class='ocrx_word' id='word_1_209' title='bbox 1713 2501 1770 2556; x_wconf 90' lang='lat' dir='ltr'>in</span> <span class='ocrx_word' id='word_1_210' title='bbox 1831 2505 1996 2556; x_wconf 63' lang='lat' dir='ltr'>aeter-</span> 
     </span>
    </p>
   </div>
   <div class='ocr_carea' id='block_1_29' title="bbox 303 2587 1999 2664">
    <p class='ocr_par' dir='ltr' id='par_1_29' title="bbox 303 2587 1999 2664">
     <span class='ocr_line' id='line_1_29' title="bbox 303 2587 1999 2664; baseline -0.004 -16"><span class='ocrx_word' id='word_1_211' title='bbox 303 2609 462 2659; x_wconf 93' lang='lat' dir='ltr'>num,</span> <span class='ocrx_word' id='word_1_212' title='bbox 517 2593 667 2647; x_wconf 91' lang='lat' dir='ltr'>unde</span> <span class='ocrx_word' id='word_1_213' title='bbox 713 2596 863 2664; x_wconf 90' lang='lat' dir='ltr'>post,</span> <span class='ocrx_word' id='word_1_214' title='bbox 913 2591 972 2646; x_wconf 91' lang='lat' dir='ltr'>in</span> <span class='ocrx_word' id='word_1_215' title='bbox 1017 2595 1427 2646; x_wconf 87' lang='lat' dir='ltr'>testamentum</span> <span class='ocrx_word' id='word_1_216' title='bbox 1473 2595 1771 2644; x_wconf 75' lang='lat' dir='ltr'>aeternum.</span> <span class='ocrx_word' id='word_1_217' title='bbox 1834 2587 1999 2654; x_wconf 84' lang='lat' dir='ltr'>Quod</span> 
     </span>
    </p>
   </div>
   <div class='ocr_carea' id='block_1_30' title="bbox 301 2679 1994 2749">
    <p class='ocr_par' dir='ltr' id='par_1_30' title="bbox 301 2679 1994 2749">
     <span class='ocr_line' id='line_1_30' title="bbox 301 2679 1994 2749; baseline -0.004 -13"><span class='ocrx_word' id='word_1_218' title='bbox 301 2687 710 2736; x_wconf 86' lang='lat' dir='ltr'>testamentum</span> <span class='ocrx_word' id='word_1_219' title='bbox 763 2681 810 2735; x_wconf 89' lang='lat' dir='ltr'>si</span> <span class='ocrx_word' id='word_1_220' title='bbox 870 2682 1042 2736; x_wconf 87' lang='lat' dir='ltr'>Vetus</span> <span class='ocrx_word' id='word_1_221' title='bbox 1129 2679 1405 2749; x_wconf 82' lang='lat' dir='ltr'>accipitur</span> <span class='ocrx_word' id='word_1_222' title='bbox 1483 2683 1721 2749; x_wconf 88' lang='lat' dir='ltr'>propter</span> <span class='ocrx_word' id='word_1_223' title='bbox 1777 2682 1994 2732; x_wconf 88' lang='lat' dir='ltr'>terram</span> 
     </span>
    </p>
   </div>
   <div class='ocr_carea' id='block_1_31' title="bbox 301 2766 1993 2838">
    <p class='ocr_par' dir='ltr' id='par_1_31' title="bbox 301 2766 1993 2838">
     <span class='ocr_line' id='line_1_31' title="bbox 301 2766 1993 2838; baseline -0.004 -14"><span class='ocrx_word' id='word_1_224' title='bbox 301 2771 612 2836; x_wconf 82' lang='lat' dir='ltr'>Chanaam,</span> <span class='ocrx_word' id='word_1_225' title='bbox 643 2769 712 2822; x_wconf 92' lang='lat' dir='ltr'>de</span> <span class='ocrx_word' id='word_1_226' title='bbox 767 2784 880 2838; x_wconf 87' lang='lat' dir='ltr'>qua</span> <span class='ocrx_word' id='word_1_227' title='bbox 924 2766 1202 2838; x_wconf 88' lang='lat' dir='ltr'>sequitur.</span> <span class='ocrx_word' id='word_1_228' title='bbox 1237 2767 1533 2832; x_wconf 89' lang='lat' dir='ltr'>Quomodo</span> <span class='ocrx_word' id='word_1_229' title='bbox 1581 2773 1860 2820; x_wconf 61' lang='lat' dir='ltr'>aeternum</span> <span class='ocrx_word' id='word_1_230' title='bbox 1888 2768 1993 2828; x_wconf 88' lang='lat' dir='ltr'>est,</span> 
     </span>
    </p>
   </div>
   <div class='ocr_carea' id='block_1_32' title="bbox 302 2852 1998 2927">
    <p class='ocr_par' dir='ltr' id='par_1_32' title="bbox 302 2852 1998 2927">
     <span class='ocr_line' id='line_1_32' title="bbox 302 2852 1998 2927; baseline -0.004 -14"><span class='ocrx_word' id='word_1_231' title='bbox 302 2875 433 2914; x_wconf 90' lang='lat' dir='ltr'>cum</span> <span class='ocrx_word' id='word_1_232' title='bbox 463 2858 562 2912; x_wconf 91' lang='lat' dir='ltr'>illa</span> <span class='ocrx_word' id='word_1_233' title='bbox 593 2862 821 2912; x_wconf 89' lang='lat' dir='ltr'>terrena</span> <span class='ocrx_word' id='word_1_234' title='bbox 850 2856 1153 2910; x_wconf 64' lang='lat' dir='ltr'>haereditas</span> <span class='ocrx_word' id='word_1_235' title='bbox 1198 2872 1313 2909; x_wconf 93' lang='lat' dir='ltr'>non</span> <span class='ocrx_word' id='word_1_236' title='bbox 1371 2857 1547 2927; x_wconf 87' lang='lat' dir='ltr'>possit</span> <span class='ocrx_word' id='word_1_237' title='bbox 1586 2859 1707 2910; x_wconf 84' lang='lat' dir='ltr'>esse</span> <span class='ocrx_word' id='word_1_238' title='bbox 1748 2852 1998 2910; x_wconf 61' lang='lat' dir='ltr'>aeterna?</span> 
     </span>
    </p>
   </div>
   <div class='ocr_carea' id='block_1_33' title="bbox 2107 465 3816 539">
    <p class='ocr_par' dir='ltr' id='par_1_33' title="bbox 2107 465 3816 539">
     <span class='ocr_line' id='line_1_33' title="bbox 2107 465 3816 539; baseline -0.003 -17"><span class='ocrx_word' id='word_1_239' title='bbox 2107 470 2259 536; x_wconf 93' lang='lat' dir='ltr'>dem,</span> <span class='ocrx_word' id='word_1_240' title='bbox 2291 470 2378 523; x_wconf 87' lang='lat' dir='ltr'>vel</span> <span class='ocrx_word' id='word_1_241' title='bbox 2426 474 2578 534; x_wconf 88' lang='lat' dir='ltr'>ante,</span> <span class='ocrx_word' id='word_1_242' title='bbox 2625 469 2708 522; x_wconf 87' lang='lat' dir='ltr'>vel</span> <span class='ocrx_word' id='word_1_243' title='bbox 2743 473 2891 539; x_wconf 86' lang='lat' dir='ltr'>post,</span> <span class='ocrx_word' id='word_1_244' title='bbox 2936 467 3049 520; x_wconf 92' lang='lat' dir='ltr'>Deo</span> <span class='ocrx_word' id='word_1_245' title='bbox 3089 465 3486 520; x_wconf 88' lang='lat' dir='ltr'>reconciliatus</span> <span class='ocrx_word' id='word_1_246' title='bbox 3525 471 3632 535; x_wconf 88' lang='lat' dir='ltr'>est,</span> <span class='ocrx_word' id='word_1_247' title='bbox 3671 479 3816 518; x_wconf 87' lang='lat' dir='ltr'>unus</span> 
     </span>
    </p>
   </div>
   <div class='ocr_carea' id='block_1_34' title="bbox 2112 555 3187 623">
    <p class='ocr_par' dir='ltr' id='par_1_34' title="bbox 2112 555 3187 623">
     <span class='ocr_line' id='line_1_34' title="bbox 2112 555 3187 623; baseline -0.004 -11"><span class='ocrx_word' id='word_1_248' title='bbox 2112 561 2252 612; x_wconf 88' lang='lat' dir='ltr'>enim</span> <span class='ocrx_word' id='word_1_249' title='bbox 2280 558 2548 612; x_wconf 78' lang='lat' dir='ltr'>mediator</span> <span class='ocrx_word' id='word_1_250' title='bbox 2568 557 2822 614; x_wconf 80' lang='lat' dir='ltr'>Christus</span> <span class='ocrx_word' id='word_1_251' title='bbox 2853 557 2906 623; x_wconf 81' lang='grc' dir='ltr'><strong>(ι</strong></span> <span class='ocrx_word' id='word_1_252' title='bbox 2933 556 3074 610; x_wconf 81' lang='lat' dir='ltr'>Tim.</span> <span class='ocrx_word' id='word_1_253' title='bbox 3108 555 3187 622; x_wconf 91' lang='grc'><strong>11).</strong></span> 
     </span>
    </p>
   </div>
   <div class='ocr_carea' id='block_1_35' title="bbox 2185 657 3818 732">
    <p class='ocr_par' dir='ltr' id='par_1_35' title="bbox 2185 657 3818 732">
     <span class='ocr_line' id='line_1_35' title="bbox 2185 657 3818 732; baseline -0.004 -14"><span class='ocrx_word' id='word_1_254' title='bbox 2185 665 2341 718; x_wconf 76' lang='lat' dir='ltr'>Vens.</span> <span class='ocrx_word' id='word_1_255' title='bbox 2380 666 2462 718; x_wconf 87' lang='grc'>16.</span> <span class='ocrx_word' id='word_1_256' title='bbox 2500 691 2570 703; x_wconf 89' lang='grc'><strong><em>-</em></strong></span> <span class='ocrx_word' id='word_1_257' title='bbox 2615 665 2686 717; x_wconf 88' lang='lat' dir='ltr'>Et</span> <span class='ocrx_word' id='word_1_258' title='bbox 2734 664 2966 716; x_wconf 83' lang='lat' dir='ltr'>vocavit.</span> <span class='ocrx_word' id='word_1_259' title='bbox 3025 660 3207 732; x_wconf 77' lang='lat' dir='ltr'>(Aue.)</span> <span class='ocrx_word' id='word_1_260' title='bbox 3262 661 3475 724; x_wconf 88' lang='lat' dir='ltr'>Quarta</span> <span class='ocrx_word' id='word_1_261' title='bbox 3518 675 3655 729; x_wconf 83' lang='lat' dir='ltr'>pars</span> <span class='ocrx_word' id='word_1_262' title='bbox 3716 657 3818 711; x_wconf 90' lang='lat' dir='ltr'>ubi</span> 
     </span>
    </p>
   </div>
   <div class='ocr_carea' id='block_1_36' title="bbox 2113 748 3816 823">
    <p class='ocr_par' dir='ltr' id='par_1_36' title="bbox 2113 748 3816 823">
     <span class='ocr_line' id='line_1_36' title="bbox 2113 748 3816 823; baseline -0.004 -17"><span class='ocrx_word' id='word_1_263' title='bbox 2113 751 2315 823; x_wconf 90' lang='lat' dir='ltr'>incipit</span> <span class='ocrx_word' id='word_1_264' title='bbox 2365 767 2622 816; x_wconf 87' lang='lat' dir='ltr'>narrare,</span> <span class='ocrx_word' id='word_1_265' title='bbox 2690 754 2820 818; x_wconf 91' lang='lat' dir='ltr'>etc.,</span> <span class='ocrx_word' id='word_1_266' title='bbox 2873 765 3041 818; x_wconf 86' lang='lat' dir='ltr'>usque</span> <span class='ocrx_word' id='word_1_267' title='bbox 3117 749 3190 803; x_wconf 86' lang='lat' dir='ltr'>ad</span> <span class='ocrx_word' id='word_1_268' title='bbox 3233 748 3406 818; x_wconf 77' lang='lat' dir='ltr'>jussit</span> <span class='ocrx_word' id='word_1_269' title='bbox 3481 765 3601 802; x_wconf 87' lang='lat' dir='ltr'>esse</span> <span class='ocrx_word' id='word_1_270' title='bbox 3681 763 3816 817; x_wconf 76' lang='lat' dir='ltr'>quae</span> 
     </span>
    </p>
   </div>
   <div class='ocr_carea' id='block_1_37' title="bbox 2107 839 3816 912">
    <p class='ocr_par' dir='ltr' id='par_1_37' title="bbox 2107 839 3816 912">
     <span class='ocr_line' id='line_1_37' title="bbox 2107 839 3816 912; baseline -0.002 -17"><span class='ocrx_word' id='word_1_271' title='bbox 2107 842 2228 912; x_wconf 90' lang='lat' dir='ltr'>jam</span> <span class='ocrx_word' id='word_1_272' title='bbox 2285 845 2406 894; x_wconf 90' lang='lat' dir='ltr'>erat</span> <span class='ocrx_word' id='word_1_273' title='bbox 2460 840 2521 894; x_wconf 89' lang='lat' dir='ltr'>in</span> <span class='ocrx_word' id='word_1_274' title='bbox 2569 839 2961 911; x_wconf 88' lang='lat' dir='ltr'>dispositione.</span> <span class='ocrx_word' id='word_1_275' title='bbox 3021 840 3107 893; x_wconf 85' lang='lat' dir='ltr'>[ta</span> <span class='ocrx_word' id='word_1_276' title='bbox 3153 840 3365 893; x_wconf 84' lang='lat' dir='ltr'>vocavit</span> <span class='ocrx_word' id='word_1_277' title='bbox 3417 842 3468 892; x_wconf 87' lang='lat' dir='ltr'>et</span> <span class='ocrx_word' id='word_1_278' title='bbox 3509 853 3661 892; x_wconf 86' lang='lat' dir='ltr'>omne</span> <span class='ocrx_word' id='word_1_279' title='bbox 3712 840 3816 903; x_wconf 71' lang='lat' dir='ltr'>ﬂr-</span> 
     </span>
    </p>
   </div>
   <div class='ocr_carea' id='block_1_38' title="bbox 2104 929 3378 999">
    <p class='ocr_par' dir='ltr' id='par_1_38' title="bbox 2104 929 3378 999">
     <span class='ocr_line' id='line_1_38' title="bbox 2104 929 3378 999; baseline -0.003 -15"><span class='ocrx_word' id='word_1_280' title='bbox 2104 934 2440 984; x_wconf 86' lang='lat' dir='ltr'>mamentum</span> <span class='ocrx_word' id='word_1_281' title='bbox 2463 931 2626 999; x_wconf 86' lang='lat' dir='ltr'>panis</span> <span class='ocrx_word' id='word_1_282' title='bbox 2653 931 2944 983; x_wconf 88' lang='lat' dir='ltr'>contritum</span> <span class='ocrx_word' id='word_1_283' title='bbox 2959 929 3122 996; x_wconf 86' lang='lat' dir='ltr'>(Gen.</span> <span class='ocrx_word' id='word_1_284' title='bbox 3155 931 3378 994; x_wconf 84' lang='lat' dir='ltr'>xxxvn).</span> 
     </span>
    </p>
   </div>
   <div class='ocr_carea' id='block_1_39' title="bbox 2179 1031 3818 1104">
    <p class='ocr_par' dir='ltr' id='par_1_39' title="bbox 2179 1031 3818 1104">
     <span class='ocr_line' id='line_1_39' title="bbox 2179 1031 3818 1104; baseline -0.003 -15"><span class='ocrx_word' id='word_1_285' title='bbox 2179 1038 2344 1090; x_wconf 73' lang='lat' dir='ltr'>Vens.</span> <span class='ocrx_word' id='word_1_286' title='bbox 2419 1040 2502 1090; x_wconf 85' lang='grc'><strong>17.</strong></span> <span class='ocrx_word' id='word_1_287' title='bbox 2580 1066 2648 1074; x_wconf 88' lang='grc'><strong><em>-</em></strong></span> <span class='ocrx_word' id='word_1_288' title='bbox 2737 1038 2949 1090; x_wconf 76' lang='lat' dir='ltr'>Virum.</span> <span class='ocrx_word' id='word_1_289' title='bbox 3022 1035 3150 1103; x_wconf 90' lang='grc'><strong>(11).)</strong></span> <span class='ocrx_word' id='word_1_290' title='bbox 3212 1034 3418 1104; x_wconf 82' lang='lat' dir='ltr'>Ioseph</span> <span class='ocrx_word' id='word_1_291' title='bbox 3472 1031 3735 1086; x_wconf 84' lang='lat' dir='ltr'>venditus</span> <span class='ocrx_word' id='word_1_292' title='bbox 3784 1048 3818 1084; x_wconf 92' lang='lat' dir='ltr'>a</span> 
     </span>
    </p>
   </div>
   <div class='ocr_carea' id='block_1_40' title="bbox 2107 1119 3817 1194">
    <p class='ocr_par' dir='ltr' id='par_1_40' title="bbox 2107 1119 3817 1194">
     <span class='ocr_line' id='line_1_40' title="bbox 2107 1119 3817 1194; baseline -0.004 -15"><span class='ocrx_word' id='word_1_293' title='bbox 2107 1125 2397 1190; x_wconf 85' lang='lat' dir='ltr'>fratribus,</span> <span class='ocrx_word' id='word_1_294' title='bbox 2453 1128 2650 1194; x_wconf 88' lang='lat' dir='ltr'>postea</span> <span class='ocrx_word' id='word_1_295' title='bbox 2677 1123 2755 1191; x_wconf 74' lang='lat' dir='ltr'>(in</span> <span class='ocrx_word' id='word_1_296' title='bbox 2813 1123 3058 1193; x_wconf 61' lang='lat' dir='ltr'>[Egypto</span> <span class='ocrx_word' id='word_1_297' title='bbox 3112 1138 3216 1192; x_wconf 91' lang='lat' dir='ltr'>pro</span> <span class='ocrx_word' id='word_1_298' title='bbox 3254 1121 3478 1192; x_wconf 89' lang='lat' dir='ltr'>justitia</span> <span class='ocrx_word' id='word_1_299' title='bbox 3535 1119 3817 1174; x_wconf 88' lang='lat' dir='ltr'>sublima-</span> 
     </span>
    </p>
   </div>
   <div class='ocr_carea' id='block_1_41' title="bbox 2109 1209 3819 1281">
    <p class='ocr_par' dir='ltr' id='par_1_41' title="bbox 2109 1209 3819 1281">
     <span class='ocr_line' id='line_1_41' title="bbox 2109 1209 3819 1281; baseline -0.003 -15"><span class='ocrx_word' id='word_1_300' title='bbox 2109 1217 2199 1267; x_wconf 87' lang='lat' dir='ltr'>tus</span> <span class='ocrx_word' id='word_1_301' title='bbox 2241 1215 2343 1266; x_wconf 89' lang='lat' dir='ltr'>est.</span> <span class='ocrx_word' id='word_1_302' title='bbox 2402 1213 2618 1281; x_wconf 75' lang='lat' dir='ltr'>Ioseph.</span> <span class='ocrx_word' id='word_1_303' title='bbox 2673 1213 2802 1281; x_wconf 90' lang='grc'><strong>(11).)</strong></span> <span class='ocrx_word' id='word_1_304' title='bbox 2858 1211 2917 1266; x_wconf 93' lang='lat' dir='ltr'>Si</span> <span class='ocrx_word' id='word_1_305' title='bbox 2969 1210 3181 1280; x_wconf 77' lang='lat' dir='ltr'>Ioseph</span> <span class='ocrx_word' id='word_1_306' title='bbox 3235 1214 3291 1264; x_wconf 89' lang='lat' dir='ltr'>et</span> <span class='ocrx_word' id='word_1_307' title='bbox 3370 1209 3710 1264; x_wconf 82' lang='lat' dir='ltr'>humiliatus</span> <span class='ocrx_word' id='word_1_308' title='bbox 3760 1214 3819 1261; x_wconf 86' lang='lat' dir='ltr'>et</span> 
     </span>
    </p>
   </div>
   <div class='ocr_carea' id='block_1_42' title="bbox 2110 1299 3816 1368">
    <p class='ocr_par' dir='ltr' id='par_1_42' title="bbox 2110 1299 3816 1368">
     <span class='ocr_line' id='line_1_42' title="bbox 2110 1299 3816 1368; baseline -0.002 -14"><span class='ocrx_word' id='word_1_309' title='bbox 2110 1301 2411 1364; x_wconf 88' lang='lat' dir='ltr'>exaltatus,</span> <span class='ocrx_word' id='word_1_310' title='bbox 2469 1302 2601 1366; x_wconf 91' lang='lat' dir='ltr'>etc.,</span> <span class='ocrx_word' id='word_1_311' title='bbox 2663 1315 2832 1368; x_wconf 87' lang='lat' dir='ltr'>usque</span> <span class='ocrx_word' id='word_1_312' title='bbox 2887 1299 2961 1353; x_wconf 91' lang='lat' dir='ltr'>ad</span> <span class='ocrx_word' id='word_1_313' title='bbox 3019 1299 3118 1352; x_wconf 86' lang='lat' dir='ltr'>sed</span> <span class='ocrx_word' id='word_1_314' title='bbox 3174 1301 3416 1368; x_wconf 87' lang='lat' dir='ltr'>primum</span> <span class='ocrx_word' id='word_1_315' title='bbox 3467 1301 3697 1367; x_wconf 59' lang='lat' dir='ltr'>quaerite</span> <span class='ocrx_word' id='word_1_316' title='bbox 3738 1314 3816 1351; x_wconf 83' lang='lat' dir='ltr'>re-</span> 
     </span>
    </p>
   </div>
   <div class='ocr_carea' id='block_1_43' title="bbox 2114 1388 3119 1458">
    <p class='ocr_par' dir='ltr' id='par_1_43' title="bbox 2114 1388 3119 1458">
     <span class='ocr_line' id='line_1_43' title="bbox 2114 1388 3119 1458; baseline -0.001 -15"><span class='ocrx_word' id='word_1_317' title='bbox 2114 1405 2281 1458; x_wconf 87' lang='lat' dir='ltr'>gnum</span> <span class='ocrx_word' id='word_1_318' title='bbox 2313 1390 2436 1452; x_wconf 92' lang='lat' dir='ltr'>Dei,</span> <span class='ocrx_word' id='word_1_319' title='bbox 2468 1393 2519 1442; x_wconf 91' lang='lat' dir='ltr'>et</span> <span class='ocrx_word' id='word_1_320' title='bbox 2557 1390 2737 1442; x_wconf 84' lang='lat' dir='ltr'>omnia</span> <span class='ocrx_word' id='word_1_321' title='bbox 2767 1388 3119 1458; x_wconf 85' lang='lat' dir='ltr'>adjicientur.</span> 
     </span>
    </p>
   </div>
   <div class='ocr_carea' id='block_1_44' title="bbox 2184 1492 3815 1564">
    <p class='ocr_par' dir='ltr' id='par_1_44' title="bbox 2184 1492 3815 1564">
     <span class='ocr_line' id='line_1_44' title="bbox 2184 1492 3815 1564; baseline -0.002 -15"><span class='ocrx_word' id='word_1_322' title='bbox 2184 1497 2349 1550; x_wconf 76' lang='lat' dir='ltr'>Vsus.</span> <span class='ocrx_word' id='word_1_323' title='bbox 2414 1499 2498 1551; x_wconf 87' lang='grc'>18.</span> <span class='ocrx_word' id='word_1_324' title='bbox 2563 1523 2629 1536; x_wconf 93' lang='grc'><strong><em>-</em></strong></span> <span class='ocrx_word' id='word_1_325' title='bbox 2670 1497 2732 1549; x_wconf 93' lang='lat' dir='ltr'>In</span> <span class='ocrx_word' id='word_1_326' title='bbox 2777 1495 3142 1564; x_wconf 82' lang='lat' dir='ltr'>compedibus.</span> <span class='ocrx_word' id='word_1_327' title='bbox 3197 1494 3325 1564; x_wconf 84' lang='grc'><strong>(11).)</strong></span> <span class='ocrx_word' id='word_1_328' title='bbox 3389 1494 3511 1548; x_wconf 89' lang='lat' dir='ltr'>Non</span> <span class='ocrx_word' id='word_1_329' title='bbox 3559 1492 3815 1563; x_wconf 85' lang='lat' dir='ltr'>legimus</span> 
     </span>
    </p>
   </div>
   <div class='ocr_carea' id='block_1_45' title="bbox 2108 1582 3814 1656">
    <p class='ocr_par' dir='ltr' id='par_1_45' title="bbox 2108 1582 3814 1656">
     <span class='ocr_line' id='line_1_45' title="bbox 2108 1582 3814 1656; baseline -0.004 -16"><span class='ocrx_word' id='word_1_330' title='bbox 2108 1585 2178 1640; x_wconf 92' lang='lat' dir='ltr'>de</span> <span class='ocrx_word' id='word_1_331' title='bbox 2234 1584 2608 1656; x_wconf 90' lang='lat' dir='ltr'>compedibus</span> <span class='ocrx_word' id='word_1_332' title='bbox 2652 1584 2863 1654; x_wconf 78' lang='lat' dir='ltr'>Ioseph</span> <span class='ocrx_word' id='word_1_333' title='bbox 2908 1583 2969 1638; x_wconf 91' lang='lat' dir='ltr'>in</span> <span class='ocrx_word' id='word_1_334' title='bbox 3036 1583 3259 1652; x_wconf 81' lang='lat' dir='ltr'>Genesi,</span> <span class='ocrx_word' id='word_1_335' title='bbox 3308 1583 3406 1637; x_wconf 89' lang='lat' dir='ltr'>sed</span> <span class='ocrx_word' id='word_1_336' title='bbox 3461 1582 3814 1636; x_wconf 89' lang='lat' dir='ltr'>credendum</span> 
     </span>
    </p>
   </div>
   <div class='ocr_carea' id='block_1_46' title="bbox 2041 1668 3811 1745">
    <p class='ocr_par' dir='ltr' id='par_1_46' title="bbox 2041 1668 3811 1745">
     <span class='ocr_line' id='line_1_46' title="bbox 2041 1668 3811 1745; baseline -0.003 -17"><span class='ocrx_word' id='word_1_337' title='bbox 2041 1668 2082 1722; x_wconf 89' lang='grc' dir='ltr'>Β</span> <span class='ocrx_word' id='word_1_338' title='bbox 2109 1678 2194 1728; x_wconf 90' lang='lat' dir='ltr'>est</span> <span class='ocrx_word' id='word_1_339' title='bbox 2221 1674 2372 1745; x_wconf 90' lang='lat' dir='ltr'>quod</span> <span class='ocrx_word' id='word_1_340' title='bbox 2395 1673 2476 1728; x_wconf 88' lang='lat' dir='ltr'>ibi</span> <span class='ocrx_word' id='word_1_341' title='bbox 2517 1672 2990 1744; x_wconf 66' lang='lat' dir='ltr'>praetermissum,</span> <span class='ocrx_word' id='word_1_342' title='bbox 3021 1672 3159 1727; x_wconf 90' lang='lat' dir='ltr'>dicit</span> <span class='ocrx_word' id='word_1_343' title='bbox 3201 1671 3446 1742; x_wconf 89' lang='lat' dir='ltr'>Spiritus</span> <span class='ocrx_word' id='word_1_344' title='bbox 3475 1671 3536 1724; x_wconf 92' lang='lat' dir='ltr'>in</span> <span class='ocrx_word' id='word_1_345' title='bbox 3565 1671 3811 1742; x_wconf 89' lang='lat' dir='ltr'>psalmo.</span> 
     </span>
    </p>
   </div>
   <div class='ocr_carea' id='block_1_47' title="bbox 2109 1759 3812 1832">
    <p class='ocr_par' dir='ltr' id='par_1_47' title="bbox 2109 1759 3812 1832">
     <span class='ocr_line' id='line_1_47' title="bbox 2109 1759 3812 1832; baseline -0.004 -15"><span class='ocrx_word' id='word_1_346' title='bbox 2109 1763 2311 1831; x_wconf 63' lang='lat' dir='ltr'>(Cass)</span> <span class='ocrx_word' id='word_1_347' title='bbox 2341 1763 2403 1817; x_wconf 87' lang='lat' dir='ltr'>Et</span> <span class='ocrx_word' id='word_1_348' title='bbox 2433 1761 2479 1815; x_wconf 89' lang='lat' dir='ltr'>si</span> <span class='ocrx_word' id='word_1_349' title='bbox 2509 1762 2751 1832; x_wconf 87' lang='lat' dir='ltr'>gratiam</span> <span class='ocrx_word' id='word_1_350' title='bbox 2781 1760 3048 1814; x_wconf 88' lang='lat' dir='ltr'>habuerit</span> <span class='ocrx_word' id='word_1_351' title='bbox 3104 1759 3256 1831; x_wconf 90' lang='lat' dir='ltr'>apud</span> <span class='ocrx_word' id='word_1_352' title='bbox 3285 1759 3577 1814; x_wconf 87' lang='lat' dir='ltr'>custodem</span> <span class='ocrx_word' id='word_1_353' title='bbox 3621 1775 3812 1812; x_wconf 85' lang='lat' dir='ltr'>carce-</span> 
     </span>
    </p>
   </div>
   <div class='ocr_carea' id='block_1_48' title="bbox 2110 1849 3813 1921">
    <p class='ocr_par' dir='ltr' id='par_1_48' title="bbox 2110 1849 3813 1921">
     <span class='ocr_line' id='line_1_48' title="bbox 2110 1849 3813 1921; baseline -0.002 -17"><span class='ocrx_word' id='word_1_354' title='bbox 2110 1851 2208 1916; x_wconf 87' lang='lat' dir='ltr'>ris,</span> <span class='ocrx_word' id='word_1_355' title='bbox 2269 1855 2463 1904; x_wconf 85' lang='lat' dir='ltr'>tamen</span> <span class='ocrx_word' id='word_1_356' title='bbox 2511 1850 2672 1921; x_wconf 86' lang='lat' dir='ltr'>prius</span> <span class='ocrx_word' id='word_1_357' title='bbox 2725 1849 2999 1904; x_wconf 85' lang='lat' dir='ltr'>anxiatus.</span> <span class='ocrx_word' id='word_1_358' title='bbox 3061 1849 3350 1919; x_wconf 87' lang='lat' dir='ltr'>Sequitur.</span> <span class='ocrx_word' id='word_1_359' title='bbox 3413 1850 3639 1903; x_wconf 85' lang='lat' dir='ltr'>Ferrum</span> <span class='ocrx_word' id='word_1_360' title='bbox 3689 1863 3813 1916; x_wconf 82' lang='lat' dir='ltr'>per-</span> 
     </span>
    </p>
   </div>
   <div class='ocr_carea' id='block_1_49' title="bbox 2110 1935 3807 2008">
    <p class='ocr_par' dir='ltr' id='par_1_49' title="bbox 2110 1935 3807 2008">
     <span class='ocr_line' id='line_1_49' title="bbox 2110 1935 3807 2008; baseline -0.002 -17"><span class='ocrx_word' id='word_1_361' title='bbox 2110 1939 2353 2006; x_wconf 84' lang='lat' dir='ltr'>transiit,</span> <span class='ocrx_word' id='word_1_362' title='bbox 2413 1942 2518 1992; x_wconf 88' lang='lat' dir='ltr'>etc.</span> <span class='ocrx_word' id='word_1_363' title='bbox 2577 1938 2749 2002; x_wconf 85' lang='lat' dir='ltr'>Quasi</span> <span class='ocrx_word' id='word_1_364' title='bbox 2805 1941 3016 2008; x_wconf 66' lang='lat' dir='ltr'>praater</span> <span class='ocrx_word' id='word_1_365' title='bbox 3067 1937 3220 1990; x_wconf 89' lang='lat' dir='ltr'>mala</span> <span class='ocrx_word' id='word_1_366' title='bbox 3266 1935 3523 2006; x_wconf 88' lang='lat' dir='ltr'>corporis</span> <span class='ocrx_word' id='word_1_367' title='bbox 3571 1938 3807 2002; x_wconf 88' lang='lat' dir='ltr'>ferrum,</span> 
     </span>
    </p>
   </div>
   <div class='ocr_carea' id='block_1_50' title="bbox 2107 2023 3810 2095">
    <p class='ocr_par' dir='ltr' id='par_1_50' title="bbox 2107 2023 3810 2095">
     <span class='ocr_line' id='line_1_50' title="bbox 2107 2023 3810 2095; baseline -0.002 -17"><span class='ocrx_word' id='word_1_368' title='bbox 2107 2024 2166 2079; x_wconf 92' lang='lat' dir='ltr'>id</span> <span class='ocrx_word' id='word_1_369' title='bbox 2193 2031 2277 2078; x_wconf 88' lang='lat' dir='ltr'>est</span> <span class='ocrx_word' id='word_1_370' title='bbox 2300 2025 2595 2080; x_wconf 89' lang='lat' dir='ltr'>tribulatio</span> <span class='ocrx_word' id='word_1_371' title='bbox 2640 2026 2799 2080; x_wconf 58' lang='lat' dir='ltr'>durae</span> <span class='ocrx_word' id='word_1_372' title='bbox 2843 2024 3215 2090; x_wconf 87' lang='lat' dir='ltr'>necessitatis,</span> <span class='ocrx_word' id='word_1_373' title='bbox 3266 2040 3394 2095; x_wconf 68' lang='lat' dir='ltr'>quae</span> <span class='ocrx_word' id='word_1_374' title='bbox 3419 2023 3480 2078; x_wconf 91' lang='lat' dir='ltr'>in</span> <span class='ocrx_word' id='word_1_375' title='bbox 3529 2028 3810 2078; x_wconf 66' lang='lat' dir='ltr'>aestuante</span> 
     </span>
    </p>
   </div>
   <div class='ocr_carea' id='block_1_51' title="bbox 2108 2113 3805 2183">
    <p class='ocr_par' dir='ltr' id='par_1_51' title="bbox 2108 2113 3805 2183">
     <span class='ocr_line' id='line_1_51' title="bbox 2108 2113 3805 2183; baseline -0.002 -15"><span class='ocrx_word' id='word_1_376' title='bbox 2108 2117 2166 2168; x_wconf 87' lang='lat' dir='ltr'>et</span> <span class='ocrx_word' id='word_1_377' title='bbox 2210 2113 2450 2168; x_wconf 88' lang='lat' dir='ltr'>sollicita</span> <span class='ocrx_word' id='word_1_378' title='bbox 2497 2114 2690 2168; x_wconf 90' lang='lat' dir='ltr'>anima</span> <span class='ocrx_word' id='word_1_379' title='bbox 2739 2118 2878 2180; x_wconf 90' lang='lat' dir='ltr'>erat,</span> <span class='ocrx_word' id='word_1_380' title='bbox 2927 2115 3275 2183; x_wconf 78' lang='lat' dir='ltr'>pertransiit,</span> <span class='ocrx_word' id='word_1_381' title='bbox 3307 2117 3411 2166; x_wconf 86' lang='lat' dir='ltr'>etc.</span> <span class='ocrx_word' id='word_1_382' title='bbox 3457 2113 3555 2166; x_wconf 86' lang='lat' dir='ltr'>Vel</span> <span class='ocrx_word' id='word_1_383' title='bbox 3606 2128 3805 2166; x_wconf 87' lang='lat' dir='ltr'>secun-</span> 
     </span>
    </p>
   </div>
   <div class='ocr_carea' id='block_1_52' title="bbox 2111 2202 3800 2271">
    <p class='ocr_par' dir='ltr' id='par_1_52' title="bbox 2111 2202 3800 2271">
     <span class='ocr_line' id='line_1_52' title="bbox 2111 2202 3800 2271; baseline -0.002 -15"><span class='ocrx_word' id='word_1_384' title='bbox 2111 2202 2248 2256; x_wconf 88' lang='lat' dir='ltr'>dum</span> <span class='ocrx_word' id='word_1_385' title='bbox 2271 2203 2444 2256; x_wconf 89' lang='lat' dir='ltr'>aliam</span> <span class='ocrx_word' id='word_1_386' title='bbox 2490 2203 2762 2270; x_wconf 87' lang='lat' dir='ltr'>litteram,</span> <span class='ocrx_word' id='word_1_387' title='bbox 2815 2204 3002 2256; x_wconf 85' lang='lat' dir='ltr'>anima</span> <span class='ocrx_word' id='word_1_388' title='bbox 3037 2202 3155 2271; x_wconf 84' lang='lat' dir='ltr'>ejus</span> <span class='ocrx_word' id='word_1_389' title='bbox 3198 2203 3524 2271; x_wconf 79' lang='lat' dir='ltr'>pertransiit</span> <span class='ocrx_word' id='word_1_390' title='bbox 3569 2203 3800 2268; x_wconf 85' lang='lat' dir='ltr'>ferrum,</span> 
     </span>
    </p>
   </div>
   <div class='ocr_carea' id='block_1_53' title="bbox 2107 2290 3806 2346">
    <p class='ocr_par' dir='ltr' id='par_1_53' title="bbox 2107 2290 3806 2346">
     <span class='ocr_line' id='line_1_53' title="bbox 2107 2290 3806 2346; baseline -0.001 -2"><span class='ocrx_word' id='word_1_391' title='bbox 2107 2291 2164 2345; x_wconf 93' lang='lat' dir='ltr'>id</span> <span class='ocrx_word' id='word_1_392' title='bbox 2193 2297 2278 2346; x_wconf 90' lang='lat' dir='ltr'>est</span> <span class='ocrx_word' id='word_1_393' title='bbox 2335 2291 2764 2346; x_wconf 90' lang='lat' dir='ltr'>tribulationem</span> <span class='ocrx_word' id='word_1_394' title='bbox 2796 2291 2956 2346; x_wconf 67' lang='lat' dir='ltr'>duras</span> <span class='ocrx_word' id='word_1_395' title='bbox 3006 2291 3378 2345; x_wconf 88' lang='lat' dir='ltr'>necessitatis.</span> <span class='ocrx_word' id='word_1_396' title='bbox 3414 2290 3569 2344; x_wconf 89' lang='lat' dir='ltr'>Idem</span> <span class='ocrx_word' id='word_1_397' title='bbox 3609 2306 3806 2343; x_wconf 88' lang='lat' dir='ltr'>sensus</span> 
     </span>
    </p>
   </div>
   <div class='ocr_carea' id='block_1_54' title="bbox 2109 2380 3032 2450">
    <p class='ocr_par' dir='ltr' id='par_1_54' title="bbox 2109 2380 3032 2450">
     <span class='ocr_line' id='line_1_54' title="bbox 2109 2380 3032 2450; baseline 0 -17"><span class='ocrx_word' id='word_1_398' title='bbox 2109 2395 2236 2434; x_wconf 93' lang='lat' dir='ltr'>cum</span> <span class='ocrx_word' id='word_1_399' title='bbox 2263 2380 2475 2450; x_wconf 88' lang='lat' dir='ltr'>priore.</span> <span class='ocrx_word' id='word_1_400' title='bbox 3018 2389 3032 2401; x_wconf 57' lang='grc' dir='ltr'>ί·</span> 
     </span>
    </p>
   </div>
   <div class='ocr_carea' id='block_1_55' title="bbox 2180 2484 3806 2555">
    <p class='ocr_par' dir='ltr' id='par_1_55' title="bbox 2180 2484 3806 2555">
     <span class='ocr_line' id='line_1_55' title="bbox 2180 2484 3806 2555; baseline -0.002 -15"><span class='ocrx_word' id='word_1_401' title='bbox 2180 2487 2340 2540; x_wconf 76' lang='lat' dir='ltr'>Vens.</span> <span class='ocrx_word' id='word_1_402' title='bbox 2383 2489 2472 2541; x_wconf 89' lang='lat'>23.</span> <span class='ocrx_word' id='word_1_403' title='bbox 2500 2516 2570 2526; x_wconf 94' lang='lat'><em>—</em></span> <span class='ocrx_word' id='word_1_404' title='bbox 2600 2487 2669 2540; x_wconf 93' lang='lat' dir='ltr'>In</span> <span class='ocrx_word' id='word_1_405' title='bbox 2723 2490 2872 2541; x_wconf 85' lang='lat' dir='ltr'>terra</span> <span class='ocrx_word' id='word_1_406' title='bbox 2916 2487 3102 2552; x_wconf 82' lang='lat' dir='ltr'>Cham,</span> <span class='ocrx_word' id='word_1_407' title='bbox 3128 2489 3235 2539; x_wconf 90' lang='lat' dir='ltr'>etc.</span> <span class='ocrx_word' id='word_1_408' title='bbox 3267 2485 3456 2555; x_wconf 81' lang='lat' dir='ltr'>(Auo.)</span> <span class='ocrx_word' id='word_1_409' title='bbox 3484 2484 3664 2540; x_wconf 86' lang='lat' dir='ltr'>Cham</span> <span class='ocrx_word' id='word_1_410' title='bbox 3712 2501 3806 2555; x_wconf 88' lang='lat' dir='ltr'>pa-</span> 
     </span>
    </p>
   </div>
   <div class='ocr_carea' id='block_1_56' title="bbox 2110 2572 3642 2646">
    <p class='ocr_par' dir='ltr' id='par_1_56' title="bbox 2110 2572 3642 2646">
     <span class='ocr_line' id='line_1_56' title="bbox 2110 2572 3642 2646; baseline -0.001 -18"><span class='ocrx_word' id='word_1_411' title='bbox 2110 2578 2198 2630; x_wconf 90' lang='lat' dir='ltr'>ter</span> <span class='ocrx_word' id='word_1_412' title='bbox 2227 2574 2515 2642; x_wconf 89' lang='lat' dir='ltr'>Chanaan,</span> <span class='ocrx_word' id='word_1_413' title='bbox 2549 2574 2618 2628; x_wconf 93' lang='lat' dir='ltr'>de</span> <span class='ocrx_word' id='word_1_414' title='bbox 2647 2591 2762 2646; x_wconf 92' lang='lat' dir='ltr'>quo</span> <span class='ocrx_word' id='word_1_415' title='bbox 2797 2574 3044 2646; x_wconf 64' lang='lat' dir='ltr'>Egyptii</span> <span class='ocrx_word' id='word_1_416' title='bbox 3072 2574 3310 2628; x_wconf 88' lang='lat' dir='ltr'>trahunt</span> <span class='ocrx_word' id='word_1_417' title='bbox 3337 2572 3642 2643; x_wconf 86' lang='lat' dir='ltr'>originem.</span> 
     </span>
    </p>
   </div>
   <div class='ocr_carea' id='block_1_57' title="bbox 2179 2680 3804 2750">
    <p class='ocr_par' dir='ltr' id='par_1_57' title="bbox 2179 2680 3804 2750">
     <span class='ocr_line' id='line_1_57' title="bbox 2179 2680 3804 2750; baseline -0.001 -16"><span class='ocrx_word' id='word_1_418' title='bbox 2179 2682 2338 2736; x_wconf 75' lang='lat' dir='ltr'>Vnus.</span> <span class='ocrx_word' id='word_1_419' title='bbox 2383 2683 2472 2736; x_wconf 80' lang='grc'>24.</span> <span class='ocrx_word' id='word_1_420' title='bbox 2504 2713 2569 2721; x_wconf 92' lang='grc'><strong>-</strong></span> <span class='ocrx_word' id='word_1_421' title='bbox 2619 2683 2692 2736; x_wconf 88' lang='lat' dir='ltr'>Et</span> <span class='ocrx_word' id='word_1_422' title='bbox 2743 2683 2902 2735; x_wconf 72' lang='lat' dir='ltr'>aumit</span> <span class='ocrx_word' id='word_1_423' title='bbox 2957 2680 3222 2750; x_wconf 84' lang='lat' dir='ltr'>populum</span> <span class='ocrx_word' id='word_1_424' title='bbox 3277 2695 3453 2747; x_wconf 87' lang='lat' dir='ltr'>suum,</span> <span class='ocrx_word' id='word_1_425' title='bbox 3505 2684 3613 2733; x_wconf 90' lang='lat' dir='ltr'>etc.</span> <span class='ocrx_word' id='word_1_426' title='bbox 3678 2681 3804 2748; x_wconf 85' lang='grc'><strong>(11).)</strong></span> 
     </span>
    </p>
   </div>
   <div class='ocr_carea' id='block_1_58' title="bbox 2107 2768 3808 2840">
    <p class='ocr_par' dir='ltr' id='par_1_58' title="bbox 2107 2768 3808 2840">
     <span class='ocr_line' id='line_1_58' title="bbox 2107 2768 3808 2840; baseline -0.002 -16"><span class='ocrx_word' id='word_1_427' title='bbox 2107 2769 2316 2835; x_wconf 91' lang='lat' dir='ltr'>Quinta</span> <span class='ocrx_word' id='word_1_428' title='bbox 2358 2785 2509 2840; x_wconf 88' lang='lat' dir='ltr'>pars.</span> <span class='ocrx_word' id='word_1_429' title='bbox 2564 2770 2703 2824; x_wconf 88' lang='lat' dir='ltr'>Ecce</span> <span class='ocrx_word' id='word_1_430' title='bbox 2759 2785 2888 2840; x_wconf 68' lang='lat' dir='ltr'>qua:</span> <span class='ocrx_word' id='word_1_431' title='bbox 2929 2769 2992 2822; x_wconf 91' lang='lat' dir='ltr'>in</span> <span class='ocrx_word' id='word_1_432' title='bbox 3038 2771 3280 2840; x_wconf 64' lang='lat' dir='ltr'>Egypto</span> <span class='ocrx_word' id='word_1_433' title='bbox 3339 2773 3518 2839; x_wconf 81' lang='lat' dir='ltr'>gesta,</span> <span class='ocrx_word' id='word_1_434' title='bbox 3556 2768 3808 2822; x_wconf 78' lang='lat' dir='ltr'>breviter</span> 
     </span>
    </p>
   </div>
   <div class='ocr_carea' id='block_1_59' title="bbox 2106 2854 3803 2930">
    <p class='ocr_par' dir='ltr' id='par_1_59' title="bbox 2106 2854 3803 2930">
     <span class='ocr_line' id='line_1_59' title="bbox 2106 2854 3803 2930; baseline -0.002 -18"><span class='ocrx_word' id='word_1_435' title='bbox 2106 2857 2401 2930; x_wconf 87' lang='lat' dir='ltr'>proponit,</span> <span class='ocrx_word' id='word_1_436' title='bbox 2456 2874 2585 2928; x_wconf 71' lang='lat' dir='ltr'>quae</span> <span class='ocrx_word' id='word_1_437' title='bbox 2625 2861 2826 2929; x_wconf 88' lang='lat' dir='ltr'>postea</span> <span class='ocrx_word' id='word_1_438' title='bbox 2869 2856 3115 2927; x_wconf 88' lang='lat' dir='ltr'>pleniter</span> <span class='ocrx_word' id='word_1_439' title='bbox 3163 2860 3378 2910; x_wconf 85' lang='lat' dir='ltr'>narrat.</span> <span class='ocrx_word' id='word_1_440' title='bbox 3436 2854 3583 2909; x_wconf 86' lang='lat' dir='ltr'>Dicit</span> <span class='ocrx_word' id='word_1_441' title='bbox 3627 2855 3803 2909; x_wconf 87' lang='lat' dir='ltr'>etiam</span> 
     </span>
    </p>
   </div>
   <div class='ocr_carea' id='block_1_60' title="bbox 304 2941 3808 3020">
    <p class='ocr_par' dir='ltr' id='par_1_60' title="bbox 304 2941 3808 3020">
     <span class='ocr_line' id='line_1_60' title="bbox 304 2941 3808 3020; baseline -0.002 -18"><span class='ocrx_word' id='word_1_442' title='bbox 304 2947 646 3002; x_wconf 88' lang='lat' dir='ltr'>Testamenti.</span> <span class='ocrx_word' id='word_1_443' title='bbox 692 2944 907 3000; x_wconf 86' lang='lat' dir='ltr'>Dicitur</span> <span class='ocrx_word' id='word_1_444' title='bbox 960 2943 1116 2997; x_wconf 90' lang='lat' dir='ltr'>enim</span> <span class='ocrx_word' id='word_1_445' title='bbox 1165 2949 1569 2998; x_wconf 87' lang='lat' dir='ltr'>testamentum</span> <span class='ocrx_word' id='word_1_446' title='bbox 1623 2943 1764 2998; x_wconf 90' lang='lat' dir='ltr'>illud</span> <span class='ocrx_word' id='word_1_447' title='bbox 1838 2941 1994 3014; x_wconf 91' lang='lat' dir='ltr'>quod</span> <span class='ocrx_word' id='word_1_448' title='bbox 2027 2943 2069 3000; x_wconf 90' lang='lat' dir='ltr'>C</span> <span class='ocrx_word' id='word_1_449' title='bbox 2109 2947 2397 3020; x_wconf 81' lang='lat' dir='ltr'>quomodo</span> <span class='ocrx_word' id='word_1_450' title='bbox 2455 2947 2705 3002; x_wconf 78' lang='lat' dir='ltr'>ﬁrmavit</span> <span class='ocrx_word' id='word_1_451' title='bbox 2758 2949 3037 3020; x_wconf 81' lang='lat' dir='ltr'>populum</span> <span class='ocrx_word' id='word_1_452' title='bbox 3093 2961 3261 3001; x_wconf 85' lang='lat' dir='ltr'>suum</span> <span class='ocrx_word' id='word_1_453' title='bbox 3311 2960 3485 3016; x_wconf 83' lang='lat' dir='ltr'>super</span> <span class='ocrx_word' id='word_1_454' title='bbox 3537 2943 3808 2998; x_wconf 86' lang='lat' dir='ltr'>inimicos</span> 
     </span>
    </p>
   </div>
   <div class='ocr_carea' id='block_1_61' title="bbox 299 3031 1997 3107">
    <p class='ocr_par' dir='ltr' id='par_1_61' title="bbox 299 3031 1997 3107">
     <span class='ocr_line' id='line_1_61' title="bbox 299 3031 1997 3107; baseline -0.003 -18"><span class='ocrx_word' id='word_1_455' title='bbox 299 3035 677 3107; x_wconf 89' lang='lat' dir='ltr'>promittitur,</span> <span class='ocrx_word' id='word_1_456' title='bbox 732 3039 788 3087; x_wconf 90' lang='lat' dir='ltr'>et</span> <span class='ocrx_word' id='word_1_457' title='bbox 825 3032 1100 3099; x_wconf 88' lang='lat' dir='ltr'>doctrina,</span> <span class='ocrx_word' id='word_1_458' title='bbox 1156 3032 1216 3086; x_wconf 87' lang='lat' dir='ltr'>in</span> <span class='ocrx_word' id='word_1_459' title='bbox 1271 3048 1385 3104; x_wconf 89' lang='lat' dir='ltr'>qua</span> <span class='ocrx_word' id='word_1_460' title='bbox 1459 3031 1764 3102; x_wconf 88' lang='lat' dir='ltr'>promissio</span> <span class='ocrx_word' id='word_1_461' title='bbox 1820 3031 1997 3086; x_wconf 88' lang='lat' dir='ltr'>decla-</span> 
     </span>
    </p>
   </div>
   <div class='ocr_carea' id='block_1_62' title="bbox 300 3120 1998 3190">
    <p class='ocr_par' dir='ltr' id='par_1_62' title="bbox 300 3120 1998 3190">
     <span class='ocr_line' id='line_1_62' title="bbox 300 3120 1998 3190; baseline 0.002 -19"><span class='ocrx_word' id='word_1_462' title='bbox 300 3122 477 3186; x_wconf 87' lang='lat' dir='ltr'>ratur,</span> <span class='ocrx_word' id='word_1_463' title='bbox 507 3124 563 3173; x_wconf 91' lang='lat' dir='ltr'>et</span> <span class='ocrx_word' id='word_1_464' title='bbox 596 3136 701 3190; x_wconf 91' lang='lat' dir='ltr'>pro</span> <span class='ocrx_word' id='word_1_465' title='bbox 740 3136 855 3190; x_wconf 87' lang='lat' dir='ltr'>qua</span> <span class='ocrx_word' id='word_1_466' title='bbox 902 3125 1124 3174; x_wconf 90' lang='lat' dir='ltr'>servata</span> <span class='ocrx_word' id='word_1_467' title='bbox 1150 3121 1425 3176; x_wconf 88' lang='lat' dir='ltr'>redditur.</span> <span class='ocrx_word' id='word_1_468' title='bbox 1460 3120 1585 3190; x_wconf 83' lang='lat' dir='ltr'>(lo.)</span> <span class='ocrx_word' id='word_1_469' title='bbox 1644 3121 1998 3175; x_wconf 87' lang='lat' dir='ltr'>Promissum</span> 
     </span>
    </p>
   </div>
   <div class='ocr_carea' id='block_1_63' title="bbox 301 3207 2011 3280">
    <p class='ocr_par' dir='ltr' id='par_1_63' title="bbox 301 3207 2011 3280">
     <span class='ocr_line' id='line_1_63' title="bbox 301 3207 2011 3280; baseline 0.002 -20"><span class='ocrx_word' id='word_1_470' title='bbox 301 3207 558 3273; x_wconf 87' lang='lat' dir='ltr'>estquod</span> <span class='ocrx_word' id='word_1_471' title='bbox 615 3207 868 3278; x_wconf 88' lang='lat' dir='ltr'>accipere</span> <span class='ocrx_word' id='word_1_472' title='bbox 939 3209 1257 3264; x_wconf 89' lang='lat' dir='ltr'>debemus:</span> <span class='ocrx_word' id='word_1_473' title='bbox 1319 3209 1647 3264; x_wconf 80' lang='lat' dir='ltr'>Mandatum</span> <span class='ocrx_word' id='word_1_474' title='bbox 1704 3209 1854 3280; x_wconf 89' lang='lat' dir='ltr'>quod</span> <span class='ocrx_word' id='word_1_475' title='bbox 1912 3209 2011 3263; x_wconf 63' lang='lat' dir='ltr'>fa-</span> 
     </span>
    </p>
   </div>
   <div class='ocr_carea' id='block_1_64' title="bbox 300 3295 1998 3368">
    <p class='ocr_par' dir='ltr' id='par_1_64' title="bbox 300 3295 1998 3368">
     <span class='ocr_line' id='line_1_64' title="bbox 300 3295 1998 3368; baseline 0.003 -21"><span class='ocrx_word' id='word_1_476' title='bbox 300 3309 446 3348; x_wconf 88' lang='lat' dir='ltr'>cere.</span> <span class='ocrx_word' id='word_1_477' title='bbox 506 3295 635 3349; x_wconf 65' lang='lat' dir='ltr'>Haec</span> <span class='ocrx_word' id='word_1_478' title='bbox 690 3301 775 3350; x_wconf 88' lang='lat' dir='ltr'>est</span> <span class='ocrx_word' id='word_1_479' title='bbox 849 3296 1012 3365; x_wconf 89' lang='lat' dir='ltr'>ﬁdes,</span> <span class='ocrx_word' id='word_1_480' title='bbox 1085 3302 1144 3351; x_wconf 89' lang='lat' dir='ltr'>ut</span> <span class='ocrx_word' id='word_1_481' title='bbox 1184 3298 1376 3368; x_wconf 88' lang='lat' dir='ltr'>justus</span> <span class='ocrx_word' id='word_1_482' title='bbox 1433 3314 1500 3352; x_wconf 90' lang='lat' dir='ltr'>ex</span> <span class='ocrx_word' id='word_1_483' title='bbox 1557 3297 1671 3352; x_wconf 89' lang='lat' dir='ltr'>ﬁde</span> <span class='ocrx_word' id='word_1_484' title='bbox 1727 3297 1898 3364; x_wconf 84' lang='lat' dir='ltr'>vivat,</span> <span class='ocrx_word' id='word_1_485' title='bbox 1943 3302 1998 3352; x_wconf 91' lang='lat' dir='ltr'>et</span> 
     </span>
    </p>
   </div>
   <div class='ocr_carea' id='block_1_65' title="bbox 299 3382 1993 3454">
    <p class='ocr_par' dir='ltr' id='par_1_65' title="bbox 299 3382 1993 3454">
     <span class='ocr_line' id='line_1_65' title="bbox 299 3382 1993 3454; baseline 0.004 -18"><span class='ocrx_word' id='word_1_486' title='bbox 299 3382 431 3436; x_wconf 91' lang='lat' dir='ltr'>huic</span> <span class='ocrx_word' id='word_1_487' title='bbox 473 3383 605 3437; x_wconf 91' lang='lat' dir='ltr'>ﬁdei</span> <span class='ocrx_word' id='word_1_488' title='bbox 633 3383 989 3453; x_wconf 84' lang='lat' dir='ltr'>promittitur</span> <span class='ocrx_word' id='word_1_489' title='bbox 1046 3386 1198 3439; x_wconf 70' lang='lat' dir='ltr'>heare</span> <span class='ocrx_word' id='word_1_490' title='bbox 1235 3386 1402 3439; x_wconf 89' lang='lat' dir='ltr'>ditas.</span> <span class='ocrx_word' id='word_1_491' title='bbox 1462 3386 1772 3454; x_wconf 78' lang='lat' dir='ltr'>Abraham,</span> <span class='ocrx_word' id='word_1_492' title='bbox 1828 3388 1993 3442; x_wconf 90' lang='lat' dir='ltr'>Isaac</span> 
     </span>
    </p>
   </div>
   <div class='ocr_carea' id='block_1_66' title="bbox 300 3472 1995 3546">
    <p class='ocr_par' dir='ltr' id='par_1_66' title="bbox 300 3472 1995 3546">
     <span class='ocr_line' id='line_1_66' title="bbox 300 3472 1995 3546; baseline 0.002 -22"><span class='ocrx_word' id='word_1_493' title='bbox 300 3475 352 3524; x_wconf 87' lang='lat' dir='ltr'>et</span> <span class='ocrx_word' id='word_1_494' title='bbox 405 3472 588 3525; x_wconf 87' lang='lat' dir='ltr'>Jacob.</span> <span class='ocrx_word' id='word_1_495' title='bbox 633 3472 772 3526; x_wconf 88' lang='lat' dir='ltr'>Ecce</span> <span class='ocrx_word' id='word_1_496' title='bbox 833 3477 948 3527; x_wconf 89' lang='lat' dir='ltr'>tres</span> <span class='ocrx_word' id='word_1_497' title='bbox 1022 3473 1384 3542; x_wconf 74' lang='lat' dir='ltr'>patriarchae,</span> <span class='ocrx_word' id='word_1_498' title='bbox 1468 3489 1712 3544; x_wconf 90' lang='lat' dir='ltr'>quorum</span> <span class='ocrx_word' id='word_1_499' title='bbox 1779 3475 1995 3546; x_wconf 90' lang='lat' dir='ltr'>specia-</span> 
     </span>
    </p>
   </div>
   <div class='ocr_carea' id='block_1_67' title="bbox 300 3556 1994 3633">
    <p class='ocr_par' dir='ltr' id='par_1_67' title="bbox 300 3556 1994 3633">
     <span class='ocr_line' id='line_1_67' title="bbox 300 3556 1994 3633; baseline 0.004 -22"><span class='ocrx_word' id='word_1_500' title='bbox 300 3556 432 3612; x_wconf 87' lang='lat' dir='ltr'>liter</span> <span class='ocrx_word' id='word_1_501' title='bbox 456 3574 515 3612; x_wconf 88' lang='lat' dir='ltr'>se</span> <span class='ocrx_word' id='word_1_502' title='bbox 538 3558 672 3614; x_wconf 89' lang='lat' dir='ltr'>dicit</span> <span class='ocrx_word' id='word_1_503' title='bbox 712 3561 930 3614; x_wconf 88' lang='lat' dir='ltr'>Deum:</span> <span class='ocrx_word' id='word_1_504' title='bbox 990 3562 1105 3629; x_wconf 86' lang='lat' dir='ltr'>Ego</span> <span class='ocrx_word' id='word_1_505' title='bbox 1129 3577 1253 3614; x_wconf 77' lang='lat' dir='ltr'>sum</span> <span class='ocrx_word' id='word_1_506' title='bbox 1297 3562 1438 3616; x_wconf 83' lang='lat' dir='ltr'>Deus</span> <span class='ocrx_word' id='word_1_507' title='bbox 1487 3562 1790 3633; x_wconf 82' lang='lat' dir='ltr'>Abraham,</span> <span class='ocrx_word' id='word_1_508' title='bbox 1855 3565 1994 3618; x_wconf 84' lang='lat' dir='ltr'>Deus</span> 
     </span>
    </p>
   </div>
   <div class='ocr_carea' id='block_1_68' title="bbox 300 3648 1601 3720">
    <p class='ocr_par' dir='ltr' id='par_1_68' title="bbox 300 3648 1601 3720">
     <span class='ocr_line' id='line_1_68' title="bbox 300 3648 1601 3720; baseline 0.004 -20"><span class='ocrx_word' id='word_1_509' title='bbox 300 3648 474 3716; x_wconf 90' lang='lat' dir='ltr'>Isaac,</span> <span class='ocrx_word' id='word_1_510' title='bbox 502 3649 648 3702; x_wconf 89' lang='lat' dir='ltr'>Deus</span> <span class='ocrx_word' id='word_1_511' title='bbox 675 3649 863 3705; x_wconf 81' lang='lat' dir='ltr'>Iacob.</span> <span class='ocrx_word' id='word_1_512' title='bbox 887 3649 1020 3703; x_wconf 89' lang='lat' dir='ltr'>Ecce</span> <span class='ocrx_word' id='word_1_513' title='bbox 1046 3649 1251 3720; x_wconf 84' lang='lat' dir='ltr'>triplex</span> <span class='ocrx_word' id='word_1_514' title='bbox 1271 3651 1601 3705; x_wconf 88' lang='lat' dir='ltr'>auctoritas.</span> 
     </span>
    </p>
   </div>
   <div class='ocr_carea' id='block_1_69' title="bbox 373 3737 1997 3811">
    <p class='ocr_par' dir='ltr' id='par_1_69' title="bbox 373 3737 1997 3811">
     <span class='ocr_line' id='line_1_69' title="bbox 373 3737 1997 3811; baseline 0.001 -19"><span class='ocrx_word' id='word_1_515' title='bbox 373 3737 535 3792; x_wconf 76' lang='lat' dir='ltr'>Vens.</span> <span class='ocrx_word' id='word_1_516' title='bbox 590 3740 672 3793; x_wconf 90' lang='grc'><strong>10.</strong></span> <span class='ocrx_word' id='word_1_517' title='bbox 728 3769 797 3779; x_wconf 86' lang='grc'><strong><em>-</em></strong></span> <span class='ocrx_word' id='word_1_518' title='bbox 844 3741 920 3794; x_wconf 90' lang='lat' dir='ltr'>In</span> <span class='ocrx_word' id='word_1_519' title='bbox 972 3744 1344 3795; x_wconf 86' lang='lat' dir='ltr'>testamentum</span> <span class='ocrx_word' id='word_1_520' title='bbox 1399 3746 1673 3804; x_wconf 69' lang='lat' dir='ltr'>aeternum,</span> <span class='ocrx_word' id='word_1_521' title='bbox 1750 3740 1877 3811; x_wconf 89' lang='grc'><strong>(11).)</strong></span> <span class='ocrx_word' id='word_1_522' title='bbox 1936 3739 1997 3794; x_wconf 92' lang='lat' dir='ltr'>id</span> 
     </span>
    </p>
   </div>
   <div class='ocr_carea' id='block_1_70' title="bbox 303 3826 1997 3900">
    <p class='ocr_par' dir='ltr' id='par_1_70' title="bbox 303 3826 1997 3900">
     <span class='ocr_line' id='line_1_70' title="bbox 303 3826 1997 3900; baseline 0.002 -21"><span class='ocrx_word' id='word_1_523' title='bbox 303 3830 404 3896; x_wconf 86' lang='lat' dir='ltr'>est,</span> <span class='ocrx_word' id='word_1_524' title='bbox 466 3826 618 3897; x_wconf 88' lang='lat' dir='ltr'>quod</span> <span class='ocrx_word' id='word_1_525' title='bbox 685 3844 754 3883; x_wconf 86' lang='lat' dir='ltr'>ex</span> <span class='ocrx_word' id='word_1_526' title='bbox 799 3830 924 3900; x_wconf 85' lang='lat' dir='ltr'>ipso</span> <span class='ocrx_word' id='word_1_527' title='bbox 988 3829 1163 3883; x_wconf 89' lang='lat' dir='ltr'>verbo</span> <span class='ocrx_word' id='word_1_528' title='bbox 1213 3829 1474 3900; x_wconf 87' lang='lat' dir='ltr'>impleto,</span> <span class='ocrx_word' id='word_1_529' title='bbox 1518 3834 1649 3896; x_wconf 90' lang='lat' dir='ltr'>etc.,</span> <span class='ocrx_word' id='word_1_530' title='bbox 1710 3844 1879 3898; x_wconf 86' lang='lat' dir='ltr'>usque</span> <span class='ocrx_word' id='word_1_531' title='bbox 1923 3829 1997 3882; x_wconf 91' lang='lat' dir='ltr'>ad</span> 
     </span>
    </p>
   </div>
   <div class='ocr_carea' id='block_1_71' title="bbox 303 3914 1441 3972">
    <p class='ocr_par' dir='ltr' id='par_1_71' title="bbox 303 3914 1441 3972">
     <span class='ocr_line' id='line_1_71' title="bbox 303 3914 1441 3972; baseline 0.004 -4"><span class='ocrx_word' id='word_1_532' title='bbox 303 3918 359 3968; x_wconf 88' lang='lat' dir='ltr'>et</span> <span class='ocrx_word' id='word_1_533' title='bbox 385 3918 579 3968; x_wconf 88' lang='lat' dir='ltr'>manet</span> <span class='ocrx_word' id='word_1_534' title='bbox 596 3914 750 3970; x_wconf 88' lang='lat' dir='ltr'>ﬁlius</span> <span class='ocrx_word' id='word_1_535' title='bbox 779 3916 841 3971; x_wconf 91' lang='lat' dir='ltr'>in</span> <span class='ocrx_word' id='word_1_536' title='bbox 870 3917 1116 3971; x_wconf 90' lang='lat' dir='ltr'>domoin</span> <span class='ocrx_word' id='word_1_537' title='bbox 1140 3923 1441 3972; x_wconf 65' lang='lat' dir='ltr'>aeternum.</span> 
     </span>
    </p>
   </div>
   <div class='ocr_carea' id='block_1_72' title="bbox 370 4005 1990 4076">
    <p class='ocr_par' dir='ltr' id='par_1_72' title="bbox 370 4005 1990 4076">
     <span class='ocr_line' id='line_1_72' title="bbox 370 4005 1990 4076; baseline 0.001 -19"><span class='ocrx_word' id='word_1_538' title='bbox 370 4005 531 4058; x_wconf 75' lang='lat' dir='ltr'>Vaas.</span> <span class='ocrx_word' id='word_1_539' title='bbox 587 4008 670 4059; x_wconf 93' lang='grc'>11.</span> <span class='ocrx_word' id='word_1_540' title='bbox 714 4034 783 4046; x_wconf 93' lang='grc'><strong>-</strong></span> <span class='ocrx_word' id='word_1_541' title='bbox 833 4007 1084 4074; x_wconf 62' lang='lat' dir='ltr'>(Terram</span> <span class='ocrx_word' id='word_1_542' title='bbox 1161 4007 1453 4072; x_wconf 83' lang='lat' dir='ltr'>Chanaan,</span> <span class='ocrx_word' id='word_1_543' title='bbox 1524 4005 1717 4076; x_wconf 56' lang='lat' dir='ltr'>(Cass)</span> <span class='ocrx_word' id='word_1_544' title='bbox 1770 4005 1830 4059; x_wconf 92' lang='lat' dir='ltr'>id</span> <span class='ocrx_word' id='word_1_545' title='bbox 1888 4010 1990 4073; x_wconf 91' lang='lat' dir='ltr'>est,</span> 
     </span>
    </p>
   </div>
   <div class='ocr_carea' id='block_1_73' title="bbox 302 4091 1995 4164">
    <p class='ocr_par' dir='ltr' id='par_1_73' title="bbox 302 4091 1995 4164">
     <span class='ocr_line' id='line_1_73' title="bbox 302 4091 1995 4164; baseline 0.001 -20"><span class='ocrx_word' id='word_1_546' title='bbox 302 4092 453 4162; x_wconf 89' lang='lat' dir='ltr'>quod</span> <span class='ocrx_word' id='word_1_547' title='bbox 492 4091 561 4146; x_wconf 90' lang='lat' dir='ltr'>ab</span> <span class='ocrx_word' id='word_1_548' title='bbox 619 4108 685 4147; x_wconf 91' lang='lat' dir='ltr'>ea</span> <span class='ocrx_word' id='word_1_549' title='bbox 751 4093 1142 4164; x_wconf 89' lang='lat' dir='ltr'>signiﬁcatur:</span> <span class='ocrx_word' id='word_1_550' title='bbox 1197 4094 1358 4149; x_wconf 90' lang='lat' dir='ltr'>dedit</span> <span class='ocrx_word' id='word_1_551' title='bbox 1407 4093 1563 4148; x_wconf 90' lang='lat' dir='ltr'>enim</span> <span class='ocrx_word' id='word_1_552' title='bbox 1621 4093 1795 4148; x_wconf 90' lang='lat' dir='ltr'>etiam</span> <span class='ocrx_word' id='word_1_553' title='bbox 1848 4091 1995 4147; x_wconf 91' lang='lat' dir='ltr'>hanc</span> 
     </span>
    </p>
   </div>
   <div class='ocr_carea' id='block_1_74' title="bbox 301 4181 1991 4252">
    <p class='ocr_par' dir='ltr' id='par_1_74' title="bbox 301 4181 1991 4252">
     <span class='ocr_line' id='line_1_74' title="bbox 301 4181 1991 4252; baseline 0.002 -18"><span class='ocrx_word' id='word_1_554' title='bbox 301 4184 512 4234; x_wconf 89' lang='lat' dir='ltr'>terram</span> <span class='ocrx_word' id='word_1_555' title='bbox 541 4181 602 4235; x_wconf 91' lang='lat' dir='ltr'>in</span> <span class='ocrx_word' id='word_1_556' title='bbox 654 4181 900 4252; x_wconf 89' lang='lat' dir='ltr'>ﬁguram</span> <span class='ocrx_word' id='word_1_557' title='bbox 931 4187 1179 4237; x_wconf 68' lang='lat' dir='ltr'>&#39;mternre</span> <span class='ocrx_word' id='word_1_558' title='bbox 1221 4182 1570 4238; x_wconf 60' lang='lat' dir='ltr'>hereditatis</span> <span class='ocrx_word' id='word_1_559' title='bbox 1606 4183 1644 4252; x_wconf 90' lang='grc'>(1</span> <span class='ocrx_word' id='word_1_560' title='bbox 1685 4182 1843 4237; x_wconf 88' lang='lat' dir='ltr'>Joan.</span> <span class='ocrx_word' id='word_1_561' title='bbox 1900 4187 1991 4251; x_wconf 73' lang='grc' dir='ltr'><strong>ιν).</strong></span> 
     </span>
    </p>
   </div>
   <div class='ocr_carea' id='block_1_75' title="bbox 303 4267 1997 4340">
    <p class='ocr_par' dir='ltr' id='par_1_75' title="bbox 303 4267 1997 4340">
     <span class='ocr_line' id='line_1_75' title="bbox 303 4267 1997 4340; baseline 0.003 -19"><span class='ocrx_word' id='word_1_562' title='bbox 303 4267 492 4337; x_wconf 82' lang='lat' dir='ltr'>(AUG.)</span> <span class='ocrx_word' id='word_1_563' title='bbox 517 4269 777 4340; x_wconf 90' lang='lat' dir='ltr'>Congrue</span> <span class='ocrx_word' id='word_1_564' title='bbox 816 4271 1119 4325; x_wconf 65' lang='lat' dir='ltr'>haereditas</span> <span class='ocrx_word' id='word_1_565' title='bbox 1169 4275 1382 4325; x_wconf 72' lang='lat' dir='ltr'>aeterna</span> <span class='ocrx_word' id='word_1_566' title='bbox 1430 4271 1638 4326; x_wconf 91' lang='lat' dir='ltr'>dicitur</span> <span class='ocrx_word' id='word_1_567' title='bbox 1676 4275 1825 4325; x_wconf 89' lang='lat' dir='ltr'>terra</span> <span class='ocrx_word' id='word_1_568' title='bbox 1854 4271 1997 4326; x_wconf 89' lang='lat' dir='ltr'>Cha-</span> 
     </span>
    </p>
   </div>
   <div class='ocr_carea' id='block_1_76' title="bbox 305 4357 2001 4432">
    <p class='ocr_par' dir='ltr' id='par_1_76' title="bbox 305 4357 2001 4432">
     <span class='ocr_line' id='line_1_76' title="bbox 305 4357 2001 4432; baseline 0.004 -24"><span class='ocrx_word' id='word_1_569' title='bbox 305 4370 493 4423; x_wconf 85' lang='lat' dir='ltr'>naam,</span> <span class='ocrx_word' id='word_1_570' title='bbox 527 4357 663 4427; x_wconf 87' lang='lat' dir='ltr'>quia</span> <span class='ocrx_word' id='word_1_571' title='bbox 688 4358 759 4413; x_wconf 88' lang='lat' dir='ltr'>ab</span> <span class='ocrx_word' id='word_1_572' title='bbox 811 4374 878 4412; x_wconf 89' lang='lat' dir='ltr'>ea</span> <span class='ocrx_word' id='word_1_573' title='bbox 907 4358 1055 4413; x_wconf 86' lang='lat' dir='ltr'>servi</span> <span class='ocrx_word' id='word_1_574' title='bbox 1083 4359 1444 4430; x_wconf 90' lang='lat' dir='ltr'>repelluntur</span> <span class='ocrx_word' id='word_1_575' title='bbox 1468 4363 1524 4414; x_wconf 88' lang='lat' dir='ltr'>et</span> <span class='ocrx_word' id='word_1_576' title='bbox 1574 4359 1680 4413; x_wconf 87' lang='lat' dir='ltr'>ﬁlii</span> <span class='ocrx_word' id='word_1_577' title='bbox 1717 4358 2001 4432; x_wconf 90' lang='lat' dir='ltr'>recipiun-</span> 
     </span>
    </p>
   </div>
   <div class='ocr_carea' id='block_1_77' title="bbox 301 4447 412 4498">
    <p class='ocr_par' dir='ltr' id='par_1_77' title="bbox 301 4447 412 4498">
     <span class='ocr_line' id='line_1_77' title="bbox 301 4447 412 4498; baseline 0 0"><span class='ocrx_word' id='word_1_578' title='bbox 301 4447 412 4498; x_wconf 88' lang='lat' dir='ltr'>tur.</span> 
     </span>
    </p>
   </div>
   <div class='ocr_carea' id='block_1_78' title="bbox 373 4532 1998 4605">
    <p class='ocr_par' dir='ltr' id='par_1_78' title="bbox 373 4532 1998 4605">
     <span class='ocr_line' id='line_1_78' title="bbox 373 4532 1998 4605; baseline 0.004 -21"><span class='ocrx_word' id='word_1_579' title='bbox 373 4532 534 4588; x_wconf 77' lang='lat' dir='ltr'>Vens.</span> <span class='ocrx_word' id='word_1_580' title='bbox 572 4537 654 4588; x_wconf 86' lang='lat' dir='ltr'>l2.</span> <span class='ocrx_word' id='word_1_581' title='bbox 686 4565 755 4575; x_wconf 93' lang='lat'>—-</span> <span class='ocrx_word' id='word_1_582' title='bbox 787 4537 917 4592; x_wconf 86' lang='lat' dir='ltr'>Cum</span> <span class='ocrx_word' id='word_1_583' title='bbox 945 4540 1118 4590; x_wconf 87' lang='lat' dir='ltr'>essent</span> <span class='ocrx_word' id='word_1_584' title='bbox 1146 4551 1383 4591; x_wconf 84' lang='lat' dir='ltr'>numero.</span> <span class='ocrx_word' id='word_1_585' title='bbox 1435 4536 1634 4605; x_wconf 56' lang='lat' dir='ltr'>(Cass)</span> <span class='ocrx_word' id='word_1_586' title='bbox 1697 4536 1834 4601; x_wconf 79' lang='lat' dir='ltr'>Quae</span> <span class='ocrx_word' id='word_1_587' title='bbox 1866 4535 1998 4590; x_wconf 88' lang='lat' dir='ltr'>sub-</span> 
     </span>
    </p>
   </div>
   <div class='ocr_carea' id='block_1_79' title="bbox 302 4619 2000 4695">
    <p class='ocr_par' dir='ltr' id='par_1_79' title="bbox 302 4619 2000 4695">
     <span class='ocr_line' id='line_1_79' title="bbox 302 4619 2000 4695; baseline 0.003 -22"><span class='ocrx_word' id='word_1_588' title='bbox 302 4619 444 4675; x_wconf 88' lang='lat' dir='ltr'>sidia</span> <span class='ocrx_word' id='word_1_589' title='bbox 474 4623 806 4692; x_wconf 88' lang='lat' dir='ltr'>temporalis</span> <span class='ocrx_word' id='word_1_590' title='bbox 834 4623 965 4677; x_wconf 71' lang='lat' dir='ltr'>vitae</span> <span class='ocrx_word' id='word_1_591' title='bbox 987 4623 1251 4694; x_wconf 56' lang='lat' dir='ltr'>praestitit</span> <span class='ocrx_word' id='word_1_592' title='bbox 1266 4623 1526 4695; x_wconf 89' lang='lat' dir='ltr'>patribus</span> <span class='ocrx_word' id='word_1_593' title='bbox 1556 4628 1613 4679; x_wconf 87' lang='lat' dir='ltr'>et</span> <span class='ocrx_word' id='word_1_594' title='bbox 1639 4623 1770 4679; x_wconf 88' lang='lat' dir='ltr'>ﬁliis</span> <span class='ocrx_word' id='word_1_595' title='bbox 1801 4640 2000 4678; x_wconf 90' lang='lat' dir='ltr'>eorum</span> 
     </span>
    </p>
   </div>
   <div class='ocr_carea' id='block_1_80' title="bbox 303 4711 2000 4782">
    <p class='ocr_par' dir='ltr' id='par_1_80' title="bbox 303 4711 2000 4782">
     <span class='ocr_line' id='line_1_80' title="bbox 303 4711 2000 4782; baseline 0.004 -21"><span class='ocrx_word' id='word_1_596' title='bbox 303 4712 421 4762; x_wconf 91' lang='lat' dir='ltr'>tam</span> <span class='ocrx_word' id='word_1_597' title='bbox 451 4726 642 4778; x_wconf 89' lang='lat' dir='ltr'>carne,</span> <span class='ocrx_word' id='word_1_598' title='bbox 674 4727 849 4782; x_wconf 87' lang='lat' dir='ltr'>quam</span> <span class='ocrx_word' id='word_1_599' title='bbox 878 4711 1014 4776; x_wconf 90' lang='lat' dir='ltr'>ﬁde,</span> <span class='ocrx_word' id='word_1_600' title='bbox 1051 4728 1168 4766; x_wconf 91' lang='lat' dir='ltr'>non</span> <span class='ocrx_word' id='word_1_601' title='bbox 1217 4718 1283 4766; x_wconf 91' lang='lat' dir='ltr'>ut</span> <span class='ocrx_word' id='word_1_602' title='bbox 1333 4712 1419 4766; x_wconf 86' lang='lat' dir='ltr'>his</span> <span class='ocrx_word' id='word_1_603' title='bbox 1469 4712 1744 4780; x_wconf 66' lang='lat' dir='ltr'>haereant,</span> <span class='ocrx_word' id='word_1_604' title='bbox 1779 4713 1877 4767; x_wconf 88' lang='lat' dir='ltr'>sed</span> <span class='ocrx_word' id='word_1_605' title='bbox 1933 4729 2000 4767; x_wconf 90' lang='lat' dir='ltr'>ea</span> 
     </span>
    </p>
   </div>
   <div class='ocr_carea' id='block_1_81' title="bbox 303 4797 1996 4872">
    <p class='ocr_par' dir='ltr' id='par_1_81' title="bbox 303 4797 1996 4872">
     <span class='ocr_line' id='line_1_81' title="bbox 303 4797 1996 4872; baseline 0.003 -21"><span class='ocrx_word' id='word_1_606' title='bbox 303 4797 376 4852; x_wconf 89' lang='lat' dir='ltr'>ad</span> <span class='ocrx_word' id='word_1_607' title='bbox 405 4798 624 4854; x_wconf 90' lang='lat' dir='ltr'>bonum</span> <span class='ocrx_word' id='word_1_608' title='bbox 668 4804 951 4854; x_wconf 63' lang='lat' dir='ltr'>aeternum</span> <span class='ocrx_word' id='word_1_609' title='bbox 978 4800 1245 4866; x_wconf 76' lang='lat' dir='ltr'>referant,</span> <span class='ocrx_word' id='word_1_610' title='bbox 1264 4801 1419 4871; x_wconf 88' lang='lat' dir='ltr'>quod</span> <span class='ocrx_word' id='word_1_611' title='bbox 1450 4806 1555 4872; x_wconf 89' lang='lat' dir='ltr'>est,</span> <span class='ocrx_word' id='word_1_612' title='bbox 1575 4806 1636 4856; x_wconf 88' lang='lat' dir='ltr'>ut</span> <span class='ocrx_word' id='word_1_613' title='bbox 1666 4801 1754 4856; x_wconf 90' lang='lat' dir='ltr'>his</span> <span class='ocrx_word' id='word_1_614' title='bbox 1791 4801 1996 4869; x_wconf 86' lang='lat' dir='ltr'>allecti,</span> 
     </span>
    </p>
   </div>
   <div class='ocr_carea' id='block_1_82' title="bbox 297 4887 1502 4962">
    <p class='ocr_par' dir='ltr' id='par_1_82' title="bbox 297 4887 1502 4962">
     <span class='ocr_line' id='line_1_82' title="bbox 297 4887 1502 4962; baseline 0.004 -22"><span class='ocrx_word' id='word_1_615' title='bbox 297 4887 737 4958; x_wconf 85' lang='lat' dir='ltr'>justiticationes</span> <span class='ocrx_word' id='word_1_616' title='bbox 762 4894 815 4944; x_wconf 91' lang='lat' dir='ltr'>et</span> <span class='ocrx_word' id='word_1_617' title='bbox 847 4889 1034 4960; x_wconf 90' lang='lat' dir='ltr'>legem</span> <span class='ocrx_word' id='word_1_618' title='bbox 1057 4890 1157 4944; x_wconf 89' lang='lat' dir='ltr'>Dei</span> <span class='ocrx_word' id='word_1_619' title='bbox 1186 4890 1502 4962; x_wconf 89' lang='lat' dir='ltr'>requirant.</span> 
     </span>
    </p>
   </div>
   <div class='ocr_carea' id='block_1_83' title="bbox 372 4977 1998 5050">
    <p class='ocr_par' dir='ltr' id='par_1_83' title="bbox 372 4977 1998 5050">
     <span class='ocr_line' id='line_1_83' title="bbox 372 4977 1998 5050; baseline 0.003 -22"><span class='ocrx_word' id='word_1_620' title='bbox 372 4977 533 5032; x_wconf 79' lang='lat' dir='ltr'>Vens.</span> <span class='ocrx_word' id='word_1_621' title='bbox 572 4981 653 5033; x_wconf 87' lang='grc'><strong>13.</strong></span> <span class='ocrx_word' id='word_1_622' title='bbox 695 5009 764 5018; x_wconf 90' lang='grc'><strong><em>-</em></strong></span> <span class='ocrx_word' id='word_1_623' title='bbox 803 4979 885 5033; x_wconf 90' lang='lat' dir='ltr'>De</span> <span class='ocrx_word' id='word_1_624' title='bbox 902 4994 1083 5046; x_wconf 90' lang='lat' dir='ltr'>regno.</span> <span class='ocrx_word' id='word_1_625' title='bbox 1120 4979 1304 5047; x_wconf 82' lang='lat' dir='ltr'>(Auc.)</span> <span class='ocrx_word' id='word_1_626' title='bbox 1340 4980 1462 5034; x_wconf 88' lang='lat' dir='ltr'>Non</span> <span class='ocrx_word' id='word_1_627' title='bbox 1486 4980 1640 5050; x_wconf 91' lang='lat' dir='ltr'>quod</span> <span class='ocrx_word' id='word_1_628' title='bbox 1663 4983 1800 5034; x_wconf 88' lang='lat' dir='ltr'>tunc</span> <span class='ocrx_word' id='word_1_629' title='bbox 1827 4984 1998 5050; x_wconf 88' lang='lat' dir='ltr'>esset,</span> 
     </span>
    </p>
   </div>
   <div class='ocr_carea' id='block_1_84' title="bbox 302 5065 1531 5138">
    <p class='ocr_par' dir='ltr' id='par_1_84' title="bbox 302 5065 1531 5138">
     <span class='ocr_line' id='line_1_84' title="bbox 302 5065 1531 5138; baseline 0.003 -20"><span class='ocrx_word' id='word_1_630' title='bbox 302 5065 402 5119; x_wconf 88' lang='lat' dir='ltr'>sed</span> <span class='ocrx_word' id='word_1_631' title='bbox 433 5065 583 5136; x_wconf 89' lang='lat' dir='ltr'>quod</span> <span class='ocrx_word' id='word_1_632' title='bbox 603 5066 864 5122; x_wconf 90' lang='lat' dir='ltr'>futurum</span> <span class='ocrx_word' id='word_1_633' title='bbox 890 5072 1037 5122; x_wconf 90' lang='lat' dir='ltr'>esset</span> <span class='ocrx_word' id='word_1_634' title='bbox 1065 5083 1312 5138; x_wconf 88' lang='lat' dir='ltr'>regnum</span> <span class='ocrx_word' id='word_1_635' title='bbox 1343 5069 1531 5124; x_wconf 88' lang='lat' dir='ltr'>Israel.</span> 
     </span>
    </p>
   </div>
   <div class='ocr_carea' id='block_1_85' title="bbox 393 5154 2003 5226">
    <p class='ocr_par' dir='ltr' id='par_1_85' title="bbox 393 5154 2003 5226">
     <span class='ocr_line' id='line_1_85' title="bbox 393 5154 2003 5226; baseline 0.004 -20"><span class='ocrx_word' id='word_1_636' title='bbox 393 5154 556 5210; x_wconf 75' lang='lat' dir='ltr'>Vens.</span> <span class='ocrx_word' id='word_1_637' title='bbox 584 5159 668 5210; x_wconf 84' lang='grc'><strong>15.</strong></span> <span class='ocrx_word' id='word_1_638' title='bbox 699 5157 964 5212; x_wconf 86' lang='lat' dir='ltr'>—Nolite</span> <span class='ocrx_word' id='word_1_639' title='bbox 1008 5160 1252 5223; x_wconf 84' lang='lat' dir='ltr'>tangere.</span> <span class='ocrx_word' id='word_1_640' title='bbox 1306 5157 1426 5226; x_wconf 84' lang='grc'><strong>(11).)</strong></span> <span class='ocrx_word' id='word_1_641' title='bbox 1471 5158 1599 5211; x_wconf 63' lang='lat' dir='ltr'>Hinc</span> <span class='ocrx_word' id='word_1_642' title='bbox 1624 5156 1817 5225; x_wconf 88' lang='lat' dir='ltr'>verba,</span> <span class='ocrx_word' id='word_1_643' title='bbox 1868 5156 2003 5212; x_wconf 92' lang='lat' dir='ltr'>licet</span> 
     </span>
    </p>
   </div>
   <div class='ocr_carea' id='block_1_86' title="bbox 302 5239 2001 5310">
    <p class='ocr_par' dir='ltr' id='par_1_86' title="bbox 302 5239 2001 5310">
     <span class='ocr_line' id='line_1_86' title="bbox 302 5239 2001 5310; baseline 0.003 -18"><span class='ocrx_word' id='word_1_644' title='bbox 302 5239 365 5293; x_wconf 93' lang='lat' dir='ltr'>in</span> <span class='ocrx_word' id='word_1_645' title='bbox 395 5241 634 5296; x_wconf 88' lang='lat' dir='ltr'>historia</span> <span class='ocrx_word' id='word_1_646' title='bbox 655 5259 771 5297; x_wconf 92' lang='lat' dir='ltr'>non</span> <span class='ocrx_word' id='word_1_647' title='bbox 802 5243 935 5310; x_wconf 88' lang='lat' dir='ltr'>sint,</span> <span class='ocrx_word' id='word_1_648' title='bbox 957 5248 1150 5299; x_wconf 88' lang='lat' dir='ltr'>tamen</span> <span class='ocrx_word' id='word_1_649' title='bbox 1181 5245 1265 5298; x_wconf 92' lang='lat' dir='ltr'>vel</span> <span class='ocrx_word' id='word_1_650' title='bbox 1297 5244 1536 5299; x_wconf 88' lang='lat' dir='ltr'>latenter</span> <span class='ocrx_word' id='word_1_651' title='bbox 1566 5244 1708 5299; x_wconf 82' lang='lat' dir='ltr'>dixit</span> <span class='ocrx_word' id='word_1_652' title='bbox 1755 5261 1821 5299; x_wconf 89' lang='lat' dir='ltr'>ea</span> <span class='ocrx_word' id='word_1_653' title='bbox 1855 5245 2001 5299; x_wconf 91' lang='lat' dir='ltr'>Deus</span> 
     </span>
    </p>
   </div>
   <div class='ocr_carea' id='block_1_87' title="bbox 301 5328 1997 5405">
    <p class='ocr_par' dir='ltr' id='par_1_87' title="bbox 301 5328 1997 5405">
     <span class='ocr_line' id='line_1_87' title="bbox 301 5328 1997 5405; baseline 0.004 -24"><span class='ocrx_word' id='word_1_654' title='bbox 301 5328 362 5382; x_wconf 91' lang='lat' dir='ltr'>in</span> <span class='ocrx_word' id='word_1_655' title='bbox 416 5330 684 5386; x_wconf 89' lang='lat' dir='ltr'>cordibus</span> <span class='ocrx_word' id='word_1_656' title='bbox 737 5332 1062 5398; x_wconf 91' lang='lat' dir='ltr'>hominum,</span> <span class='ocrx_word' id='word_1_657' title='bbox 1123 5333 1212 5387; x_wconf 89' lang='lat' dir='ltr'>vel</span> <span class='ocrx_word' id='word_1_658' title='bbox 1241 5349 1344 5403; x_wconf 89' lang='lat' dir='ltr'>per</span> <span class='ocrx_word' id='word_1_659' title='bbox 1386 5333 1680 5405; x_wconf 89' lang='lat' dir='ltr'>angelum.</span> <span class='ocrx_word' id='word_1_660' title='bbox 1736 5334 1997 5400; x_wconf 84' lang='lat' dir='ltr'>Christos,</span> 
     </span>
    </p>
   </div>
   <div class='ocr_carea' id='block_1_88' title="bbox 304 5417 2001 5492">
    <p class='ocr_par' dir='ltr' id='par_1_88' title="bbox 304 5417 2001 5492">
     <span class='ocr_line' id='line_1_88' title="bbox 304 5417 2001 5492; baseline 0.004 -22"><span class='ocrx_word' id='word_1_661' title='bbox 304 5417 424 5486; x_wconf 91' lang='grc'><strong>(11).)</strong></span> <span class='ocrx_word' id='word_1_662' title='bbox 456 5417 592 5489; x_wconf 89' lang='lat' dir='ltr'>quia</span> <span class='ocrx_word' id='word_1_663' title='bbox 642 5421 763 5490; x_wconf 88' lang='lat' dir='ltr'>jam</span> <span class='ocrx_word' id='word_1_664' title='bbox 804 5425 941 5476; x_wconf 92' lang='lat' dir='ltr'>tunc</span> <span class='ocrx_word' id='word_1_665' title='bbox 1003 5420 1331 5492; x_wconf 87' lang='lat' dir='ltr'>Christiani,</span> <span class='ocrx_word' id='word_1_666' title='bbox 1388 5422 1494 5476; x_wconf 90' lang='lat' dir='ltr'>etsi</span> <span class='ocrx_word' id='word_1_667' title='bbox 1540 5421 1804 5489; x_wconf 86' lang='lat' dir='ltr'>latenter,</span> <span class='ocrx_word' id='word_1_668' title='bbox 1849 5422 2001 5476; x_wconf 87' lang='lat' dir='ltr'>unde</span> 
     </span>
    </p>
   </div>
   <div class='ocr_carea' id='block_1_89' title="bbox 305 5505 2002 5578">
    <p class='ocr_par' dir='ltr' id='par_1_89' title="bbox 305 5505 2002 5578">
     <span class='ocr_line' id='line_1_89' title="bbox 305 5505 2002 5578; baseline 0.002 -16"><span class='ocrx_word' id='word_1_669' title='bbox 305 5505 590 5562; x_wconf 78' lang='lat' dir='ltr'>Abraham</span> <span class='ocrx_word' id='word_1_670' title='bbox 618 5511 933 5578; x_wconf 66' lang='lat' dir='ltr'>exsultavit,</span> <span class='ocrx_word' id='word_1_671' title='bbox 990 5516 1054 5564; x_wconf 86' lang='lat' dir='ltr'>ut</span> <span class='ocrx_word' id='word_1_672' title='bbox 1098 5511 1304 5566; x_wconf 81' lang='lat' dir='ltr'>videret</span> <span class='ocrx_word' id='word_1_673' title='bbox 1331 5510 1473 5566; x_wconf 85' lang='lat' dir='ltr'>diem</span> <span class='ocrx_word' id='word_1_674' title='bbox 1519 5526 1711 5578; x_wconf 89' lang='lat' dir='ltr'>meum,</span> <span class='ocrx_word' id='word_1_675' title='bbox 1777 5510 1921 5565; x_wconf 79' lang='lat' dir='ltr'>vidit</span> <span class='ocrx_word' id='word_1_676' title='bbox 1951 5515 2002 5566; x_wconf 85' lang='lat' dir='ltr'>et</span> 
     </span>
    </p>
   </div>
   <div class='ocr_carea' id='block_1_90' title="bbox 2109 3052 2263 3090">
    <p class='ocr_par' dir='ltr' id='par_1_90' title="bbox 2109 3052 2263 3090">
     <span class='ocr_line' id='line_1_90' title="bbox 2109 3052 2263 3090; baseline 0.006 -1"><span class='ocrx_word' id='word_1_677' title='bbox 2109 3052 2263 3090; x_wconf 79' lang='lat' dir='ltr'>SUOS.</span> 
     </span>
    </p>
   </div>
   <div class='ocr_carea' id='block_1_91' title="bbox 2179 3120 3808 3194">
    <p class='ocr_par' dir='ltr' id='par_1_91' title="bbox 2179 3120 3808 3194">
     <span class='ocr_line' id='line_1_91' title="bbox 2179 3120 3808 3194; baseline -0.001 -16"><span class='ocrx_word' id='word_1_678' title='bbox 2179 3125 2251 3178; x_wconf 87' lang='lat' dir='ltr'>Et</span> <span class='ocrx_word' id='word_1_679' title='bbox 2283 3124 2524 3192; x_wconf 76' lang='lat' dir='ltr'>ﬁrmavit</span> <span class='ocrx_word' id='word_1_680' title='bbox 2574 3138 2710 3178; x_wconf 87' lang='lat' dir='ltr'>eum.</span> <span class='ocrx_word' id='word_1_681' title='bbox 2768 3123 2876 3177; x_wconf 85' lang='lat' dir='ltr'>Per</span> <span class='ocrx_word' id='word_1_682' title='bbox 2941 3122 3106 3192; x_wconf 88' lang='lat' dir='ltr'>signa</span> <span class='ocrx_word' id='word_1_683' title='bbox 3153 3120 3328 3194; x_wconf 83' lang='lat' dir='ltr'>Moysi</span> <span class='ocrx_word' id='word_1_684' title='bbox 3379 3121 3612 3188; x_wconf 86' lang='lat' dir='ltr'>scilicet,</span> <span class='ocrx_word' id='word_1_685' title='bbox 3673 3127 3808 3176; x_wconf 84' lang='lat' dir='ltr'>ante</span> 
     </span>
    </p>
   </div>
   <div class='ocr_carea' id='block_1_92' title="bbox 2108 3210 3812 3276">
    <p class='ocr_par' dir='ltr' id='par_1_92' title="bbox 2108 3210 3812 3276">
     <span class='ocr_line' id='line_1_92' title="bbox 2108 3210 3812 3276; baseline -0.001 -10"><span class='ocrx_word' id='word_1_686' title='bbox 2108 3212 2262 3268; x_wconf 89' lang='lat' dir='ltr'>enim</span> <span class='ocrx_word' id='word_1_687' title='bbox 2290 3211 2590 3266; x_wconf 86' lang='lat' dir='ltr'>masculini</span> <span class='ocrx_word' id='word_1_688' title='bbox 2621 3212 2770 3266; x_wconf 89' lang='lat' dir='ltr'>fetus</span> <span class='ocrx_word' id='word_1_689' title='bbox 2794 3210 3047 3265; x_wconf 89' lang='lat' dir='ltr'>ﬁliorum</span> <span class='ocrx_word' id='word_1_690' title='bbox 3088 3211 3259 3265; x_wconf 90' lang='lat' dir='ltr'>Israel</span> <span class='ocrx_word' id='word_1_691' title='bbox 3317 3210 3692 3276; x_wconf 87' lang='lat' dir='ltr'>necabantur,</span> <span class='ocrx_word' id='word_1_692' title='bbox 3753 3215 3812 3265; x_wconf 87' lang='lat' dir='ltr'>et</span> 
     </span>
    </p>
   </div>
   <div class='ocr_carea' id='block_1_93' title="bbox 2106 3299 3812 3372">
    <p class='ocr_par' dir='ltr' id='par_1_93' title="bbox 2106 3299 3812 3372">
     <span class='ocr_line' id='line_1_93' title="bbox 2106 3299 3812 3372; baseline -0.001 -17"><span class='ocrx_word' id='word_1_693' title='bbox 2106 3300 2219 3372; x_wconf 90' lang='lat' dir='ltr'>ipsi</span> <span class='ocrx_word' id='word_1_694' title='bbox 2261 3301 2322 3356; x_wconf 88' lang='lat' dir='ltr'>in</span> <span class='ocrx_word' id='word_1_695' title='bbox 2373 3299 2649 3356; x_wconf 88' lang='lat' dir='ltr'>faciendis</span> <span class='ocrx_word' id='word_1_696' title='bbox 2680 3299 2953 3354; x_wconf 76' lang='lat' dir='ltr'>lateribus</span> <span class='ocrx_word' id='word_1_697' title='bbox 2982 3299 3436 3354; x_wconf 88' lang='lat' dir='ltr'>conterebantur.</span> <span class='ocrx_word' id='word_1_698' title='bbox 3467 3299 3577 3354; x_wconf 88' lang='lat' dir='ltr'>Sed</span> <span class='ocrx_word' id='word_1_699' title='bbox 3604 3305 3812 3369; x_wconf 87' lang='lat' dir='ltr'>postea</span> 
     </span>
    </p>
   </div>
   <div class='ocr_carea' id='block_1_94' title="bbox 2106 3387 3810 3459">
    <p class='ocr_par' dir='ltr' id='par_1_94' title="bbox 2106 3387 3810 3459">
     <span class='ocr_line' id='line_1_94' title="bbox 2106 3387 3810 3459; baseline -0.002 -15"><span class='ocrx_word' id='word_1_700' title='bbox 2106 3389 2166 3443; x_wconf 87' lang='lat' dir='ltr'>in</span> <span class='ocrx_word' id='word_1_701' title='bbox 2216 3405 2394 3444; x_wconf 89' lang='lat' dir='ltr'>manu</span> <span class='ocrx_word' id='word_1_702' title='bbox 2440 3387 2681 3459; x_wconf 90' lang='lat' dir='ltr'>potenti,</span> <span class='ocrx_word' id='word_1_703' title='bbox 2716 3391 2772 3441; x_wconf 92' lang='lat' dir='ltr'>et</span> <span class='ocrx_word' id='word_1_704' title='bbox 2799 3403 2903 3459; x_wconf 90' lang='lat' dir='ltr'>per</span> <span class='ocrx_word' id='word_1_705' title='bbox 2945 3387 3110 3458; x_wconf 88' lang='lat' dir='ltr'>signa</span> <span class='ocrx_word' id='word_1_706' title='bbox 3138 3392 3194 3441; x_wconf 90' lang='lat' dir='ltr'>et</span> <span class='ocrx_word' id='word_1_707' title='bbox 3237 3391 3504 3458; x_wconf 89' lang='lat' dir='ltr'>portenta</span> <span class='ocrx_word' id='word_1_708' title='bbox 3552 3387 3810 3455; x_wconf 90' lang='lat' dir='ltr'>Domini,</span> 
     </span>
    </p>
   </div>
   <div class='ocr_carea' id='block_1_95' title="bbox 2106 3475 3164 3534">
    <p class='ocr_par' dir='ltr' id='par_1_95' title="bbox 2106 3475 3164 3534">
     <span class='ocr_line' id='line_1_95' title="bbox 2106 3475 3164 3534; baseline -0.005 0"><span class='ocrx_word' id='word_1_709' title='bbox 2106 3477 2399 3534; x_wconf 87' lang='lat' dir='ltr'>metuendi</span> <span class='ocrx_word' id='word_1_710' title='bbox 2419 3483 2478 3532; x_wconf 90' lang='lat' dir='ltr'>et</span> <span class='ocrx_word' id='word_1_711' title='bbox 2497 3477 2820 3532; x_wconf 88' lang='lat' dir='ltr'>honorandi</span> <span class='ocrx_word' id='word_1_712' title='bbox 2857 3475 2992 3530; x_wconf 90' lang='lat' dir='ltr'>facti</span> <span class='ocrx_word' id='word_1_713' title='bbox 3013 3479 3164 3530; x_wconf 90' lang='lat' dir='ltr'>sunt.</span> 
     </span>
    </p>
   </div>
   <div class='ocr_carea' id='block_1_96' title="bbox 2175 3563 3813 3635">
    <p class='ocr_par' dir='ltr' id='par_1_96' title="bbox 2175 3563 3813 3635">
     <span class='ocr_line' id='line_1_96' title="bbox 2175 3563 3813 3635; baseline -0.001 -15"><span class='ocrx_word' id='word_1_714' title='bbox 2175 3567 2336 3622; x_wconf 75' lang='lat' dir='ltr'>Vens.</span> <span class='ocrx_word' id='word_1_715' title='bbox 2400 3568 2490 3621; x_wconf 80' lang='lat'>25.</span> <span class='ocrx_word' id='word_1_716' title='bbox 2555 3596 2622 3606; x_wconf 92' lang='lat'>—</span> <span class='ocrx_word' id='word_1_717' title='bbox 2672 3565 2965 3621; x_wconf 87' lang='lat' dir='ltr'>Convertit.</span> <span class='ocrx_word' id='word_1_718' title='bbox 3028 3564 3157 3635; x_wconf 90' lang='grc'><strong>(11).)</strong></span> <span class='ocrx_word' id='word_1_719' title='bbox 3217 3563 3513 3628; x_wconf 91' lang='lat' dir='ltr'>Quomodo</span> <span class='ocrx_word' id='word_1_720' title='bbox 3563 3563 3674 3619; x_wconf 88' lang='lat' dir='ltr'>hoc</span> <span class='ocrx_word' id='word_1_721' title='bbox 3718 3565 3813 3621; x_wconf 88' lang='lat' dir='ltr'>fa-</span> 
     </span>
    </p>
   </div>
   <div class='ocr_carea' id='block_1_97' title="bbox 2106 3652 3811 3726">
    <p class='ocr_par' dir='ltr' id='par_1_97' title="bbox 2106 3652 3811 3726">
     <span class='ocr_line' id='line_1_97' title="bbox 2106 3652 3811 3726; baseline -0.001 -16"><span class='ocrx_word' id='word_1_722' title='bbox 2106 3661 2260 3710; x_wconf 89' lang='lat' dir='ltr'>ctum</span> <span class='ocrx_word' id='word_1_723' title='bbox 2327 3655 2401 3709; x_wconf 91' lang='lat' dir='ltr'>sit</span> <span class='ocrx_word' id='word_1_724' title='bbox 2450 3671 2685 3709; x_wconf 88' lang='lat' dir='ltr'>narrare</span> <span class='ocrx_word' id='word_1_725' title='bbox 2760 3652 2981 3726; x_wconf 89' lang='lat' dir='ltr'>incipit.</span> <span class='ocrx_word' id='word_1_726' title='bbox 3073 3653 3381 3720; x_wconf 85' lang='lat' dir='ltr'>Convertit,</span> <span class='ocrx_word' id='word_1_727' title='bbox 3459 3669 3578 3708; x_wconf 91' lang='lat' dir='ltr'>non</span> <span class='ocrx_word' id='word_1_728' title='bbox 3649 3655 3811 3726; x_wconf 89' lang='lat' dir='ltr'>quod</span> 
     </span>
    </p>
   </div>
   <div class='ocr_carea' id='block_1_98' title="bbox 2108 3741 3808 3809">
    <p class='ocr_par' dir='ltr' id='par_1_98' title="bbox 2108 3741 3808 3809">
     <span class='ocr_line' id='line_1_98' title="bbox 2108 3741 3808 3809; baseline -0.002 -10"><span class='ocrx_word' id='word_1_729' title='bbox 2108 3745 2256 3799; x_wconf 80' lang='lat' dir='ltr'>Deus</span> <span class='ocrx_word' id='word_1_730' title='bbox 2319 3743 2393 3797; x_wconf 88' lang='lat' dir='ltr'>sit</span> <span class='ocrx_word' id='word_1_731' title='bbox 2436 3747 2638 3798; x_wconf 90' lang='lat' dir='ltr'>auctor</span> <span class='ocrx_word' id='word_1_732' title='bbox 2695 3743 2833 3796; x_wconf 88' lang='lat' dir='ltr'>mali</span> <span class='ocrx_word' id='word_1_733' title='bbox 2864 3742 2962 3796; x_wconf 89' lang='lat' dir='ltr'>sed</span> <span class='ocrx_word' id='word_1_734' title='bbox 3006 3742 3172 3796; x_wconf 90' lang='lat' dir='ltr'>malis</span> <span class='ocrx_word' id='word_1_735' title='bbox 3203 3741 3350 3796; x_wconf 89' lang='lat' dir='ltr'>bene</span> <span class='ocrx_word' id='word_1_736' title='bbox 3401 3742 3602 3809; x_wconf 84' lang='lat' dir='ltr'>utitur,</span> <span class='ocrx_word' id='word_1_737' title='bbox 3664 3742 3808 3796; x_wconf 88' lang='lat' dir='ltr'>dum</span> 
     </span>
    </p>
   </div>
   <div class='ocr_carea' id='block_1_99' title="bbox 2106 3829 3807 3897">
    <p class='ocr_par' dir='ltr' id='par_1_99' title="bbox 2106 3829 3807 3897">
     <span class='ocr_line' id='line_1_99' title="bbox 2106 3829 3807 3897; baseline -0.002 -9"><span class='ocrx_word' id='word_1_738' title='bbox 2106 3833 2265 3888; x_wconf 83' lang='lat' dir='ltr'>auxit</span> <span class='ocrx_word' id='word_1_739' title='bbox 2291 3831 2622 3886; x_wconf 84' lang='lat' dir='ltr'>felicitatem</span> <span class='ocrx_word' id='word_1_740' title='bbox 2651 3831 2846 3897; x_wconf 89' lang='lat' dir='ltr'>Israel,</span> <span class='ocrx_word' id='word_1_741' title='bbox 2905 3829 2990 3884; x_wconf 90' lang='lat' dir='ltr'>illi</span> <span class='ocrx_word' id='word_1_742' title='bbox 3035 3830 3108 3884; x_wconf 90' lang='lat' dir='ltr'>ad</span> <span class='ocrx_word' id='word_1_743' title='bbox 3135 3829 3510 3884; x_wconf 85' lang='lat' dir='ltr'>invidendum</span> <span class='ocrx_word' id='word_1_744' title='bbox 3543 3831 3807 3886; x_wconf 86' lang='lat' dir='ltr'>conversi</span> 
     </span>
    </p>
   </div>
   <div class='ocr_carea' id='block_1_100' title="bbox 2104 3918 3807 3991">
    <p class='ocr_par' dir='ltr' id='par_1_100' title="bbox 2104 3918 3807 3991">
     <span class='ocr_line' id='line_1_100' title="bbox 2104 3918 3807 3991; baseline -0.001 -17"><span class='ocrx_word' id='word_1_745' title='bbox 2104 3925 2256 3987; x_wconf 89' lang='lat' dir='ltr'>sunt,</span> <span class='ocrx_word' id='word_1_746' title='bbox 2292 3920 2427 3991; x_wconf 88' lang='lat' dir='ltr'>quia</span> <span class='ocrx_word' id='word_1_747' title='bbox 2477 3919 2600 3989; x_wconf 86' lang='lat' dir='ltr'>jam</span> <span class='ocrx_word' id='word_1_748' title='bbox 2637 3918 2773 3972; x_wconf 90' lang='lat' dir='ltr'>mali</span> <span class='ocrx_word' id='word_1_749' title='bbox 2829 3923 3011 3972; x_wconf 83' lang='lat' dir='ltr'>erant.</span> <span class='ocrx_word' id='word_1_750' title='bbox 3062 3920 3130 3972; x_wconf 87' lang='lat' dir='ltr'>Ut</span> <span class='ocrx_word' id='word_1_751' title='bbox 3184 3918 3413 3973; x_wconf 82' lang='lat' dir='ltr'>adirent.</span> <span class='ocrx_word' id='word_1_752' title='bbox 3446 3919 3663 3974; x_wconf 79' lang='lat' dir='ltr'>Invidia</span> <span class='ocrx_word' id='word_1_753' title='bbox 3720 3924 3807 3974; x_wconf 90' lang='lat' dir='ltr'>est</span> 
     </span>
    </p>
   </div>
   <div class='ocr_carea' id='block_1_101' title="bbox 2104 4006 2864 4064">
    <p class='ocr_par' dir='ltr' id='par_1_101' title="bbox 2104 4006 2864 4064">
     <span class='ocr_line' id='line_1_101' title="bbox 2104 4006 2864 4064; baseline -0.007 0"><span class='ocrx_word' id='word_1_754' title='bbox 2104 4009 2301 4064; x_wconf 91' lang='lat' dir='ltr'>odium</span> <span class='ocrx_word' id='word_1_755' title='bbox 2324 4007 2612 4063; x_wconf 85' lang='lat' dir='ltr'>felicitatis</span> <span class='ocrx_word' id='word_1_756' title='bbox 2643 4006 2864 4060; x_wconf 67' lang='lat' dir='ltr'>alienae.</span> 
     </span>
    </p>
   </div>
   <div class='ocr_carea' id='block_1_102' title="bbox 2175 4093 3806 4165">
    <p class='ocr_par' dir='ltr' id='par_1_102' title="bbox 2175 4093 3806 4165">
     <span class='ocr_line' id='line_1_102' title="bbox 2175 4093 3806 4165; baseline -0.002 -15"><span class='ocrx_word' id='word_1_757' title='bbox 2175 4099 2334 4152; x_wconf 78' lang='lat' dir='ltr'>Vens.</span> <span class='ocrx_word' id='word_1_758' title='bbox 2368 4099 2464 4151; x_wconf 89' lang='grc'><strong>26.</strong></span> <span class='ocrx_word' id='word_1_759' title='bbox 2527 4097 2794 4151; x_wconf 85' lang='lat' dir='ltr'>—Misit.</span> <span class='ocrx_word' id='word_1_760' title='bbox 2861 4093 2968 4159; x_wconf 89' lang='lat' dir='ltr'>Qui</span> <span class='ocrx_word' id='word_1_761' title='bbox 3023 4093 3218 4148; x_wconf 89' lang='lat' dir='ltr'>omnia</span> <span class='ocrx_word' id='word_1_762' title='bbox 3265 4110 3367 4165; x_wconf 88' lang='lat' dir='ltr'>per</span> <span class='ocrx_word' id='word_1_763' title='bbox 3403 4110 3464 4148; x_wconf 85' lang='lat' dir='ltr'>se</span> <span class='ocrx_word' id='word_1_764' title='bbox 3493 4097 3724 4164; x_wconf 86' lang='lat' dir='ltr'>poterat</span> <span class='ocrx_word' id='word_1_765' title='bbox 3744 4098 3806 4147; x_wconf 86' lang='lat' dir='ltr'>ut</span> 
     </span>
    </p>
   </div>
   <div class='ocr_carea' id='block_1_103' title="bbox 2111 4181 3806 4255">
    <p class='ocr_par' dir='ltr' id='par_1_103' title="bbox 2111 4181 3806 4255">
     <span class='ocr_line' id='line_1_103' title="bbox 2111 4181 3806 4255; baseline -0.004 -14"><span class='ocrx_word' id='word_1_766' title='bbox 2111 4187 2358 4253; x_wconf 89' lang='lat' dir='ltr'>doceret,</span> <span class='ocrx_word' id='word_1_767' title='bbox 2390 4201 2504 4255; x_wconf 89' lang='lat' dir='ltr'>qua</span> <span class='ocrx_word' id='word_1_768' title='bbox 2536 4182 2932 4238; x_wconf 91' lang='lat' dir='ltr'>moderatione</span> <span class='ocrx_word' id='word_1_769' title='bbox 2983 4181 3104 4236; x_wconf 71' lang='lat' dir='ltr'>haec</span> <span class='ocrx_word' id='word_1_770' title='bbox 3145 4182 3368 4252; x_wconf 84' lang='lat' dir='ltr'>egisset.</span> <span class='ocrx_word' id='word_1_771' title='bbox 3427 4182 3595 4247; x_wconf 85' lang='lat' dir='ltr'>Quem</span> <span class='ocrx_word' id='word_1_772' title='bbox 3642 4182 3806 4250; x_wconf 82' lang='lat' dir='ltr'>elegit</span> 
     </span>
    </p>
   </div>
   <div class='ocr_carea' id='block_1_104' title="bbox 2109 4269 3803 4346">
    <p class='ocr_par' dir='ltr' id='par_1_104' title="bbox 2109 4269 3803 4346">
     <span class='ocr_line' id='line_1_104' title="bbox 2109 4269 3803 4346; baseline -0.004 -17"><span class='ocrx_word' id='word_1_773' title='bbox 2109 4277 2307 4346; x_wconf 87' lang='lat' dir='ltr'>ipsum.</span> <span class='ocrx_word' id='word_1_774' title='bbox 2337 4274 2462 4344; x_wconf 87' lang='grc'><strong>(11).)</strong></span> <span class='ocrx_word' id='word_1_775' title='bbox 2507 4272 2800 4328; x_wconf 85' lang='lat' dir='ltr'>Sufﬁceret</span> <span class='ocrx_word' id='word_1_776' title='bbox 2853 4271 3064 4336; x_wconf 88' lang='lat' dir='ltr'>dicere,</span> <span class='ocrx_word' id='word_1_777' title='bbox 3114 4287 3287 4342; x_wconf 86' lang='lat' dir='ltr'>quem</span> <span class='ocrx_word' id='word_1_778' title='bbox 3315 4271 3521 4341; x_wconf 85' lang='lat' dir='ltr'>elegit:</span> <span class='ocrx_word' id='word_1_779' title='bbox 3565 4269 3665 4324; x_wconf 91' lang='lat' dir='ltr'>sed</span> <span class='ocrx_word' id='word_1_780' title='bbox 3717 4270 3803 4324; x_wconf 79' lang='lat' dir='ltr'>ni-</span> 
     </span>
    </p>
   </div>
   <div class='ocr_carea' id='block_1_105' title="bbox 2107 4357 3807 4434">
    <p class='ocr_par' dir='ltr' id='par_1_105' title="bbox 2107 4357 3807 4434">
     <span class='ocr_line' id='line_1_105' title="bbox 2107 4357 3807 4434; baseline -0.004 -16"><span class='ocrx_word' id='word_1_781' title='bbox 2107 4363 2188 4418; x_wconf 90' lang='lat' dir='ltr'>hil</span> <span class='ocrx_word' id='word_1_782' title='bbox 2240 4361 2616 4434; x_wconf 81' lang='lat' dir='ltr'>quaerendum</span> <span class='ocrx_word' id='word_1_783' title='bbox 2666 4365 2751 4414; x_wconf 90' lang='lat' dir='ltr'>est</span> <span class='ocrx_word' id='word_1_784' title='bbox 2801 4359 2863 4414; x_wconf 91' lang='lat' dir='ltr'>in</span> <span class='ocrx_word' id='word_1_785' title='bbox 2888 4375 2977 4428; x_wconf 90' lang='lat' dir='ltr'>eo,</span> <span class='ocrx_word' id='word_1_786' title='bbox 3021 4358 3174 4430; x_wconf 87' lang='lat' dir='ltr'>quod</span> <span class='ocrx_word' id='word_1_787' title='bbox 3201 4357 3439 4426; x_wconf 86' lang='lat' dir='ltr'>addidit,</span> <span class='ocrx_word' id='word_1_788' title='bbox 3471 4360 3670 4428; x_wconf 87' lang='lat' dir='ltr'>ipsum,</span> <span class='ocrx_word' id='word_1_789' title='bbox 3708 4357 3807 4412; x_wconf 86' lang='lat' dir='ltr'>sed</span> 
     </span>
    </p>
   </div>
   <div class='ocr_carea' id='block_1_106' title="bbox 2107 4447 3806 4519">
    <p class='ocr_par' dir='ltr' id='par_1_106' title="bbox 2107 4447 3806 4519">
     <span class='ocr_line' id='line_1_106' title="bbox 2107 4447 3806 4519; baseline -0.004 -13"><span class='ocrx_word' id='word_1_790' title='bbox 2107 4451 2463 4508; x_wconf 89' lang='lat' dir='ltr'>consuetudo</span> <span class='ocrx_word' id='word_1_791' title='bbox 2503 4449 2712 4506; x_wconf 81' lang='lat' dir='ltr'>divinae</span> <span class='ocrx_word' id='word_1_792' title='bbox 2741 4448 3050 4504; x_wconf 90' lang='lat' dir='ltr'>locutionis</span> <span class='ocrx_word' id='word_1_793' title='bbox 3097 4453 3181 4503; x_wconf 89' lang='lat' dir='ltr'>est</span> <span class='ocrx_word' id='word_1_794' title='bbox 3207 4449 3280 4502; x_wconf 91' lang='lat' dir='ltr'>ad</span> <span class='ocrx_word' id='word_1_795' title='bbox 3322 4447 3806 4519; x_wconf 84' lang='lat' dir='ltr'>explanationem.</span> 
     </span>
    </p>
   </div>
   <div class='ocr_carea' id='block_1_107' title="bbox 2183 4536 3806 4606">
    <p class='ocr_par' dir='ltr' id='par_1_107' title="bbox 2183 4536 3806 4606">
     <span class='ocr_line' id='line_1_107' title="bbox 2183 4536 3806 4606; baseline -0.001 -14"><span class='ocrx_word' id='word_1_796' title='bbox 2183 4539 2341 4592; x_wconf 59' lang='grc' dir='ltr'>νεεδ.</span> <span class='ocrx_word' id='word_1_797' title='bbox 2375 4541 2463 4594; x_wconf 88' lang='lat'>27.</span> <span class='ocrx_word' id='word_1_798' title='bbox 2507 4567 2576 4578; x_wconf 89' lang='lat'><strong>—</strong></span> <span class='ocrx_word' id='word_1_799' title='bbox 2625 4537 2802 4592; x_wconf 85' lang='lat' dir='ltr'>Verba</span> <span class='ocrx_word' id='word_1_800' title='bbox 2855 4539 3136 4606; x_wconf 87' lang='lat' dir='ltr'>signorum</span> <span class='ocrx_word' id='word_1_801' title='bbox 3179 4552 3416 4592; x_wconf 86' lang='lat' dir='ltr'>suorum.</span> <span class='ocrx_word' id='word_1_802' title='bbox 3477 4536 3604 4606; x_wconf 88' lang='grc'><strong>(11).)</strong></span> <span class='ocrx_word' id='word_1_803' title='bbox 3659 4536 3806 4600; x_wconf 84' lang='lat' dir='ltr'>Qui-</span> 
     </span>
    </p>
   </div>
   <div class='ocr_carea' id='block_1_108' title="bbox 2108 4625 3806 4697">
    <p class='ocr_par' dir='ltr' id='par_1_108' title="bbox 2108 4625 3806 4697">
     <span class='ocr_line' id='line_1_108' title="bbox 2108 4625 3806 4697; baseline -0.001 -16"><span class='ocrx_word' id='word_1_804' title='bbox 2108 4626 2215 4681; x_wconf 90' lang='lat' dir='ltr'>bus</span> <span class='ocrx_word' id='word_1_805' title='bbox 2243 4626 2312 4680; x_wconf 88' lang='lat' dir='ltr'>ab</span> <span class='ocrx_word' id='word_1_806' title='bbox 2343 4626 2422 4680; x_wconf 91' lang='lat' dir='ltr'>eis</span> <span class='ocrx_word' id='word_1_807' title='bbox 2474 4625 2913 4697; x_wconf 63' lang='lat' dir='ltr'>praedicabatur,</span> <span class='ocrx_word' id='word_1_808' title='bbox 2971 4630 3103 4692; x_wconf 90' lang='lat' dir='ltr'>etc.,</span> <span class='ocrx_word' id='word_1_809' title='bbox 3148 4640 3316 4694; x_wconf 88' lang='lat' dir='ltr'>usque</span> <span class='ocrx_word' id='word_1_810' title='bbox 3363 4625 3438 4680; x_wconf 83' lang='lat' dir='ltr'>ad</span> <span class='ocrx_word' id='word_1_811' title='bbox 3465 4626 3638 4680; x_wconf 88' lang='lat' dir='ltr'>verba</span> <span class='ocrx_word' id='word_1_812' title='bbox 3666 4641 3806 4696; x_wconf 85' lang='lat' dir='ltr'>ergo</span> 
     </span>
    </p>
   </div>
   <div class='ocr_carea' id='block_1_109' title="bbox 2108 4712 3807 4785">
    <p class='ocr_par' dir='ltr' id='par_1_109' title="bbox 2108 4712 3807 4785">
     <span class='ocr_line' id='line_1_109' title="bbox 2108 4712 3807 4785; baseline -0.002 -16"><span class='ocrx_word' id='word_1_813' title='bbox 2108 4730 2228 4769; x_wconf 91' lang='lat' dir='ltr'>non</span> <span class='ocrx_word' id='word_1_814' title='bbox 2274 4730 2499 4781; x_wconf 87' lang='lat' dir='ltr'>vocum,</span> <span class='ocrx_word' id='word_1_815' title='bbox 2533 4714 2631 4768; x_wconf 90' lang='lat' dir='ltr'>sed</span> <span class='ocrx_word' id='word_1_816' title='bbox 2663 4713 2983 4785; x_wconf 89' lang='lat' dir='ltr'>signorum,</span> <span class='ocrx_word' id='word_1_817' title='bbox 3015 4714 3103 4768; x_wconf 88' lang='lat' dir='ltr'>vel</span> <span class='ocrx_word' id='word_1_818' title='bbox 3150 4712 3546 4785; x_wconf 88' lang='lat' dir='ltr'>prodigiorum</span> <span class='ocrx_word' id='word_1_819' title='bbox 3573 4729 3679 4784; x_wconf 86' lang='lat' dir='ltr'>per</span> <span class='ocrx_word' id='word_1_820' title='bbox 3709 4730 3807 4768; x_wconf 85' lang='lat' dir='ltr'>eos</span> 
     </span>
    </p>
   </div>
   <div class='ocr_carea' id='block_1_110' title="bbox 2107 4802 2260 4858">
    <p class='ocr_par' dir='ltr' id='par_1_110' title="bbox 2107 4802 2260 4858">
     <span class='ocr_line' id='line_1_110' title="bbox 2107 4802 2260 4858; baseline -0.013 0"><span class='ocrx_word' id='word_1_821' title='bbox 2107 4802 2260 4858; x_wconf 80' lang='lat' dir='ltr'>fecit.</span> 
     </span>
    </p>
   </div>
   <div class='ocr_carea' id='block_1_111' title="bbox 2179 4889 3805 4962">
    <p class='ocr_par' dir='ltr' id='par_1_111' title="bbox 2179 4889 3805 4962">
     <span class='ocr_line' id='line_1_111' title="bbox 2179 4889 3805 4962; baseline 0.001 -18"><span class='ocrx_word' id='word_1_822' title='bbox 2179 4893 2338 4946; x_wconf 76' lang='lat' dir='ltr'>Vens</span> <span class='ocrx_word' id='word_1_823' title='bbox 2392 4893 2482 4946; x_wconf 90' lang='lat'>28.</span> <span class='ocrx_word' id='word_1_824' title='bbox 2533 4919 2606 4932; x_wconf 96' lang='lat'>—</span> <span class='ocrx_word' id='word_1_825' title='bbox 2640 4890 2763 4962; x_wconf 93' lang='grc'><strong>(11).)</strong></span> <span class='ocrx_word' id='word_1_826' title='bbox 2820 4891 2955 4946; x_wconf 82' lang='lat' dir='ltr'>Vel:</span> <span class='ocrx_word' id='word_1_827' title='bbox 3015 4889 3489 4946; x_wconf 70' lang='lat' dir='ltr'>Exacerbaverunt</span> <span class='ocrx_word' id='word_1_828' title='bbox 3538 4906 3805 4946; x_wconf 80' lang='lat' dir='ltr'>sermones</span> 
     </span>
    </p>
   </div>
   <div class='ocr_carea' id='block_1_112' title="bbox 2107 4978 3806 5051">
    <p class='ocr_par' dir='ltr' id='par_1_112' title="bbox 2107 4978 3806 5051">
     <span class='ocr_line' id='line_1_112' title="bbox 2107 4978 3806 5051; baseline 0 -17"><span class='ocrx_word' id='word_1_829' title='bbox 2107 4980 2243 5050; x_wconf 89' lang='lat' dir='ltr'>ejus,</span> <span class='ocrx_word' id='word_1_830' title='bbox 2307 4979 2464 5051; x_wconf 88' lang='lat' dir='ltr'>quod</span> <span class='ocrx_word' id='word_1_831' title='bbox 2530 4984 2794 5050; x_wconf 87' lang='lat' dir='ltr'>apertum</span> <span class='ocrx_word' id='word_1_832' title='bbox 2841 4983 2943 5034; x_wconf 90' lang='lat' dir='ltr'>est.</span> <span class='ocrx_word' id='word_1_833' title='bbox 3000 4978 3120 5048; x_wconf 88' lang='lat' dir='ltr'>Vel,</span> <span class='ocrx_word' id='word_1_834' title='bbox 3171 4995 3289 5033; x_wconf 91' lang='lat' dir='ltr'>non</span> <span class='ocrx_word' id='word_1_835' title='bbox 3326 4979 3806 5034; x_wconf 84' lang='lat' dir='ltr'>exacerbaverunt</span> 
     </span>
    </p>
   </div>
   <div class='ocr_carea' id='block_1_113' title="bbox 2109 5067 3806 5140">
    <p class='ocr_par' dir='ltr' id='par_1_113' title="bbox 2109 5067 3806 5140">
     <span class='ocr_line' id='line_1_113' title="bbox 2109 5067 3806 5140; baseline -0.001 -17"><span class='ocrx_word' id='word_1_836' title='bbox 2109 5070 2324 5140; x_wconf 84' lang='lat' dir='ltr'>Moyses</span> <span class='ocrx_word' id='word_1_837' title='bbox 2374 5072 2430 5123; x_wconf 89' lang='lat' dir='ltr'>et</span> <span class='ocrx_word' id='word_1_838' title='bbox 2460 5070 2654 5122; x_wconf 79' lang='lat' dir='ltr'>Aaron</span> <span class='ocrx_word' id='word_1_839' title='bbox 2680 5083 2975 5123; x_wconf 89' lang='lat' dir='ltr'>sermones</span> <span class='ocrx_word' id='word_1_840' title='bbox 3041 5067 3185 5138; x_wconf 88' lang='lat' dir='ltr'>ejus,</span> <span class='ocrx_word' id='word_1_841' title='bbox 3235 5068 3371 5139; x_wconf 87' lang='lat' dir='ltr'>quia</span> <span class='ocrx_word' id='word_1_842' title='bbox 3408 5068 3560 5132; x_wconf 91' lang='lat' dir='ltr'>illos,</span> <span class='ocrx_word' id='word_1_843' title='bbox 3593 5067 3806 5122; x_wconf 86' lang='lat' dir='ltr'>scilicet</span> 
     </span>
    </p>
   </div>
   <div class='ocr_carea' id='block_1_114' title="bbox 2108 5153 3803 5227">
    <p class='ocr_par' dir='ltr' id='par_1_114' title="bbox 2108 5153 3803 5227">
     <span class='ocr_line' id='line_1_114' title="bbox 2108 5153 3803 5227; baseline 0.001 -18"><span class='ocrx_word' id='word_1_844' title='bbox 2108 5153 2624 5225; x_wconf 42' lang='lat' dir='ltr'>Egypﬁoaetiam</span> <span class='ocrx_word' id='word_1_845' title='bbox 2651 5155 3006 5220; x_wconf 89' lang='lat' dir='ltr'>durissimos,</span> <span class='ocrx_word' id='word_1_846' title='bbox 3039 5155 3327 5226; x_wconf 88' lang='lat' dir='ltr'>patienter</span> <span class='ocrx_word' id='word_1_847' title='bbox 3365 5156 3642 5223; x_wconf 84' lang='lat' dir='ltr'>tulerunt,</span> <span class='ocrx_word' id='word_1_848' title='bbox 3674 5173 3803 5227; x_wconf 79' lang='lat' dir='ltr'>pro-</span> 
     </span>
    </p>
   </div>
   <div class='ocr_carea' id='block_1_115' title="bbox 2109 5243 3804 5316">
    <p class='ocr_par' dir='ltr' id='par_1_115' title="bbox 2109 5243 3804 5316">
     <span class='ocr_line' id='line_1_115' title="bbox 2109 5243 3804 5316; baseline 0.001 -19"><span class='ocrx_word' id='word_1_849' title='bbox 2109 5246 2237 5314; x_wconf 87' lang='lat' dir='ltr'>pter</span> <span class='ocrx_word' id='word_1_850' title='bbox 2267 5244 2598 5298; x_wconf 89' lang='lat' dir='ltr'>mandatum</span> <span class='ocrx_word' id='word_1_851' title='bbox 2652 5243 2904 5307; x_wconf 88' lang='lat' dir='ltr'>Domini,</span> <span class='ocrx_word' id='word_1_852' title='bbox 2956 5245 3136 5299; x_wconf 90' lang='lat' dir='ltr'>donec</span> <span class='ocrx_word' id='word_1_853' title='bbox 3166 5244 3362 5299; x_wconf 92' lang='lat' dir='ltr'>omnia</span> <span class='ocrx_word' id='word_1_854' title='bbox 3414 5245 3474 5298; x_wconf 89' lang='lat' dir='ltr'>in</span> <span class='ocrx_word' id='word_1_855' title='bbox 3525 5244 3630 5312; x_wconf 86' lang='lat' dir='ltr'>eis,</span> <span class='ocrx_word' id='word_1_856' title='bbox 3679 5261 3804 5316; x_wconf 64' lang='lat' dir='ltr'>quas</span> 
     </span>
    </p>
   </div>
   <div class='ocr_carea' id='block_1_116' title="bbox 2111 5331 3803 5404">
    <p class='ocr_par' dir='ltr' id='par_1_116' title="bbox 2111 5331 3803 5404">
     <span class='ocr_line' id='line_1_116' title="bbox 2111 5331 3803 5404; baseline 0.001 -18"><span class='ocrx_word' id='word_1_857' title='bbox 2111 5331 2388 5387; x_wconf 89' lang='lat' dir='ltr'>Dominus</span> <span class='ocrx_word' id='word_1_858' title='bbox 2445 5331 2747 5404; x_wconf 88' lang='lat' dir='ltr'>disposuit,</span> <span class='ocrx_word' id='word_1_859' title='bbox 2807 5332 3028 5388; x_wconf 89' lang='lat' dir='ltr'>ﬁerent.</span> <span class='ocrx_word' id='word_1_860' title='bbox 3093 5332 3379 5399; x_wconf 85' lang='lat' dir='ltr'>Tenebras,</span> <span class='ocrx_word' id='word_1_861' title='bbox 3432 5337 3538 5387; x_wconf 90' lang='lat' dir='ltr'>etc.</span> <span class='ocrx_word' id='word_1_862' title='bbox 3611 5333 3803 5404; x_wconf 63' lang='lat' dir='ltr'>(Cass)</span> 
     </span>
    </p>
   </div>
   <div class='ocr_carea' id='block_1_117' title="bbox 2110 5420 3804 5492">
    <p class='ocr_par' dir='ltr' id='par_1_117' title="bbox 2110 5420 3804 5492">
     <span class='ocr_line' id='line_1_117' title="bbox 2110 5420 3804 5492; baseline 0.002 -18"><span class='ocrx_word' id='word_1_863' title='bbox 2110 5421 2264 5474; x_wconf 90' lang='lat' dir='ltr'>Inter</span> <span class='ocrx_word' id='word_1_864' title='bbox 2301 5421 2500 5492; x_wconf 89' lang='lat' dir='ltr'>plagas</span> <span class='ocrx_word' id='word_1_865' title='bbox 2542 5420 2696 5492; x_wconf 85' lang='lat' dir='ltr'>passi</span> <span class='ocrx_word' id='word_1_866' title='bbox 2747 5425 2898 5476; x_wconf 88' lang='lat' dir='ltr'>sunt.</span> <span class='ocrx_word' id='word_1_867' title='bbox 2930 5421 3040 5477; x_wconf 89' lang='lat' dir='ltr'>Sed</span> <span class='ocrx_word' id='word_1_868' title='bbox 3078 5421 3172 5476; x_wconf 81' lang='lat' dir='ltr'>hic</span> <span class='ocrx_word' id='word_1_869' title='bbox 3225 5422 3360 5476; x_wconf 89' lang='lat' dir='ltr'>dicit</span> <span class='ocrx_word' id='word_1_870' title='bbox 3389 5421 3561 5476; x_wconf 84' lang='lat' dir='ltr'>corda</span> <span class='ocrx_word' id='word_1_871' title='bbox 3607 5438 3804 5478; x_wconf 89' lang='lat' dir='ltr'>eorum</span> 
     </span>
    </p>
   </div>
   <div class='ocr_carea' id='block_1_118' title="bbox 2109 5509 3798 5582">
    <p class='ocr_par' dir='ltr' id='par_1_118' title="bbox 2109 5509 3798 5582">
     <span class='ocr_line' id='line_1_118' title="bbox 2109 5509 3798 5582; baseline 0 -17"><span class='ocrx_word' id='word_1_872' title='bbox 2109 5509 2416 5577; x_wconf 82' lang='lat' dir='ltr'>obscurata,</span> <span class='ocrx_word' id='word_1_873' title='bbox 2481 5509 2582 5582; x_wconf 90' lang='lat' dir='ltr'>qui</span> <span class='ocrx_word' id='word_1_874' title='bbox 2643 5514 2938 5582; x_wconf 68' lang='lat' dir='ltr'>prmeepta</span> <span class='ocrx_word' id='word_1_875' title='bbox 2989 5510 3091 5564; x_wconf 89' lang='lat' dir='ltr'>Dei</span> <span class='ocrx_word' id='word_1_876' title='bbox 3146 5509 3510 5581; x_wconf 87' lang='lat' dir='ltr'>spernebant.</span> <span class='ocrx_word' id='word_1_877' title='bbox 3561 5511 3798 5580; x_wconf 86' lang='lat' dir='ltr'>Compe-</span> 
     </span>
    </p>
   </div>
  </div>
