4020 6184
240 268 371 321 1021

1407 269 1661 326 GLOSSA
1699 267 2105 327 ORDINARIA.
2149 299 2217 310 -—
2259 272 2387 325 LIB.
2432 272 2667 326 PSALM.

3612 278 3748 331 l022

231 394 363 444 tens
410 390 643 444 initium
692 390 996 461 plagarum
1046 390 1286 459 cacitas,
1345 392 1466 447 sine
1526 408 1641 464 qua
1704 408 1820 447 non
1854 393 1940 448 in-
1970 394 2015 445 A
2055 397 2138 446 est
2159 392 2389 448 evidens
2420 397 2475 447 et
2504 392 2784 460 absoluta,
2842 396 3174 466 praeceptio,
3235 398 3553 465 nt,Diligas
3583 400 3748 451 Deum

234 479 549 533 currissent
574 483 798 533 caetera.

304 569 471 622 Vens.
503 571 590 622 29.
622 599 691 608 -
723 570 994 625 Convertit
1020 582 1213 637 aquas.
1249 567 1432 639 (Avo)
1460 568 1719 623 Secunda
1748 570 1935 639 plaga,

237 672 371 727 quas
399 656 459 710 in
486 656 679 710 Exodo
714 656 921 726 prima,
958 673 1086 726 quae
1120 657 1400 726 signabat,
1436 657 1591 729 quod
1622 674 1798 729 aquas
1825 675 1939 712 ma-

238 745 315 797 ris
345 744 525 799 Rubri
554 749 799 799 verteret
819 748 874 797 et
908 745 988 798 eis
1029 744 1086 797 in
1118 751 1382 798 mortem.

308 835 470 887 Vens.
504 836 591 887 30.
624 863 692 872 —
750 833 941 887 Edidit
1007 838 1171 887 terra.
1235 833 1418 902 (Ana)
1475 835 1706 888 Terram
1741 852 1939 890 eorum

234 922 518 975 convertit
546 922 606 974 in
638 938 824 987 ranas,
859 921 995 992 quia
1032 925 1117 975 tot
1144 922 1399 990 fuerunt,
1441 928 1503 977 ut
1538 923 1647 977 hoc
1686 940 1938 995 congrue

234 1026 344 1080 per
370 1011 723 1080 hyperbolen
755 1010 995 1065 dicatur.

308 1099 475 1152 Vens.
520 1102 604 1153 3t.
640 1129 708 1138 -—
738 1099 921 1162 Dixit,
967 1102 1017 1151 et
1044 1101 1191 1151 venit
1239 1115 1519 1167 cynomya,
1576 1105 1678 1153 etc.
1719 1100 1842 1169 (In.)
1877 1103 1936 1154 ln

234 1187 414 1240 verbo
446 1186 599 1240 enim
629 1187 751 1257 ejus
796 1192 959 1240 erant
1010 1186 1131 1241 sine
1169 1192 1451 1255 tempore,
1494 1193 1802 1259 antequam
1844 1189 1939 1243 ﬁe-

235 1279 369 1328 rent
402 1275 461 1328 in
500 1280 759 1345 tempore
790 1291 892 1345 per
948 1274 1137 1344 ipsum
1198 1276 1433 1329 verbum
1462 1293 1473 1330 :
1510 1278 1598 1330 vel
1628 1294 1732 1347 per
1761 1294 1934 1348 ange-

236 1364 346 1432 los,
408 1364 491 1417 vel
540 1380 642 1434 per
715 1365 939 1432 Moysen
991 1364 1415 1433 quodammodo
1463 1365 1622 1432 dixit,
1681 1372 1746 1421 ut
1775 1366 1938 1420 tieret

238 1456 400 1514 tunc,
436 1468 566 1505 cum
600 1450 788 1505 fuerat
819 1451 1162 1505 faciendum.

311 1541 475 1604 Vens,
511 1543 602 1595 32.
671 1570 739 1581 -
791 1541 985 1595 Posuit
1027 1543 1247 1610 pluvias
1303 1557 1504 1611 eorum,
1560 1548 1665 1599 etc.
1701 1545 1827 1616 (In.)
1858 1546 1935 1600 Si-

237 1628 378 1683 mile
411 1633 493 1682 est
521 1628 624 1697 illi,
653 1634 703 1683 et
733 1630 881 1684 dedit
907 1636 1053 1683 terra
1079 1645 1265 1684 eorum
1282 1647 1469 1686 ranas.

310 1718 489 1774 Vens.
548 1719 635 1772 34.
692 1748 759 1756 ——
794 1722 1016 1773 Locusta
1053 1725 1103 1773 et
1157 1720 1408 1775 bruchus.
1464 1720 1586 1791 (10.)
1623 1722 1739 1775 Una
1766 1722 1935 1793 plaga

236 1808 459 1860 locusta
487 1810 542 1860 et
580 1806 855 1876 bruchus,
915 1806 1050 1878 quia
1107 1808 1287 1862 altera
1341 1814 1423 1862 est
1483 1826 1705 1880 parens,
1760 1812 1936 1863 altera

236 1896 408 1949 fetus.

310 1985 474 2037 Vens.
507 1986 600 2040 36.
637 2014 706 2023 —-
756 1987 827 2039 Et
882 1987 1172 2053 percussit.
1211 1985 1332 2054 (ld.)
1384 1985 1523 2039 Cum
1574 1985 1688 2039 sint
1740 1986 1935 2040 decem

234 2070 447 2141 plaga,
477 2075 606 2138 etc.,
635 2086 803 2141 usque
823 2071 895 2125 ad
924 2071 1025 2142 qui
1054 2088 1173 2125 non
1217 2077 1450 2142 possent
1475 2089 1744 2142 spernere
1774 2074 1933 2129 labo-

231 2176 366 2213 rum
392 2175 625 2213 suorum
658 2160 1001 2225 mercedem,
1030 2160 1163 2214 licet
1194 2162 1596 2231 temporalem.

314 2249 483 2302 Vens.
543 2250 630 2303 37.
679 2278 749 2287 —
797 2249 878 2301 Et
922 2249 1114 2302 educeit
1168 2265 1272 2318 eos,
1330 2255 1435 2304 etc.
1468 2250 1634 2306 Sexta
1689 2268 1820 2323 pars
1849 2268 1934 2305 se-

231 2336 493 2390 cundum
523 2336 918 2391 Cassiodorum
945 2342 999 2389 et
1028 2338 1433 2408 Augustinum.
1465 2339 1765 2410 Superius,
1807 2357 1937 2411 quas

235 2426 392 2478 mala
412 2424 607 2478 intulit
634 2424 883 2478 inimicis
915 2426 1304 2480 Israelitarum
1352 2426 1577 2495 justitia
1620 2428 1717 2482 Dei
1747 2428 1889 2483 dixit
1920 2447 1932 2483 :

232 2528 393 2566 nunc
434 2529 563 2583 quae
583 2512 737 2566 bona
759 2513 838 2567 eis
868 2514 1205 2583 temporalia
1226 2515 1618 2570 misericordia
1649 2517 1934 2586 Deidedit,

235 2600 513 2671 supponit
567 2605 631 2653 ut
674 2601 766 2654 hic
805 2602 985 2671 adjuti
1037 2603 1223 2672 legem
1283 2603 1382 2657 Dei
1415 2610 1697 2674 quaerant.
1755 2605 1936 2677 (Auo.)

238 2692 306 2743 Et
326 2690 550 2743 eduxit:
580 2690 823 2744 Abrahae
854 2690 996 2744 dixit
1042 2692 1205 2755 Deus,
1263 2695 1392 2757 etc.,
1428 2708 1595 2760 usque
1627 2692 1702 2746 ad
1730 2693 1938 2747 deinde

237 2778 502 2848 sequitur
527 2779 841 2833 secundum
871 2778 1233 2847 beneﬁcium,
1273 2782 1338 2834 Ft
1392 2796 1497 2835 non
1522 2786 1639 2836 erat
1669 2785 1937 2851 inﬁmus,

236 2871 285 2919 et
316 2871 529 2921 extera.

2049 486 2097 534 et
2148 483 2487 551 proximum,
2548 498 2677 552 quas
2733 483 3130 537 custodienda.
3190 484 3297 539 Lex
3349 484 3418 538 de
3475 485 3583 551 his,
3619 502 3747 555 quae

2048 586 2164 623 non
2192 571 2566 641 corporaliter
2598 572 2695 625 sed
2727 572 3138 640 spiritualiter:
3174 580 3230 627 et
3249 573 3376 627 ideo
3410 574 3738 643 quaerenda,

2050 659 2184 729 quia
2214 660 2418 714 umbra
2448 659 2792 713 futurorum.
2852 662 3053 728 Legem.
3107 662 3174 714 Ut
3218 661 3286 715 de
3316 662 3743 715 circumcisione

2050 747 2172 817 ejus
2204 752 2259 802 et
2303 748 2371 802 de
2430 748 2573 815 aliis,
2636 764 2763 819 quea
2812 748 3116 818 diligenter
3148 748 3543 819 investiganda
3588 752 3739 810 sunt,

2050 836 2187 908 quia
2216 836 2449 907 mystice
2475 836 2741 890 dicuntur
2753 878 2767 891 .

2761 923 3071 978 PSALMUS
3103 925 3207 979 CV.

2120 1014 2275 1067 Vens.
2341 1017 2386 1067 1.
2458 1043 2524 1051 —
2588 1013 2845 1069 Alleluia.
2906 1013 3161 1065 Alleluia.
3223 1010 3467 1075 Quidam
3522 1011 3740 1078 dicunt,

2047 1118 2226 1155 unum
2280 1103 2502 1155 alleluia
2570 1102 2641 1153 ad
2702 1101 2874 1153 linem
2949 1100 3259 1169 superioris
3310 1099 3512 1171 psalmi
3564 1100 3741 1170 perti-

2047 1207 2198 1250 nere,
2274 1191 2518 1244 alterum
2573 1205 2693 1243 esse
2758 1188 3072 1259 sequentis.
3164 1190 3319 1241 Hanc
3372 1189 3524 1241 enim
3572 1204 3739 1257 regu-

2044 1278 2159 1332 lam
2210 1278 2587 1349 Hieronymus
2636 1276 2947 1331 tenendam
3014 1292 3135 1335 esse
3193 1276 3382 1329 tradit.
3446 1276 3619 1346 Cujus
3650 1293 3738 1329 as-

2046 1366 2281 1420 sertioni
2316 1366 2679 1419 Cassiodorus
2735 1381 2962 1435 quoque
3018 1364 3317 1417 consentit.
3375 1364 3481 1418 Sed
3526 1365 3737 1433 plures,

2048 1454 2373 1524 ubicunque
2431 1454 2675 1517 alleluia,
2755 1454 3016 1523 sequenti
3091 1453 3270 1507 dant:
3320 1457 3375 1506 et
3429 1452 3739 1524 aliquando

2046 1544 2245 1608 semel,
2296 1541 2604 1613 aliquando
2659 1542 2801 1607 bis;
2850 1546 2913 1595 ut
2969 1542 3243 1596 Dominus
3302 1541 3362 1594 in
3412 1542 3738 1613 Evangelio,

2044 1647 2196 1684 nunc
2227 1630 2370 1685 dixit
2393 1647 2567 1692 amen,
2610 1646 2762 1683 nunc
2817 1647 2971 1685 amen
3013 1647 3186 1693 amen,
3223 1647 3329 1700 pro
3374 1631 3590 1700 majore
3617 1647 3739 1684 cer-

2042 1717 2289 1772 titudine
2337 1717 2443 1771 rei.
2506 1717 2631 1771 Istis
2673 1718 2955 1771 consentit
3002 1718 3375 1788 Augustinus,
3422 1718 3741 1787 praesertim

2042 1823 2172 1860 cum
2202 1805 2347 1859 nulli
2395 1807 2721 1861 Graecorum
2753 1805 2971 1859 codices
3001 1805 3059 1858 in
3110 1805 3221 1858 line
3255 1805 3461 1876 psalmi
3491 1806 3742 1860 habeant

2045 1893 2302 1948 alleluia.

2140 1981 2476 2041 Conﬁtemini
2540 1985 2782 2037 Domino.
2825 1983 3009 2049 (AUG.)
3087 1984 3345 2037 Psalmus
3422 1982 3526 2037 iste
3567 1998 3740 2053 supe-

2044 2071 2185 2127 riori
2242 2073 2582 2142 conjunctus
2614 2075 2716 2137 est,
2766 2075 2899 2135 etc.,
2943 2086 3113 2139 usque
3156 2071 3231 2125 ad
3284 2076 3484 2125 monet
3510 2087 3642 2142 ergo
3672 2072 3741 2126 ad

2045 2160 2331 2232 geminam
2362 2158 2772 2213 confessionem
2805 2157 2989 2211 laudis
3020 2164 3075 2211 et
3113 2164 3498 2229 peccatorum.

2120 2249 2316 2319 (Cass)
2352 2248 2620 2302 Hebraeus
2649 2247 2847 2300 relicta
2875 2251 3101 2316 patrum
3118 2247 3378 2317 perﬁdia,
3408 2248 3476 2300 ad
3509 2246 3741 2301 miseri-

2045 2338 2299 2391 cordiam
2353 2336 2454 2391 Dei
2495 2351 2821 2401 conversus,
2855 2335 3053 2389 suadet
3079 2335 3204 2388 aliis
3236 2336 3303 2389 ad
3334 2336 3594 2389 eamdem
3627 2337 3737 2390 mi-

2047 2426 2419 2480 sericordiam
2469 2425 2740 2489 converti,
2791 2440 2957 2478 orans
3006 2428 3068 2477 ut
3116 2424 3332 2494 populo
3382 2424 3742 2492 beneplacito

2046 2514 2355 2581 socientur,
2389 2513 2490 2585 qui
2534 2518 2657 2567 erat
2711 2513 2770 2567 in
2829 2513 3077 2567 adventu
3126 2513 3334 2567 Christi
3386 2528 3740 2584 congregan-

2048 2605 2171 2659 dus.

2118 2694 2276 2745 Vens.
2302 2694 2361 2745 2.
2397 2719 2464 2732 —
2521 2692 2654 2756 Quis
2711 2691 2973 2758 loquetur.
3033 2691 3242 2760 (Cass)
3283 2690 3413 2755 Iste,
3448 2689 3548 2760 qui
3573 2690 3742 2744 mise-

2048 2780 2352 2834 ricordiam
2382 2777 2546 2849 petit,
2570 2777 2845 2847 impletur
2902 2777 3353 2831 consideratione
3411 2778 3739 2833 divinorum

2047 2884 2307 2940 operum,
2338 2871 2394 2920 et
2422 2864 2711 2920 admirans
2742 2865 2856 2919 ait:
2887 2866 3021 2931 Quis
3052 2867 3342 2934 loquetur?

338 2955 506 3008 Vens.
576 2957 661 3009 38.
741 2985 808 2994 —
864 2956 1009 3022 Quia
1063 2956 1310 3011 incubuit
1349 2958 1507 3012 timor
1556 2973 1737 3013 eorum
1777 2974 1940 3029 super
1969 2968 2009 3023 C
2119 2958 2280 3011 Vens.
2315 2958 2365 3010 3.
2415 2984 2483 2996 -
2512 2957 2669 3009 Beati
2717 2956 2814 3023 qui
2860 2954 3190 3009 custodiunt.
3236 2956 3430 3023 (AUG.)
3479 2954 3575 3009 Vel
3605 2954 3743 3025 quia

237 3057 345 3096 eos.
407 3042 668 3097 Timebat
718 3044 912 3111 Israel,
989 3060 1061 3099 ne
1118 3044 1392 3116 reliquias
1451 3061 1653 3100 eorum
1731 3063 1933 3101 consu-

238 3134 445 3184 meret.

305 3218 489 3289 (Ana)
540 3219 640 3273 Hic
698 3219 1003 3290 impletum
1068 3225 1152 3275 est
1211 3221 1367 3293 quod
1428 3224 1690 3294 superius
1744 3223 1844 3290 ait,
1877 3230 1935 3279 et

234 3309 492 3363 ﬁrmavit
514 3325 645 3363 eum
674 3325 847 3380 super
866 3308 1163 3365 inimicum
1196 3311 1339 3381 ejus.

308 3396 479 3450 Vens.
537 3399 622 3451 39.
683 3426 750 3437 —
830 3399 1111 3467 Empandit
1150 3400 1341 3453 nubem
1396 3402 1454 3454 in
1479 3404 1804 3470 proiectione
1848 3418 1933 3456 eo-

235 3500 379 3538 rum.
437 3484 504 3537 Et
556 3484 677 3538 haec
720 3489 806 3539 est
860 3487 1107 3541 secunda
1166 3504 1319 3556 pars,
1370 3489 1682 3543 secundum
1738 3493 1933 3561 Augu-

236 3572 475 3637 stinum,
509 3572 608 3626 ubi
639 3573 912 3643 supponit
966 3590 1095 3645 quea
1142 3576 1485 3645 temporalia
1559 3578 1710 3632 bona
1762 3579 1935 3634 mise-

236 3660 485 3714 ricordia
536 3660 636 3714 Dei
686 3661 769 3715 eis
826 3661 1001 3728 dedit,
1063 3662 1226 3717 dictis
1284 3664 1549 3735 superius
1604 3666 1770 3721 malis
1801 3683 1932 3739 qua:

234 3748 489 3803 inimicis
508 3762 707 3803 eorum
730 3750 955 3819 justitia
988 3750 1088 3805 Dei
1119 3750 1335 3807 intulit.

310 3838 497 3908 (ΑΒΘ.)
528 3837 653 3891 Jam
709 3837 910 3910 incipit
962 3839 1259 3908 beneﬁcia,
1311 3857 1443 3912 qua:
1493 3841 1602 3895 iter
1629 3842 1933 3911 agentibus

236 3927 300 3980 in
333 3942 530 3980 eremo
562 3926 710 3980 facta
740 3932 887 3980 sunt.

304 4016 478 4068 Vens.
517 4015 604 4068 40.
633 4017 1005 4080 —Petierunt,
1031 4018 1221 4083 (AUG.)
1278 4016 1417 4072 boni
1447 4016 1514 4071 ad
1570 4016 1931 4071 sustentatio-

231 4116 374 4156 nem
429 4102 816 4165 inﬁrmorum,
872 4103 1137 4159 Coturnia:
1170 4121 1183 4157 :
1217 4109 1267 4157 et
1311 4121 1453 4173 pane
1502 4107 1621 4159 cazli
1663 4108 1933 4159 saturavit

234 4206 322 4245 eos
349 4206 362 4243 :
393 4205 523 4259 quia
554 4194 640 4244 est
664 4196 721 4244 et
751 4207 902 4256 caro,
935 4192 1071 4262 quia
1106 4191 1195 4246 hic
1228 4209 1343 4246 non
1401 4193 1470 4247 de
1531 4194 1932 4249 amaricatione

232 4255 596 4348 iniquorum,
628 4278 726 4332 sed
756 4279 825 4333 de
872 4255 984 4333 fide
1014 4281 1324 4335 electorum
1368 4281 1660 4353 loquitur:
1694 4282 1805 4353 ipsi
1837 4282 1933 4336 in-
1962 4255 2005 4309 Β

110 4443 137 4451 *ν
232 4366 541 4436 telligendi
571 4370 703 4421 sunt
727 4366 955 4438 petisse,
979 4369 1133 4423 unde
1171 4369 1610 4425 amaricantium
1641 4387 1939 4427 murmura

234 4459 661 4527 premerentur.

312 4544 479 4599 Vens.
512 4544 597 4598 42.
632 4573 700 4584 —
754 4545 1021 4611 Quoniam
1064 4561 1263 4600 memor
1307 4548 1419 4613 fuit
1445 4547 1597 4601 verbi
1624 4550 1802 4602 sancti
1827 4549 1933 4602 sui.

236 4629 370 4703 (ln.)
432 4631 526 4685 His
575 4631 844 4685 omnibus
898 4632 1193 4687 beneﬁciis
1266 4635 1416 4688 Deus
1465 4636 1832 4690 commendat
1876 4635 1938 4689 in

232 4719 525 4775 Abraham
578 4720 851 4774 meritum
943 4720 1097 4787 ﬁdei,
1179 4722 1332 4778 unde
1398 4722 1632 4778 subdit:
1680 4727 1937 4793 quoniam

231 4824 443 4864 memor
469 4811 602 4875 fuit.

311 4898 483 4951 Vens.
516 4898 606 4953 44.
639 4899 799 4953 —Et
844 4897 995 4952 dedit
1034 4899 1168 4953 illis.
1202 4899 1389 4970 (Auo.)
1421 4900 1547 4955 Non
1590 4905 1655 4955 ut
1700 4908 1938 4972 propter

230 4987 346 5040 ista
376 5001 508 5039 eum
543 4986 749 5051 colant,
782 4986 881 5040 sed
926 4990 990 5041 ut
1032 5003 1098 5041 ea
1127 4987 1198 5041 ad
1226 4987 1441 5042 bonum
1474 4994 1756 5046 internum
1787 4991 1933 5045 refe-

230 5077 387 5141 rant,
412 5074 468 5129 id
501 5079 604 5141 est,
636 5080 697 5128 ut
752 5075 1061 5130 custodiant
1108 5076 1526 5145 justiﬁcationes
1583 5080 1714 5147 ejus.
1755 5081 1931 5134 Posse-

228 5164 456 5229 derunt,
486 5166 616 5231 etc.,
677 5178 793 5218 non
825 5168 887 5218 ut
940 5164 1061 5219 haec
1115 5165 1379 5221 habenda
1410 5166 1523 5220 sint
1553 5184 1658 5238 pro
1706 5184 1930 5222 summo

227 5252 408 5318 bono,
442 5251 541 5305 sed
570 5257 632 5305 ut
668 5251 748 5306 eis
804 5256 1005 5307 vacent
1049 5253 1199 5308 unde
1242 5270 1532 5309 summum
1575 5260 1629 5309 et
1651 5259 1933 5311 mternum

226 5341 455 5396 bonum
484 5340 666 5410 possit
694 5340 938 5412 acquiri,
986 5357 1104 5397 non
1166 5343 1316 5398 utin
1367 5343 1448 5398 eis
1500 5344 1637 5398 luxu
1678 5344 1934 5399 deﬂuant

226 5430 324 5483 vel
354 5432 695 5499 torpescent.

313 5517 482 5573 Vens.
514 5520 603 5573 45.
631 5547 700 5558 -—
728 5516 1191 5590 Justiﬁcationes,
1247 5522 1352 5575 etc.
1405 5519 1604 5592 (Cass)
1636 5518 1799 5589 Sunt,
1830 5520 1929 5576 ubi

2046 3044 2328 3114 sequitur,
2363 3048 2494 3109 etc.,
2525 3058 2695 3112 usque
2723 3043 2796 3095 ad
2838 3043 3120 3112 judicium
3166 3047 3221 3096 et
3262 3043 3570 3113 justitiam,
3604 3043 3740 3113 quia

2046 3135 2153 3188 Bea
2167 3135 2211 3187 ti
2224 3137 2351 3186 sunt
2384 3134 2498 3201 qui,
2531 3135 2635 3185 etc.

2117 3223 2277 3276 Vens.
2312 3225 2363 3277 5.
2393 3250 2463 3261 —
2484 3221 2575 3275 Ad
2602 3218 2916 3281 videndum,
2952 3223 3063 3273 etc.
3110 3218 3315 3290 (Ano.),
3359 3224 3425 3274 ut
3444 3220 3739 3275 videamus

2040 3314 2096 3365 te
2136 3310 2195 3363 in
2230 3326 2297 3364 ea
2339 3309 2613 3377 bonitate,
2666 3324 2840 3379 quam
2881 3312 3117 3378 praestas
3166 3308 3381 3376 electis,
3430 3309 3487 3362 id
3521 3315 3607 3363 est
3639 3325 3742 3380 per

2042 3398 2287 3470 gratiam
2353 3403 2513 3453 tuam
2560 3397 2872 3464 videamus,
2925 3412 2997 3449 ne
3035 3396 3170 3450 caeci
3216 3413 3639 3451 remaneamus.
3671 3400 3737 3452 Ut

2043 3487 2331 3542 lauderis:
2382 3486 2595 3540 mirum
2642 3490 2731 3539 est
2773 3484 2834 3539 in
2888 3485 3181 3556 plerisque
3237 3486 3548 3555 codicibus,
3606 3491 3738 3553 etc.,

2040 3591 2210 3646 usque
2239 3575 2313 3629 ad
2343 3575 2479 3646 quia
2506 3591 2619 3629 non
2648 3574 2913 3629 laudatur
2951 3573 3059 3627 nisi
3086 3579 3322 3645 propter
3353 3578 3427 3628 te.

2114 3664 2272 3716 Vens.
2307 3665 2454 3715 6.-—
2496 3664 2861 3716 Peccavimus.
2923 3661 3185 3716 Secunda
3237 3677 3391 3731 pars,
3451 3660 3551 3714 ubi
3598 3676 3739 3714 enu-

2043 3756 2226 3806 merat
2248 3756 2479 3822 peccata
2500 3756 2754 3820 patrum,
2777 3766 2907 3820 quae
2936 3750 2994 3803 in
3036 3751 3275 3819 Egypto
3305 3749 3737 3816 commiserunt,

2043 3846 2100 3895 et
2128 3846 2321 3893 tamen
2348 3856 2381 3893 a
2404 3840 2517 3892 Deo
2546 3839 2683 3892 dicit
2715 3838 3002 3892 liberatos.

2136 3930 2506 3997 Iniquitatem.
2564 3927 2763 3998 (Cass)
2811 3925 2998 3980 Tertio
3059 3924 3214 3978 idem
3268 3924 3424 3988 dicit,
3484 3931 3545 3979 ut
3596 3942 3742 3996 pura

2042 4016 2318 4071 confessio
2352 4021 2627 4086 appareat
2654 4032 2667 4083 ;
2707 4020 2868 4069 tanto
2897 4014 3065 4068 citius
3095 4013 3352 4081 solvitur,
3384 4018 3599 4084 quanto
3653 4015 3735 4067 vi-

2040 4105 2230 4159 vacius
2263 4120 2324 4157 se
2356 4104 2591 4158 damnat
2620 4104 2809 4158 homo.

2118 4192 2282 4245 Vens.
2323 4195 2374 4245 7.
2407 4220 2475 4231 -—
2522 4193 2641 4247 Non
2675 4191 3071 4245 intellexerunt.
3122 4191 3315 4257 (Anc)
3362 4190 3421 4244 ld
3449 4195 3553 4257 est,
3584 4191 3739 4261 quod

2045 4297 2148 4353 per
2177 4280 2275 4334 illa
2300 4279 2382 4333 eis
2425 4279 2561 4334 dare
2607 4279 2800 4346 velles,
2852 4278 2911 4332 id
2952 4283 3056 4346 est,
3099 4294 3215 4332 non
3263 4280 3594 4348 temporale,
3638 4280 3736 4334 sed

2048 4374 2325 4424 aiternum
2364 4368 2620 4434 bonum;
2658 4367 2809 4439 quod
2843 4382 2946 4437 per
2992 4366 3327 4437 patientiam
3362 4372 3736 4437 exspectatur,

2046 4464 2103 4513 et
2128 4459 2253 4513 ideo
2286 4457 2395 4528 ipsi
2416 4456 2783 4526 impatientes
2814 4460 3336 4523 murmuraverunt,
3369 4460 3426 4509 et
3454 4460 3739 4524 tempores

2046 4547 2195 4602 libus
2222 4545 2373 4601 beati
2428 4545 2763 4600 voluerunt.
2816 4544 3012 4613 (Cass)
3045 4545 3167 4598 Duo
3197 4548 3331 4596 sunt
3376 4559 3505 4613 quae
3530 4544 3741 4598 beneﬁ-
3815 4585 3819 4589 .

2046 4636 2132 4691 cia
2177 4634 2602 4701 commendant,
2651 4634 2974 4687 intellectus
3030 4636 3085 4685 et
3133 4633 3434 4701 memoria,
3492 4647 3738 4703 quorum

2045 4731 2353 4795 utrumque
2379 4724 2439 4778 in
2462 4722 2866 4793 eisjredarguit.
2906 4722 2967 4774 Et
2989 4720 3176 4790 primo
3206 4720 3580 4786 intellectum,
3606 4736 3738 4775 cum

2045 4813 2160 4867 ait:
2215 4829 2323 4868 non
2352 4813 2732 4868 intelleeerunt
2769 4810 3068 4864 mirabilia.
3116 4811 3490 4863 lrritaverunt
3548 4824 3735 4863 ascen-

2044 4902 2244 4956 dentes.
2283 4901 2473 4969 (AUG.)
2505 4900 2791 4954 Timentes
2844 4900 3024 4951 Deum
3082 4903 3134 4952 et
3181 4898 3566 4968 desperantes,
3603 4903 3733 4964 etc.,

2042 5005 2211 5059 usque
2253 4990 2327 5043 ad
2360 4989 2511 5043 unde
2550 4988 2760 5042 meruit
2806 4987 2958 5041 inter
2995 4987 3135 5041 alias
3182 4988 3343 5057 regni
3370 4987 3733 5059 privilegium

2041 5079 2128 5132 vel
2158 5078 2546 5149 principatum
2566 5076 2843 5131 obtinere.

2113 5168 2275 5221 Vens.
2305 5171 2356 5221 9.
2392 5197 2459 5205 -—
2486 5167 2638 5221 Sicut
2659 5166 2716 5218 in
2754 5163 2978 5217 deserto.
3016 5161 3142 5232 (lo.)
3191 5162 3335 5226 Quia
3376 5163 3473 5217 ubi
3503 5164 3736 5218 fuerunt

2042 5255 2249 5327 abyssi,
2299 5255 2508 5309 factum
2567 5258 2652 5307 est
2703 5251 2973 5318 siccitate,
3034 5256 3097 5304 ut
3140 5250 3424 5305 desertum
3474 5252 3570 5306 ubi
3619 5269 3735 5307 non

2041 5348 2174 5397 sunt
2204 5359 2407 5415 aquae;

2108 5434 2271 5487 Vens.
2337 5433 2418 5485 lO.
2495 5458 2564 5471 —
2618 5428 2861 5486 Redemit
2934 5442 3017 5482 eos
3074 5428 3139 5481 de
3188 5443 3372 5482 manu.
3423 5428 3544 5500 (ln.)
3610 5431 3733 5495 Quo

2040 5519 2294 5595 praetio?
2370 5518 2533 5595 quasi
2588 5518 2823 5583 diceret,
2879 5516 3076 5583 nullo;
3131 5517 3230 5571 sed
3281 5517 3341 5571 in
3404 5517 3591 5589 ﬁgura
3641 5519 3736 5573 ba-
