4082 6184
288 240 428 292 1025

285 451 468 504 Grave
499 450 804 503 estservire
835 450 1071 514 offenso,
1098 449 1196 519 qui
1229 450 1388 502 nullo
1408 450 1662 518 placatur
1693 451 1989 521 obsequio.

388 539 548 590 Vens.
585 539 671 591 -’i3.
709 568 773 577 --
832 539 982 606 Sxpe
1029 538 1305 592 liberavit.
1371 538 1561 605 (Cass)
1628 540 1841 608 Duplex
1883 538 1990 591 mi-

286 626 624 690 sericordia,
661 626 941 696 prmmisit
964 626 1119 679 enim
1147 627 1407 695 superius
1430 627 1703 680 beneﬁcia
1737 628 1857 695 Dei,
1890 643 1994 680 nec

282 719 485 768 tamen
516 720 695 768 cessat
732 714 1005 784 iniquitas
1037 731 1263 783 eorum;
1300 716 1497 769 intulit
1546 715 1878 784 vindictam,
1936 719 1993 769 et

290 804 523 858 afflictis
551 804 698 857 iteru
711 820 764 855 m
797 803 1121 856 miseretur.

361 895 425 946 In
465 894 685 947 consilio
712 907 827 945 suo.
859 891 1053 962 (Ασρ.)
1098 891 1410 945 Consilium
1469 892 1719 945 hominis
1772 893 1987 945 malum

289 986 376 1034 est
404 980 515 1051 ipsi
562 980 804 1045 homini,
838 980 939 1050 qui
992 982 1200 1050 quaerit
1231 996 1358 1050 quae
1391 997 1491 1033 sua
1531 985 1682 1045 sunt,
1718 997 1834 1034 non
1866 997 1994 1051 quae

292 1070 417 1123 Dei.
882 1087 890 1095 ·

367 1158 640 1212 Vens.
675 1186 743 1197 -—
782 1159 1118 1211 Testamenti.
1155 1156 1565 1226 (Cass.)Causa
1592 1162 1695 1222 est,
1728 1172 1800 1209 ne
1825 1157 1997 1210 Israel

290 1263 399 1319 pro
430 1246 623 1300 debito
645 1246 863 1315 periret
897 1247 1323 1299 Testamentum
1361 1247 1602 1314 Novum,
1630 1245 1729 1298 ubi
1770 1250 1852 1297 est
1898 1245 1994 1299 ad-

296 1340 502 1389 ventus
530 1336 776 1395 Domini,
821 1335 921 1404 qui
949 1339 1031 1387 est
1051 1335 1292 1387 Abrahae
1323 1334 1661 1404 promissus.
1718 1335 1991 1387 Poenituit.

314 1424 508 1493 (ΑΗΘ.)
536 1424 677 1487 Quia
698 1424 961 1483 mutavit.
997 1423 1149 1493 quod
1198 1424 1522 1493 perdituros
1552 1439 1645 1476 eos
1680 1422 1992 1475 videbatur.

294 1515 495 1584 (Cass)
528 1514 682 1565 Tunc
704 1512 964 1581 poenitet,
1007 1512 1238 1582 quando
1288 1529 1391 1564 nos
1424 1512 1703 1581 pmnitere
1737 1511 1908 1575 videt,
1941 1515 1997 1563 et

294 1602 425 1655 talis
445 1606 527 1654 est
553 1601 717 1653 nobis
775 1601 972 1670 quales
1027 1616 1129 1653 nos
1160 1600 1262 1653 illi.
1301 1600 1479 1670 (Αυο.)
1514 1600 1666 1653 Nihil
1698 1599 1860 1670 quasi
1914 1615 1998 1652 re-

296 1690 538 1762 pentino
607 1689 844 1742 consilio
900 1689 1030 1743 facit
1068 1690 1239 1755 Deus,
1301 1689 1395 1742 sed
1450 1689 1600 1759 quod
1658 1688 1728 1741 ab
1786 1692 1999 1741 aeterno

297 1779 600 1850 praescivit.
631 1778 739 1832 Sed
769 1784 989 1831 mutare
1016 1777 1242 1844 dicitur,
1273 1777 1424 1847 quod
1476 1776 1787 1829 secundum
1809 1790 2002 1827 rerum

298 1885 498 1921 causas
551 1866 713 1937 sequi
747 1866 1054 1934 videretur,
1086 1866 1213 1920 aliis
1253 1865 1437 1919 causis
1476 1881 1505 1918 e
1534 1870 1731 1919 contra
1764 1869 2005 1917 interve-

298 1957 613 2011 nientibus.
649 1955 755 2009 Sed
789 1961 844 2009 et
864 1960 1153 2022 causas,et
1184 1956 1322 2026 quid
1347 1954 1535 2021 ﬁeret,
1564 1952 2004 2006 immutabiliter

298 2045 585 2116 przevidit.

372 2136 534 2188 Vens.
570 2135 665 2189 46.
702 2163 773 2175 —-
803 2134 874 2186 In
910 2133 1334 2186 misericordias.
1397 2131 1599 2201 (Cass)
1649 2133 1890 2200 Propter
1925 2129 2005 2183 di-

301 2239 465 2276 versa
497 2222 648 2275 dona
692 2238 704 2274 :
762 2222 1075 2291 prophetze,
1133 2220 1393 2290 apostoli,
1445 2225 1721 2289 martyres
1781 2223 1838 2271 et
1876 2233 2006 2271 con—

302 2313 547 2366 fessores
579 2310 648 2363 de
686 2310 897 2364 Iudaeis
942 2309 1193 2372 fuerunt,
1228 2324 1372 2378 quos
1402 2307 1558 2360 dedit
1584 2307 1643 2360 in
1682 2306 2003 2359 misericor-

302 2402 426 2456 dias
464 2418 475 2453 :
513 2405 567 2453 et
616 2400 722 2452 hoc
765 2402 821 2451 in
861 2402 1143 2466 conspectu
1200 2400 1457 2462 omnium,
1510 2400 1784 2465 coeperant
1814 2410 1915 2457 eos,
1947 2394 2005 2449 id

306 2495 396 2543 est
426 2488 707 2559 gentium,
742 2492 804 2540 ut
854 2502 949 2539 eos
1007 2490 1204 2555 gentes
1248 2486 1618 2549 mirarentur,
1685 2500 1813 2554 quae
1848 2484 2005 2553 prius

304 2594 403 2631 eos
430 2577 827 2646 despexerunt.
866 2575 981 2639 Vel,
1018 2590 1212 2627 coram
1250 2574 1609 2627 diemonibus
1650 2572 1812 2627 liberi
1848 2571 2000 2639 facti,

306 2666 415 2719 sub
448 2666 654 2736 quibus
686 2665 844 2718 fuere
879 2662 1107 2734 captivi.

382 2756 539 2808 Vens.
583 2756 670 2808 47.
718 2784 784 2794 ——
831 2754 1015 2808 Salvos
1069 2753 1162 2818 fac
1211 2766 1325 2805 nos.
1363 2749 1562 2820 (Cass)
1620 2750 1785 2803 Sexta
1850 2765 2000 2819 pars.

304 2846 433 2898 Jam
464 2843 628 2912 copia
652 2842 834 2896 laudis
866 2840 962 2894 Dei
982 2841 1238 2910 expletus
1260 2843 1523 2910 precatur
1553 2839 1703 2908 quod
1747 2837 2005 2891 futurum

1405 240 1659 294 GLOSSA
1700 239 2094 295 ORDINARIA.
2138 270 2205 278 —
2252 242 2379 295 LIB.
2426 242 2669 295 PSALM.

284 362 426 432 quia
458 363 711 415 serviunt
740 360 1009 427 inimicis,
1044 361 1200 431 quod
1230 360 1461 414 difﬁcile
1490 367 1591 415 est.
1613 362 1716 426 Qui
1747 362 1992 416 oderunt.
2027 366 2073 416 A

3667 249 3802 302 1026

2187 364 2351 417 Vens.
2436 366 2485 417 5.
2541 394 2610 404 -
2663 367 2996 422 Esurientes.
3059 367 3248 437 (Auc.)
3302 368 3565 423 Curiosos
3609 373 3803 425 seaculi

2102 451 2404 521 signiﬁcat,
2441 453 2538 522 qui
2578 454 2877 507 veritatem
2926 446 3160 508 divorsis
3193 456 3564 526 opinionibus
3598 461 3803 530 exqui-

2104 541 2324 605 rebant,
2387 557 2490 594 nec
2552 542 2942 596 inveniebant.
2986 546 3185 597 Anima
3243 561 3444 608 eorum,
3477 554 3580 601 etc.
3637 549 3802 603 Com-

2103 629 2339 681 mendat
2413 646 2470 682 se
2530 631 2700 697 Deus,
2760 632 2911 701 quod
2968 633 3131 685 nobis
3181 634 3437 702 expedit;
3502 636 3803 690 deﬁcimus

2106 722 2168 769 ut
2200 732 2491 785 rogemus,
2522 724 2579 771 et
2604 719 3035 772 subvenientem
3068 736 3353 775 amemus.

2178 804 2338 857 Vens.
2375 810 2426 858 6.
2470 836 2536 845 —
2585 807 2666 861 Et
2716 806 2962 861 deduxit.
3009 810 3189 878 (Αυρ.)
3240 810 3433 876 Quasi,
3472 811 3685 880 eripuit
3733 814 3803 867 de

2102 891 2460 961 ignorantia,
2518 895 2824 948 ostendens
2884 896 3054 960 viam,
3102 898 3409 952 Christum.
3464 901 3601 953 Ecce
3662 901 3802 955 libe—

2104 981 2249 1034 ravit
2293 996 2388 1034 eos
2416 982 2486 1035 ab
2533 998 2757 1048 errore;
2817 984 2886 1037 de
2930 985 3077 1037 fame
3124 991 3313 1039 autem
3342 992 3397 1040 et
3451 988 3546 1041 siti
3594 989 3803 1058 quibus

2106 1070 2443 1138 restuabant,
2488 1072 2736 1140 qualiter
2764 1072 3110 1135 liberaverit,
3142 1080 3269 1143 post
3302 1075 3479 1142 dicet;
3527 1077 3622 1131 sed
3656 1094 3803 1147 pras-

2108 1156 2282 1210 mittit
2314 1158 2383 1211 de
2415 1160 2786 1212 confessione.

2178 1246 2341 1299 Vens.
2401 1249 2451 1300 8.
2529 1277 2596 1285 —
2668 1248 2976 1301 Mirabilia.
3040 1249 3252 1319 (HIER.)
3322 1250 3492 1314 Quasi
3549 1252 3803 1307 mirabili

2106 1335 2276 1387 modo
2307 1334 2713 1405 redemptionis
2743 1336 2888 1389 datas
2929 1344 3059 1390 sunt
3090 1339 3517 1393 misericordias.

2180 1424 2340 1477 Vens.
2370 1427 2420 1477 9.
2476 1453 2535 1463 —-
2588 1427 2945 1478 Esuriente-m.
2980 1426 3185 1495 (CAss.)
3229 1428 3380 1481 Scire
3412 1433 3804 1499 appetentem,

2107 1512 2195 1563 vel
2256 1526 2371 1563 non
2416 1511 2557 1565 scire
2614 1518 3001 1582 appetentem,
3058 1516 3153 1567 sed
3186 1516 3377 1569 inedia
3436 1518 3615 1571 nimia
3665 1519 3805 1572 deti-

2109 1599 2375 1668 cientem,
2412 1601 2557 1653 sicut
2581 1602 2911 1671 contingere
2938 1604 3079 1655 solet
3106 1604 3282 1656 nimia
3330 1606 3477 1658 fame
3530 1606 3614 1659 vel
3652 1607 3809 1660 infir-

2115 1688 2312 1741 mitate
2369 1688 2648 1754 confecto,
2696 1696 2758 1743 ut
2806 1691 3149 1744 manducare
3234 1709 3350 1746 non
3399 1698 3652 1765 appetat,
3705 1696 3805 1750 sed

2112 1776 2290 1829 nimia
2322 1776 2510 1830 inedia
2538 1777 2788 1830 deﬁciat.

2181 1866 2454 1918 Sedentes.
2491 1866 2690 1933 (AUG.)
2724 1866 2910 1920 Tertia
2941 1884 3090 1937 pars,
3134 1868 3231 1921 ubi
3281 1870 3513 1938 ponitur
3562 1873 3807 1926 secunda

2113 1954 2367 2021 tentatio,
2401 1960 2530 2021 etc.,
2570 1971 2738 2023 usque
2766 1956 2841 2009 ad
2889 1962 2945 2009 et
2974 1973 3075 2010 nos
3134 1958 3308 2010 etiam
3338 1958 3444 2011 hoc
3474 1975 3636 2028 posse
3670 1978 3803 2015 con-

2115 2042 2453 2097 sideremus.

2186 2132 2344 2185 Vens.
2404 2135 2487 2187 ll.
2539 2160 2610 2172 —
2641 2133 2784 2196 Quia
2835 2133 3310 2188 exacerbaverunt.
3345 2136 3472 2206 (ln.)
3503 2136 3615 2189 Hoc
3647 2136 3804 2191 aliud

2112 2220 2325 2273 iterum
2352 2224 2675 2285 conantem,
2712 2226 2840 2285 etc.,
2864 2237 3032 2288 usque
3062 2221 3134 2274 ad
3166 2223 3316 2276 unde
3341 2224 3420 2276 eis
3456 2232 3577 2277 erat
3608 2226 3803 2279 iratus.

2213 2310 2507 2365 Consilium
2546 2310 2838 2364 Altissimi.
2892 2311 2959 2363 Ut
3014 2311 3113 2377 qui
3156 2312 3577 2381 superbierunt,
3615 2313 3673 2365 in
3705 2330 3807 2366 an-

2116 2398 2315 2467 gustiis
2365 2397 2825 2463 humiliarentur,
2858 2398 3009 2468 quod
3061 2404 3181 2451 erat
3212 2399 3437 2452 salubre
3481 2399 3806 2465 consilium,

2116 2490 2178 2539 ut
2212 2486 2444 2540 morbus
2470 2486 2661 2539 saeculi
2682 2486 2965 2539 contrario
2997 2487 3250 2539 remedio
3282 2493 3593 2540 curaretur.

2186 2574 2344 2627 Vens.
2384 2577 2468 2627 12.
2500 2605 2569 2612 -
2616 2576 2717 2629 Nec
2768 2576 2878 2639 fuit
2940 2577 3052 2641 qui.
3116 2575 3245 2644 (Ιυ.)
3305 2576 3417 2628 Deo
3452 2576 3604 2629 enim
3662 2574 3811 2628 desi-

2118 2665 2302 2714 stente
2354 2661 2421 2713 ab
2476 2660 2707 2727 auxilio,
2768 2662 3026 2714 laborare
3086 2668 3247 2732 potes
3286 2668 3483 2716 contra
3525 2664 3680 2725 vitia,
3715 2664 3810 2717 sed

2117 2765 2233 2801 non
2294 2749 2544 2814 vincere;
2579 2754 2635 2802 et
2688 2755 2739 2801 te
2770 2765 2966 2817 presso
3020 2754 3119 2802 tua
3164 2765 3340 2819 prava
3370 2751 3807 2818 consuetudine,

2121 2835 2517 2889 humiliabitur
2546 2852 2662 2902 cor,
2699 2841 2760 2889 ut
2779 2836 2960 2889 discas
2991 2838 3257 2903 clamare,
3290 2838 3439 2891 unde
3472 2838 3664 2892 subdit
3698 2856 3708 2891 :
3744 2841 3816 2892 Et

307 2933 471 2997 vidit,
506 2937 569 2984 ut
614 2931 854 2985 Ecclesia
902 2929 971 2983 de
1014 2929 1279 2983 omnibus
1310 2928 1574 2998 gentibus
1606 2930 2003 2997 congregetur,
2040 2918 2080 2972 C
2118 2926 2571 2979 exclamaverunt.

308 3025 363 3074 et
424 3020 619 3073 laudes
678 3025 918 3072 aeternas
975 3022 1179 3071 cantet.
1271 3015 1458 3085 (Αυη.)
1518 3016 1705 3069 Salvos
1754 3017 1844 3081 fac
1894 3029 2008 3079 nos,

308 3108 479 3179 quasi
513 3125 524 3161 :
561 3107 770 3160 Dedisti
823 3104 1236 3158 misericordias
1288 3104 1349 3156 in
1381 3108 1681 3171 conspectu
1726 3101 2008 3168 omnium,

308 3204 447 3257 etc.,
470 3212 639 3263 usque
668 3196 740 3249 ad
770 3194 1048 3264 sequitur.
1085 3196 1151 3247 Et
1171 3209 1437 3259 congrega
1465 3207 1559 3244 nos
1590 3192 1654 3244 de
1680 3192 2008 3244 nationibus.

390 3287 550 3338 Vens.
604 3285 689 3337 48.
735 3283 1135 3337 —Benedictus
1194 3283 1470 3335 Dominus.
1527 3280 1736 3348 (CASS.)
1771 3280 1898 3332 llazc
1928 3284 2016 3333 est

312 3378 462 3438 laus,
521 3389 693 3443 quam
744 3376 1117 3442 congregatos
1174 3374 1335 3439 optat
1388 3372 1637 3434 cantare,
1699 3369 1805 3421 hoc
1860 3383 2015 3420 nunc

312 3468 507 3517 cantat
538 3460 776 3515 Ecclesia
819 3461 887 3514 de
935 3464 1092 3513 tanto
1141 3459 1291 3511 bono
1321 3459 1463 3510 laeta.
1502 3459 1549 3511 A
1582 3457 1770 3510 sxculo
1825 3471 2015 3523 usque,

313 3559 460 3613 etc.,
504 3551 559 3606 id
593 3554 694 3615 est,
762 3551 831 3602 ab
885 3554 1100 3602 aeterno
1151 3548 1210 3600 in
1242 3554 1545 3605 aeternum,
1573 3547 1708 3616 quia
1748 3545 1869 3598 sine
1902 3546 2014 3598 ﬁne

312 3640 648 3693 laudabitur
707 3656 719 3692 :
778 3640 898 3691 haec
948 3642 1032 3690 est
1084 3636 1253 3689 tertia
1305 3636 1718 3688 consummatio
1765 3634 2015 3703 corporis

317 3728 524 3782 Christi
559 3729 619 3781 in
675 3726 1124 3790 immortalitate,
1176 3725 1326 3795 quod
1368 3724 1426 3776 in
1483 3723 1766 3793 principio
1810 3722 2016 3792 psalmi

314 3823 541 3871 oratum
584 3820 703 3869 est:
740 3817 994 3869 Memento
1032 3817 1228 3877 nostri,
1266 3812 1524 3877 Domine,
1578 3813 1637 3863 in
1678 3812 2013 3879 beneplacita

308 3908 507 3977 populi
552 3907 635 3959 tui
665 3905 735 3958 ad
768 3903 1097 3969 videndum,
1166 3902 1231 3954 ad
1284 3900 1619 3963 lactandum,
1675 3905 1741 3952 ut
1766 3898 2013 3952 lauderis

315 4011 450 4049 cum
482 3993 814 4047 haereditate
846 3998 961 4045 tua.

924 4132 1235 4188 PSALMUS
1277 4131 1408 4184 CVI.

390 4260 648 4321 Alleluia,
699 4260 937 4312 alleluia.
977 4258 1156 4327 (Acca)
1216 4255 1313 4309 Hic
1366 4255 1620 4325 psalmus
1654 4251 2023 4306 commendat

318 4348 766 4403 misericordiam
826 4347 945 4408 Dei,
1009 4352 1139 4407 etc.,
1188 4359 1356 4412 usque
1404 4343 1478 4395 ad
1525 4358 1653 4412 quae
1712 4341 2029 4410 Apostolus

318 4439 535 4509 posuit,
571 4436 830 4506 quamvis
859 4436 1008 4489 idem
1042 4432 1447 4503 signiﬁcantia.

392 4528 555 4579 Vens.
620 4529 667 4578 1.
724 4556 793 4565 -
837 4525 1173 4592 Conﬁtemini
1221 4525 1459 4575 Domino.
1517 4520 1643 4589 (lo.)
1708 4520 1878 4572 Docet
1926 4518 2019 4571 hic

315 4615 577 4687 psalmus
636 4614 775 4685 quid
833 4614 1010 4666 simus
1066 4628 1165 4681 per
1218 4628 1342 4677 nos,
1388 4613 1516 4670 etc.,
1567 4624 1733 4675 usque
1762 4607 1835 4661 ad
1858 4606 2019 4676 prius

317 4711 520 4759 monet
544 4705 868 4773 redemptos
900 4700 1182 4754 conﬁteri.
1220 4698 1582 4768 Confitemini.

391 4795 595 4861 (Cass,
646 4794 810 4859 Anc.)
844 4791 1018 4861 Cujus
1068 4793 1198 4841 sunt
1252 4794 1470 4857 septem
1502 4785 1859 4856 partitiones,
1889 4787 2019 4849 etc.,

320 4898 494 4951 usque
529 4881 602 4934 ad
651 4880 918 4950 septimo,
975 4877 1096 4948 agit
1130 4877 1197 4930 de
1255 4875 1556 4941 haereticis,
1610 4873 1715 4941 ibi,
1744 4874 1825 4927 Et
1854 4873 2023 4942 pauci

326 4972 490 5037 facti.

397 5058 558 5128 Vens.
614 5060 664 5112 3.
722 5087 789 5095 —
836 5059 909 5110 Et
966 5056 1124 5109 mari.
1186 5052 1376 5123 (Cass)
1425 5054 1531 5107 Pro
1579 5054 1791 5113 austro,
1853 5048 2023 5117 ponit

319 5163 505 5211 mare,
583 5161 858 5199 oceanum
910 5142 1060 5197 illius
1116 5143 1292 5213 partis
1355 5140 1703 5210 intelligens,
1751 5138 1857 5192 hoc
1917 5153 2022 5207 pro

316 5236 578 5307 qualibet
605 5241 765 5305 parte
800 5233 998 5287 mundi
1031 5237 1215 5301 potest
1246 5230 1444 5299 accipi.

398 5326 568 5377 Vens.
621 5324 672 5376 4.
740 5353 807 5361 —
862 5323 1216 5375 Erraverunt.
1252 5318 1375 5389 (10.)
1423 5314 1683 5370 Secunda
1713 5329 1862 5384 pars,
1924 5312 2021 5365 ubi

320 5414 508 5485 prima
560 5411 816 5478 tentatio,
877 5416 1018 5473 etc.,
1076 5424 1244 5476 usque
1294 5406 1367 5459 ad
1420 5408 1622 5475 quarto
1651 5418 1751 5473 pro
1798 5401 2024 5455 exaudi-

318 5510 481 5563 tione
500 5504 795 5568 confessio,
828 5504 882 5557 id
912 5506 1017 5567 est,
1051 5500 1325 5555 laudatio.

2192 3014 2349 3065 Vens.
2429 3016 2508 3066 13.
2571 3042 2639 3051 ——
2693 3015 2762 3065 Et
2843 3013 3298 3085 exclamaverunt.

2123 3117 2291 3155 causa
2321 3102 2519 3154 eadem
2546 3102 2827 3154 sententia
2858 3117 2985 3171 quae
3016 3106 3070 3154 et
3108 3118 3299 3170 supra.

2196 3191 2357 3242 Vens.
2415 3192 2497 3242 l6.
2531 3218 2600 3228 —
2656 3190 2854 3242 Portus
2894 3204 3080 3244 xreas.
3105 3189 3233 3259 ([n.)
3270 3192 3446 3243 Portae
3480 3206 3665 3257 aareae,
3710 3192 3813 3245 ho-

2126 3278 2346 3332 minum
2395 3278 2837 3331 consuetudines
2871 3278 3100 3344 vitiosa,
3130 3295 3257 3349 quae
3308 3279 3525 3332 clausos
3585 3296 3701 3333 non
3733 3280 3815 3333 si—

2125 3372 2273 3421 nunt
2293 3367 2466 3421 exire.

2203 3457 2404 3533 Yectes.
2463 3454 2707 3524 Spiritus
2752 3453 3059 3523 immundi,
3118 3455 3214 3525 qui
3279 3460 3469 3524 portas
3527 3456 3812 3509 obserant.

2125 3546 2339 3611 Ereos,
2372 3544 2605 3611 ferreos,
2640 3559 2742 3614 pro
2779 3543 3116 3598 fortitudine
3144 3546 3330 3612 ponit,
3357 3544 3453 3597 sed
3493 3545 3670 3599 virtus
3720 3545 3821 3598 Dei

2127 3632 2358 3702 frangit.

2201 3723 2356 3775 Vens.
2407 3724 2487 3775 18.
2523 3752 2588 3759 —
2637 3720 2853 3774 Omnem
2914 3735 3105 3773 escam.
3160 3723 3349 3787 (Auc.)
3401 3721 3611 3784 Quarta
3667 3738 3819 3793 pars,

2130 3810 2225 3862 ubi
2276 3810 2514 3878 ponitur
2566 3809 2732 3860 tertia
2795 3810 3051 3873 tentatio,
3114 3825 3241 3877 qua:
3284 3813 3367 3861 est
3406 3811 3660 3862 taadium.
3714 3810 3823 3873 Qui

2129 3913 2301 3965 supra
2333 3896 2483 3949 fame
2507 3895 2877 3965 languebant,
2926 3895 3067 3948 item
3122 3896 3346 3949 fastidio
3406 3898 3820 3967 periclitantur.

2128 4000 2200 4037 ne
2259 4000 2395 4053 ergo
2436 3988 2601 4053 putes
2632 3983 2700 4035 de
2732 3983 2987 4035 satietate
3028 3999 3275 4051 securos,
3318 3986 3451 4054 quia
3491 3991 3546 4039 et
3594 3987 3822 4040 fastidio

2131 4072 2477 4125 moriuntur.
2513 4072 2576 4124 Et
2606 4072 2712 4123 hoc
2740 4076 2824 4123 est
2848 4086 3050 4124 omnem
3083 4088 3275 4139 escam,
3310 4078 3421 4127 etc.

2203 4160 2384 4231 (Arcu)
2416 4162 2724 4229 Postquam
2757 4159 2913 4212 venit
2933 4161 3001 4213 de
3042 4160 3367 4231 ignorantia
3398 4162 3469 4215 ad
3499 4162 3823 4232 veritatem,

2138 4250 2206 4304 de
2238 4265 2429 4303 errore
2456 4248 2521 4301 ad
2551 4248 2721 4315 viam,
2757 4248 2825 4301 de
2878 4248 3027 4303 fame
3074 4251 3369 4320 sapientiae
3402 4252 3471 4304 ad
3498 4252 3820 4319 veritatem,

2132 4339 2285 4403 ﬁdei,
2342 4343 2399 4391 et;
2455 4344 2755 4407 postquam
2810 4337 3172 4392 difﬁcultates
3230 4340 3508 4394 malorum
3555 4340 3708 4407 vicit,
3760 4346 3825 4395 ut

2131 4427 2251 4479 sine
2283 4429 2516 4496 querela
2548 4426 2718 4494 vivat,
2753 4431 2924 4479 restat
2955 4428 3209 4493 tmdium,
3246 4435 3306 4482 ut
3353 4430 3664 4499 aliquando
3721 4448 3824 4484 nec

2132 4517 2344 4585 legere,
2402 4531 2505 4568 nec
2560 4531 2724 4568 orare
2784 4515 3053 4581 delectet;
3111 4518 3284 4569 evasit
3354 4518 3707 4587 imperitiam
3767 4524 3824 4572 et

2130 4603 2672 4672 concupiscentiam,
2708 4603 2803 4657 sed
2834 4605 3077 4657 moritur
3107 4604 3290 4659 taedio.

2200 4694 2358 4747 Vens.
2418 4695 2506 4746 23.
2568 4710 2636 4732 -‘-
2699 4692 2802 4757 Qui
2838 4693 3165 4746 descendunt
3218 4710 3387 4749 mare.
3435 4694 3641 4757 Quinta
3694 4711 3827 4765 pars

2131 4786 2261 4846 etc.,
2295 4797 2462 4849 usque
2498 4780 2572 4834 ad
2597 4781 2644 4832 si
2674 4786 2787 4834 tota
2822 4782 2978 4833 navis
3004 4782 3377 4850 periclitatur.

2202 4872 2363 4923 Vens.
2396 4871 2487 4935 24,
2531 4871 2620 4921 25.
2655 4899 2709 4908 --—
2742 4870 2866 4937 Ipsi
2896 4870 3148 4923 viderunt
3177 4888 3339 4940 opera
3370 4874 3601 4925 Domini.
3636 4873 3827 4943 (Auo.)

2132 4961 2227 5013 Vel
2273 4959 2547 5025 viderunt,
2573 4963 2704 5023 etc.,
2734 4973 2901 5025 usque
2926 4959 2999 5011 ad
3027 4960 3259 5028 exponit
3317 4962 3595 5029 procellas
3625 4977 3823 5015 eorum

2131 5048 2401 5113 subdens,
2434 5047 2582 5100 dixit
2641 5051 2691 5099 et
2745 5049 2914 5100 stetit.
2968 5049 3034 5101 In
3075 5048 3370 5116 profundo.
3412 5049 3571 5101 Dixit
3600 5054 3648 5102 et
3679 5052 3829 5103 stetit

2130 5137 2397 5201 subdens,
2418 5138 2649 5203 Spiritus
2678 5134 2942 5203 procellae.
2979 5135 3102 5204 (10.)
3135 5136 3489 5189 Profundum
3522 5152 3617 5189 cor
3642 5137 3829 5191 homi-

2132 5242 2272 5280 num
2304 5224 2455 5278 unde
2503 5222 2657 5275 venti
2692 5228 3023 5293 erumpunt,
3057 5229 3113 5277 et
3143 5224 3289 5277 ﬁunt
3335 5230 3703 5295 tempestates
3735 5242 3831 5287 se-

2135 5314 2416 5367 ditionum
2445 5318 2501 5365 et
2532 5312 2974 5364 dissensionum.

2204 5402 2365 5455 Vens.
2418 5404 2504 5453 27.
2564 5428 2632 5437 -—
2690 5401 2840 5455 Sicut
2875 5401 3073 5455 ebrius.
3144 5401 3263 5470 (11).)
3324 5402 3611 5469 'l‘itubant,
3696 5403 3832 5474 quia

2138 5489 2482 5561 prosperitas
2514 5504 2714 5542 eorum
2751 5486 2839 5541 vel
2871 5488 3204 5557 adversitas,
3238 5489 3424 5559 major
3454 5495 3540 5544 est
3586 5490 3824 5545 viribus.

3373 3014 3568 3084 (Cass)
3629 3013 3814 3068 Simili
