4020 6184
385 278 522 330 1027

981 277 1369 332 WALAFRIDI
1405 275 1659 332 STRABI
1700 276 1895 331 FULD.
1940 278 2097 333 MON.
2140 277 2297 334 OPP.
2343 279 2514 334 PARS
2561 279 2604 333 1.
2647 307 2716 318 -η
2754 277 3207 336 THEOLOGICA.

3727 291 3742 341 l
3752 288 3838 342 028

377 400 450 453 Et
485 400 658 453 omnis
687 400 959 468 sapientia
986 412 1167 452 eorum
1223 397 1481 450 devorata
1539 401 1635 451 est.
1685 396 1946 468 Inquiete
1977 414 2065 451 sa-
2104 400 2153 452 Λ
2182 399 2381 465 David,
2413 403 2545 466 etc.,
2592 415 2762 470 usque
2811 401 2886 455 ad
2913 401 3195 458 Canticum
3231 402 3304 457 ad
3324 403 3541 458 divinas
3572 421 3679 473 res,
3709 408 3844 462 Psal-

377 486 603 557 pientes
659 491 953 558 apparent,
1014 485 1243 556 quando
1303 485 1639 556 loquuntur,
1697 487 1928 557 quando
1985 487 2069 540 le-

379 580 556 646 gunt;
585 575 685 629 sed
717 575 974 629 veniente
1003 577 1359 644 tempestate,
1393 573 1588 628 omnia
1636 575 1890 628 humana
1927 592 2070 628 con-

380 664 506 716 silia
531 663 833 730 deﬁciunt;
874 662 1014 732 quid
1047 662 1334 732 agendum
1365 663 1456 724 sit,
1508 679 1624 716 non
1668 663 1907 718 videtur.
1961 665 2070 718 Re-

377 756 488 806 stat
517 768 652 821 ergo
703 752 971 816 clamare,
1023 755 1088 804 ut
1133 767 1231 804 cor
1286 767 1485 806 eorum
1515 751 1720 806 solidet
1773 753 1940 818 Deus,
1996 768 2070 807 ne

376 839 792 894 tentationibus
822 839 1151 892 ventilatur.

447 929 617 982 Vens.
651 930 738 981 32.
780 958 849 968 —
889 929 961 982 In
1008 929 1266 983 Ecclesia.
1302 929 1491 999 (Auc.)
1525 929 1661 982 Ecce
1693 931 1846 984 unde
1877 931 2072 984 omnia

377 1016 606 1082 dixerit,
639 1028 696 1070 et
728 1016 826 1072 ubi
847 1017 1042 1071 omnia
1065 1017 1340 1087 praedicta
1366 1023 1644 1089 aguntur.

469 1107 634 1159 Vens.
679 1108 766 1161 33.
822 1136 891 1146 —
945 1108 1134 1160 Posuit
1175 1109 1419 1174 flumina.
1456 1107 1653 1174 (Cass)
1703 1107 1868 1162 Sexta
1915 1124 2068 1178 pars,

374 1195 670 1260 hactenus,
724 1194 1015 1266 quomodo
1067 1200 1124 1248 et
1169 1196 1320 1248 mala
1365 1194 1732 1249 inimicorum
1801 1197 2071 1266 prodesse

374 1283 527 1338 facit.
580 1282 769 1353 (Ano.)
803 1285 983 1337 Posuit
1034 1286 1278 1351 ﬂumina.
1349 1283 1777 1356 Consequenter
1822 1285 2073 1340 Ecclesia

380 1372 814 1437 conmendatur,
873 1377 1006 1440 etc.,
1059 1387 1227 1441 usque
1262 1372 1338 1426 ad
1384 1373 1536 1427 unde
1595 1378 1652 1427 et
1709 1390 1844 1445 erga
1885 1376 2070 1430 Eccle-

373 1460 514 1515 siam
548 1461 648 1514 Dei
681 1461 958 1515 beneﬁcia
990 1467 1183 1532 aperte
1214 1465 1627 1516 monstrantur.

443 1552 602 1606 Vens.
637 1551 731 1606 34.
773 1581 831 1590 -
866 1552 930 1604 In
961 1553 1254 1618 salsugine.
1335 1552 1532 1618 (Cass)
1590 1552 1782 1606 Salsus
1840 1553 2068 1623 humor,

373 1639 472 1694 ubi
506 1639 836 1693 dominatur
864 1639 1272 1692 fecunditatem
1301 1639 1466 1691 tollit.

443 1731 491 1784 Α
547 1729 760 1782 malitia
825 1728 1209 1781 habitantium.
1263 1729 1450 1794 (ΑΗΘ.)
1497 1727 1736 1797 Propter
1790 1729 2068 1783 malitiam

375 1833 575 1870 eorum
621 1815 722 1885 qui
763 1819 974 1868 terram
1009 1815 1188 1878 illam,
1240 1813 1300 1868 id
1349 1820 1435 1868 est
1483 1816 1914 1871 tabernaculum
1959 1818 2070 1872 Do-

374 1905 539 1969 mini,
571 1903 783 1958 dolosis
813 1903 1104 1956 mentibus
1134 1902 1550 1957 inhabitabant.

443 1994 606 2046 Vens.
654 1995 740 2046 37.
811 2022 876 2030 —
930 1994 1002 2046 Et
1043 1993 1460 2046 seminaverunt.
1513 1991 1714 2059 (Cass)
1773 1993 2071 2049 Seminant

373 2097 560 2152 agros,
594 2081 856 2152 plantant
899 2079 1115 2145 vineas,
1173 2079 1274 2149 qui
1308 2095 1546 2150 corpora
1571 2097 1672 2134 sua
1729 2082 1940 2135 caelesti
1980 2083 2068 2136 in-

374 2169 671 2223 stitutione
735 2167 1061 2239 puriﬁcant,
1109 2172 1169 2221 ut
1213 2168 1431 2221 fructus
1493 2167 1778 2223 bonorum
1826 2186 2068 2240 operum

371 2258 578 2312 ferant.

441 2346 602 2400 Vens.
637 2347 724 2400 38.
759 2375 826 2386 —
885 2347 1110 2402 Nimis:
1160 2345 1361 2413 (Cass)
1412 2361 1514 2416 pro
1569 2346 1752 2413 valde,
1797 2347 1882 2400 vel
1933 2347 2069 2418 quia

367 2435 534 2489 multi
563 2434 764 2504 vocati,
793 2433 961 2504 pauci
993 2450 1126 2487 vero
1161 2434 1343 2488 electi.

441 2524 604 2577 Vens.
639 2525 731 2577 39.
778 2553 848 2562 —
908 2523 982 2576 Et
1007 2525 1198 2591 pauci.
1260 2524 1442 2590 (AUG.)
1482 2523 1736 2592 Septima
1766 2540 1914 2594 pars,
1966 2524 2067 2578 ubi

371 2612 582 2667 dicitur
637 2611 808 2665 etiam
854 2609 1073 2680 aliquid
1127 2610 1195 2664 de
1234 2610 1537 2678 luercticis,
1588 2616 1716 2677 etc.,
1777 2627 1946 2681 usque
1993 2613 2067 2666 ad

369 2719 486 2756 non
527 2703 688 2755 erant
737 2700 806 2753 de
863 2699 1149 2770 paucitate
1200 2700 1532 2755 electorum.
1599 2702 1819 2756 Vexati.
1867 2702 2063 2773 (Cass)

367 2790 488 2856 Vel,
541 2787 908 2860 persistentes
937 2803 1040 2858 per
1068 2788 1384 2854 haereticos,
1418 2789 1505 2842 vel
1538 2788 1785 2842 haeretici
1844 2788 2065 2843 insidiis

367 2878 599 2933 diaboli.
639 2877 812 2930 Dolor
851 2881 908 2932 et
937 2875 1233 2930 tribulatio
1266 2876 1354 2930 his
1394 2876 1494 2948 qui
1523 2881 1812 2931 auctorem
1865 2878 2064 2932 salutis

365 2966 720 3037 relinquunt.

374 3067 392 3088 δ’
437 3055 598 3109 Vens.
650 3056 739 3108 40.
771 3083 841 3094 -
883 3053 1087 3123 Effusa
1132 3058 1236 3109 est.
1303 3057 1489 3121 (AUG.)
1550 3055 1666 3118 Vel,
1719 3055 1932 3108 effusus
1977 3058 2062 3108 est

365 3149 750 3214 contemptus,
800 3146 933 3212 etc.,
975 3158 1145 3211 usque
1191 3142 1265 3196 ad
1320 3148 1376 3196 et
1408 3143 1544 3213 quid
1596 3143 1732 3198 fecit
1786 3145 1959 3198 etiam
1989 3143 2059 3198 de

363 3232 476 3286 illis
498 3231 778 3285 seductis?
801 3232 959 3285 Ecce.

445 3321 608 3374 Vens.
640 3319 729 3372 41.
764 3349 829 3358 α-
857 3319 1102 3386 Adjuvit
1151 3334 1463 3387 pauperem.
1526 3318 1719 3372 Potuit
1771 3319 1902 3372 illos
1943 3320 2061 3390 pati

366 3409 514 3462 Deus
573 3423 800 3477 semper
846 3406 1019 3471 intus,
1060 3407 1157 3458 sed
1216 3422 1317 3459 nos
1346 3406 1414 3460 de
1445 3407 1557 3460 illis
1614 3424 1726 3460 non
1756 3408 2055 3477 proﬁcere-

365 3513 512 3550 mus.
545 3497 686 3551 Cum
745 3499 938 3547 autem
976 3493 1239 3564 'separati
1289 3499 1439 3561 sunt,
1473 3501 1531 3548 et
1558 3511 1662 3565 per
1718 3496 2059 3566 quaestiones

365 3601 470 3638 nos
503 3582 848 3654 inquietant,
899 3581 1150 3635 nascitur
1178 3580 1346 3634 nobis
1372 3582 1765 3653 inquisitionis
1805 3584 2057 3638 studium

365 3678 421 3727 et
449 3673 672 3726 timoris
711 3670 1058 3740 exemplum,
1094 3674 1175 3734 ut,
1235 3672 1340 3737 Qui
1387 3677 1518 3737 stat,
1567 3673 1750 3727 videat
1779 3689 1845 3726 ne
1874 3675 2053 3728 cadat.

364 3762 428 3815 Et
458 3760 596 3831 quid
625 3761 685 3814 in
727 3775 982 3830 paupere
1040 3759 1234 3829 adiuto
1293 3759 1358 3813 tit
1386 3761 1454 3814 de
1485 3761 1598 3813 illis
1653 3761 1935 3815 seductis?
1989 3765 2058 3817 Et

356 3852 542 3919 posuit
589 3852 730 3903 sicut
757 3862 898 3902 oves.
942 3847 1128 3900 Unum
1172 3864 1487 3918 pauperem
1519 3849 1786 3919 putabas;
1822 3850 1922 3903 sed
1952 3849 2057 3904 iste

361 3954 582 4010 pauper
617 3943 701 3992 est
748 3937 946 3990 multae
984 3936 1237 4000 familiae,
1276 3937 1474 3990 multae
1507 3937 1806 3992 Ecclesiae:
1863 3944 2057 3992 tamen

361 4032 420 4082 et
449 4031 532 4081 est
574 4043 689 4080 una
719 4024 990 4094 Ecclesia,
1048 4041 1160 4078 una
1192 4024 1332 4079 ovis.
1395 4027 1524 4079 Haec
1571 4031 1734 4080 tanta
1788 4027 2058 4097 mysteria

359 4116 459 4171 diu
487 4117 742 4180 latentia,
772 4119 828 4169 et
858 4114 987 4168 ideo
1010 4113 1253 4167 dulciter
1285 4114 1531 4168 inventa.

429 4203 589 4258 Vens.
651 4207 738 4256 4'2.
792 4233 861 4241 —
904 4202 1174 4257 Videbunt
1212 4205 1348 4256 recti
1382 4207 1432 4256 et
1492 4204 1836 4258 laetabuntur.
1872 4206 2059 4275 (Αυδ.)

365 4293 501 4346 Ecce
533 4309 647 4363 quo
679 4289 980 4345 Psalmista
1031 4290 1230 4344 tendat
1249 4291 1318 4344 ad
1365 4291 1491 4355 hoc,
1521 4292 1731 4346 scilicet
1749 4297 1814 4346 ut
1860 4298 2055 4346 osten-

362 4381 458 4436 dat
487 4381 639 4452 quod
683 4379 816 4434 boni
846 4395 949 4450 per
992 4378 1444 4433 misericordiam
1480 4378 1577 4434 Dei
1608 4381 1946 4448 exaltantur,
1992 4387 2058 4436 ut

359 4470 498 4524 mali
529 4485 631 4539 per
664 4469 992 4538 superbiam
1023 4472 1415 4522 conteruntur.

429 4559 593 4611 Vens.
650 4558 740 4612 43.
789 4587 857 4596 -
888 4557 1018 4622 Quis
1071 4559 1288 4625 sapiens
1315 4561 1364 4609 et
1418 4556 1682 4611 custodiet
1729 4559 1878 4613 haec?
1924 4559 2052 4630 (11).)

360 4645 685 4712 Conclusio,
740 4645 903 4716 quasi
951 4645 1184 4715 diceret,
1241 4645 1378 4716 quia
1440 4661 1756 4716 pauperem
1827 4648 2057 4717 adjuvat

361 4734 660 4800 Dominus,
711 4750 848 4804 ergo
902 4750 915 4787 :
992 4734 1121 4800 Quis
1193 4740 1270 4788 est
1325 4737 1580 4803 sapiens?
1635 4737 2054 4792 Misericordias.

358 4821 516 4886 Quod
546 4822 615 4876 de
659 4837 851 4876 errore
881 4821 1104 4890 liberat,
1151 4827 1279 4890 etc.,
1312 4838 1480 4892 usque
1520 4823 1595 4877 ad
1636 4828 1692 4878 et
1721 4823 1948 4896 iniquus
1993 4841 2056 4878 os

358 4927 526 4968 suum
551 4910 788 4982 oppilat.

971 5050 1278 5106 PSALMUS
1335 5051 1486 5106 CV11.

429 5180 589 5234 Vens.
649 5181 699 5232 1.
732 5207 804 5218 -
855 5177 1135 5233 Canticum
1182 5178 1405 5247 psalmi.
1463 5180 1649 5245 (AUG.)
1707 5179 1784 5233 Ex
1827 5183 2056 5250 postreo

361 5267 469 5320 mis
499 5265 756 5337 partibus
778 5264 1044 5330 duorum,
1078 5269 1209 5330 etc.,
1246 5280 1413 5333 usque
1441 5265 1515 5319 ad
1544 5271 1606 5320 ut
1633 5267 2057 5337 complerentur

361 5353 611 5424 eloquia:
639 5353 1074 5424 prophetarum.
1111 5351 1307 5422 (Cass)
1345 5353 1442 5407 Hic
1479 5354 1647 5423 plura
1669 5355 1870 5409 eadem
1925 5371 2056 5426 quae

357 5457 550 5511 supra,
579 5444 706 5506 etc.,
737 5456 906 5509 usque
931 5441 1005 5493 ad
1035 5445 1092 5494 et
1117 5440 1264 5495 bene
1288 5441 1632 5512 junguntur,
1681 5459 1810 5514 qua:
1866 5443 2056 5497 nulla-

359 5535 524 5584 tenus
582 5532 926 5600 repugnant.
989 5528 1120 5598 (In.)
1182 5530 1246 5583 In
1297 5529 1482 5599 primo
1543 5529 1734 5598 agitur
1803 5530 1872 5586 de
1919 5530 2057 5600 fuga

2181 503 2300 542 mus
2329 488 2397 542 ad
2434 489 2680 542 actuales
2713 505 2936 560 operas.
3064 559 3072 566 _

2250 579 2421 632 Vens.
2454 581 2506 631 2.
2557 608 2626 617 —
2680 581 2962 632 Paratum.
3019 578 3214 646 (CAss.)
3273 579 3474 634 Sextus
3503 583 3747 652 psalmus
3792 586 3850 638 de

2181 666 2404 720 duabus
2431 667 2652 721 naturis
2701 667 2760 720 in
2789 667 3031 722 Christo.
3084 670 3346 722 Paratum
3402 685 3492 723 cor
3537 686 3724 726 meum.
3754 673 3854 726 Pri-

2181 771 2275 810 mo
2309 756 2560 810 Christus
2591 755 2804 827 gratias
2854 757 2989 828 agit,
3039 756 3177 827 quia
3206 757 3523 828 suscipiens
3552 761 3851 828 passionem

2182 845 2422 898 surrexit
2473 845 2533 898 in
2581 845 2844 916 gloriam.
2904 845 3185 911 Secundo,
3219 862 3347 917 quae
3401 848 3553 902 salus
3614 849 3682 902 sit
3730 849 3851 903 facta

2181 933 2341 988 omni
2372 938 2559 1000 terrae,
2594 933 2693 1002 ibi,
2734 936 2800 988 Ut
2839 935 3155 989 liberentur.

2250 1023 2412 1077 Vens.
2443 1027 2500 1078 7.
2541 1053 2609 1062 —-
2642 1024 2708 1077 Ut
2736 1023 3049 1077 liberentur.
3091 1023 3216 1094 (Ιο.)
3273 1023 3533 1079 Secunda
3563 1041 3713 1095 pars,
3744 1043 3852 1097 qua

2179 1109 2331 1164 salus
2379 1111 2452 1165 sit
2497 1111 2643 1165 facta
2699 1111 2860 1165 omni
2908 1116 3077 1166 terra:
3107 1127 3282 1182 super
3310 1129 3484 1182 quam
3543 1113 3740 1183 gloria,
3777 1115 3852 1168 hic

2181 1199 2356 1253 etiam
2381 1199 2676 1254 humilitas
2715 1199 3090 1254 humanitatis
3138 1205 3196 1255 et
3249 1201 3509 1272 potentia
3567 1202 3852 1272 majestatis

2180 1289 2515 1342 ostenditur.

2252 1375 2474 1430 Salvum
2511 1377 2623 1442 fac.
2655 1377 2725 1431 Ut
2753 1377 3070 1432 liberentur
3096 1377 3158 1431 in
3185 1376 3404 1445 futuro,
3435 1377 3529 1432 hic
3578 1379 3726 1432 salva
3753 1395 3849 1445 eos,

2180 1479 2253 1516 ne
2296 1463 2518 1518 cadant.
2576 1465 2693 1532 Vel,
2747 1482 2806 1519 se
2861 1465 3006 1536 petit
3057 1466 3262 1520 salvari
3321 1467 3381 1520 in
3437 1467 3850 1540 resurrectione,

2179 1555 2244 1605 ut
2270 1551 2465 1605 ﬁdeles
2519 1551 2854 1619 liberentur,
2914 1553 3017 1624 qui
3072 1553 3174 1607 tali
3224 1554 3389 1625 signo
3447 1554 3717 1609 deitatem
3748 1555 3851 1624 ejus

2179 1645 2500 1695 senserunt.
2563 1641 2752 1708 Quasi,
2823 1647 2890 1695 ut
2935 1645 3156 1696 cantem
3216 1648 3272 1697 et
3325 1644 3590 1714 psallam,
3659 1644 3853 1699 Salvum

2178 1745 2260 1783 me
2295 1731 2387 1796 fac
2408 1728 2468 1782 in
2513 1729 2933 1784 resurrectione
2983 1731 3212 1784 dextera
3241 1735 3360 1798 tua,
3394 1731 3453 1785 id
3498 1736 3586 1786 est
3616 1749 3716 1802 per
3740 1733 3854 1785 Ver-

2177 1817 2338 1885 bum,
2372 1817 2472 1888 qui
2502 1821 2588 1871 est
2639 1817 2939 1872 brachium
2997 1819 3204 1887 Patris,
3233 1824 3298 1873 ut
3353 1822 3430 1874 sic
3469 1821 3758 1875 liberentur
3779 1820 3850 1875 di-

2178 1909 2300 1962 lecti
2346 1909 2447 1961 tui.
2481 1907 2630 1961 Ordo
2661 1907 2968 1961 verborum
3018 1925 3324 1963 conversus
3357 1914 3467 1965 est.
3509 1909 3659 1963 Dicit
3689 1910 3850 1964 enim:

2177 1996 2408 2050 Salvum
2439 2012 2531 2050 me
2561 1995 2648 2049 fac
2677 2001 2735 2050 et
2757 1995 2981 2061 exaudi,
3017 2002 3074 2050 et
3101 1997 3322 2051 salvum
3350 2014 3441 2052 me
3463 1998 3574 2054 fac.

2247 2085 2410 2140 Vens.
2473 2085 2527 2137 8.
2583 2112 2656 2124 —
2736 2085 3054 2138 lia-saltabo.
3135 2088 3331 2152 (Auo.)
3389 2087 3487 2140 Vel
3556 2087 3848 2150 exaltabor,

2174 2185 2346 2240 supra
2376 2169 2630 2231 laetabor,
2689 2169 2782 2224 hic
2828 2187 2960 2225 vero
3017 2172 3330 2240 exaltabor,
3365 2174 3517 2244 quod
3566 2174 3698 2228 satis
3727 2189 3847 2227 con-

2173 2259 2348 2326 venit,
2385 2258 2522 2330 quia
2552 2258 2622 2312 de
2649 2258 2992 2314 exaltatione
3022 2263 3106 2314 est
3134 2260 3350 2316 lzetitia.
3389 2263 3455 2317 Et
3499 2262 3755 2334 loquitur
3776 2263 3847 2316 hic

2175 2347 2428 2403 Christus
2456 2348 2518 2402 in
2529 2363 2777 2418 persona
2809 2349 3088 2402 Ecclesiae.

2245 2437 2419 2492 Vens.
2451 2440 2503 2492 9.
2532 2467 2592 2477 —
2642 2437 2723 2491 Et
2754 2437 3047 2506 Ephraim.
3102 2438 3223 2509 (10.)
3258 2438 3530 2510 Ephraim
3566 2456 3725 2495 meus
3759 2445 3844 2504 est,

2171 2523 2230 2578 id
2267 2530 2375 2594 est,
2405 2542 2532 2580 mea
2578 2528 2663 2579 est
2713 2525 3093 2590 fructiﬁcatio,
3141 2543 3272 2598 quae
3302 2533 3389 2582 est
3443 2528 3729 2600 susceptio
3765 2544 3845 2581 ca—

2171 2610 2305 2681 pitis
2348 2612 2482 2665 mei.
2531 2613 2658 2667 Haec
2709 2613 3070 2667 fructiﬁcatio
3120 2618 3205 2667 est
3253 2630 3318 2668 ex
3375 2630 3442 2669 eo
3491 2615 3649 2685 quod
3698 2619 3844 2684 caput

2170 2700 2421 2770 suscepit
2439 2717 2553 2764 me,
2580 2701 2669 2755 vel
2683 2717 2789 2772 ego
2805 2702 3209 2771 caput.(Cass.)
3236 2703 3332 2757 Vel
3367 2703 3662 2774 Ephraim,
3687 2703 3740 2757 id
3755 2707 3843 2768 est,

2168 2787 2551 2857 fructificatio,
2615 2795 2702 2843 est
2775 2789 3058 2860 susceptio
3106 2791 3308 2862 capitis
3350 2791 3484 2858 mei,
3549 2792 3686 2863 quia
3730 2791 3848 2845 dum

2169 2877 2430 2947 spineam
2459 2894 2731 2932 coronam
2774 2883 2942 2949 caput
2968 2895 3160 2933 meum
3193 2881 3459 2951 suscepit,
3493 2880 3646 2934 ultra
3674 2895 3851 2934 omnes

2089 2972 2128 3028 C
2166 2965 2554 3020 fructiﬁcavit:
2616 2970 2800 3020 totum
2878 2965 3034 3020 enim
3123 2967 3379 3022 Christus
3456 2968 3710 3023 lucratus
3781 2971 3854 3022 est

2166 3054 2474 3108 mundum.

2241 3144 2400 3196 Vens.
2438 3147 2528 3198 11.
2568 3174 2637 3183 -
2681 3145 2810 3214 Quis
2832 3143 3049 3198 deducit
3071 3160 3152 3198 me
3180 3146 3240 3198 in
3264 3147 3541 3199 civitatem
3580 3146 3850 3198 munitam.

2169 3232 2300 3301 (11).)
2350 3232 2506 3286 Sicut
2553 3231 2748 3297 homo,
2797 3233 3004 3300 qurerit
3048 3231 3325 3298 Christus,
3369 3237 3433 3286 ut
3492 3232 3849 3303 respondeat;

2167 3326 2341 3391 negat
2370 3321 2478 3374 hoc
2509 3319 2579 3374 ab
2636 3320 2871 3374 homine
2921 3337 3084 3391 posse
3130 3319 3274 3374 ﬁeri.
3331 3321 3564 3375 Civitas.
3613 3322 3855 3374 infernus

2167 3425 2339 3480 quem
2367 3409 2560 3462 nullus
2581 3412 2805 3478 poterat
2832 3409 3075 3479 aperire.
3107 3408 3360 3463 ldumeae
3391 3415 3612 3479 gentes,
3660 3409 3855 3480 quibus

2165 3501 2292 3568 post
2345 3495 2820 3550 resurrectionem
2865 3496 3156 3551 innotuit:
3209 3497 3331 3551 haec
3383 3515 3415 3551 a
3481 3499 3606 3552 sola
3661 3498 3852 3553 deitate

2165 3589 2432 3656 poterant
2450 3584 2594 3638 ﬁeri.

2235 3673 2400 3728 Vens.
2441 3676 2523 3727 l2.
2553 3703 2621 3713 —
2649 3674 2920 3743 Repulisti
2962 3689 3078 3742 nos,
3110 3679 3162 3728 et
3185 3690 3291 3728 non
3321 3675 3525 3729 exibis.
3577 3677 3704 3746 (10.)
3743 3675 3852 3728 Plu-

2165 3761 2361 3815 raliter
2408 3761 2544 3816 dicit
2596 3779 2718 3828 nos,
2769 3762 2903 3832 quia
2957 3761 3052 3816 hic
3091 3762 3341 3818 Christus
3394 3779 3524 3816 cum
3593 3763 3853 3818 membris

2165 3850 2382 3920 patitur
2424 3867 2614 3921 supra,
2673 3851 3042 3920 singulariter
3117 3851 3383 3922 dicendo,
3455 3852 3701 3907 deducet
3751 3866 3850 3905 me.

2167 3941 2383 3993 Horum
2412 3939 2673 3994 omnium
2693 3939 3074 4010 expositiones
3093 3940 3320 4010 require
3352 3941 3412 3994 in
3434 3957 3590 3995 nono
3624 3941 3848 4012 psalmo.

2750 4028 3054 4083 PSALMUS
3091 4029 3274 4083 CVIII.

2236 4117 2407 4171 Vens.
2454 4120 2502 4171 l.
2552 4119 2713 4171 —In
2761 4119 2940 4186 ﬁnem,
2987 4118 3254 4173 Psalmus.
3307 4117 3497 4185 (Auo.)
3555 4117 3853 4188 Prophetia

2167 4206 2237 4260 de
2279 4205 2524 4272 Christo,
2583 4211 2714 4271 etc.,
2773 4221 2941 4275 usque
3013 4205 3088 4260 ad
3144 4211 3200 4260 et
3255 4223 3384 4277 qua:
3437 4206 3508 4261 de
3562 4207 3710 4261 Juda
3765 4222 3850 4259 ex-

2165 4310 2360 4366 pressa
2389 4299 2540 4360 sunt,
2590 4299 2654 4349 ut
2692 4293 2865 4348 illud:
2917 4295 2998 4349 Et
3033 4297 3400 4364 episcopatum
3462 4295 3583 4366 ejus
3631 4296 3848 4365 accipiat

2166 4385 2324 4437 alter.

2236 4472 2436 4539 (Cass)
2485 4471 2726 4536 Quintus
2808 4487 3008 4527 eorum
3067 4472 3168 4544 qui
3231 4472 3404 4527 latius
3475 4472 3546 4527 de
3597 4472 3847 4544 passione

2165 4562 2364 4628 agunL

2237 4648 2403 4700 Vens.
2461 4650 2522 4702 2.
2577 4678 2646 4686 —
2698 4647 2845 4702 Deus
2904 4648 3136 4703 laudem.
3192 4650 3390 4715 (Cass)
3467 4649 3661 4704 Monet
3705 4647 3844 4703 luds:

2165 4735 2446 4790 malitiam
2477 4736 2778 4803 declinare,
2842 4741 2974 4804 etc.,
3033 4753 3201 4806 usque
3267 4739 3343 4792 ad
3411 4737 3672 4792 Christus
3729 4752 3846 4805 ergo

2167 4823 2482 4878 secundum
2516 4824 2670 4894 quod
2717 4825 2892 4878 homo
2943 4841 3111 4880 orans
3145 4825 3217 4879 ad
3263 4827 3492 4880 Patrem
3547 4827 3666 4881 ait:
3721 4828 3846 4892 Quia

2164 4927 2220 4966 os
2244 4914 2562 4982 peccatoris.
2599 4911 2718 4984 (11).)
2765 4915 2980 4967 Decora
3021 4914 3338 4981 diversitas,
3371 4915 3507 4986 quia
3535 4915 3724 4986 iniqui
3747 4929 3846 4968 non

2163 5005 2358 5054 tacent
2381 5000 2755 5070 vituperium.
2784 4988 2790 4994 ’

2237 5091 2395 5144 Vens.
2430 5093 2481 5144 3.
2513 5120 2583 5128 —
2614 5089 2818 5145 Gratis.
2852 5092 3040 5162 (Auo.)
3090 5090 3245 5145 Sicut
3289 5090 3402 5162 piis
3453 5106 3562 5162 per
3589 5108 3649 5146 se
3679 5091 3844 5162 placet

2166 5178 2422 5248 aequitas,
2455 5178 2532 5232 sic
2560 5178 2754 5249 impiis
2795 5177 3091 5252 iniquitas.

2238 5266 2398 5320 Vens.
2457 5267 2509 5318 4.
2543 5297 2611 5304 -
2666 5269 2770 5321 Pro
2802 5283 2859 5320 eo
2904 5253 2972 5321 ut
3017 5283 3116 5321 me.
3174 5267 3298 5338 (11).)
3357 5267 3490 5321 Plus
3527 5271 3752 5335 nocent,
3793 5264 3842 5318 in

2165 5353 2440 5407 membris
2471 5353 2835 5410 detrahentes
2893 5355 3138 5421 Christo,
3194 5356 3329 5426 quia
3358 5355 3581 5410 animas
3609 5355 3840 5410 creditu-

2165 5458 2359 5496 rorum
2390 5441 2763 5510 interﬁciunt,
2790 5459 2964 5514 quam
2985 5444 3088 5515 qui
3105 5460 3336 5499 carnem
3353 5445 3476 5516 ejus
3506 5461 3639 5500 mox
3666 5457 3840 5500 resur-

2163 5534 2448 5586 recturam
2472 5537 2864 5602 peremerunt.
