4020 6184
200 268 340 321 1029

1315 261 1570 319 GLOSSA
1607 259 2013 319 0RDINARIA.
2058 290 2124 301 —-
2165 261 2295 316 LIB.
2341 262 2581 315 PSALM.

3572 271 3706 323 1030

269 389 433 443 Vens.
468 390 517 441 5.
542 416 615 427 —
642 389 712 442 Et
734 385 1384 455 posueruentadversum.
1420 385 1608 457 (Αυα.)
1646 385 1751 440 Sex
1791 384 1893 438 dif-
1920 385 1967 438 A
2075 385 2238 439 Vens.
2277 387 2365 439 23.
2422 376 2489 425 —'-
2545 387 2703 440 Sicut
2760 387 2952 440 umbra
3022 402 3140 441 cum
3202 388 3436 444 declinat
3491 391 3705 447 ablatus

192 478 455 532 ferentia:
472 482 625 544 sunt,
651 482 782 542 etc.,
806 492 974 545 usque
995 475 1069 529 ad
1092 475 1249 546 quod
1274 481 1358 529 est
1382 475 1597 528 bonum
1624 490 1727 544 pro
1744 474 1894 527 malo

196 566 349 637 quod
382 570 465 619 est
496 567 640 619 Deus
660 564 837 633 judex
867 562 1018 619 facit.
1054 564 1253 633 (Cess)
1284 564 1485 617 Tribus
1515 563 1701 617 modis
1725 579 1895 616 omne

197 659 490 726 peccatum
522 652 899 719 contrahitur,
952 656 1093 717 etc.,
1124 667 1292 721 usque
1347 652 1421 705 ad
1460 652 1612 723 quod
1644 652 1897 706 Christus

201 730 372 795 orans
406 757 509 811 pro
536 742 561 795 J
571 740 747 795 udezis
768 740 916 794 fecit.

272 832 435 883 Vens.
465 834 514 883 6.
549 858 619 869 -
648 830 919 884 Constitue
957 842 1137 897 super.
1198 827 1382 898 (Αυο.)
1440 827 1694 882 Secunda
1742 844 1894 898 pars,

200 920 302 973 ubi
328 917 531 989 incipit
557 918 923 988 prophetare,
971 932 1099 987 quae
1143 932 1247 986 pro
1278 916 1567 986 impietate
1598 916 1893 986 recipiant.

198 1008 384 1078 Supra
412 1006 479 1060 de
509 1006 793 1075 pluribus,
837 1009 965 1065 etc.,
1020 1019 1188 1073 usque
1209 1003 1285 1059 ad
1315 1020 1563 1074 quorum
1590 1019 1897 1073 personam

197 1098 378 1151 ludas
408 1096 601 1166 gessit.
639 1096 913 1150 Constitue
958 1108 1121 1162 super
1165 1107 1284 1147 eum
1336 1097 1688 1162 peccatorem.
1745 1094 1899 1147 Sicut

198 1193 271 1241 de
292 1184 456 1249 Juda,
487 1183 567 1237 ita
597 1184 666 1237 de
697 1183 797 1236 eis.

271 1274 438 1327 Vens.
488 1277 539 1325 7.
597 1302 667 1310 —
739 1273 880 1325 Cum
922 1270 1207 1339 judicatus
1263 1274 1423 1324 exeat
1482 1269 1889 1326 condemnatus.

197 1363 347 1427 Quia
405 1362 465 1415 in
540 1360 801 1431 nequitia
858 1364 1257 1431 permanentes
1335 1358 1725 1413 thesaurizant
1790 1358 1899 1413 sibi

195 1452 367 1505 iram.
402 1451 590 1507 Oratio
618 1453 677 1504 in
706 1454 985 1519 peccatum
1017 1464 1032 1502 :
1063 1449 1198 1520 quia
1222 1465 1340 1503 non
1361 1447 1425 1502 ﬁt
1473 1463 1577 1518 per
1617 1447 1899 1502 mediato—

196 1555 427 1681 x“gains.
465 1629 516 1681 8.
554 1657 623 1667 —
653 1628 772 1681 Dies
799 1627 992 1694 pauci.
1047 1624 1375 1678 Secundum
1424 1638 1692 1693 regnum,
1742 1623 1897 1693 quod

196 1723 333 1787 post
383 1733 499 1770 non
531 1715 629 1770 diu
659 1714 831 1767 stetit.
893 1714 1310 1782 Episcopatum,
1363 1710 1421 1765 id
1476 1717 1561 1764 est
1609 1711 1897 1766 Christum

198 1804 324 1878 (qui
354 1805 425 1859 ad
448 1822 547 1859 eos
578 1803 802 1874 missus)
837 1802 1051 1873 accepit
1082 1802 1328 1873 populus
1344 1801 1621 1871 gentium.

276 1896 439 1948 Vens.
487 1897 539 1948 9.
568 1923 637 1934 —
675 1894 815 1947 Filii
868 1894 1150 1961 orphani:
1202 1890 1435 1956 amisso,
1497 1887 1659 1959 quasi
1713 1891 1894 1957 patre,

197 2000 412 2054 regno;
467 1982 553 2037 vel
613 1988 775 2053 patre
832 1984 965 2036 Deo.
1001 1983 1167 2049 Uxor,
1216 1980 1276 2035 id
1305 1986 1389 2035 est
1442 1980 1625 2051 plebs.
1688 1979 1898 2049 Vidua,

200 2074 412 2127 amisso
445 2089 644 2143 regno.

270 2164 440 2217 Vens.
498 2164 580 2217 10.
632 2190 702 2202 -
766 2162 1171 2227 Transferatur,
1216 2162 1277 2212 ut
1332 2157 1393 2212 in
1450 2157 1777 2228 captivitate
1809 2156 1900 2211 fa-

196 2255 360 2303 ctum
395 2253 497 2302 est.
523 2247 857 2314 Mendicent,
892 2246 1123 2317 regibus
1144 2244 1425 2315 gentium.

270 2357 449 2410 Vens.
510 2358 595 2408 11.
646 2354 955 2409 —0mnem
999 2353 1364 2407 substantiam
1394 2352 1533 2421 ejus,
1572 2351 1627 2405 id
1655 2355 1755 2414 est,
1811 2350 1899 2404 vi-

190 2450 341 2511 tam,
371 2444 598 2511 singula
626 2443 844 2513 peccati
873 2442 1155 2512 puniens;
1206 2441 1396 2495 debita
1441 2456 1640 2494 eorum
1671 2456 1785 2494 non
1811 2439 1902 2493 di-

191 2534 532 2599 mittuntur,
561 2531 697 2601 quia
723 2531 782 2584 in
811 2531 930 2583 solo
958 2530 1180 2584 Christo
1200 2529 1588 2583 dimittuntur.
1612 2530 1682 2582 Et
1710 2529 1897 2595 alieni,

192 2624 255 2677 id
282 2628 388 2687 est,
422 2621 680 2674 diabolus
710 2623 765 2673 et
793 2618 983 2689 angeli
1012 2620 1152 2689 ejus.
1191 2620 1474 2687 Diripiant
1517 2616 1725 2671 labores
1758 2617 1899 2685 ejus,

196 2711 343 2775 Quia
372 2709 758 2763 thesaurizant
787 2708 845 2761 in
890 2707 1051 2761 coelo.

266 2800 443 2853 Vens.
477 2800 566 2851 12.
624 2826 698 2838 -
740 2800 811 2850 Et
859 2812 965 2851 non
995 2798 1069 2850 sit
1096 2797 1201 2860 illi,
1234 2799 1338 2848 etc.
1398 2796 1461 2850 Id
1515 2800 1617 2859 est,
1673 2794 1903 2863 adjutor

196 2905 318 2943 non
341 2893 428 2941 est
484 2887 556 2953 ei,
589 2887 682 2939 cui
736 2886 986 2940 Christus
1011 2885 1183 2939 deest.
1235 2887 1341 2941 Nec
1397 2887 1469 2938 sit
1499 2886 1595 2952 qui
1647 2886 1900 2937 miserea-

2004 486 2142 526 sum.
2177 472 2369 543 (Cass)
2400 473 2554 527 Sicut
2606 489 2673 527 ex
2712 475 2914 529 umbra
2961 475 3285 531 declinante
3318 478 3385 533 ﬁt
3437 496 3570 547 nox,
3624 482 3705 534 sic

2007 576 2073 613 ex
2102 561 2329 614 mortali
2358 577 2526 616 carne
2547 561 2612 615 tit
2642 579 2814 616 mors.

2077 649 2237 702 Vens.
2295 650 2382 703 24.
2417 677 2481 688 —-
2544 651 2830 704 lmmutata
2882 657 2986 706 est.
3034 651 3212 720 (Avo)
3258 654 3562 708 lmmutata
3619 663 3703 711 est

2006 752 2141 807 ergo
2171 753 2299 790 caro
2341 737 2569 805 Christi,
2628 744 2758 808 etc.,
2808 755 2977 808 usque
3016 740 3090 793 ad
3116 745 3247 810 quia
3272 744 3426 796 Jesus
3458 744 3697 799 nondum

2002 828 2113 892 fuit
2164 827 2515 894 gloriﬁcatus.
2566 830 2790 896 Propter
2831 831 3020 897 oleum,
3075 829 3132 882 id
3186 836 3291 893 est,
3340 831 3697 901 spiritualem

2006 916 2270 984 gratiam,
2310 916 2459 970 unde
2488 916 2741 972 Christus
2769 917 2998 971 dicitur.

2077 1005 2236 1058 Vens.
2309 1008 2399 1058 25.
2467 1035 2536 1045 —
2608 1007 2888 1060 Moverunt
2954 1009 3156 1075 capita.
3220 1007 3419 1077 (Cess.)
3478 1009 3699 1063 Furiosi

2007 1092 2391 1147 commotione
2421 1093 2622 1162 capitis
2654 1096 2966 1148 minantur.
3027 1094 3214 1165 (Ante)
3250 1096 3548 1150 Moverunt
3602 1114 3699 1150 ca-

2006 1182 2145 1252 pita,
2200 1181 2337 1253 quia
2372 1182 2637 1236 viderunt
2691 1182 2940 1253 pendere
2990 1181 3049 1235 in
3094 1199 3282 1252 cruce,
3314 1184 3413 1238 sed
3444 1184 3699 1240 nondum

2008 1270 2238 1341 quando
2259 1286 2389 1323 caro
2416 1270 2745 1325 immutata.
3712 1269 3721 1272 ’

2079 1360 2246 1413 Vens.
2285 1361 2376 1425 26,
2412 1389 2477 1399 -—-
2506 1360 2729 1425 Adiuva
2753 1361 2846 1425 :me
2890 1360 3127 1412 Domine.
3167 1359 3372 1430 (Cess)
3432 1362 3614 1432 Rogat
3634 1367 3700 1417 ut

2006 1447 2200 1514 homo;
2230 1451 2462 1517 praestat
2486 1452 2548 1501 ut
2566 1449 2730 1500 Deus.

2079 1537 2237 1590 Vens.
2297 1539 2385 1590 27.
2444 1566 2512 1574 —
2568 1538 2763 1591 Manus
2822 1541 2914 1590 tua
2979 1536 3107 1590 haec.
3190 1537 3383 1609 (Αυα.)
3442 1538 3702 1594 Christus

2007 1625 2130 1679 haec
2204 1641 2428 1691 manus,
2488 1628 2544 1678 et
2573 1629 2657 1678 est
2715 1625 2961 1678 Verbum
3022 1626 3171 1694 apud
3224 1628 3406 1680 Deum
3458 1633 3516 1681 et
3566 1628 3702 1682 fecit

2008 1730 2131 1767 eam
2166 1714 2302 1768 dum
2340 1713 2586 1767 Verbum
2616 1730 2746 1767 caro
2802 1713 3014 1767 factum
3060 1718 3161 1767 est.
3197 1716 3327 1769 Erat
3377 1715 3532 1769 enim
3582 1716 3702 1771 sine

2007 1806 2258 1873 tempcre
2281 1803 2593 1856 secundum
2621 1801 3000 1867 divinitatem,
3050 1806 3106 1855 et
3160 1803 3307 1856 facta
3337 1809 3417 1858 est
3467 1804 3529 1858 in
3557 1808 3700 1859 tem-

2006 1907 2145 1963 pore
2167 1891 2474 1945 secundum
2506 1906 2733 1945 carnem
2750 1933 2762 1945 .

2078 1981 2235 2033 Vens.
2265 1982 2353 2033 28.
2378 2010 2446 2017 —
2472 1980 2793 2033 Maledicent
2824 1981 2910 2033 illi
2949 1985 2998 2033 et
3022 1984 3079 2033 tu
3113 1980 3403 2034 benedices.
3450 1982 3572 2035 Una
3620 1987 3705 2036 est

2008 2065 2331 2120 maledictio
2362 2066 2643 2120 malorum
2678 2069 2848 2133 Deus,
2877 2084 3006 2121 cum
3036 2067 3341 2134 benedicit,
3383 2067 3516 2123 facit
3547 2071 3701 2140 quod

2009 2154 2165 2209 dicit.

2078 2244 2237 2297 Vens.
2288 2246 2377 2298 29.
2446 2273 2518 2285 --
2559 2244 2710 2297 Sicut
2759 2243 3017 2312 diploide,
3078 2248 3184 2297 etc.
3253 2243 3365 2297 Alii
3410 2244 3697 2315 interpre-

2006 2333 2201 2384 tantur
2230 2347 2332 2402 pro
2356 2331 2625 2402 diploide.
2662 2331 2867 2402 duplex
2920 2332 3180 2401 pallium,
3214 2331 3268 2385 id
3321 2336 3423 2400 est,
3457 2333 3705 2387 confun-

2010 2419 2220 2473 dantur
2244 2420 2399 2473 intus
2442 2424 2498 2474 et
2539 2420 2697 2485 foris,
2744 2420 2802 2474 id
2833 2426 2937 2484 est,
2977 2436 3168 2473 coram
3229 2421 3365 2487 Deo,
3408 2425 3462 2475 et
3516 2422 3702 2475 homi-

2010 2508 2197 2562 nibus.

2081 2598 2243 2652 Vens.
2288 2600 2373 2652 30.
2406 2629 2474 2637 ——
2500 2600 2675 2655 Nimis
2718 2600 2771 2651 in
2810 2613 2897 2652 ore
2926 2613 3057 2651 meo.
3117 2598 3269 2651 Solet
3325 2597 3459 2668 poni
3514 2601 3701 2668 nimis,

2010 2701 2118 2755 pro
2148 2686 2278 2755 plus
2327 2702 2500 2757 quam
2540 2687 2728 2755 debet,
2762 2687 2858 2740 sed
2913 2692 2969 2740 et
3009 2702 3114 2757 pro
3172 2686 3350 2740 valde.
3398 2686 3461 2740 In
3508 2686 3698 2740 medio.

2012 2774 2196 2844 (Avo)
2226 2775 2285 2828 Id
2318 2780 2425 2842 est,
2456 2775 2512 2827 in
2536 2775 2850 2841 communi,
2878 2776 2966 2828 vel
2998 2775 3053 2828 in
3087 2775 3276 2829 corde.

2086 2863 2244 2918 Vens.
2302 2866 2386 2917 31.
2424 2894 2494 2903 -
2541 2867 2683 2930 Quia
2738 2867 2917 2918 astitit
2948 2880 2982 2918 a
3010 2864 3219 2919 demtris
3260 2865 3538 2933 pauperis.
3574 2862 3701 2916 Dia-

198 2984 311 3033 tur.
348 2977 473 3030 Non
507 2950 632 3029 dico
680 2974 747 3028 ad
779 2973 1136 3045 temporalia,
1188 2973 1467 3038 habenda,
1506 2950 1607 3026 sed
1666 2976 1896 3026 aeterna.

2077 2951 2175 3003 llus
2205 2968 2238 3004 a
2266 2952 2475 3005 dextris
2513 2953 2693 3019 ludat,
2733 2958 2862 3016 etc.,
2894 2968 3065 3024 usque
3083 2953 3158 3006 ad
3208 2953 3304 3007 sed
3333 2956 3395 3006 ut
3449 2952 3703 3006 animam

268 3085 437 3136 Vens.
474 3084 556 3136 l3.
590 3112 659 3120 —
689 3081 855 3134 Fiant
890 3081 1011 3134 nati
1042 3080 1157 3148 ejus
1183 3082 1241 3134 in
1271 3081 1558 3133 interitum
1603 3078 1900 3148 sempiter-

195 3188 365 3227 num.
394 3171 527 3225 Ideo
560 3170 697 3241 quia
718 3175 1053 3224 manserunt
1082 3170 1139 3222 in
1171 3171 1510 3236 generatione
1545 3184 1675 3229 una,
1706 3168 1762 3221 id
1795 3173 1899 3234 est,

200 3262 340 3333 quia
373 3277 488 3315 non
514 3259 839 3329 regenerati
876 3259 1129 3312 fuerunt.
1158 3261 1229 3312 Et
1276 3258 1519 3311 deleatur
1571 3272 1785 3311 nomen.
1838 3257 1899 3311 Id

198 3356 306 3416 est,
336 3350 648 3402 Jerusalem
677 3354 942 3415 terrenae,
972 3363 1101 3418 quae
1126 3346 1300 3400 servit
1315 3363 1441 3399 cum
1472 3344 1604 3399 ﬁliis
1636 3345 1751 3398 suis
1769 3360 1900 3415 quae

199 3439 517 3509 prophetas
541 3436 847 3491 interfecit.

269 3528 437 3580 Vens.
475 3530 557 3580 15.
588 3556 656 3564 -
696 3528 766 3579 Et
815 3524 1088 3593 dispereat
1117 3525 1182 3578 de
1208 3530 1358 3579 terra
1384 3525 1702 3589 viventium,
1728 3521 1785 3576 id
1817 3526 1902 3576 est

205 3614 471 3670 Ecclesia.
529 3616 787 3668 Memoria
858 3628 1060 3679 eorum,
1110 3613 1245 3682 quia
1319 3627 1449 3665 cum
1498 3615 1687 3664 essent
1753 3609 1900 3664 rami

202 3704 512 3767 naturales,
537 3702 670 3756 facti
702 3707 854 3756 sunt.

271 3792 432 3845 Vens.
469 3793 553 3844 16.
585 3820 656 3831 -
704 3792 808 3845 Pro
836 3805 893 3844 eo
924 3789 1068 3860 quod
1111 3804 1218 3843 non
1267 3794 1343 3843 est
1391 3788 1722 3841 recordatus.
1781 3788 1900 3841 Pce-

196 3879 462 3935 nitendo.

217 4005 235 4019 .
270 3970 469 4023 Facere
539 3967 984 4021 misericordiam.
1068 3968 1251 4036 Supra
1338 3963 1595 4019 membra
1669 3962 1893 4017 Christi.

273 4074 436 4127 Vens.
472 4075 553 4127 18.
605 4101 676 4114 -
720 4072 1213 4127 Maledictionemet
1247 4074 1419 4125 veniet
1475 4073 1569 4124 ei:
1626 4074 1677 4123 et
1727 4069 1899 4123 noluit

198 4162 640 4217 benedictionem.
693 4162 883 4230 (Auc.)
941 4162 1174 4215 Peccata
1212 4160 1385 4214 modo
1445 4159 1746 4223 delectant,
1802 4158 1897 4212 sed

193 4251 471 4306 dicuntur
492 4250 838 4314 maledictio,
871 4250 1006 4320 quia
1030 4255 1311 4303 tormenta
1339 4252 1562 4318 parant.

272 4340 439 4392 Vens.
506 4342 589 4392 19.
650 4367 719 4379 —-
776 4340 892 4403 Quo
942 4341 1202 4408 operitur.
1256 4338 1490 4391 Videtur
1536 4335 1723 4389 dicere
1783 4333 1894 4402 hic,

190 4434 333 4497 etc.,
359 4442 528 4495 usque
555 4427 631 4480 ad
660 4444 889 4499 semper
930 4428 1003 4481 sit
1031 4431 1284 4498 paratus,
1325 4425 1479 4480 unde
1505 4424 1598 4479 hic
1629 4424 1709 4479 ait
1759 4438 1896 4478 sem-

179 4534 293 4589 per
314 4518 693 4586 praecingitur.

264 4623 427 4676 Vens.
452 4624 539 4676 20.
565 4652 635 4661 ——
654 4621 823 4691 Apud
844 4624 1143 4676 Dominum.
1169 4621 1299 4691 (10.)
1319 4618 1647 4690 Specialiter
1673 4618 1894 4674 Christo

184 4711 530 4777 detrahunt,
555 4709 655 4780 qui
676 4710 876 4763 dicunt
898 4726 1013 4763 non
1044 4725 1164 4763 esse
1184 4725 1251 4762 ex
1276 4710 1459 4775 Patre,
1496 4709 1586 4761 vel
1608 4708 1895 4761 minorem

179 4804 381 4856 Patre.
419 4800 567 4855 Mala
595 4800 854 4853 adversus
879 4801 1138 4852 animam.
1177 4798 1460 4863 Dicentes,
1493 4812 1609 4849 non
1640 4795 1894 4865 potuisse

180 4903 453 4958 surgere,
487 4903 617 4941 cum
647 4887 837 4942 vellet.

262 4995 433 5047 Vens.
464 4996 526 5047 2i
562 4995 721 5047 —Et
744 4996 801 5046 tu
830 4994 1076 5047 Domine.
1126 4990 1304 5061 Csss.)
1351 4990 1540 5044 Tertia
1593 5005 1743 5060 pars,
1794 4988 1893 5043 ubi

174 5087 484 5156 precatur,
517 5085 836 5150 etc.,usque
866 5080 941 5133 ad
995 5080 1199 5149 adjuva
1251 5095 1363 5145 me,
1422 5079 1733 5133 secundum
1790 5077 1895 5131 ho-

171 5171 434 5227 minem.
478 5172 705 5239 Propter
748 5185 936 5223 nomen
979 5173 1150 5223 tuum.
1210 5168 1392 5221 Nullis
1442 5167 1597 5220 enim
1653 5181 1893 5237 operum

175 5266 329 5327 etc.,
362 5274 530 5328 usque
559 5259 633 5313 ad
650 5261 783 5327 quia
812 5259 996 5311 suavis
1027 5262 1103 5311 est
1128 5256 1504 5310 misericordia
1533 5260 1647 5309 tua.

259 5350 432 5403 Vens.
462 5350 551 5401 22.
587 5376 650 5387 —-
696 5348 841 5412 Quia
879 5360 1072 5414 egenus
1130 5349 1181 5399 et
1207 5360 1438 5415 pauper.
1500 5344 1622 5413 (10.)
1667 5345 1893 5414 Egestas

170 5444 242 5496 et
312 5440 621 5506 paupertas
677 5435 886 5489 Christi
919 5439 1003 5488 est
1048 5434 1374 5501 infirmitas,
1423 5450 1489 5487 ex
1548 5449 1663 5505 qua
1708 5432 1893 5487 cruci-

168 5532 341 5587 ﬁxus
371 5531 475 5580 est.

2012 3039 2252 3094 salvaret
2276 3057 2307 3093 a
2334 3042 2827 3112 persequentibus.

2611 3184 2925 3239 PSALMUS
2961 3184 3089 3240 CIX.

2079 3306 2240 3359 Vens.
2274 3310 2319 3360 1.
2352 3336 2421 3347 —-
2468 3307 2714 3361 Psalmus
2774 3306 2985 3360 David.
3043 3305 3242 3377 (Cass)
3295 3306 3551 3359 Psalmus
3597 3305 3703 3359 iste

2008 3396 2309 3465 septimus,
2340 3401 2469 3462 etc.,
2504 3411 2674 3463 usque
2706 3395 2780 3449 ad
2828 3395 3068 3466 quiquid
3102 3396 3161 3448 in
3218 3400 3463 3465 utroque
3509 3395 3706 3448 Testa-

2008 3489 2201 3537 mento
2232 3485 2571 3539 continetur.
2606 3485 2800 3555 (CAss.l
2834 3485 3120 3555 Propheta
3160 3484 3421 3537 hortatur
3481 3483 3703 3538 Christo

2009 3570 2230 3640 subjici.
2273 3572 2465 3626 Primo
2515 3572 2690 3625 refert
2718 3575 2998 3643 propheta
3053 3573 3223 3627 verba
3273 3572 3451 3626 Patris
3497 3573 3564 3626 de
3614 3573 3701 3625 Fi-

2007 3659 2104 3725 lio,
2140 3665 2270 3726 etc.,
2298 3676 2468 3729 usque
2496 3661 2570 3714 ad
2596 3661 2702 3714 hoc
2731 3661 3123 3715 humanitatis.

2077 3750 2241 3801 Dixit
2273 3751 2550 3801 Dominus.
2607 3748 2813 3818 (Cass.)
2848 3749 2997 3801 More
3031 3752 3239 3814 nostro,
3282 3752 3345 3801 ut
3391 3748 3563 3801 homo
3610 3747 3705 3801 in-

2007 3839 2277 3888 struatur.
2343 3837 2597 3889 Dominus
2661 3837 2900 3889 Domino.
2965 3836 3238 3888 Personas
3312 3835 3589 3901 discerne,
3651 3840 3708 3889 et

2005 3939 2181 3977 unam
2218 3927 2501 3990 naturam,
2531 3927 2586 3976 et
2638 3922 2956 3992 potentiam
3008 3922 3218 3992 accipe.
3263 3923 3418 3975 Sede.
3452 3925 3587 3977 Post
3615 3924 3701 3976 la-

2005 4011 2200 4065 borem
2243 4011 2489 4081 quiesce,
2540 4014 2597 4063 et
2626 4025 2935 4080 conregna,
2978 4011 3289 4063 secundum
3321 4011 3473 4080 quod
3504 4012 3699 4064 homo.

2005 4101 2053 4154 Α
2096 4099 2305 4153 dextris
2334 4100 2483 4152 meis.
2538 4099 2602 4151 In
2641 4097 2959 4169 potioribus
2982 4097 3121 4150 meis
3154 4099 3319 4151 bonis
3361 4104 3418 4151 et
3445 4099 3699 4154 occultis.

2008 4188 2187 4242 donec
2218 4203 2422 4258 regnes
2471 4186 2822 4241 manifestus.
2881 4188 2945 4241 Et
2992 4187 3097 4240 hoc
3124 4192 3226 4253 est,
3282 4188 3443 4241 donec
3501 4203 3701 4258 ponam

2007 4278 2249 4330 inimicos
2300 4281 2436 4341 tuos,
2463 4280 2568 4329 etc.
2593 4274 2782 4347 (AUG.)
2832 4276 2987 4345 Sede,
3042 4291 3159 4329 non
3203 4276 3387 4329 solum
3446 4276 3505 4329 in
3562 4278 3700 4343 alto,

2007 4370 2069 4419 ut
2101 4365 2332 4419 excelsis
2389 4364 2724 4427 domineris,
2782 4365 2879 4418 sed
2928 4364 3100 4419 etiam
3157 4365 3215 4418 in
3273 4365 3514 4432 occulto,
3565 4371 3698 4430 etc.,

2003 4469 2172 4522 usque
2200 4454 2274 4507 ad
2314 4453 2362 4506 si
2392 4470 2510 4506 non
2541 4453 2692 4507 videt
2720 4454 2871 4523 quod
2903 4454 3101 4507 credit.
3156 4453 3456 4508 Scabellum
3502 4453 3701 4522 pedum

2006 4548 2218 4598 tuorum
2254 4560 2266 4597 :
2298 4560 2332 4596 a
2391 4542 2787 4610 similitudine,
2834 4542 2931 4595 ubi
2957 4547 3014 4596 et
3067 4542 3236 4612 plena
3282 4546 3512 4595 notatur
3565 4543 3699 4595 sub-

1996 4632 2190 4702 jectio.
2227 4632 2519 4702 Perpedes
2558 4631 2837 4685 stabilitas
2888 4636 3103 4685 aeterna
3138 4630 3284 4684 :hoc
3328 4630 3585 4701 quotidie
3638 4631 3696 4684 in

2002 4721 2310 4775 conversis.

2074 4810 2235 4864 Vens.
2271 4812 2318 4863 2.
2348 4838 2420 4849 —
2441 4812 2501 4863 2.
2539 4839 2606 4847 —
2645 4810 2869 4875 Virgam
2898 4810 3141 4862 virtutis.
3177 4805 3381 4877 Incipit
3412 4810 3602 4860 autem
3632 4823 3697 4860 ex

2001 4899 2156 4965 Sion,
2198 4898 2254 4953 id
2287 4902 2389 4961 est,
2423 4914 2485 4950 ex
2520 4897 2729 4950 Judazis
2761 4913 3004 4967 regnum
3036 4895 3262 4963 Christi,
3296 4896 3447 4949 unde
3481 4895 3695 4964 subdit,

2007 4990 2235 5055 Virgam
2288 4989 2532 5052 virtutis,
2583 4990 2687 5038 etc.
2746 4986 2837 5039 Ea:
2876 4986 3031 5040 Sion.
3078 4985 3200 5037 Non
3249 4985 3318 5037 de
3372 4983 3471 5037 illo
3521 4999 3697 5054 regno

2004 5075 2212 5132 Christi
2259 5075 2519 5146 loquitur
2542 5074 2842 5145 propheta,
2877 5080 3008 5140 etc.,
3058 5088 3227 5142 usque
3284 5073 3358 5126 ad
3407 5078 3456 5127 et
3507 5077 3697 5128 remis-

2001 5169 2081 5221 sio
2109 5169 2446 5234 peccatorum
2483 5179 2583 5233 per
2629 5178 2806 5217 omnes
2859 5168 3059 5231 gentes,
3113 5162 3492 5231 incipientibus
3532 5178 3565 5215 a
3609 5165 3693 5217 Je-

1999 5253 2292 5321 rosolyma.

2070 5344 2228 5397 Vens.
2256 5344 2314 5397 3.
2352 5369 2421 5381 —
2446 5342 2639 5394 Tecum
2665 5342 3019 5410 principium.
3042 5338 3247 5409 (Cass)
3265 5338 3523 5393 Secundo
3552 5338 3694 5394 indi-

2002 5435 2091 5486 cat
2120 5432 2285 5484 Pater
2314 5434 2578 5483 naturam
2610 5429 2948 5495 Divinitatis,
2982 5434 3111 5493 etc.,
3146 5444 3313 5498 usque
3362 5428 3436 5483 ad
3467 5430 3695 5500 quando

2003 5520 2066 5573 in
2091 5518 2514 5574 resurrectione
2536 5524 2707 5574 erunt
2725 5518 3029 5589 splendidi,
3059 5522 3123 5572 ut
3143 5517 3336 5589 angeli
3367 5517 3485 5573 Dei.
3507 5519 3696 5589 (Αυο.)
