4082 6184
371 225 500 278 1031

981 219 1371 274 WALAFRIDI
1409 216 1656 274 STRABI
1695 217 1896 272 FULD.
1939 216 2098 272 MON.
2139 215 2298 273 OPP.
2349 217 2523 272 PARS
2562 218 2605 272 Ι.
2647 246 2715 256 -
2753 215 3206 274 THEOLOGICA.

3733 221 3853 272 {032

368 347 491 399 Jam
519 343 868 408 dominatur,
911 343 1030 412 jam
1058 343 1267 408 virtus;
1325 341 1421 394 sed
1451 344 1510 394 in
1547 341 1635 394 die
1664 339 1921 410 specialis
1951 338 2060 392 vir-
2090 341 2136 392 A
2175 339 2255 394 ita
2274 340 2343 394 de
2361 340 2595 394 homine
2636 356 2864 410 semper
2895 341 3042 394 Deus
3073 340 3276 411 implet
3305 355 3468 394 suam
3499 340 3854 408 voluntatem,

369 433 529 498 tutis,
562 437 692 497 etc.,
735 447 904 501 usque
941 431 1014 484 ad
1059 429 1303 501 qualiter
1328 430 1495 483 Pater
1551 445 1678 482 cum
1735 445 1800 482 eo
1859 427 2067 498 princi-

369 522 552 592 pium.
586 522 700 575 Hoc
746 525 898 586 tunc,
946 519 1040 572 sed
1091 534 1260 571 nunc.
1314 519 1402 571 Ea:
1441 521 1612 582 utero,
1657 515 1714 569 id
1783 521 1888 580 est,
1926 519 2066 568 utex

372 614 586 665 secreta
636 613 694 662 et
743 606 959 661 occulta
1018 606 1337 660 substantia
1385 621 1534 669 mea,
1588 610 1714 665 etc.,
1771 619 1938 672 usque
1993 603 2067 657 ad

373 699 561 770 quise
613 696 832 761 offerat,
890 695 1044 748 unde
1074 695 1356 764 sequitur,
1411 696 1647 757 Juravit,
1703 697 1808 746 etc.
1872 690 2064 762 (ωδε.)

371 786 467 837 Vel
502 786 688 837 Tecum
735 783 1108 850 principium:
1140 782 1248 834 hoc
1301 781 1506 845 Pater;
1568 779 1754 850 quasi,
1813 779 1920 831 hoc
1962 779 2064 830 tllxi

370 872 559 925 tribuo
620 871 750 940 plus
805 885 975 939 quam
1021 869 1137 934 alii,
1200 869 1336 939 quia
1387 868 1559 922 Filius
1614 885 1717 938 per
1776 873 2063 932 naturam,

392 959 576 1028 (Αυρ.)
598 959 697 1012 Vel
740 974 802 1012 ex
827 973 1070 1028 persona
1086 958 1382 1028 prOphetae
1405 961 1592 1028 potest
1626 955 1806 1026 accipi
1823 956 2064 1025 loquen-

370 1048 461 1116 tis,
497 1052 629 1112 etc.,
661 1062 830 1116 usque
879 1047 953 1100 ad
1005 1061 1135 1100 cum
1184 1046 1397 1116 Spiritu
1431 1050 1641 1112 sancto,
1696 1044 1796 1116 qui
1841 1049 2065 1098 sanctos

372 1137 750 1209 splendiﬁcat.

442 1227 600 1280 Vens.
632 1225 684 1281 4.
733 1253 803 1265 -
840 1226 1056 1279 Juravit
1109 1225 1381 1278 Dominus.
1435 1221 1632 1293 (CASS.)
1691 1220 1881 1275 Tertio
1947 1219 2066 1290 agit

368 1316 648 1385 propheta
678 1314 746 1368 de
790 1313 1148 1368 humanitate
1189 1313 1417 1380 Christi,
1465 1318 1609 1378 etc.,
1631 1327 1800 1380 usque
1831 1310 1906 1364 ad
1933 1310 2066 1364 hinc

367 1408 589 1457 constat
611 1402 855 1456 transire
887 1402 1144 1455 victimas
1190 1401 1501 1456 secundum
1537 1401 1796 1454 ordinem
1849 1402 2063 1456 Aaron.

370 1494 490 1548 Non
548 1492 826 1561 pce-nitebit
893 1507 1052 1545 eum:
1120 1495 1177 1544 tu
1251 1505 1304 1544 es
1353 1490 1600 1544 sacerdos
1656 1491 1715 1542 in
1785 1493 2061 1542 aeternum.

2177 429 2312 498 quia
2356 429 2500 482 nihil
2541 429 2674 484 facit
2728 430 2926 497 homo,
2968 428 3038 483 de
3085 445 3198 500 quo
3242 445 3354 482 non
3385 433 3656 499 operetur
3704 430 3853 489 Deus,

2176 517 2327 588 quod
2361 519 2500 573 vult.

2247 607 2406 660 Vens.
2441 609 2492 660 3.
2550 634 2621 646 —
2673 606 2946 673 Confessio
3003 611 3054 661 et
3095 608 3498 674 magniﬁcentia
3544 621 3677 674 Opus
3730 605 3854 673 ejus.

2176 692 2388 765 (CASS.)
2448 694 2617 758 Quasi
2673 694 3006 762 conﬁtebor,
3064 695 3201 765 quia
3243 711 3453 765 magna
3512 699 3650 748 sunt
3695 711 3857 764 opera

2180 782 2420 836 Domini.
2444 781 2726 846 Quaelibet
2754 783 2923 837 etiam
2949 800 3122 854 opera
3165 788 3296 837 sunt
3346 799 3572 853 magna,
3602 783 3648 834 si
3705 782 3763 834 in
3785 783 3856 835 eis

2174 871 2436 924 videatur
2456 871 2695 925 intentio
2728 876 2786 924 et
2815 871 3097 939 voluntas,
3130 887 3257 942 quae
3305 875 3392 924 est
3441 872 3701 936 confessio
3749 885 3857 940 pec-

2172 964 2452 1028 catorum,
2483 965 2539 1012 et
2565 962 2968 1028 magniﬁcentia
3007 960 3292 1014 bonorum
3334 975 3576 1030 operum
3611 976 3624 1012 :
3677 963 3734 1012 et
3778 959 3858 1028 ju-

2172 1050 2350 1114 stitia,
2383 1048 2439 1102 id
2472 1053 2574 1114 esl,
2605 1065 2842 1106 merces.
2875 1065 3004 1120 qua:
3023 1049 3178 1119 juste
3209 1048 3396 1103 datur.

2249 1139 2410 1191 Vens.
2443 1139 2496 1191 4.
2539 1167 2608 1176 --
2671 1139 2986 1192 Memoriam
3043 1139 3195 1204 fecit.
3229 1136 3358 1207 (In.)
3421 1136 3681 1192 Secundo
3735 1135 3860 1190 dicit

2174 1226 2371 1280 ﬁdeles
2407 1225 2636 1297 copioso
2681 1242 2919 1281 munere
2965 1226 3214 1293 satiatos,
3264 1225 3605 1297 promittens
3658 1225 3856 1279 adven-

2174 1319 2299 1368 tum
2331 1314 2577 1380 Domini,
2601 1321 2666 1368 ut
2689 1315 2993 1368 haereditas
3021 1314 3186 1368 avide
3216 1319 3526 1385 quaeratur.
3547 1313 3746 1383 (AUG.)
3768 1315 3859 1366 Mc-

2174 1405 2403 1457 moriam
2452 1405 2583 1469 fecit
2639 1403 2976 1457 mirabilium
3039 1418 3281 1458 suorum.
3365 1404 3523 1456 Hunc
3549 1401 3855 1455 humilians

2175 1498 2232 1546 et
2271 1493 2422 1546 hunc
2447 1493 2717 1559 exaltans,
2747 1497 2877 1560 etc.,
2925 1507 3093 1561 usque
3135 1491 3209 1545 ad
3240 1491 3379 1562 quid
3425 1491 3486 1544 in
3516 1490 3712 1544 futura
3757 1492 3860 1561 glo-

371 1579 555 1650 (AUG.)
587 1581 652 1634 In
686 1581 864 1634 Deum
901 1580 1057 1632 nulla
1099 1579 1250 1632 cadit
1307 1577 1640 1648 poenitentia
1670 1593 1683 1631 :
1743 1577 1846 1631 scit
1909 1577 2062 1630 enim
2096 1618 2136 1672 Β
2179 1582 2431 1635 riﬁcatur
2458 1580 2740 1650 accipiet?

372 1670 510 1740 quid
541 1675 691 1740 agat,
718 1685 824 1722 nec
855 1673 1040 1721 mutat
1069 1667 1392 1731 consilium,
1429 1666 1522 1720 sed
1559 1666 1732 1720 verbo
1780 1666 2061 1736 pmniten-

371 1757 464 1811 tia:
506 1757 746 1811 mutatio
801 1771 995 1809 rerum
1055 1755 1220 1808 aliter
1268 1771 1442 1824 quam
1483 1754 1746 1824 sperabat
1796 1753 2063 1807 evenien-

368 1846 513 1899 tium
544 1845 916 1915 signiﬁcatur.
951 1843 1248 1907 Quomodo
1289 1843 1444 1896 enim
1495 1858 1625 1896 cum
1677 1842 1896 1912 aliquid
1944 1857 2060 1912 poe-

369 1936 512 1988 nitet
531 1938 586 1987 te
607 1932 824 1998 fecisse,
855 1933 1012 1986 doles
1041 1931 1251 1985 factum
1285 1931 1439 2001 quod
1470 1931 1675 1984 fecisti.

443 2023 602 2075 Vens.
637 2022 688 2073 5.
722 2050 789 2060 —
824 2023 991 2087 Reges
1020 2019 1200 2090 (AUG.)
1248 2019 1354 2083 Qui
1413 2020 1632 2086 volunt,
1663 2019 1751 2072 vel
1802 2019 2069 2073 volebant

373 2110 561 2166 delere
587 2124 798 2161 nomen
832 2107 1056 2161 Christi.

446 2199 605 2251 Vens.
649 2199 700 2250 6.
733 2227 800 2235 —
859 2196 1273 2265 Conquassabit,
1324 2195 1378 2250 id
1433 2201 1516 2249 est
1562 2196 1823 2250 inﬁrmos
1882 2195 2069 2250 reddi-

374 2288 476 2353 dit,
505 2291 635 2352 etc.,
683 2300 853 2352 usque
903 2285 977 2338 ad
1031 2289 1088 2338 et
1140 2300 1290 2338 nunc
1332 2285 1612 2353 judicabit
1663 2285 1722 2338 in
1779 2285 2064 2355 gentibus,

374 2381 434 2430 ut
462 2377 672 2439 ruinas,
733 2388 848 2426 non
897 2377 1113 2426 erectos
1167 2374 1420 2442 impleat.
1467 2373 1746 2427 Judicabit
1804 2375 1861 2426 in
1889 2375 2066 2427 natio-

372 2465 551 2519 nibus.
594 2461 796 2532 (Cass.)
829 2461 1000 2524 Quasi
1032 2477 1192 2531 reges
1232 2461 1444 2530 frangit
1474 2478 1576 2531 pro
1625 2461 1892 2530 superbia
1925 2477 1937 2514 :
1971 2477 2071 2531 po-

375 2550 774 2624 pulosjudicat
803 2555 1039 2619 propter
1093 2550 1423 2603 communia
1450 2554 1683 2619 peccata
1715 2566 1728 2603 :
1796 2554 2068 2620 utrosque

377 2643 438 2692 ut
463 2637 841 2692 humilientur
860 2637 929 2690 ad
960 2637 1405 2689 conversionem.
1439 2635 1553 2701 Vel,

447 2728 606 2781 Vens.
655 2731 708 2780 ‘7.
772 2756 838 2765 —
882 2729 955 2780 De
1023 2729 1274 2780 torrente.
1333 2725 1525 2796 (Cass)
1585 2726 1663 2778 De
1737 2724 2072 2779 transitoria

377 2817 641 2888 passione
681 2819 738 2869 et
774 2813 1128 2868 turbulenta.
1171 2815 1234 2867 In
1291 2814 1400 2880 via,
1451 2830 1564 2884 qua
1617 2814 1731 2868 itur
1783 2813 1853 2868 ad
1899 2814 2069 2868 aliam

378 2904 756 2961 mansionem.

447 2991 735 3048 Emattabit
761 2995 943 3060 caput.
1002 2989 1194 3045 Unde:
1247 2991 1478 3060 Propter
1520 2991 1615 3044 hoc
1693 2993 1958 3045 emaltavit
2004 2993 2069 3045 il-

380 3083 508 3147 lum,
559 3085 608 3134 et
655 3079 806 3134 dedit
835 3083 972 3134 Deus
1025 3081 1111 3133 illi
1152 3095 1360 3145 nomen,
1417 3079 1562 3148 quod
1597 3084 1675 3134 est
1728 3096 1890 3149 super
1919 3096 2069 3134 omne

376 3187 585 3237 nomen,
635 3174 697 3222 ut
747 3171 806 3222 in
851 3171 1059 3222 nomine
1103 3172 1230 3223 Jesu
1273 3184 1423 3222 omne
1456 3183 1595 3234 genu
1644 3171 1910 3236 ﬂectatur,
1961 3184 2067 3224 cae-

378 3260 609 3324 lestium,
672 3259 1005 3311 terrestrium
1066 3262 1116 3311 et
1164 3259 1522 3324 infernorum,
1553 3261 1603 3311 et
1657 3261 1828 3312 omnis
1877 3259 2068 3324 lingua

380 3351 696 3416 conﬁteatur
747 3347 878 3413 quia
907 3348 1163 3399 Dominus
1211 3349 1362 3400 Jesus
1416 3347 1659 3401 Christus
1685 3353 1762 3400 est
1802 3348 1855 3400 in
1888 3348 2068 3413 gloria

382 3438 487 3490 Dei
512 3433 720 3489 Patris.

996 3503 1304 3558 PSALMUS
1343 3503 1456 3558 CX.

454 3612 710 3666 Alleluia.
747 3609 946 3682 (CAss)
1005 3609 1232 3663 Primus
1284 3611 1537 3680 psalmus
1577 3628 1680 3682 per
1734 3628 1936 3666 omnes
1984 3613 2072 3667 lit-

385 3704 534 3753 teras
552 3698 862 3768 alphabeti,
903 3703 1045 3766 etc.,
1079 3714 1244 3766 usque
1279 3699 1353 3752 ad
1375 3700 1540 3754 tertio
1591 3702 1820 3754 eosdem
1851 3702 2070 3755 red-rm-

386 3793 517 3859 ptos
538 3787 761 3854 asserit,
783 3790 838 3840 et
872 3788 1094 3842 Novum
1126 3789 1554 3843 Testamentum
1604 3804 1963 3858 mansurum,
1991 3790 2072 3844 ibi

383 3876 833 3944 Redemptionem.

452 3964 611 4018 Vens.
658 3967 706 4017 1.
740 3994 809 4003 -
839 3964 1163 4032 Conﬁtebor.
1225 3965 1406 4036 (Αυο.)
1443 3966 1565 4018 Non
1613 3974 1694 4018 est
1725 3964 1817 4018 hic
1854 3965 2072 4019 conﬂas-

385 4052 468 4106 sio
489 4057 868 4122 peccatorum,
897 4053 994 4106 sed
1018 4052 1200 4106 laudis
1233 4069 1245 4106 :
1301 4053 1395 4106 illa
1425 4054 1602 4124 luget,
1660 4054 1783 4108 haec
1820 4055 2070 4124 gaudet:

2245 1671 2406 1724 Vens.
2469 1671 2519 1723 5.
2563 1697 2634 1709 -
2680 1671 2872 1724 Escam
2925 1668 3098 1724 dedit.
3131 1669 3332 1739 (Cass)
3377 1668 3528 1722 Facit
3572 1666 3864 1721 confessio-

2175 1774 2307 1811 nem
2335 1762 2390 1810 et
2420 1757 2925 1826 magniﬁcentiam,
2957 1762 3086 1822 etc.,
3119 1772 3288 1825 usque
3322 1756 3396 1810 ad
3441 1761 3504 1809 ut
3535 1756 3733 1808 omnia
3771 1755 3865 1808 im-

2176 1848 2457 1918 pleantur.
2512 1848 2723 1900 Memor
2761 1849 2884 1912 erit,
2945 1852 3050 1900 etc.
3094 1845 3274 1915 (AUG.)
3306 1846 3417 1898 Nec
3463 1849 3651 1899 totum
3693 1844 3861 1909 dedit,

2176 1935 2277 2004 qui
2302 1934 2511 2005 pignus
2561 1934 2734 2000 dedit,
2792 1939 2920 2001 etc.,
2970 1949 3139 2002 usque
3177 1933 3251 1987 ad
3275 1949 3380 2004 per
3415 1938 3860 2004 compungentes

2175 2022 2454 2093 passionis
2477 2021 2768 2092 angustias
2799 2021 3033 2075 intrant.

2244 2111 2478 2165 Vens.6.
2512 2141 2578 2149 —
2641 2112 2907 2165 Virtutem
2961 2125 3199 2178 operum.
3253 2110 3450 2180 (Cass)
3503 2109 3697 2163 Virtus
3743 2123 3861 2179 ope

2175 2215 2302 2252 rum
2339 2204 2437 2260 est,
2470 2199 2624 2269 quod
2646 2199 2779 2253 caeci
2811 2199 3022 2263 vident,
3056 2204 3162 2253 etc.
3199 2200 3339 2264 Quae.
3369 2199 3502 2253 fecit
3531 2201 3671 2252 nota
3707 2197 3854 2252 Chri-

2177 2287 2359 2342 stiano
2385 2289 2624 2359 populo.
2659 2291 2724 2342 Ut
2773 2288 2861 2342 det
2900 2289 3010 2342 illis
3046 2289 3430 2350 hzreditatem,
3489 2287 3611 2341 haec
3635 2286 3746 2340 fuit
3772 2287 3852 2340 in-

2175 2377 2354 2431 tentio
2385 2377 2813 2438 miraculorum.
2840 2381 2903 2430 ut
2929 2376 3247 2430 crederent.

2248 2467 2408 2520 Vens.
2445 2470 2502 2520 7.
2529 2494 2599 2506 —
2622 2467 2689 2520 Ut
2720 2465 2808 2519 det
2848 2467 2962 2520 illis
3014 2465 3384 2519 hwreditatem
3427 2467 3686 2531 gentium.
3725 2464 3840 2531 (In)

2177 2554 2370 2619 Quasi,
2395 2554 2528 2607 licet
2548 2553 2660 2608 illis
2693 2554 2788 2608 det
2842 2553 3264 2621 haereditatem,
3300 2559 3490 2607 tamen
3549 2555 3730 2606 multa
3779 2569 3863 2622 pa-

2177 2643 2412 2696 tientur.
2467 2643 2641 2712 Opera
2697 2658 2955 2697 manuum
3018 2644 3153 2711 ejus.
3210 2642 3336 2713 (ln.)
3405 2643 3465 2696 Id
3534 2646 3636 2709 est,
3699 2641 3866 2694 virtu-

2177 2732 2269 2786 tis.
2361 2734 2596 2796 Veritas,
2683 2730 2822 2784 dum
2879 2731 3169 2784 conversis
3223 2731 3504 2801 promissa
3568 2730 3867 2785 restituit:

2178 2821 2472 2887 Iudicium,
2533 2820 2685 2891 quod
2752 2821 2945 2890 impiis
3001 2821 3272 2875 minatur.
3356 2820 3548 2889 (AUG.)
3631 2819 3871 2885 Veritas,

2097 2898 2141 2954 ο
2179 2925 2352 2981 quam
2374 2908 2550 2962 sancti
2581 2913 2858 2979 martyres
2898 2913 3115 2978 tenent,
3146 2925 3248 2979 pro
3282 2924 3393 2978 qua
3425 2913 3480 2960 et
3531 2908 3874 2977 judicantur

2175 2999 2298 3064 hic;
2343 3001 2394 3052 et
2441 2997 2733 3066 judicium,
2781 3012 2895 3068 quo
2949 2998 3009 3050 in
3065 2997 3257 3050 futuro
3297 2996 3638 3066 judicabunt
3689 3011 3789 3049 eos
3844 3011 3876 3048 a

2177 3085 2386 3154 quibus
2440 3083 2531 3137 hic
2553 3084 2906 3153 judicantur.
2963 3084 3095 3154 (11).)
3131 3086 3309 3153 Opera
3336 3100 3597 3138 manuum
3626 3085 3749 3152 ejus
3781 3100 3878 3137 ee—

2175 3175 2316 3227 ritas
2345 3178 2395 3226 et
2440 3173 2735 3242 judicium.
2769 3173 3053 3226 Teneatur
3088 3176 3292 3227 veritas
3339 3161 3410 3226 ab
3465 3173 3552 3226 his
3594 3173 3698 3243 qui
3722 3172 3880 3240 judi-

2177 3267 2397 3329 cantur,
2432 3266 2562 3327 etc.,
2593 3276 2763 3329 usque
2791 3261 2864 3315 ad
2893 3261 2986 3315 hic
3024 3266 3109 3316 est
3137 3261 3441 3315 haereditas
3498 3261 3638 3314 Novi
3687 3262 3879 3314 Testa-

2179 3349 2376 3404 menti.

2251 3439 2412 3492 Vens.
2446 3441 2496 3492 8.
2532 3470 2598 3477 —-
2656 3438 2866 3492 Fidelia
2919 3439 3100 3492 omnia
3145 3437 3428 3491 mandata.
3479 3437 3680 3506 (Cass)
3733 3437 3881 3500 Quia

2178 3531 2404 3581 servant
2457 3530 2744 3580 servantes
2814 3542 2893 3592 se,
2956 3542 3072 3579 non
3141 3530 3275 3579 sunt
3302 3524 3610 3579 mendacia.
3673 3526 3882 3592 Conﬁr-

2177 3619 2345 3670 mata.
2401 3616 2526 3669 Non
2582 3615 2641 3668 in
2696 3630 2916 3668 cassum
2977 3614 3167 3680 missa,
3227 3617 3292 3667 ut
3347 3613 3518 3667 verba
3566 3614 3879 3666 humana:

2179 3705 2344 3758 Facta
2399 3719 2516 3756 non
2575 3707 2796 3757 tantum
2843 3703 3013 3769 dicta,
3074 3705 3132 3756 in
3193 3704 3440 3766 veritate,
3491 3701 3627 3772 quia
3680 3701 3886 3755 omnia

2179 3791 2556 3861 complentur.

2251 3881 2313 3933 In
2335 3882 2607 3947 aequitate.
2641 3879 2834 3947 (ΑΗΘ.)
2865 3878 3008 3943 Quia
3035 3877 3228 3932 omnia
3249 3894 3378 3931 cum
3411 3879 3556 3932 libra
3611 3879 3883 3947 justitiee.

2252 3970 2413 4022 Vens.
2471 3969 2639 4035 9,10.
2672 3998 2742 4008 —
2795 3967 3227 4036 Redemptionem
3270 3969 3442 4021 misit.
3501 3966 3707 4037 (Cass)
3756 3969 3888 4022 Ter-

2181 4057 2279 4120 tio,
2348 4056 2676 4125 redemptos
2732 4055 2951 4120 asserit,
3015 4061 3073 4108 et
3154 4056 3580 4108 Testamentum
3656 4055 3887 4108 Novum

384 4139 483 4192 illa
511 4139 716 4191 vulnus
772 4139 990 4191 medico
1040 4138 1306 4204 ostendit,
1341 4139 1462 4192 haec
1493 4139 1561 4193 de
1593 4139 1834 4192 sanitate
1861 4140 2071 4209 gratias
2099 4184 2143 4237 D
2181 4151 2395 4198 interna
2425 4145 2609 4214 gratia
2637 4149 3052 4209 consecratum,
3085 4143 3193 4196 vel.
3226 4144 3426 4198 Nomen
3454 4143 3604 4211 ejus:
3655 4143 3884 4198 initium

387 4225 523 4296 agit.
557 4227 623 4280 In
651 4227 892 4279 concilio.
930 4226 1053 4279 Non
1074 4230 1311 4290 temere,
1345 4226 1440 4280 sed
1481 4243 1547 4279 ex
1573 4227 1814 4290 ratione,
1864 4227 2074 4280 scilicet
2099 4225 2140 4237 "
2182 4234 2478 4300 sapientiae.
2517 4231 2638 4302 (1ο.)
2680 4232 2741 4285 ld
2771 4238 2856 4286 est
2888 4232 3077 4290 Filius,
3110 4231 3209 4301 qui
3240 4231 3301 4284 in
3353 4231 3719 4285 humanitate
3764 4248 3885 4286 san-

387 4330 492 4385 pro
545 4313 793 4379 aeternis,
850 4315 994 4367 sicut
1047 4331 1245 4367 omnes
1284 4314 1444 4384 justi.
1508 4315 1705 4384 (CASS.)
1761 4317 1823 4368 In
1852 4317 2076 4369 concilio

380 4404 674 4472 justorum.
713 4402 810 4456 Hic
840 4418 1134 4472 nunquam
1165 4402 1316 4456 inter
1359 4419 1557 4456 omnes
1579 4404 1764 4473 justos
1803 4403 1900 4456 ubi
1944 4407 2077 4456 sunt

390 4490 547 4544 misti
603 4489 761 4556 mali,
818 4489 912 4544 sed
961 4491 1082 4559 jam
1136 4489 1404 4544 videntur
1454 4490 1514 4544 in
1570 4491 1759 4544 futura
1807 4492 2075 4546 societate

389 4579 632 4650 psallere
662 4595 759 4649 spe
810 4579 956 4648 rapti
985 4578 1056 4632 ad
1089 4594 1355 4649 superna.
1413 4581 1476 4633 In
1505 4582 1742 4646 concilio,
1792 4581 1944 4652 quod
1970 4587 2073 4651 est,

388 4667 616 4737 quando
676 4682 806 4719 cum
862 4665 1104 4720 Domino
1181 4667 1462 4738 judicant.
1520 4671 1584 4724 In
1643 4673 2074 4740 congregatione,

391 4755 622 4827 quando
652 4755 721 4808 de
745 4760 863 4809 toto
893 4755 1130 4810 collecti.

462 4845 620 4898 Vens.
655 4848 705 4900 2.
735 4874 797 4884 —
828 4847 1030 4911 Magna
1066 4859 1245 4913 opera.
1295 4845 1425 4898 Haec
1453 4849 1538 4898 est
1567 4845 1804 4900 materia
1831 4850 1887 4900 et
1913 4862 2084 4902 causa

389 4933 780 4987 confessionis.
813 4934 1012 5003 Magna
1044 4939 1175 4986 sunt
1199 4950 1372 5004 opera
1403 4933 1652 4998 Domini,
1677 4935 1829 5005 quod
1882 4936 1951 4990 de
1983 4937 2084 4990 im-

390 5022 484 5092 pio
512 5021 646 5075 facit
693 5021 872 5091 pium.
914 5024 1231 5090 Exquisita.
1292 5022 1475 5092 (AUG.,
1534 5022 1710 5093 Cass.)
1777 5023 1881 5078 Cui
1939 5025 2084 5078 nihil

391 5110 598 5174 simile,
631 5111 768 5164 dum
828 5109 964 5164 sinit
1019 5110 1308 5164 diabolum
1354 5111 1572 5177 saevire,
1624 5116 1750 5176 etc.,
1788 5127 1955 5181 usque
2012 5112 2086 5166 ad

391 5215 506 5252 non
549 5217 561 5253 :
603 5201 828 5253 Iustitia
881 5201 1024 5252 enim
1065 5199 1181 5267 ejus
1212 5205 1391 5253 manet
1426 5202 1485 5252 in
1515 5201 1767 5254 saeculum
1797 5203 1997 5255 seculi.
2022 5203 2086 5255 In

393 5301 566 5342 omnes
586 5290 908 5342 voluntates.
933 5291 1116 5356 (Αυο.)
1147 5288 1295 5343 Nihil
1316 5294 1548 5358 superat
1579 5289 1928 5342 voluntatem
1963 5289 2082 5356 Dei,

394 5375 493 5444 qui
525 5379 580 5428 et
607 5375 652 5428 si
683 5378 823 5441 vult,
858 5381 916 5429 ut
941 5393 1054 5429 non
1086 5393 1305 5446 pecces,
1339 5393 1453 5431 non
1485 5381 1677 5432 tamen
1709 5377 1992 5449 prohibet.
2029 5379 2086 5434 Si

395 5463 517 5516 vult
545 5478 777 5534 parcere
807 5464 1128 5534 poenitenti,
1152 5466 1271 5520 vult
1300 5469 1355 5519 et
1389 5465 1845 5536 impcenitentem
1878 5467 2085 5538 punire

2185 4327 2321 4389 ctus,
2369 4320 2624 4390 potentia
2665 4320 2893 4374 deitatis
2944 4320 3222 4374 terribilis.
3255 4323 3493 4373 Ametur
3526 4335 3665 4389 ergo
3716 4322 3882 4375 advo-

2184 4415 2365 4475 catus,
2394 4409 2668 4462 timeatur
2698 4409 2897 4478 judex,
2931 4424 3001 4461 ne
3033 4408 3109 4461 sis
3135 4408 3455 4478 negligens,
3495 4424 3565 4462 ne
3587 4409 3882 4479 desperes.

2253 4497 2449 4552 Timor
2481 4497 2730 4550 Domini.
2783 4495 2910 4566 (10.)
2966 4497 3142 4550 Metus
3195 4495 3394 4565 judicii
3419 4495 3600 4565 janua
3631 4502 3722 4550 est
3751 4513 3883 4550 con-

2185 4585 2483 4651 versionis,
2535 4585 2581 4639 si
2615 4584 2859 4639 addatur
2907 4584 3169 4638 discretio
3206 4583 3547 4638 dilectionis.
3606 4585 3887 4640 Laudatio

2187 4675 2302 4743 ejus
2332 4679 2527 4728 manet.
2591 4673 2835 4727 Intentio
2883 4674 3090 4743 psalmi
3145 4673 3297 4726 unde
3350 4671 3580 4726 alleluia
3617 4672 3890 4742 praescri-

2189 4762 2361 4826 bitur,
2392 4778 2424 4814 a
2444 4761 2611 4815 laude
2637 4761 2890 4831 incaepit,
2939 4761 2999 4814 in
3026 4761 3191 4815 laude
3221 4760 3368 4826 ﬁnit,
3394 4759 3647 4830 populos
3697 4760 3890 4816 ﬁdelis

2191 4867 2223 4904 a
2255 4849 2482 4904 diabolo
2510 4849 2779 4903 liberatus
2809 4849 3022 4920 gratias
3062 4865 3257 4920 agens,
3289 4849 3581 4920 expressit,
3643 4850 3792 4919 quid
3842 4854 3896 4902 et

2193 4937 2283 4991 hic
2311 4937 2636 4991 faciendum
2695 4937 2760 4991 sit
2794 4937 3026 5004 devotis,
3061 4944 3118 4992 et
3165 4938 3226 4991 in
3270 4939 3411 4993 coelo
3466 4939 3892 5009 peragendum,

2193 5024 2284 5078 hic
2304 5025 2439 5095 quia
2467 5024 2690 5094 liberat,
2722 5025 2802 5079 ibi
2824 5026 2958 5096 quia
2988 5031 3244 5080 coronat.

2798 5167 3018 5222 PSALM
3028 5167 3108 5222 US
3149 5168 3281 5223 CXI.

2265 5292 2504 5347 Alleluia
2563 5293 2901 5347 reversionis.
2953 5292 3140 5362 (Anc)
3192 5295 3438 5361 Aggmus
3485 5295 3543 5345 et
3593 5292 3892 5346 Zacharias

2194 5381 2364 5451 longe
2395 5385 2520 5452 post
2554 5380 2727 5436 David
2768 5380 3020 5446 fuerunt,
3052 5385 3184 5449 etc.,
3215 5394 3384 5448 usque
3410 5378 3485 5432 ad
3541 5380 3891 5434 aeternaliter

2198 5469 2491 5524 solidetur.
2525 5468 2719 5540 (Cass)
2742 5468 3020 5525 Perfectio
3043 5469 3214 5540 hujus
3246 5467 3490 5533 aediﬁcii,
3538 5473 3670 5535 etc.,
3721 5481 3888 5538 usque
