4020 6184
210 203 345 258 1033

1220 196 1231 203 ‘
1315 199 1565 258 cLossa
1609 183 2013 258 Oanmama.
2044 229 2115 243 —
2153 201 2287 257 LIB.
2332 201 2575 258 psam.

3567 211 3705 266 1034

199 323 271 377 ad
301 328 573 394 tanquam
606 340 639 377 a
667 322 991 394 captiVItate
1018 322 1253 377 liberavi
1283 327 1340 378 et
1364 323 1573 378 hilares
1627 317 1696 375 de
1728 322 1898 379 bonis
1925 324 1973 378 A
2008 324 2198 395 ponit.
2234 326 2470 380 Alleluia
2504 326 2679 393 enim,
2738 331 2804 381 ut
2832 326 3099 401 diximus,
3134 328 3548 401 interpretatur
3574 335 3703 389 lau-

200 427 326 482 quae
356 412 586 466 habent.

268 501 438 554 Vens.
476 504 526 556 l.
589 530 654 540 --
684 502 884 554 Beatus
909 502 1015 554 vir.
1077 500 1273 567 (Cass.)
1303 499 1560 554 Ostendit
1589 498 1684 554 hic
1736 501 1898 555 Psal-

201 586 368 641 mista
400 593 527 658 post
555 588 974 653 liberationem,
1035 594 1165 653 etc.,
1199 603 1374 657 usque
1402 589 1476 643 ad
1508 589 1674 644 tertio
1704 589 1899 659 impiis

198 675 433 730 adversa
484 676 791 745 provenire
848 676 1065 731 asserit.
1116 678 1226 742 Qui
1254 680 1403 731 timet
1432 678 1744 731 Dominum.
1798 677 1896 731 Ti-

202 779 328 817 mor
344 765 546 820 mundi
568 765 803 819 miseros
820 764 972 831 facit,
998 764 1095 818 sed
1118 765 1292 818 timor
1318 764 1413 818 Dei
1435 781 1502 818 ea
1521 770 1791 835 appetere
1813 765 1896 817 fa-

202 852 295 917 cit,
317 868 424 923 per
449 869 577 924 que
605 854 781 907 homo
806 853 1004 908 beatus
1023 857 1125 907 est.
1160 854 1233 906 In
1256 853 1552 908 mandatis.
1577 854 1697 908 Hoc
1727 854 1901 907 timor

204 939 324 1007 Dei,
364 944 428 993 nt
473 940 634 995 velit.
674 944 735 995 Et
774 958 890 995 non
921 940 1000 994 ait
1029 940 1215 1007 faciet,
1250 945 1382 1011 etc.,
1408 957 1576 1010 usque
1604 941 1679 996 ad
1708 946 1764 995 et
1792 946 1898 996 ter-

199 1043 332 1081 rena
388 1028 719 1084 inhabitatio
776 1029 1041 1098 deprimit
1068 1044 1282 1084 sensum
1338 1031 1509 1084 multa
1551 1033 1895 1099 cogitantem.

271 1116 435 1171 Vens.
494 1120 548 1171 2.
601 1147 670 1155 —
727 1116 955 1172 Potens.
1020 1119 1205 1184 (Auu.,
1252 1118 1428 1185 Cass.)
1483 1119 1622 1173 Ecce
1662 1120 1902 1189 praemia

201 1203 358 1258 illius
388 1204 561 1259 beati.
607 1206 793 1261 Semen
830 1206 966 1275 ejus.
1025 1206 1085 1259 Id
1116 1211 1222 1274 est,
1252 1222 1469 1261 merces
1498 1207 1638 1261 boni
1670 1209 1901 1279 operis;

198 1294 324 1346 Erit
360 1298 550 1361 potens
580 1295 638 1347 in
670 1298 835 1359 terra,
894 1309 1011 1347 non
1044 1294 1170 1358 hac,
1234 1294 1334 1348 ubi
1385 1294 1621 1361 derisui,
1662 1296 1761 1351 sed
1789 1314 1902 1351 cm-

198 1381 347 1434 lesti.
382 1382 477 1435 Vel
510 1382 681 1435 etiam
712 1382 804 1435 hic
833 1382 894 1435 in
925 1382 1035 1435 isto
1071 1387 1350 1452 tempore,
1376 1400 1489 1453 quo
1521 1384 1713 1437 minus
1742 1385 1900 1439 vide—

199 1473 313 1523 tur.
352 1470 556 1535 Semen,
589 1486 763 1541 opera
795 1469 1203 1524 misericordiae
1231 1471 1380 1525 unde
1431 1472 1632 1526 messis
1664 1480 1898 1528 aeterna.

205 1559 412 1623 Potens,
437 1558 571 1628 quia
590 1574 651 1612 re
682 1558 941 1624 minima,
971 1559 1142 1613 etiam
1172 1564 1235 1613 ut
1264 1575 1490 1630 magna,
1523 1576 1766 1631 regnum
1789 1578 1899 1616 cce-

202 1646 394 1699 lorum
432 1646 662 1700 emitur.
723 1646 1030 1702 Generatio.
1081 1648 1208 1701 Non
1256 1648 1442 1701 carnis
1498 1649 1596 1702 sed
1627 1649 1901 1703 imitatio-

203 1735 315 1789 nis.
348 1735 447 1789 Vel
479 1751 653 1805 opera
707 1742 1017 1791 rectorum.
1070 1739 1219 1791 Recti
1274 1742 1424 1803 sunt,
1460 1738 1559 1807 qui
1592 1754 1709 1791 non
1757 1739 1902 1791 resi-

204 1828 367 1877 stunt
416 1824 572 1878 Patri
609 1825 962 1892 emendanti,
996 1828 1052 1878 et
1082 1824 1323 1878 credunt
1349 1824 1359 1893 Ι
1371 1825 1753 1893 promittenti,
1787 1842 1905 1879 non

203 1911 446 1964 credunt
475 1911 689 1982 perisse
730 1929 907 1983 opera
949 1929 1072 1977 sua,
1099 1929 1229 1967 cum
1260 1928 1377 1966 non
1407 1913 1488 1966 eis
1516 1914 1907 1983 temporaliter

204 1999 561 2055 retribuitur.
621 2000 763 2055 Sunt
792 2001 946 2054 enim
1005 2002 1105 2071 qui
1133 2001 1283 2055 bona
1314 2001 1421 2055 illa
1450 2008 1649 2071 agunt,
1686 2018 1904 2056 merce-

202 2087 336 2140 dem
368 2087 461 2141 bic
482 2087 539 2156 fa
570 2088 684 2143 Deo
732 2092 1045 2160 sperantes,
1071 2090 1159 2142 vel
1201 2089 1531 2142 hominibus
1562 2091 1786 2159 placere
1816 2107 1907 2145 vo-

201 2177 407 2243 lentes,
440 2177 593 2246 quod
620 2193 733 2231 non
764 2178 961 2231 beatus
992 2177 1105 2231 vir:
1132 2182 1188 2231 et
1215 2182 1424 2243 tamen,

277 2265 436 2319 Vens.
480 2268 530 2320 3.
586 2296 655 2305 —
694 2267 882 2322 Gloria
918 2271 969 2320 et
1017 2266 1226 2321 divitia
1262 2270 1319 2320 in
1350 2268 1504 2321 domo
1534 2268 1671 2336 ejus.
1704 2268 1763 2322 Id
1798 2273 1902 2334 est,

198 2352 262 2406 in
291 2352 475 2406 cordis
527 2357 766 2420 secreto,
800 2353 898 2407 ubi
929 2354 1148 2408 habitat
1180 2370 1310 2409 cum
1336 2371 1435 2425 spe
1482 2355 1611 2409 vita:
1652 2360 1902 2422 aeternas,

196 2441 301 2496 ubi
361 2440 577 2495 divitia:
620 2447 853 2507 sanctae,
905 2446 961 2495 et
1010 2442 1193 2513 gloria
1250 2447 1465 2496 aeterna
1521 2448 1901 2514 reponuntur.

195 2529 451 2584 Iustitia.
486 2530 614 2583 Haec
639 2534 724 2583 est
770 2529 951 2599 gloria
981 2530 1122 2600 ejus,
1152 2530 1240 2583 hae
1296 2530 1507 2583 divitiae
1534 2532 1678 2601 ejus,
1730 2546 1904 2601 quam

197 2624 396 2672 tamen
446 2618 619 2672 habet
668 2635 701 2672 a
758 2620 897 2673 Deo.
940 2620 1123 2673 Manet
1162 2621 1220 2673 in
1266 2620 1536 2673 saeculum.
1590 2620 1761 2684 Quasi
1786 2635 1902 2674 non

202 2706 604 2776 temporaliter
619 2707 836 2761 beatus.

275 2796 438 2848 Vens.
471 2794 522 2847 4.
560 2824 625 2834 —
657 2797 923 2849 Exortum
952 2799 1055 2849 est.
1125 2796 1319 2861 (Cass)
1382 2795 1640 2850 Secundo
1694 2795 1813 2867 agit
1836 2796 1904 2851 de

2006 411 2135 465 date
2170 412 2500 476 Dominum,
2534 414 2779 483 qualiter
2809 420 2865 467 et
2885 417 3138 485 psalmus
3163 417 3383 489 incipit.

2080 501 2243 554 Vens.
2284 504 2329 555 l.
2364 530 2431 542 —
2478 502 2741 556 Laudate.
2777 503 2901 571 (11).)
2930 504 3134 571 ,Primo
3182 515 3379 562 monet
3422 510 3708 579 Propheta

2010 586 2263 654 devotos,
2327 594 2388 642 ut
2436 589 2670 643 laudent
2709 590 2948 660 jugiter,
3010 597 3065 645 et
3101 593 3314 665 ubique
3370 597 3702 665 prmdicent.

2006 674 2263 729 Secundo
2292 676 2413 746 ipse
2445 676 2595 741 facit,
2630 678 2780 747 quod
2814 684 3009 731 monet
3070 679 3229 746 alios,
3284 681 3341 735 id
3374 688 3480 749 est,
3513 684 3707 739 laudat

2006 763 2190 817 Deum
2237 762 2344 817 ibi:
2402 764 2533 830 Quis
2562 768 2702 819 sicut
2734 768 2987 821 Dominus
3019 767 3061 832 (Ι
3085 768 3203 823 Cor.
3238 771 3353 839 xlv)
3380 768 3408 823 ‘2
3454 770 3539 824 Ad
3564 771 3699 824 lau-

2007 850 2138 905 dem
2170 866 2306 921 ergo
2336 867 2575 906 monens
2605 853 2873 921 ostendit,
2906 856 3002 925 qui
3027 863 3083 909 et
3116 871 3311 926 quem,
3343 861 3398 911 et
3421 859 3701 929 quandiu,

2007 943 2063 993 et
2089 938 2209 1006 ubi,
2259 944 2315 994 et
2361 957 2538 1011 quare
2583 942 2840 1009 laudent,
2888 943 3042 997 dicit.
3104 946 3281 999 Pueri.
3338 947 3460 1001 Non
3514 964 3705 1017 sensu,

2008 1028 2106 1082 sed
2145 1028 2382 1092 malitia,
2426 1030 2669 1084 maxime
2696 1031 2980 1101 superbia,
3011 1031 3065 1087 id
3105 1039 3191 1086 est
3239 1035 3505 1103 humiles,
3531 1037 3708 1105 unde,

2007 1117 2180 1171 Nolite
2206 1119 2365 1185 pueri
2387 1119 2532 1185 efﬁci
2582 1119 2845 1187 sensibus,
2875 1121 2974 1174 sed
3001 1121 3220 1175 malitia
3254 1125 3479 1190 parvuli
3524 1128 3706 1191 estote,

2007 1208 2069 1258 ut
2097 1204 2363 1259 mentibus
2385 1208 2615 1275 perfecti
2644 1209 2785 1261 sitis.
2811 1210 2997 1276 (Aur...
3035 1208 3209 1278 Cass.)
3230 1210 3479 1265 Laudate
3510 1212 3709 1266 Domi-

2008 1308 2173 1359 num,
2208 1294 2396 1363 pueri,
2438 1293 2726 1364 simplices
2752 1300 2809 1349 et
2855 1297 3005 1368 puri,
3042 1297 3141 1367 qui
3197 1298 3408 1352 debent
3450 1300 3707 1355 laudare.

2084 1382 2240 1435 Vens.
2291 1384 2343 1435 2.
2400 1413 2468 1421 —
2522 1384 2607 1437 Sit
2642 1400 2858 1439 nomen.
2926 1385 3120 1455 (Cass)
3180 1387 3314 1439 Ecce
3361 1387 3522 1455 dixit,
3586 1387 3706 1458 qui,

2011 1475 2067 1524 et
2098 1485 2270 1539 quem
2327 1470 2557 1524 laudare
2589 1472 2857 1537 debeant,
2904 1474 3112 1526 deinde
3171 1474 3394 1528 subdit:
3447 1475 3711 1539 Quandiu

2013 1558 2313 1611 laudamus
2366 1558 2459 1626 sit,
2512 1559 2723 1613 scilicet
2771 1576 3015 1631 semper.
3075 1563 3159 1617 Sit
3209 1578 3397 1617 nomen
3448 1564 3705 1619 Domini:

2012 1662 2082 1699 ne
2131 1646 2201 1699 ad
2254 1647 2453 1699 horam
2499 1649 2711 1716 putetis
2756 1664 2848 1703 me
2917 1651 3203 1719 imperare
3269 1652 3518 1717 laudem,
3578 1657 3707 1719 etc.,

2010 1749 2180 1802 usque
2235 1735 2308 1787 ad
2335 1750 2438 1804 per
2467 1741 2669 1805 gentes
2699 1738 2972 1802 carnales,
3005 1754 3108 1807 per
3159 1740 3330 1793 coelos
3362 1741 3705 1811 spirituales,

2084 1825 2247 1876 Vens.
2282 1825 2340 1878 3.
2380 1852 2444 1864 -—
2476 1825 2525 1878 A
2557 1826 2687 1879 solis
2716 1831 2857 1880 ortu.
2905 1827 3092 1897 (AUG.)
3116 1828 3221 1882 Hic
3250 1828 3388 1883 dicit
3413 1830 3563 1901 quod
3591 1831 3711 1885 ubi-

2014 1926 2125 1981 que
2156 1911 2363 1966 debeat
2390 1912 2633 1966 laudari.

2086 2002 2241 2053 Vens.
2295 2001 2347 2053 4.
2381 2031 2449 2040 —
2479 2006 2649 2069 Super
2678 2003 2854 2057 caelos.
2914 2004 3038 2075 (Ιο.)
3068 2006 3389 2074 Apostolos,
3438 2020 3543 2075 per
3569 2020 3713 2075 quos
3756 2052 3763 2063 ,

2014 2093 2217 2160 regnat
2248 2088 2308 2142 in
2344 2088 2630 2158 gentibus,
2689 2096 2895 2156 etest;
2954 2092 3081 2146 ideo
3136 2093 3204 2147 ad
3252 2093 3447 2147 laudes
3506 2092 3708 2162 imito,

2015 2178 2149 2249 quia
2171 2192 2344 2247 super
2373 2192 2571 2229 omnes
2594 2182 2678 2229 est
2706 2184 3068 2248 regnaturus.

2084 2268 2243 2319 Vens.
2287 2267 2337 2318 5.
2388 2295 2457 2304 —-
2509 2266 2643 2330 Quis
2696 2269 2855 2320 sicut.
2907 2267 3112 2337 (Cass)
3168 2267 3424 2321 Secundo
3467 2267 3588 2337 ipse
3622 2267 3711 2321 fa-

2013 2353 2107 2420 cit,
2133 2352 2285 2423 quod
2318 2352 2460 2405 alios
2506 2358 2703 2407 monet
2739 2360 2803 2407 ut
2831 2360 2886 2408 et
2916 2355 3061 2408 facto
3091 2355 3234 2409 alios
3273 2355 3491 2410 doceat.
3528 2355 3663 2420 Quis
3685 2357 3715 2409 ?

2016 2442 2216 2496 Nullus
2246 2441 2345 2512 qui
2375 2457 2477 2511 per
2507 2457 2565 2495 se
2594 2443 2797 2512 possit.
2836 2446 2897 2497 In
2927 2445 3075 2506 altis,
3105 2449 3210 2497 etc.
3233 2443 3464 2513 Angelis
3494 2448 3552 2497 et
3577 2460 3712 2497 san-

2014 2530 2146 2584 ctis:
2181 2533 2237 2583 et
2264 2529 2393 2584 licet
2423 2530 2593 2599 altus,
2620 2547 2735 2584 non
2758 2531 2996 2601 despicit
3016 2532 3280 2587 humiles.

2084 2620 2245 2673 Vens.
2275 2621 2327 2672 6.
2368 2649 2436 2658 —
2465 2621 2725 2673 Humilia.
2771 2619 2837 2674 lli
2894 2626 3028 2674 sunt
3080 2620 3179 2691 qui
3226 2620 3399 2674 domo
3449 2621 3572 2690 ejus
3611 2619 3711 2674 alti

2012 2706 2179 2773 ﬁunt,
2213 2712 2269 2760 et
2297 2706 2357 2760 in
2387 2706 2468 2760 eis
2515 2707 2690 2761 sedet.
2738 2710 2999 2776 Respicit,
3041 2708 3288 2761 humiles
3334 2708 3612 2778 singulos,
3647 2709 3716 2761 In

2016 2800 2180 2863 terra,
2227 2799 2449 2849 sanctos
2481 2811 2625 2866 quos
2680 2796 2759 2849 ita
2787 2795 3038 2868 respicit,
3068 2797 3260 2851 sicute
3291 2813 3567 2851 converso
3596 2796 3716 2850 odit

202 2883 453 2937 adventu
487 2882 734 2936 Domini.
770 2888 900 2948 etc.,
934 2898 1103 2952 usque
1132 2884 1205 2937 ad
1232 2889 1291 2936 ut
1322 2900 1449 2937 eam
1478 2884 1657 2937 ﬁrmis
1693 2886 1903 2954 allega-
1937 2881 1978 2936 C
2016 2883 2317 2954 superbos.

199 2972 456 3026 tionibus
488 2976 542 3025 et
571 2971 975 3026 assertionibus
1016 2973 1076 3026 in
1119 2973 1335 3043 judicio
1356 2975 1720 3043 praemuniat.
1782 2976 1899 3039 Vel,

274 3061 438 3114 Vens.
500 3064 549 3113 5.
603 3090 673 3103 -—-
729 3062 1037 3115 Miseretur.
1092 3063 1208 3131 (10.)
1270 3062 1378 3126 Qui
1428 3062 1524 3116 dat
1579 3064 1899 3133 egentibus,

196 3148 536 3217 Commodat,
593 3149 694 3220 qui
749 3153 1019 3204 mutuum
1051 3154 1305 3220 praestat,
1350 3154 1483 3220 post
1542 3152 1901 3206 tantumdem

195 3241 560 3307 recepturus.

267 3327 439 3380 Vens.
464 3330 515 3392 7,
554 3327 613 3380 8.
651 3353 720 3366 —
749 3324 1020 3379 Paratum
1046 3341 1135 3379 cor
1178 3326 1293 3394 ejus
1324 3341 1544 3395 sperare
1570 3328 1629 3380 in
1658 3329 1901 3394 Domino,

192 3417 573 3482 conﬁrmatum
621 3417 700 3468 est
749 3430 838 3468 cor
884 3415 1021 3483 ejus,
1078 3418 1274 3481 manet,
1344 3420 1451 3469 etc.
1503 3414 1687 3486 (Auo.)
1746 3416 1906 3469 Patet

192 3504 422 3575 itaque,
458 3503 611 3575 quod
642 3503 734 3557 hic
757 3519 875 3557 non
904 3519 1007 3556 sua
1027 3503 1254 3573 quaerit,
1289 3502 1385 3556 sed
1408 3517 1537 3574 quae
1577 3510 1712 3558 sunt
1740 3503 1905 3558 Chri-

188 3593 286 3659 sti,
321 3593 549 3647 labores
583 3592 870 3662 patienter
917 3591 1175 3657 sustinet,
1208 3592 1495 3661 promissa
1522 3591 1765 3646 ﬁdenter
1808 3608 1904 3646 ex-

190 3684 434 3751 spectat.
503 3680 705 3750 (Cass.)
736 3680 851 3746 Vel,
882 3680 927 3732 si
982 3679 1111 3750 quis
1142 3680 1292 3733 mala
1345 3679 1617 3746 minatur,
1656 3696 1775 3734 non
1839 3679 1907 3733 ti-

191 3773 344 3833 met,
378 3768 478 3822 sed
510 3773 795 3839 paratum.
1702 3782 1709 3787 ‘

275 3858 459 3912 Vens.
515 3860 565 3911 9.
600 3888 666 3896 —
713 3859 996 3925 Dispersit.
1047 3856 1250 3927 Sperat
1294 3872 1412 3910 non
1482 3855 1708 3922 timere,
1772 3855 1909 3927 quia

199 3944 501 4015 dispersit.
533 3945 688 3999 Dedit
735 3945 1089 4014 pauperibus.
1125 3947 1310 4011 (Ana)
1364 3946 1498 3999 Ecce
1526 3944 1634 3998 iste
1684 3944 1910 3998 emebat

197 4032 367 4103 quod
395 4047 514 4085 non
543 4032 787 4100 videbat,
821 4034 915 4086 sed
943 4034 1036 4087 ille
1065 4033 1398 4088 thesaurum
1443 4032 1503 4088 in
1541 4033 1681 4087 cmlo
1721 4048 1909 4086 serva-

202 4122 335 4186 bat,
370 4120 471 4190 qui
499 4120 715 4173 esurire
772 4125 828 4174 et
855 4122 1012 4176 sitire
1039 4122 1100 4176 in
1148 4122 1499 4193 pauperibus
1529 4122 1800 4192 dignatur
1849 4121 1910 4175 in
1949 4157 1994 4212 Β

200 4208 407 4263 terris.
438 4208 676 4261 Justitia
721 4208 837 4277 ejus
870 4214 1047 4263 manet
1088 4213 1148 4264 in
1190 4212 1440 4265 saeculum
1468 4212 1668 4265 saeculi.
1714 4210 1912 4281 (Cass)

202 4298 333 4353 Sua
363 4295 541 4364 dedit,
574 4300 629 4349 et
670 4296 819 4365 juste
866 4301 921 4350 et
950 4298 1043 4365 pie
1071 4298 1230 4367 vixit,
1259 4299 1367 4359 vel,
1415 4298 1514 4369 qui
1545 4298 1641 4352 dat
1671 4313 1791 4365 sua,
1820 4298 1917 4368 ju-

202 4384 436 4439 stitiam
468 4388 759 4454 operatur.
823 4385 1000 4440 Cornu
1050 4386 1167 4455 ejus
1224 4387 1567 4442 exaltabitur
1606 4388 1666 4440 in
1718 4388 1912 4455 gloria.

202 4472 363 4536 Quia
392 4471 484 4525 hic
514 4472 771 4538 humilis,
794 4472 873 4525 ibi
898 4478 1237 4543 potestatem
1259 4473 1514 4527 habebit.

290 4560 451 4613 Vens.
501 4561 585 4615 l0.
644 4590 712 4600 --
770 4562 1018 4615 Peccator
1069 4562 1294 4615 videbit.
1358 4561 1488 4632 (1ο.)
1541 4560 1730 4616 Tertio
1772 4577 1918 4616 con-

204 4648 394 4703 traria
422 4648 616 4719 impiis
644 4648 950 4718 provenire
981 4650 1197 4703 asserit.
1251 4650 1423 4704 Bonis
1444 4649 1757 4720 [beatorum
1785 4652 1919 4705 hor-

208 4743 395 4805 tatur,
424 4737 589 4791 malis
645 4737 1011 4792 inimicorum
1053 4742 1247 4805 terret,
1302 4742 1358 4793 et
1386 4742 1470 4793 est
1519 4738 1623 4793 iste
1664 4740 1920 4810 psalmus

206 4824 606 4880 institutorius
653 4824 932 4879 ﬁdelium.

290 4914 583 4979 Irascetur,
617 4912 864 4966 dentibus
894 4913 1008 4965 suis
1058 4913 1251 4977 fremet
1296 4916 1346 4965 et
1410 4911 1658 4979 tabescet,
1712 4910 1923 4966 deside-

209 5002 368 5055 rium
418 5004 759 5069 peccatorum
794 5000 1014 5069 peribit,
1050 4998 1275 5053 dicens:
1310 4999 1457 5064 Quid
1511 4999 1664 5054 nobis
1710 5000 1925 5069 profuit

212 5088 484 5159 superbia
506 5093 557 5144 et
575 5088 895 5143 divitiarum
914 5089 1231 5157 jactantia?
1259 5087 1416 5159 (Sap.
1445 5087 1499 5159 ν)

835 5228 1144 5285 PSALMUS
1200 5230 1357 5285 CXII.

300 5354 565 5409 Alleluia.
604 5351 803 5424 (Cass.)
832 5351 976 5416 Quia
1021 5350 1225 5406 merito
1271 5351 1607 5420 laudandus,
1664 5350 1766 5422 qui
1808 5366 1928 5405 me-

212 5443 342 5502 rito
368 5440 711 5498 humilitatis
738 5445 941 5511 gentes
986 5440 1247 5511 assumit,
1302 5439 1536 5496 titulum
1591 5439 1801 5511 psalmi
1836 5456 1931 5495 ex-

544 5551 820 5617 PATROL.
874 5547 1082 5615 CXIII.

2082 2973 2240 3025 Vens.
2287 2977 2337 3026 7.
2384 3002 2454 3011 ——
2510 2972 2795 3026 Suscitans
2836 2988 2871 3027 a
2929 2978 3102 3027 terra:
3159 2973 3228 3028 de
3277 2972 3471 3027 labore
3509 2988 3711 3043 corpo-

2009 3059 2108 3114 ris.
2136 3063 2210 3114 De
2247 3064 2495 3125 stercore,
2550 3060 2793 3129 erigitur
2846 3061 2937 3114 cui
2970 3060 3157 3115 carnis
3206 3061 3343 3115 vitia
3374 3077 3489 3115 non
3523 3060 3715 3115 domi-

2011 3154 2245 3203 nentur.

2083 3238 2245 3290 Vens.
2280 3238 2332 3291 9.
2364 3266 2433 3275 ο-
2482 3237 2592 3302 Qui
2638 3235 2913 3292 habitare.
2964 3237 3165 3304 (Cass.,
3226 3238 3393 3306 Auu.)
3445 3236 3708 3306 Exponit,

2011 3325 2112 3380 ubi
2144 3324 2391 3379 suscitat
2427 3329 2482 3378 et
2502 3325 2690 3395 erigit,
2735 3330 2863 3393 etc.,
2920 3340 3089 3394 usque
3137 3325 3212 3379 ad
3265 3325 3334 3378 de
3383 3342 3716 3380 mammona

2012 3412 2332 3484 iniquitatis
2362 3428 2465 3483 per
2516 3429 2689 3484 opera
2737 3413 3163 3468 misericordiae.
3213 3413 3479 3468 Sterilem.
3524 3413 3714 3485 (Αυθ.)

2012 3502 2253 3567 Scilicet,
2316 3502 2534 3571 Saram,
2595 3502 2654 3556 id
2714 3508 2819 3568 est,
2886 3503 3185 3556 Ecclesiam
3236 3503 3533 3572 gentilem,
3588 3518 3718 3574 quae

2012 3591 2174 3661 prius
2197 3590 2405 3644 sterilis
2432 3590 2559 3657 fuit,
2595 3590 2745 3643 unde
2776 3607 2879 3659 per
2907 3591 3104 3645 Saram
3145 3590 3521 3660 significatur.
3557 3592 3715 3661 Eam,
3750 3632 3753 3635 γ

2013 3677 2272 3747 inquam,
2321 3675 2453 3729 facit
2502 3675 2760 3747 habitare
2789 3676 2851 3729 in
2874 3676 3066 3743 domo,
3102 3676 3156 3731 id
3211 3680 3314 3741 est,
3362 3678 3425 3731 in
3473 3677 3717 3731 Ecclesia

2012 3765 2362 3829 Iudaeorum,
2394 3764 2543 3818 inter
2570 3764 2724 3834 ipsos
2774 3764 3017 3830 Judmos,
3068 3769 3133 3818 ut
3188 3764 3246 3818 in
3293 3765 3482 3835 lapide
3527 3781 3716 3836 angu-

2014 3853 2122 3907 lari
2167 3853 2282 3906 duo
2311 3852 2557 3923 parietes
2607 3851 3048 3922 conjungantur,
3103 3855 3157 3905 et
3187 3851 3287 3905 ﬁat
3316 3868 3495 3906 unum
3542 3853 3711 3907 ovile.

2015 3942 2292 3997 Filiorum.
2315 3941 2427 4011 (Ιυ.)
2467 3940 2543 3993 Ex
2573 3956 2817 4011 persona
2838 3955 3083 4011 quorum
3112 3939 3235 3993 haec
3254 3940 3541 4008 dicuntur,
3576 3944 3709 4009 etc.,

2016 4045 2185 4100 usque
2212 4030 2287 4084 ad
2310 4045 2440 4084 cum
2458 4030 2630 4083 sciam
2654 4044 2745 4082 me
2771 4045 2890 4083 esse
2914 4028 3035 4082 sine
3053 4029 3204 4096 ﬁliis,
3238 4034 3296 4084 et
3320 4029 3569 4084 viduam.

2588 4117 2898 4173 PSALMUS
2950 4116 3140 4173 CXIII.

2094 4208 2351 4263 Alleluia.
2413 4206 2606 4278 (Cass)
2661 4208 2800 4262 Item
2837 4207 2930 4262 hic
2975 4206 3205 4262 alleluia
3236 4223 3303 4261 ex
3341 4206 3453 4261 alio
3483 4206 3717 4278 negotio

2019 4296 2275 4368 ponitur,
2304 4300 2438 4365 etc.,
2464 4311 2634 4366 usque
2661 4295 2736 4350 ad
2764 4299 2827 4349 ut
2846 4295 2907 4349 in
2944 4295 3151 4366 psalmi
3209 4294 3568 4366 expositione
3604 4296 3716 4349 cla-

2022 4384 2211 4440 rescit.

2093 4473 2255 4527 Vens.
2284 4475 2332 4527 l.
2364 4501 2433 4513 —
2456 4474 2522 4527 In
2548 4474 2718 4526 exitu.
2742 4470 2926 4541 (Auc.)
2959 4471 3058 4526 Hic
3098 4487 3215 4527 non
3242 4476 3552 4527 narrantur
3581 4488 3722 4543 prae-

2024 4561 2223 4627 terita;
2253 4560 2349 4614 sed
2408 4560 2599 4614 futura
2650 4559 3063 4630 prtedicuntur,
3107 4561 3242 4631 quia
3272 4561 3332 4615 in
3379 4560 3492 4615 illis
3548 4561 3720 4631 gestis

2025 4651 2215 4705 futura
2243 4647 2643 4717 signabantur:
2669 4653 2725 4701 et
2754 4647 2883 4701 ideo
2914 4663 3029 4701 non
3059 4648 3253 4702 omnia
3301 4648 3396 4702 hic
3431 4648 3720 4716 dicuntur,

2027 4752 2155 4807 qua:
2186 4735 2266 4789 ibi
2287 4740 2466 4806 gesta,
2498 4735 2593 4789 sed
2615 4736 2880 4806 quaedam
2912 4736 3096 4801 aliter,
3123 4752 3192 4789 ne
3225 4741 3461 4806 putetur
3484 4742 3722 4807 praeter-

2026 4823 2107 4877 ita
2134 4822 2405 4877 recolere.
2441 4821 2635 4891 (Cass)
2668 4822 2857 4875 Primo
2890 4822 3027 4876 dicit
3052 4824 3354 4893 Propheta,
3410 4840 3539 4894 quae
3581 4824 3728 4877 mira

2028 4910 2248 4966 dederit
2297 4912 2443 4964 Deus
2493 4909 2744 4963 Hebraeis
2795 4910 2855 4963 in
2902 4910 3106 4980 ﬁgura,
3165 4917 3222 4964 et
3274 4911 3608 4966 Christianis
3667 4912 3727 4966 in

2031 5000 2255 5071 spiritu.
2310 4998 2567 5053 Secundo
2628 4997 2946 5068 interrogat
2998 5014 3175 5069 quare
3217 4999 3342 5054 haec
3398 5000 3542 5053 facta
3593 5005 3729 5055 sunt

2030 5088 2131 5153 ibi,
2159 5087 2304 5153 Quid
2331 5092 2409 5142 est
2447 5087 2547 5141 tibi
2572 5087 2758 5140 mare?
2787 5085 2975 5141 Tertio
3021 5085 3214 5139 inania
3249 5087 3553 5141 simulacra
3582 5103 3728 5158 gen-

2032 5176 2179 5231 tium
2221 5175 2511 5247 reprobat,
2555 5179 2611 5228 et
2666 5175 3007 5247 religionem
3064 5174 3166 5229 Dei
3212 5176 3595 5242 commendat,
3627 5175 3726 5244 ibi,

2033 5265 2329 5321 simulacra
2357 5266 2615 5331 gentium.

2107 5355 2171 5409 In
2191 5355 2360 5407 emitu.
2394 5350 2565 5416 Quasi
2613 5367 2744 5405 cum
2787 5351 2981 5418 Israel,
3037 5351 3096 5406 id
3127 5355 3233 5417 est,
3286 5350 3489 5406 domus
3536 5351 3727 5421 Iacob,

2038 5441 2110 5497 de
2140 5442 2397 5511 Egypto,
2426 5440 2485 5495 id
2505 5443 2588 5495 est
2602 5441 2820 5512 populo
2841 5440 3086 5495 barbaro
3110 5439 3305 5495 exiret.

3208 5556 3291 5616 33
