4082 6184
444 211 576 262 1035

1059 206 1451 262 WALAFRIDI
1491 205 1737 261 STRABI
1777 205 1973 259 FULD.
2018 205 2182 260 MON.
2230 204 2380 260 OPP.
2423 203 2597 259 PARS
2638 205 2680 260 1.
2721 234 2789 242 -
2828 202 3298 261 THEOLOGICA.

3793 211 3901 263 1036

506 329 777 383 Barbam.
835 328 1015 398 (Λευ.)
1070 328 1312 382 Barbara
1364 328 1559 398 lingua
1594 331 1698 396 est,
1755 342 1884 397 quae
1944 328 2123 380 Deum
2153 329 2198 381 A
2236 343 2493 382 manuum
2533 328 2828 388 hominum,
2877 328 2983 380 hoc
3032 332 3380 382 venerantur
3407 328 3559 399 quod
3616 328 3751 382 inde
3782 330 3904 384 fece~

436 436 553 473 non
585 419 797 473 laudat.

507 509 665 562 Vens.
706 511 758 561 2.
791 537 863 547 —
914 509 1078 560 Facta
1111 511 1200 558 est.
1262 504 1457 573 (CASS.)
1505 503 1660 558 Sicut
1707 504 1800 558 ille
1858 503 2125 574 populus,

432 613 562 650 cum
590 597 767 650 exiret
793 595 862 648 de
883 596 1140 665 .Egypto,
1177 597 1308 659 etc.,
1352 609 1520 661 usque
1567 593 1642 647 ad
1715 598 1953 664 possunt
1982 592 2128 646 resi-

432 690 581 739 stere
612 684 784 752 vitiis,
816 688 873 736 et
905 683 1037 737 hoc.

501 774 659 826 Vens.
711 776 762 826 3.
817 803 884 810 ——
924 771 1072 826 Vidit
1103 787 1266 836 mare,
1319 770 1377 824 id
1406 774 1507 835 est,
1539 773 1866 840 peccatores
1899 769 2122 839 (saeculi.

423 861 699 927 Iordanis,
758 861 858 930 qui
896 860 1066 912 variis
1122 857 1414 912 desideriis
1463 857 1696 927 rapiunt
1759 856 2020 911 homines
2065 857 2128 910 in

425 964 702 1019 magnum
734 963 912 1015 mare,
935 947 990 1000 id
1031 951 1133 1012 est,
1167 946 1334 1015 hujus
1361 945 1552 999 saeculi
1581 944 1990 998 amaricantem
2005 960 2126 998 ma-

426 1038 634 1103 litiam;
669 1037 764 1090 sed
797 1037 919 1090 haec
961 1036 1020 1088 in
1080 1035 1327 1088 adventu
1385 1033 1614 1088 Domini
1665 1041 1903 1102 cessant,
1962 1035 2126 1106 quasi

425 1143 699 1180 conversa
727 1129 1059 1178 retrorsum.

497 1217 658 1269 Mare
692 1215 850 1267 vidit.
910 1213 1092 1283 (ΑΗΘ.)
1147 1213 1261 1266 Hoc
1316 1210 1409 1266 hic
1461 1211 1627 1266 aliter
1672 1210 1899 1277 dicitur,
1950 1227 2123 1282 quam

423 1303 634 1357 factum
691 1307 802 1355 est.
852 1301 936 1355 Ibi
997 1301 1209 1371 legitur
1255 1299 1477 1354 stetisse
1537 1300 1606 1353 ab
1655 1316 1722 1354 ea
1772 1303 1952 1370 parte,
2011 1317 2124 1371 qua

422 1409 585 1462 aquae
608 1392 855 1460 desuper
885 1389 1160 1457 fluebant,
1203 1405 1307 1442 nec
1331 1388 1414 1442 ibi
1447 1387 1764 1458 quidquam
1812 1387 2021 1442 dicitur
2052 1389 2122 1442 de

422 1481 798 1551 gestientibus
845 1478 1157 1544 montibus,
1190 1477 1289 1531 sed
1339 1482 1456 1531 tam
1511 1477 1594 1530 ibi
1634 1477 1779 1530 facta
1824 1492 1998 1547 quam
2029 1476 2120 1530 hic

422 1569 571 1622 dicta
601 1568 798 1638 figurae
821 1572 970 1621 sunt.

490 1657 651 1711 Vens.
709 1657 848 1709 4.-
880 1655 1112 1710 Arietes.
1165 1652 1292 1723 (ῐο.)
1327 1651 1744 1720 Ουὶροιήὼυε
1801 1651 2118 1723 utriusque,

421 1751 552 1811 etc.,
584 1760 751 1813 usque
777 1744 851 1797 ad
901 1758 1132 1796 omnem
1167 1739 1463 1794 scientiam
1517 1740 1784 1794 adversus
1832 1739 2120 1794 Christum

420 1851 478 1887 se
531 1833 866 1903 erigentem.
901 1831 1085 1886 Colles.
1128 1829 1328 1897 (Cass)
1377 1831 1422 1881 A
1465 1828 1718 1896 colendo,
1771 1828 2113 1895 mediocres;

422 1939 537 1976 non
589 1921 744 1975 enim
797 1921 919 1974 hinc
949 1920 1020 1972 ad
1052 1919 1333 1984 litteram;
1389 1917 1538 1971 unde
1601 1920 1655 1970 et
1702 1933 1805 1987 per
1849 1933 2029 1984 mare,
2063 1923 2120 1971 et

415 2011 742 2076 Jordanem,
773 2009 828 2061 id
859 2013 961 2073 est,
990 2023 1092 2077 per
1116 2006 1354 2076 antiqua
1383 2006 1549 2073 facta,
1604 2007 1727 2059 haec
1757 2006 1973 2076 signari
2000 2022 2117 2061 non

417 2097 694 2166 ambigas,
728 2113 856 2167 quas
887 2095 1056 2149 hodie
1089 2095 1463 2164 spiritualiter
1484 2095 1646 2148 liunt.

491 2186 658 2238 Vens.
695 2188 744 2238 5.
806 2215 872 2222 -
905 2182 1053 2248 Quid
1099 2187 1178 2236 est
1235 2184 1353 2236 tibi.
1403 2184 1528 2252 (ῐυ.)
1579 2182 1836 2236 Secundo
1879 2181 2114 2237 interro-

417 2277 513 2342 gat
537 2289 712 2342 quare
744 2272 886 2338 haec,
941 2274 1002 2323 ut
1049 2270 1256 2325 excitet
1297 2270 1757 2326 admirationem.
1816 2272 1881 2326 Et
1907 2271 2112 2326 solvit:

415 2367 466 2414 Α
495 2363 642 2427 facie
678 2362 904 2415 Domini.

485 2449 730 2502 Vans.7.
790 2479 855 2486 ——
885 2446 1146 2514 Affacie.
1185 2445 1308 2516 (10.)
1361 2447 1480 2500 Una
1531 2446 1752 2500 duobus
1798 2445 2110 2516 responsio,

413 2536 548 2608 quia
581 2552 727 2589 unus
750 2539 965 2601 auctor,
995 2540 1051 2588 et
1071 2535 1277 2588 saecula
1298 2533 1433 2587 fecit
1451 2534 1868 2604 obstupescere,
1901 2538 1958 2588 et
1987 2550 2110 2602 sua,

412 2625 470 2679 id
501 2629 606 2691 est,
637 2629 863 2678 montes
895 2629 953 2678 et
986 2625 1160 2677 colles
1189 2622 1469 2693 gaudere:
1497 2622 1720 2676 Christo
1752 2622 1907 2676 enim
1941 2639 2112 2693 appa-

412 2718 572 2766 rente
601 2712 741 2766 moti
779 2715 912 2765 sunt
940 2710 1206 2766 homines
1235 2728 1269 2763 a
1298 2728 1398 2764 sua
1437 2710 1842 2781 superstitione
1890 2711 1964 2765 ad
1984 2713 2112 2766 cul-

413 2807 538 2856 tum
570 2801 691 2854 Dei.

485 2893 535 2944 A
567 2892 710 2956 facie
738 2891 835 2942 Dei
850 2889 1044 2942 Jacob.
1079 2888 1145 2941 Et
1166 2887 1331 2958 quasi
1362 2891 1666 2957 quaereret,
1701 2887 1830 2957 quis
1879 2891 1966 2942 est
2005 2890 2107 2942 Do-
2141 2888 2180 2940 C

412 2979 638 3034 minus?
674 2980 818 3032 Deus
843 2978 1015 3031 Jacob
1047 2993 1164 3030 non
1187 2993 1422 3044 recens;
1457 2977 1556 3047 qui
1600 2977 1734 3030 facit
1757 2993 1855 3030 eos
1884 2977 2105 3031 luctari.

486 3069 643 3122 Vens.
669 3070 719 3120 8.
748 3068 926 3136 —()ui
962 3068 1222 3119 convertit
1273 3069 1506 3133 petram.
1572 3064 1696 3136 (11).)
1754 3065 1904 3119 Dura
1942 3066 2110 3120 corda

414 3158 765 3219 Judaeorum,
796 3155 864 3209 ad
885 3170 1092 3224 aquam
1124 3153 1414 3224 baptismi.

485 3249 707 3316 Rupem.
743 3243 1009 3308 Gentiles,
1051 3247 1113 3296 ut
1136 3247 1193 3296 et
1220 3241 1330 3312 ipsi
1383 3245 1652 3296 emanent
1703 3241 1950 3312 irriguos
1979 3242 2109 3297 fon-

414 3338 498 3387 tes
530 3331 975 3402 praedicationis.

485 3422 673 3489 (Αυθ.)
705 3420 764 3473 id
818 3424 920 3486 est,
969 3434 1025 3470 se
1070 3417 1230 3488 prius
1262 3417 1494 3485 durum,
1542 3433 1669 3471 cum
1724 3417 2107 3488 ignoraretur,

415 3515 544 3576 etc.,
563 3522 730 3575 usque
745 3507 817 3560 ad
838 3505 1105 3558 omnibus
1128 3503 1493 3558 credentibus
1519 3505 1844 3572 inundaret,
1883 3507 2102 3560 dicens:

414 3599 476 3652 Si
496 3599 617 3665 quis
644 3598 782 3660 sitit,
823 3596 1006 3648 veniat
1025 3592 1100 3646 ad
1125 3607 1207 3646 me
1237 3598 1286 3645 et
1318 3592 1485 3647 bibat.

485 3685 642 3738 Vens.
681 3687 726 3737 1.
774 3713 842 3725 -—-
895 3683 1014 3738 Non
1059 3682 1232 3736 nobis.
1288 3681 1486 3751 (Cass)
1539 3681 1677 3736 Cum
1737 3681 1878 3736 dixit
1926 3683 2107 3738 Deum

413 3775 564 3827 bona
591 3772 748 3840 dare,
782 3777 914 3838 etc.,
946 3786 1115 3841 usque
1152 3771 1225 3824 ad
1273 3769 1503 3836 veritas,
1561 3771 1697 3824 dum
1749 3771 1991 3840 praemia
2013 3787 2103 3825 re-

413 3862 618 3928 stituit,
650 3861 736 3916 vel
768 3859 976 3930 impios
996 3859 1181 3930 punit.
1218 3859 1372 3925 Ideo,
1399 3860 1498 3912 Da.

483 3952 644 4004 Vens.
677 3954 728 4003 2.
761 3979 826 3989 —-
879 3947 1204 4018 Nequando:
1264 3948 1373 4002 hoc
1423 3963 1575 4017 saepe
1625 3947 1788 4018 impii
1817 3947 2103 4020 imputant

411 4039 576 4094 bonis
604 4038 846 4092 afflictis.

479 4127 873 4183 Misericordia.
912 4125 1111 4194 (Aua.),
1144 4124 1198 4177 id
1233 4130 1338 4192 est,
1367 4124 1748 4194 reparatione.

490 4219 742 4283 Veritate,
774 4214 829 4268 id
853 4219 952 4281 est,
987 4213 1366 4282 promissione
1403 4213 1652 4283 impleta.

484 4307 584 4359 Ubi
621 4311 696 4359 est
726 4307 884 4357 Deus.
915 4301 1037 4370 (11).)
1070 4302 1187 4354 Hoc
1243 4301 1426 4354 solent
1483 4301 1670 4354 dicere
1723 4305 1944 4370 gentes,
1972 4317 2100 4372 qua:

407 4394 619 4447 habent
645 4392 892 4444 visibiles
915 4389 1074 4443 deos:
1101 4389 1236 4459 quia
1254 4388 1597 4443 invisibilem
1635 4391 1811 4442 Deum
1839 4390 2097 4444 colimus.

483 4484 655 4535 Vens.
697 4484 746 4534 3.
778 4509 846 4517 ——
876 4480 938 4531 In
971 4479 1112 4532 casto.
1149 4477 1311 4547 (11).),
1340 4477 1398 4531 id
1449 4483 1553 4542 est,
1584 4477 1805 4531 Christo
1843 4477 2097 4544 homine,

407 4569 721 4625 secundum
760 4565 934 4619 illud:
987 4569 1122 4620 Deus
1170 4568 1287 4619 erat
1327 4567 1386 4618 in
1444 4566 1656 4620 Christo
1686 4565 1948 4619 mundum
1993 4566 2102 4620 sibi

403 4659 776 4714 reconcilians.
811 4654 926 4719 Vel,
961 4657 1018 4707 in
1066 4654 1208 4708 creto.
1241 4652 1436 4724 (Cass)
1468 4653 1526 4706 id
1558 4658 1662 4722 est,
1693 4657 1898 4724 potens
1928 4671 2101 4724 super

406 4761 606 4800 omnes
637 4748 948 4796 creaturas.

475 4835 668 4890 Omnia
696 4843 1021 4900 quaecunque
1035 4829 1204 4883 voluit
1222 4829 1372 4895 fecit.
1407 4828 1513 4880 Per
1543 4826 1696 4897 quod
1736 4826 2097 4898 omnipotens

405 4927 661 4978 apparet.

558 4941 583 4975 Γ
619 4941 661 4976 ι.

441 4941 632 5065 ρεὲιιέ.
683 5011 824 5062 4.-
853 5008 1159 5062 Simulacra
1219 5008 1475 5070 gentium.
1540 5003 1672 5074 (10.)
1731 5003 1939 5069 Tertio,
1971 5002 2094 5058 ina-

401 5101 497 5154 nia
523 5099 826 5153 simulacra
877 5096 1097 5166 probat,
1160 5100 1216 5148 et
1243 5093 1446 5163 religio
1504 5092 1603 5146 Dei
1634 5109 1807 5163 quam
1839 5092 1910 5144 sit
1940 5091 2095 5145 utilis

401 5188 674 5243 ostendit.
706 5187 769 5239 Et
791 5189 876 5239 est
894 5184 986 5237 hic
1007 5183 1259 5253 perfecta
1283 5181 1694 5236 demonstratio
1716 5181 1778 5234 in
1803 5180 2092 5250 vitupera-

400 5277 554 5330 tione
600 5282 657 5329 et
691 5275 881 5329 laude.
944 5271 1128 5342 (AUG.)
1160 5271 1400 5324 Ostensa
1438 5269 1694 5340 potentia
1738 5268 1852 5322 veri
1902 5268 2090 5322 Deiex

399 5364 685 5433 operibus,
716 5361 920 5417 transit
968 5362 1038 5414 ad
1070 5361 1207 5414 deos
1256 5359 1518 5429 gentium
1566 5357 1834 5411 visibiles.
1878 5360 2092 5424 Argen-

399 5455 530 5505 tum.
575 5451 697 5521 (In.)
754 5450 863 5505 Sed
912 5449 1048 5518 quia
1103 5449 1250 5502 Deus
1298 5448 1403 5501 hoc
1459 5448 1609 5514 fecit,
1663 5445 1874 5517 inquit,
1915 5446 2089 5515 Opera

2242 419 2393 482 runt,
2434 414 2728 469 materiam
2762 414 2914 468 enim
2956 414 3168 468 creavit
3197 415 3375 483 Deus;
3410 416 3509 471 sed
3563 416 3799 471 stultitia
3824 418 3911 472 ho-

2240 504 2464 558 minum
2495 504 2738 558 formam
2770 503 3009 559 addidit.

2310 594 2475 646 Vens.
2509 596 2562 645 5.
2593 593 2742 650 ——Os
2769 593 2984 647 habent.
3020 594 3324 662 (10.)Manu
3353 595 3766 662 suntformata,
3797 600 3910 658 etc.,

2239 697 2407 750 usque
2437 681 2512 735 ad
2529 685 2584 735 et
2613 682 2933 736 servierunt
2963 689 3238 736 creaturae
3265 682 3454 752 potius
3475 699 3649 754 quam
3667 684 3910 736 creatori.

2308 771 2470 824 Vens.
2515 773 2570 823 7.
2630 771 2833 826 -Νοη
2883 770 3222 826 clamabunt.
3257 772 3384 840 (11),)
3413 773 3544 826 Post
3567 772 3726 842 loqui
3753 772 3914 842 (quod

2238 863 2321 912 est
2351 856 2599 912 hominis
2643 857 2967 928 proprium)
3000 858 3110 912 hoc
3138 875 3441 913 commune
3467 860 3645 928 addit,
3674 865 3804 922 etc.,
3833 875 3914 914 us-

2237 961 2338 1015 que
2367 946 2442 999 ad
2462 952 2518 1000 et
2543 962 2743 1000 carens
2764 946 2878 999 vita
2906 962 3192 1017 sensuque
3219 947 3608 1004 simulacrum.
3633 961 3636 964 '

2309 1035 2463 1088 Vens.
2522 1037 2574 1088 8.
2629 1063 2698 1074 —
2725 1033 2944 1089 Similes
2975 1037 3105 1089 illis.
3140 1036 3264 1106 (lo.)
3318 1036 3454 1091 Vide
3499 1037 3915 1090 erubescihilem
3939 1044 3966 1060 θ

2235 1122 2540 1187 culturam,
2566 1122 2704 1176 dum
2727 1123 2826 1189 ait,
2856 1125 3081 1191 similes,
3108 1123 3260 1194 quod
3290 1140 3422 1178 vere
3450 1129 3618 1190 sunt;
3653 1125 3741 1178 vel
3772 1125 3914 1178 simi-
3939 1126 3944 1130 ’

2233 1209 2314 1264 les
2348 1227 2405 1264 se
2437 1211 2517 1264 eis
2548 1210 2896 1282 intelligant.

2305 1301 2444 1353 Vens
2504 1302 2556 1353 9.
2606 1329 2674 1340 —
2721 1301 2931 1354 Dom-us
2983 1300 3182 1354 Israel.
3265 1300 3459 1371 (Cass)
3517 1300 3616 1354 Hic
3681 1301 3918 1355 ostendit

2233 1384 2567 1442 ChriStianaa
2599 1387 2894 1458 religionis
2923 1388 3252 1443 utilitatem.

2305 1477 2466 1530 Vnns.
2523 1481 2607 1534 10.
2661 1509 2730 1518 -
2794 1483 2992 1534 Domus
3067 1483 3280 1535 Aaron.
3343 1480 3538 1549 (Ama)
3604 1481 3685 1534 Ne
3737 1484 3915 1534 autem

2163 1609 2200 1661 Β
2230 1563 2491 1619 videatur
2550 1567 2860 1636 majoribus
2909 1568 3031 1638 jam
3081 1585 3194 1637 res,
3247 1584 3373 1640 qua:
3424 1568 3800 1623 inferioribus
3844 1575 3918 1623 est

2231 1667 2378 1721 spes,
2404 1652 2582 1720 addit,
2608 1656 2805 1708 Domus
2829 1656 3035 1709 Aaron.

2300 1740 2460 1796 Vans.
2510 1743 2592 1796 l2.
2651 1773 2719 1781 —
2777 1745 2996 1797 Memor.
3058 1743 3260 1814 (Cass)
3323 1745 3392 1798 Ut
3445 1748 3821 1810 converteret,
3869 1749 3920 1798 et

2227 1843 2528 1882 conversos
2557 1845 2661 1900 per
2681 1831 2946 1884 eumdem
2971 1831 3283 1886 benedixit.

2301 1917 2466 1972 Vens.
2529 1918 2613 1971 14.
2661 1947 2733 1957 -
2763 1919 2940 1988 Super
2987 1919 3304 1989 vos,(Auo.)
3348 1919 3494 1984 Quia
3521 1921 3700 1974 crevit
3733 1937 3918 1974 nume-

2225 2020 2321 2058 rus
2351 2005 2785 2074 magistrorum.

2294 2093 2468 2161 Super
2511 2095 2671 2161 ﬁlios.
2730 2094 2873 2158 Quia
2935 2094 3110 2149 crevit
3170 2094 3343 2149 etiam
3397 2111 3671 2149 numerus
3729 2113 3914 2168 sequa-

2223 2180 2398 2234 cium.
2442 2182 2586 2251 Ergo
2660 2199 2760 2236 vos
2804 2182 3055 2253 utrique,
3115 2188 3305 2253 patres
3356 2187 3411 2237 et
3462 2183 3589 2252 tilii,
3637 2185 3910 2239 benedicti

2223 2271 2358 2324 estis
2417 2270 2684 2339 Domino,
2742 2270 2843 2342 qui
2896 2288 2992 2325 vos
3023 2271 3156 2326 fecit
3202 2274 3389 2326 castum
3417 2273 3476 2326 in
3508 2273 3837 2342 majoribus,
3866 2279 3907 2326 et

2224 2363 2422 2412 terram
2451 2358 2512 2412 in
2543 2359 2891 2425 minoribus;
2926 2360 3010 2413 vel
3041 2360 3176 2414 fecit
3205 2377 3437 2414 omnem
3469 2367 3810 2416 creaturam.

2293 2447 2451 2500 Vens.
2493 2448 2574 2500 15.
2623 2478 2683 2485 -
2726 2448 3003 2502 Benedicti
3056 2463 3147 2502 vos
3177 2464 3210 2501 α
3257 2449 3493 2503 Domino.
3552 2450 3762 2521 (Cass)
3811 2450 3904 2514 Qui

2223 2533 2439 2604 optavit
2462 2549 2634 2604 supra
2657 2533 2940 2600 benedici,
2985 2534 3106 2604 jam
3138 2535 3386 2590 conﬁsus
3434 2536 3588 2601 dicit,
3618 2539 3904 2603 Benedicti,

2221 2621 2373 2691 quod
2417 2622 2487 2676 ad
2539 2623 2719 2675 Deum
2761 2622 3029 2692 pertinet,
3079 2628 3146 2677 ut
3193 2624 3245 2676 ei
3302 2623 3580 2679 servietis.
3640 2626 3784 2680 Vere
3823 2629 3910 2680 Do-

2220 2712 2386 2776 mino,
2418 2709 2555 2780 quia
2584 2712 2760 2763 etiam
2789 2712 2975 2765 coelum
3006 2712 3143 2778 cceli,
3178 2711 3237 2766 id
3281 2717 3387 2779 est,
3439 2712 3696 2768 Christus
3735 2719 3821 2768 est
3849 2712 3914 2768 ad

2219 2799 2499 2852 honorem
2531 2799 2786 2864 Domini;
2823 2800 2930 2865 vel,

2292 2888 2451 2942 Vens.
2491 2890 2573 2941 16.
2595 2918 2663 2927 -
2692 2889 2900 2942 Caelum
2929 2888 3065 2955 caeli,
3117 2887 3178 2942 id
3205 2893 3308 2956 est,
3363 2905 3723 2960 empyreum,
3766 2889 3919 2944 dedit

2223 2975 2463 3029 Domino
2505 2975 2749 3044 Christo,
2781 2976 3098 3031 secundum
3128 2977 3277 3047 quod
3309 2977 3501 3031 homo.
3545 2982 3772 3032 Terram
3815 2995 3916 3032 au-

2219 3069 2340 3118 tem.
2375 3066 2545 3118 Istam
2593 3065 2927 3119 inferiorem
2965 3065 3142 3119 dedit.
3200 3067 3356 3120 Filiis
3412 3067 3703 3120 hominum.
3769 3069 3839 3122 Ut
3861 3067 3918 3120 in

2219 3168 2286 3205 ea
2312 3169 2370 3206 se
2399 3151 2702 3222 puriﬁcent
2735 3153 2821 3205 vel
2853 3153 3134 3223 populum
3175 3153 3678 3223 praedicatoribus;
3732 3155 3916 3210 unde:

2219 3240 2375 3295 Sicut
2406 3241 2561 3294 misit
2609 3257 2700 3294 me
2731 3243 2916 3307 Pater,
2947 3246 3004 3295 et
3045 3256 3151 3312 ego
3193 3241 3419 3295 mittam
3471 3259 3568 3296 vos
3599 3243 3780 3311 (Joan.
3824 3245 3918 3314 vx).

2291 3330 2489 3385 Caelum
2509 3327 2642 3384 caeli.
2680 3329 2866 3400 (Αυο.)
2898 3329 3041 3383 Dicit
3079 3346 3172 3384 eos
3202 3346 3452 3400 quorum
3503 3336 3747 3394 mentes,
3782 3339 3918 3398 etc.,

2220 3433 2384 3486 usque
2411 3418 2485 3472 ad
2505 3434 2675 3488 quem
2701 3417 2915 3471 inﬁrmi
2953 3417 3076 3473 sine
3105 3418 3455 3472 adminiculo
3486 3419 3671 3473 adhuc
3722 3420 3917 3474 videre

2218 3523 2332 3560 non
2369 3511 2636 3576 possunt.
3276 3561 3305 3606 φ

2288 3595 2446 3648 Vans.
2512 3597 2593 3648 l7.
2644 3624 2712 3632 —
2752 3595 2935 3662 Neque
2962 3608 3138 3647 omnes
3194 3593 3291 3661 qui
3317 3593 3663 3649 descendunt.
3706 3596 3914 3665 (Cass)

2215 3680 2313 3734 Vel
2343 3697 2461 3735 non
2509 3697 2706 3734 omnes
2737 3680 2836 3751 qui
2868 3680 3249 3748 descendunt;
3296 3682 3432 3752 quia
3483 3687 3542 3738 et
3591 3685 3776 3738 sancti
3810 3685 3913 3739 de—

2214 3769 2575 3839 scenderunt,
2599 3771 2697 3824 sed
2722 3786 2838 3824 non
2865 3768 2924 3822 in
2940 3769 3228 3837 inferiori.

2789 3858 3102 3913 PSALMUS
3141 3858 3321 3914 CXIV.

2282 3945 2539 4000 Alleluia.
2598 3945 2696 3999 Hic
2724 3945 2922 3999 titulus
2974 3962 3125 4016 saepe
3169 3947 3428 4012 iteratur,
3464 3947 3600 4018 quia
3651 3947 3914 4004 laudatio

2214 4033 2332 4100 Dei,
2357 4038 2410 4086 et
2435 4033 2682 4104 dignitas
2713 4039 2798 4088 est
2825 4050 3085 4104 operum,
3137 4038 3193 4088 et
3239 4034 3490 4105 pretium
3537 4037 3829 4107 laborum,
3863 4039 3916 4093 id

2213 4126 2314 4187 est,
2361 4121 2632 4175 meritum
2663 4126 2750 4175 est
2796 4127 2852 4175 et
2878 4121 3206 4191 praemium.
3257 4124 3447 4191 (AUG.)
3503 4123 3799 4194 Propheta
3849 4126 3915 4179 de

2209 4209 2370 4263 fovea
2404 4215 2765 4280 peccatorum
2808 4209 3096 4277 liberatus,
3146 4212 3202 4263 et
3244 4210 3304 4263 in
3345 4215 3508 4280 petra
3541 4213 3912 4282 constitutus,

2210 4299 2396 4369 primo
2426 4299 2638 4369 gratias
2659 4297 2779 4368 agit
2808 4297 2942 4368 quia
2972 4297 3276 4352 exauditus
3320 4302 3423 4367 est,
3449 4304 3508 4353 et
3538 4307 3744 4355 contra
3787 4319 3907 4356 om-

2210 4386 2305 4441 nia
2329 4386 2584 4456 pericula
2609 4404 2667 4439 se
2684 4387 2976 4440 invocasse
3001 4385 3154 4439 dicit.

2281 4475 2537 4528 Psalmus
2567 4474 2671 4528 iste
2721 4479 2804 4527 est
2849 4473 3162 4528 consolatio
3195 4473 3450 4528 ﬁdelium
3491 4480 3694 4529 contra
3744 4478 3906 4532 dolo-

2211 4579 2300 4616 res
2326 4563 2538 4617 saeculi.

2280 4652 2440 4705 Vens.
2479 4655 2528 4705 1.
2590 4681 2653 4690 -
2708 4651 2915 4704 Βίιεωί.
2961 4650 3092 4720 (Ιο.)
3124 4649 3271 4705 Dicit
3330 4651 3435 4705 hoc
3478 4651 3599 4704 ovis
3648 4669 3785 4724 quae
3831 4670 3908 4709 er-

2208 4743 2448 4804 raverat,
2483 4739 2634 4792 ﬁlius
2668 4755 2946 4804 reversus,
2978 4739 3150 4808 hujus
3169 4738 3362 4792 smculi
3391 4739 3755 4809 peregrinus.

2277 4824 2481 4895 (Cass)
2537 4827 2738 4880 Dilemi.
2773 4826 2895 4879 Non
2943 4830 3176 4896 propter
3207 4826 3542 4896 temporalia
3570 4826 3730 4882 bona
3760 4828 3909 4882 mihi

2207 4913 2360 4980 data,
2392 4919 2456 4968 ut
2486 4915 2764 4981 infideles,
2822 4913 2918 4968 sed
2978 4915 3256 4982 quoniam,
3289 4919 3398 4968 etc.
3452 4914 3725 4986 Diligitur
3754 4919 3907 4971 Deus

2207 5006 2263 5055 et
2292 5003 2361 5056 ab
2419 5002 2743 5056 infidelibus
2792 5002 2929 5072 quia
2967 5003 3119 5056 bona
3171 5003 3298 5067 dat;
3350 5004 3527 5057 unde:
3588 5005 3910 5075 Conﬁtebor

2207 5089 2308 5143 tibi
2352 5106 2472 5144 cum
2531 5091 2848 5158 benefeceris
2895 5093 2945 5144 ei
2984 5093 3151 5157 (Psal.
3193 5092 3410 5160 mnu).
3467 5092 3737 5163 Diligitur
3767 5110 3911 5164 per—

2203 5178 2370 5247 fecte,
2415 5195 2548 5233 eum
2601 5179 2828 5234 animus
2885 5179 3134 5233 adversis
3165 5195 3282 5234 non
3329 5186 3608 5246 movetur,
3671 5182 3773 5236 sed
3805 5198 3907 5253 spe

2204 5267 2556 5322 accenditur:
2591 5283 2762 5338 quem
2793 5267 3031 5322 modum
3070 5273 3200 5338 post
3251 5268 3510 5338 exponit,
3551 5269 3740 5323 dilexi.
3779 5271 3904 5324 Non

2203 5355 2340 5427 quia
2393 5372 2483 5409 me
2513 5371 2706 5426 regem
2737 5355 2887 5421 fecit,
2918 5372 3198 5428 prospera
3223 5356 3401 5426 dedit,
3433 5356 3532 5411 sed
3586 5359 3725 5429 quia
3772 5375 3894 5413 ora-

2200 5444 2417 5500 tionem
2445 5444 2605 5499 audit
2626 5444 2684 5498 in
2714 5445 3011 5515 angustiis.
