4020 6184
155 197 289 252 1037

1240 192 1493 250 GLOSSA
1528 187 1941 250 ORDINARIA.
1981 223 2051 235 -—
2088 195 2218 252 LIB.
2258 194 2499 252 PSALII.

3520 200 3658 255 1038

218 315 380 367 Vsus.
414 317 466 368 2.
502 346 568 353 —
601 314 678 367 Et
708 315 766 366 in
804 311 992 366 diebus
1021 313 1170 366 meis.
1207 311 1387 382 (Anc)
1417 309 1642 365 Scilicet
1699 327 1843 366 mea:
1874 314 1923 367 Α
1957 328 2107 369 serve
2157 315 2286 369 bone
2337 318 2387 368 et
2442 314 2636 385 fidelis,
2692 317 2839 370 intra
2894 318 2955 370 in
3004 318 3268 385 gaudium
3312 322 3530 376 Domini
3574 325 3659 377 tui

151 403 421 469 miserim,
483 417 625 472 quos
678 400 825 455 mihi
870 400 978 453 feci
1025 400 1335 469 peccando,
1383 399 1485 470 qui
1517 403 1649 454 sunt
1691 400 1849 471 pleni

148 491 360 545 laboris
391 496 449 544 et
479 490 715 554 doloris,
748 488 805 543 id
847 493 951 554 est,
975 494 1214 543 vetustte
1244 487 1587 558 putredinis.

213 580 505 633 Invocabo.
538 578 699 643 Quod
733 593 847 631 non
870 582 954 631 est
982 577 1103 631 sine
1135 577 1276 643 ﬁde;
1309 577 1462 631 unde
1493 576 1796 647 Apostolus
1829 593 1842 630 :

145 668 419 732 Quomodo
432 667 761 722 invocabant
776 668 834 719 in
857 682 1011 734 quem
1032 682 1137 719 non
1155 665 1499 719 crediderunt
1518 668 1545 718 ?
1560 665 1744 732 (Rom.
1767 671 1844 726 x.)

146 758 291 809 Dum
312 772 446 825 ergo
476 755 574 822 ait,
608 755 952 819 invocabant,
980 759 1115 808 nota
1148 754 1299 825 quod
1325 769 1439 807 non
1485 758 1569 807 est
1598 753 1845 807 ostiosus

142 844 405 899 dilector.
442 845 507 897 In
538 843 769 914 quibus,
805 841 1286 898 Circumdederunt
1330 857 1429 908 me,
1463 846 1568 895 etc.
1606 841 1722 907 Vel,
1783 839 1843 893 in

140 932 346 987 diebus
378 932 598 997 salutis,
648 931 703 985 id
746 936 828 984 est
857 935 1117 1001 tempore
1172 929 1576 1000 plenitudinis;
1639 929 1840 984 unde:

131 1026 274 1083 Ecce
300 1036 446 1075 nunc
476 1026 683 1089 tempus
709 1019 1055 1089 acceptabile,
1090 1023 1195 1072 etc.
1227 1018 1313 1089 (II
1339 1019 1467 1072 Cor.
1498 1019 1591 1085 vx).

212 1111 376 1164 Vens.
430 1112 481 1163 3.
533 1140 602 1148 —
634 1110 864 1162 Dolores.
919 1107 1117 1176 (Cass)
1168 1108 1422 1167 Peccata.
1464 1106 1618 1159 unde
1677 1105 1844 1160 dolor

137 1205 197 1253 et
226 1214 385 1252 mors
416 1197 660 1262 animae;
692 1197 799 1263 vel,
825 1200 1057 1261 aeterna,
1087 1195 1209 1248 haec
1236 1194 1295 1248 in
1324 1194 1548 1247 inferno
1576 1194 1704 1248 erit.
1740 1195 1843 1247 Pc-

133 1289 318 1342 ricula
348 1288 572 1352 inferni.
602 1284 789 1354 (Auc.)
822 1284 1082 1337 Suﬁ‘usus
1106 1282 1260 1336 enim
1282 1283 1496 1337 carnali
1526 1284 1838 1353 voluptate,

135 1392 257 1429 non
291 1374 670 1428 animadverti
702 1374 852 1426 mala
883 1388 973 1425 me
1006 1370 1437 1425 circumdantia.

209 1465 375 1516 Vens.
411 1463 462 1516 4.
488 1491 555 1502 -
612 1462 1035 1515 Tribulationem
1075 1465 1123 1513 et
1154 1460 1405 1513 dolorem.
1468 1458 1590 1529 (Ιυ.)
1646 1459 1836 1525 Quasi,

131 1550 235 1605 illa
250 1551 415 1621 prius
427 1566 518 1603 me
532 1548 1052 1614 circumdederunt,
1068 1548 1167 1601 sed
1178 1551 1307 1618 post
1318 1548 1509 1600 inveni
1522 1547 1838 1602 tribulatio-

132 1656 278 1694 nem
312 1644 368 1693 et
399 1638 679 1704 dolorem,
712 1638 769 1693 id
808 1642 911 1705 est,
945 1636 1310 1691 afﬁictionem
1346 1635 1687 1691 exteriorem
1719 1653 1839 1691 esse

130 1729 366 1781 utilem.

209 1818 377 1871 Vsus.
404 1819 462 1871 5.
501 1846 571 1853 —
600 1815 643 1869 0
669 1816 909 1879 Domine,
929 1813 1117 1867 libera.
1151 1812 1351 1883 (Cass)
1383 1812 1642 1866 Secundo
1700 1812 1837 1867 item

125 1905 367 1969 clamat,
419 1908 481 1958 ut
538 1902 808 1956 liberatus
859 1900 1049 1955 veniat
1096 1901 1165 1955 ad
1225 1899 1502 1970 requiem.
1538 1902 1837 1956 Misericors

124 1994 415 2046 Dominus.
459 1991 652 2061 (Ane.)
697 1989 837 2055 Quia
868 1988 1056 2060 primo
1090 1988 1386 2043 inclinavit
1442 2005 1640 2043 aurem
1694 1989 1839 2043 mihi

123 2087 190 2135 et
220 2096 317 2134 me
346 2079 582 2133 vocavit.

204 2172 415 2223 Justus.
450 2167 594 2232 Quia
636 2165 887 2236 ﬂagellat
932 2165 1160 2220 iterum.
1194 2167 1498 2219 Miseretur.
1552 2164 1696 2229 Quia
1750 2180 1837 2218 re-

119 2258 280 2328 cipit
309 2256 378 2311 ad
407 2255 846 2310 beatitudinem.
881 2256 992 2309 Nec
1022 2259 1139 2308 tam
1189 2270 1451 2308 amarum
1502 2254 1671 2307 debet
1717 2269 1837 2307 esse

120 2345 295 2417 quod
324 2345 575 2415 ﬂagellat
608 2360 779 2414 quam
813 2343 975 2397 dulce
1013 2343 1164 2414 quod
1194 2342 1417 2413 recipit,
1451 2342 1585 2412 quia
1641 2342 1835 2395 Domi-

118 2451 243 2489 nus
276 2433 524 2487 custodit
549 2434 838 2503 parvulos,
868 2448 1014 2503 quos
1046 2432 1290 2502 grandes
1322 2430 1527 2501 quaerit
1558 2430 1832 2485 haeredes.

202 2524 372 2575 Vens.
410 2526 461 2574 7.
515 2551 585 2560 —
631 2522 959 2576 Convertere.
996 2521 1119 2589 (11).)
1150 2520 1273 2573 Non
1332 2519 1553 2573 meritis
1604 2519 1691 2573 vel
1746 2518 1835 2572 vi—

123 2612 297 2664 ribus
326 2610 460 2677 tuis,
490 2610 588 2664 sed
622 2610 756 2680 quia
787 2610 1062 2665 Dominus
1083 2607 1363 2662 benefecit
1388 2607 1511 2663 tibi.

208 2700 372 2753 Vens.
404 2701 455 2753 8.
488 2730 557 2738 —
582 2702 655 2752 De
694 2702 862 2752 morte
899 2698 1093 2751 oculos.
1132 2696 1259 2767 (10.)
1312 2698 1455 2750 Mors
1485 2700 1572 2749 est
1630 2695 1835 2750 inﬁde-

130 2787 302 2853 litas;
338 2786 493 2840 unde
524 2788 778 2840 :Dimitte
806 2790 1048 2840 mortuos
1077 2786 1302 2854 sepelire
1332 2788 1567 2838 mortuos
1594 2799 1746 2848 suos;
1780 2788 1836 2838 et

1962 403 2182 471 (Matth.
2208 404 2357 473 xxv).

2033 492 2189 544 Vens.
2262 494 2344 545 11.
2384 508 2475 531 ‘—
2528 494 2592 547 In
2632 508 2850 549 ewcessu
2897 509 3031 550 meo.
3101 497 3224 559 Vel,
3278 498 3458 552 extasi
3505 515 3651 553 mea.

1957 581 2141 645 (Anc)
2199 580 2262 633 Et
2313 579 2519 633 dicitur
2573 580 2663 635 hic
2716 583 2941 651 extasis,
3000 589 3132 653 etc.,
3180 587 3453 655 usquead
3498 590 3654 659 quod

1952 671 2030 721 est
2057 670 2232 737 omnis
2264 668 2417 721 homo
2448 669 2703 723 mendam.

2024 754 2184 807 Vens.
2222 756 2304 808 12.
2352 784 2425 796 —
2478 757 2621 822 Quid
2663 758 2963 813 retribuam
3012 763 3252 815 Domino.
3313 762 3478 832 (In)?
3516 766 3651 818 Ter-

1953 841 2097 895 ritus
2125 841 2229 896 iste
2274 842 2505 913 respicit
2550 844 2945 901 inﬁrmitatem
2976 864 3159 914 suam,
3222 853 3279 903 et
3336 850 3487 904 videt
3536 868 3651 906 non

1952 943 2072 982 esse
2104 929 2574 998 praesumendum
2598 931 2667 985 de
2695 947 2773 987 se.
2809 933 2887 986 Ex
2918 950 2976 987 se
3004 936 3159 988 enim
3186 935 3361 990 homo
3385 939 3647 1000 mendax,

1948 1019 2013 1069 ut
2043 1021 2098 1070 et
2126 1018 2343 1084 Petrus,
2378 1018 2515 1072 dum
2544 1020 2931 1090 praesumpsit,
2966 1021 3232 1076 inventus
3253 1028 3336 1076 est
3359 1025 3605 1080 mendax
3633 1042 3645 1079 :

1950 1104 2044 1157 sed
2077 1104 2256 1158 virtus
2288 1106 2388 1159 Dei
2437 1110 2542 1174 est,
2577 1107 2623 1159 si
2678 1123 2795 1161 non
2824 1108 3022 1163 credit.
3076 1110 3235 1172 Quod
3294 1112 3492 1165 videns
3545 1113 3648 1166 iste

1948 1192 2159 1247 factum
2187 1193 2246 1247 in
2308 1211 2364 1248 se
2394 1195 2578 1266 gratia
2612 1196 2730 1261 Dei,
2764 1196 2972 1259 subdit.
3037 1214 3156 1267 quae
3202 1200 3459 1255 retribuit
3486 1204 3643 1256 mihi.

1950 1281 2074 1334 Non
2105 1282 2203 1350 ait,
2236 1299 2340 1352 pro
2371 1283 2636 1337 omnibus
2683 1300 2811 1354 quae
2859 1285 3078 1339 tribuit.
3113 1286 3251 1350 Quae
3284 1285 3462 1357 igitur
3508 1306 3649 1359 pras-

1949 1375 2239 1423 cesseruut
2296 1370 2547 1423 hominis
2600 1371 2768 1437 bona,
2806 1376 2867 1424 ut
2912 1373 3171 1426 omnium
3224 1375 3507 1429 donorum
3548 1377 3647 1431 Dei

1948 1471 2061 1509 non
2094 1457 2349 1524 tributio,
2378 1459 2476 1512 sed
2506 1458 2806 1511 retributio
2837 1460 3027 1513 vocari
3057 1461 3276 1531 possit?
3305 1463 3443 1526 Quae
3495 1481 3648 1534 pras-

1947 1550 2231 1599 cesserant
2279 1546 2388 1599 nisi
2434 1546 2706 1616 peccata?
2762 1548 3042 1602 Retribuit
3072 1564 3208 1619 ergo
3271 1552 3417 1604 Deus
3466 1553 3647 1606 homi-

1950 1632 2121 1687 nibus
2150 1633 2298 1687 bona
2330 1650 2434 1705 pro
2476 1634 2663 1700 malis,
2712 1650 2911 1704 passus
2943 1652 3048 1706 pro
3080 1638 3182 1704 eis,
3216 1655 3345 1693 cum
3380 1640 3645 1695 homines

1946 1721 2270 1776 retribuunt
2298 1723 2581 1794 mala,pro
2610 1722 2795 1776 bonis.

2019 1812 2177 1865 Vens.
2244 1813 2327 1865 13.
2384 1842 2440 1850 —
2512 1812 2742 1867 Calicem
2779 1812 3059 1867 salutaris.
3121 1814 3265 1883 (10.)
3314 1816 3643 1873 Passionem

1946 1913 1980 1952 a
2007 1898 2200 1965 simili,
2229 1904 2362 1962 etc.,
2420 1915 2588 1968 usque
2607 1901 2683 1955 ad
2713 1900 2868 1971 quod
2897 1905 3025 1969 post
3055 1901 3282 1957 dicitur.

2018 1986 2218 2057 (Cass)
2251 1988 2501 2053 Calicem,
2544 1989 2681 2058 quia
2708 1988 2810 2041 sub
2843 2005 3112 2043 mensura
3160 1991 3397 2047 bibitur.
3464 1994 3641 2060 Unde,

1945 2075 2142 2129 Fidelis
2172 2077 2310 2129 Deus
2342 2077 2440 2143 qui
2466 2091 2573 2129 non
2604 2078 2823 2144 patitur
2852 2092 2944 2131 vos
2971 2081 3175 2132 tentari
3211 2094 3382 2149 supra
3411 2082 3473 2135 id
3502 2083 3648 2151 quod

1943 2166 2163 2232 potestis
2218 2165 2276 2232 (Ι
2326 2164 2445 2220 Cor.
2495 2165 2573 2233 x).
2635 2165 2928 2232 Salutaris,
2985 2165 3084 2236 qui
3116 2167 3176 2220 in
3220 2173 3495 2223 aeternam
3554 2186 3644 2224 sa-

1945 2252 2124 2306 lutem
2159 2252 2533 2322 propitiatur.

2016 2341 2181 2395 Vens.
2220 2343 2299 2394 15.
2339 2341 2588 2395 Pretiosa
2615 2343 2674 2394 in
2731 2346 3011 2410 conspectu
3069 2341 3293 2396 Domini
3334 2358 3475 2397 mors
3514 2358 3641 2397 san-

1945 2434 2149 2483 ctorum
2194 2428 2335 2497 ejus.
2366 2431 2551 2495 (Αυα.)
2592 2428 2698 2492 Qui
2730 2429 2888 2499 prior
2915 2446 3114 2499 passus
3145 2434 3248 2498 est,
3276 2429 3371 2485 dat
3425 2432 3640 2485 imitari

1944 2517 2236 2588 passiones
2265 2533 2427 2584 suas;
2480 2522 2534 2571 et
2580 2516 2753 2571 ideo:
2815 2520 3056 2572 Pretiosa
3106 2520 3163 2572 in
3218 2525 3495 2587 conspectu
3528 2520 3639 2573 Do-

1943 2607 2082 2659 mini
2108 2621 2249 2659 mors
2279 2610 2589 2659 sanctorum
2621 2606 2756 2673 ejus.
2792 2606 2942 2659 Emit
2969 2621 3097 2659 eam
3130 2607 3408 2676 sanguine
3462 2623 3638 2678 quem

1944 2710 2047 2764 pro
2087 2694 2166 2747 eis
2197 2693 2361 2759 fudit,
2411 2709 2481 2747 ne
2522 2693 2850 2747 dubitarent
2879 2710 2983 2764 pro
3014 2710 3081 2748 eo
3125 2694 3292 2749 mori.
3344 2697 3458 2750 Hoc
3504 2712 3640 2767 ergo

1942 2782 2128 2852 pretio
2174 2786 2559 2852 comparatus,
2622 2782 2926 2837 conﬁtetur
2979 2782 3367 2839 conditionem
3425 2802 3635 2841 suam:

129 2876 349 2929 iterum
384 2892 397 2928 :
424 2877 542 2931 Non
570 2876 771 2928 mortui
799 2873 1102 2927 laudabunt
1139 2879 1206 2938 te,
1246 2873 1474 2925 Domine
1495 2872 1655 2942 (Psal.
1693 2870 1827 2942 cm).
1873 2884 1914 2940 ο
1944 2870 1985 2926 0
2016 2872 2254 2937 Domine,
2287 2872 2420 2939 quia
2449 2886 2561 2939 ego,
2596 2876 2699 2924 etc.

207 2966 373 3019 Vens.
398 2966 448 3017 9.
484 2994 551 3001 ——
580 2963 826 3018 Placebo.
864 2961 989 3031 (10.)
1030 2961 1204 3029 Dixit,
1262 2965 1391 3026 etc.,
1440 2976 1608 3028 usque
1653 2960 1727 3015 ad
1780 2966 1834 3015 et

126 3053 240 3107 hoc
266 3053 328 3107 in
360 3052 597 3122 regione
629 3052 907 3119 vivorum,
942 3050 1041 3120 qui
1065 3050 1264 3103 vivunt
1285 3049 1653 3103 eeternaliter.

735 3138 1044 3195 PSALMUS
1083 3139 1230 3192 CXV.

201 3231 469 3285 Alleluia.
526 3229 675 3282 Voce
730 3227 912 3281 laudis
986 3241 1238 3295 congrue
1309 3224 1689 3295 praetitulatur
1743 3224 1837 3279 hic

119 3321 413 3391 psalmus,
449 3317 583 3389 quia
609 3316 669 3370 in
710 3316 816 3370 hoc
842 3314 1088 3385 psalmo,
1121 3314 1295 3368 verba
1324 3318 1459 3370 sunt
1494 3318 1833 3383 martyrum,

120 3406 235 3478 qui
264 3405 630 3461 confessione
659 3404 970 3475 viguerunt
1018 3407 1074 3457 et
1124 3401 1365 3473 praemia
1404 3402 1507 3457 Dei
1548 3402 1837 3456 consecuti

119 3500 285 3550 sunL

208 3586 370 3638 Vens.
432 3584 607 3637 10.—
648 3578 890 3646 Credidi,
942 3583 1046 3634 etc.
1111 3578 1306 3649 (Cass)
1356 3578 1545 3633 Primo
1609 3594 1834 3632 memo-

117 3677 341 3727 rantur
376 3668 654 3725 beneﬁcia
687 3668 805 3734 Dei,
839 3668 1045 3738 quibus
1066 3666 1205 3738 quid
1252 3666 1493 3736 dignum
1532 3666 1838 3721 redderent

109 3777 263 3816 cum
285 3759 576 3825 dubitent,
629 3757 878 3811 occurrit
928 3756 1070 3811 calix
1120 3754 1425 3826 passionis,
1482 3754 1583 3824 qui
1630 3771 1663 3808 a
1720 3756 1834 3808 Deo

111 3851 320 3904 datur.
374 3848 655 3913 Secundo,
687 3862 879 3899 servos
908 3861 966 3898 se
1024 3845 1236 3910 dicunt,
1294 3849 1349 3897 et
1406 3842 1557 3897 ﬁlios
1590 3843 1835 3911 ancillae,

112 3939 181 3993 id
216 3940 303 3991 est
332 3934 616 4000 Ecclesiae,
648 3934 729 3988 ibi
764 3950 776 3988 :
820 3934 862 3989 0
895 3936 1136 3993 Domine,
1172 3934 1305 4000 quia
1332 3946 1445 3999 ego,
1499 3934 1608 3987 etc.
1659 3932 1836 3984 Verus

110 4032 179 4082 et
204 4041 507 4097 congruas
537 4023 699 4091 ordo,
732 4021 894 4093 prius
925 4022 1175 4087 credere,
1202 4023 1335 4090 post
1358 4017 1520 4089 loqui
1554 4034 1566 4072 :
1599 4034 1673 4073 ne
1698 4034 1838 4072 non-

108 4116 269 4170 dum
297 4112 535 4167 credens
566 4112 772 4165 audeat
801 4109 979 4180 loqui,
1006 4108 1101 4162 sed
1154 4107 1327 4162 ﬁdem
1384 4110 1657 4177 sequatur
1700 4122 1833 4160 con-

2014 2958 2177 3013 νεεδ.
2241 2960 2323 3011 16.
2374 2989 2443 2996 —-
2491 2959 2536 3011 0
2603 2960 2844 3026 Domine,
2908 2962 3061 3029 quia,
3121 2965 3224 3015 etc.
3286 2962 3482 3030 (Cass)
3546 2963 3638 3018 Se-

1941 3047 2128 3101 cundo
2161 3062 2352 3100 servos
2391 3064 2450 3100 se
2490 3046 2704 3113 dicunt,
2738 3052 2794 3100 et
2822 3047 2971 3101 ﬁlios
3032 3049 3293 3103 Ecclesia:
3335 3051 3471 3121 quia
3517 3068 3634 3106 non

1942 3140 2028 3189 est
2049 3136 2202 3188 locus
2229 3134 2350 3189 veri
2408 3134 2670 3189 sacriﬁcii
2724 3139 2879 3190 extra
2923 3136 3257 3192 catholicam
3309 3140 3633 3207 Ecclesium,

1942 3240 2014 3277 ne
2045 3223 2173 3294 quis
2206 3223 2607 3278 haereticorum
2640 3224 2979 3295 martyrium
3009 3228 3121 3281 Deo
3168 3227 3393 3297 placere
3450 3234 3632 3299 putet.

1944 3311 1991 3366 0
2018 3313 2266 3366 Domine.
2309 3312 2641 3367 Admiratur
2672 3329 2731 3367 se
2761 3313 2897 3368 talia
2945 3314 3246 3385 accepisse,
3301 3317 3492 3387 qualia
3524 3320 3635 3372 Do—

1941 3401 2134 3455 minus
2158 3416 2263 3470 pro
2292 3400 2496 3454 mundi
2524 3400 2940 3472 redemptione.
2985 3403 3051 3457 Et
3078 3405 3143 3458 ut
3188 3408 3396 3475 augeat
3446 3406 3637 3461 admi-

1942 3489 2227 3543 rationem
2277 3489 2526 3559 repetit:
2584 3492 2696 3557 Ego
2746 3505 2930 3545 servus
2984 3495 3107 3546 tuus
3162 3494 3338 3549 Filius
3401 3495 3633 3551 ancillae.

1943 3577 2129 3648 (Auc.)
2192 3579 2505 3632 Jerusalem
2558 3578 2818 3646 ccclesiis,
2880 3579 3075 3634 liberae
3127 3597 3161 3634 a
3210 3583 3475 3652 peccatis,
3528 3600 3637 3639 an-

1942 3666 2087 3720 cillas
2154 3666 2415 3736 justitiaa.
2473 3665 2580 3729 Qui
2635 3671 2830 3721 autem
2874 3672 3008 3721 sunt
3039 3673 3248 3738 printer
3308 3672 3635 3741 Ecclesium,

1942 3771 2061 3808 non
2090 3760 2222 3808 sunt
2268 3754 2373 3807 ﬁlii
2424 3754 2685 3821 ancillae,
2729 3755 2833 3808 etsi
2890 3770 3088 3811 servos
3127 3773 3185 3810 se
3234 3758 3431 3812 dicunt
3479 3758 3637 3831 (quia

1941 3842 2157 3897 habent
2225 3857 2436 3895 nomen
2494 3840 2725 3910 Christi)
2776 3845 2832 3894 et
2886 3847 3187 3912 martyres,
3249 3849 3310 3898 ut
3356 3845 3631 3902 haeretici.

1942 3931 2113 3986 Filius
2159 3930 2389 3995 ancillae,
2423 3930 2548 3983 Non
2568 3929 2978 3984 schismaticus.
3022 3931 3118 3984 Vel
3149 3935 3213 3985 ut
3243 3933 3465 4001 ancilla,
3518 3950 3635 3989 non

1943 4017 2071 4085 sibi,
2097 4018 2195 4072 sed
2236 4017 2513 4084 Domino;
2544 4018 2624 4071 ita
2653 4023 2709 4071 et
2748 4033 2855 4088 ego
2899 4017 2960 4072 in
3007 4023 3192 4074 morte
3224 4037 3350 4075 mea
3411 4023 3634 4095 aliquos

1945 4106 2051 4160 tibi
2078 4106 2415 4177 parturiam,
2448 4106 2594 4160 sicut
2623 4111 2680 4160 et
2709 4106 2768 4159 in
2790 4105 2923 4159 vita.

104 4168 322 4259 fessio.
352 4201 433 4255 Ne
464 4216 594 4254 vero
628 4168 905 4253 confessib
934 4168 1146 4251 viribus
1179 4195 1429 4250 hominis
1460 4168 1645 4262 detur,
1697 4193 1835 4248 dicit
1861 4168 1906 4222 Β
2017 4168 2177 4249 Vries.
2228 4199 2309 4250 17.
2366 4168 2432 4234 -—-—
2463 4197 2735 4264 Dirupisti
2755 4197 2973 4250 vincula
3010 4211 3146 4251 mea.
3185 4199 3384 4265 (Cass)
3417 4200 3634 4256 Virtute

102 4289 441 4365 proprium
479 4286 732 4342 hominis
761 4286 912 4357 quod
944 4285 1187 4340 mendax
1222 4301 1235 4339 :
1298 4284 1451 4355 quod
1510 4299 1625 4337 non
1672 4282 1832 4337 facile

104 4381 329 4443 sciret,
363 4376 475 4430 nisi
505 4391 735 4430 excessu
783 4374 990 4429 mentis
1018 4374 1088 4428 ad
1126 4388 1376 4442 superna
1424 4375 1614 4425 vectus
1666 4375 1831 4425 esset.

102 4470 409 4539 Magnum
441 4464 596 4519 enim
634 4468 718 4518 est
747 4463 796 4517 si
827 4462 955 4533 quis
995 4479 1053 4515 se
1084 4461 1511 4531 imprudentem
1572 4460 1831 4514 attendit.

102 4560 179 4612 Et
225 4570 372 4609 cum
403 4554 577 4607 homo
608 4552 749 4606 nihil
790 4551 928 4605 boni
962 4550 1259 4621 proprium
1315 4549 1539 4616 habeat,
1574 4548 1714 4619 quid
1746 4565 1833 4602 re-

1941 4284 2203 4355 martyrii
2234 4284 2460 4338 vincula
2496 4287 2857 4355 peccatorum
2906 4290 3277 4355 rumpuntur,
3327 4288 3463 4358 quia
3511 4306 3633 4343 om-

1942 4373 2040 4427 nia
2087 4372 2365 4442 sanguine
2434 4372 2764 4427 abluuntur.
2806 4372 2904 4426 Hic
2950 4389 3142 4427 versus
3174 4380 3349 4429 tanta:
3403 4377 3631 4431 virtutis

1943 4477 1976 4517 ιι
2001 4461 2346 4533 quibusdam
2380 4461 2647 4526 creditur,
2682 4465 2745 4514 ut
2787 4466 3015 4531 peccata
3043 4461 3266 4516 homini
3334 4465 3629 4521 dimittan-

1941 4555 2057 4615 tur,
2090 4549 2215 4603 siin
2234 4550 2349 4603 ﬁne
2379 4549 2509 4603 vita:
2542 4549 2690 4602 trina
2716 4549 3072 4603 confessione
3099 4550 3341 4606 dicatur.

100 4641 552 4700 tribuendum?
580 4640 831 4694 Credidi.
873 4640 1059 4710 (Αυο.)
1094 4639 1215 4692 Νοη
1246 4638 1325 4691 ait
1358 4654 1371 4691 :
1398 4637 1635 4691 Credidi
1682 4640 1732 4690 et
1765 4637 1837 4690 lo-

95 4739 288 4790 cutus
321 4746 463 4797 sum,
513 4729 650 4800 quia
704 4744 823 4782 non
880 4731 1101 4781 tantum
1154 4726 1398 4781 credidit
1448 4729 1653 4779 caetera
1707 4740 1834 4794 quae

96 4824 274 4879 ﬁdes
306 4818 503 4889 exigit,
533 4818 630 4873 sed
658 4822 715 4872 et
753 4817 924 4871 simul
982 4832 1112 4869 cum
1139 4815 1252 4869 illis
1283 4814 1540 4879 credidit,
1594 4818 1650 4867 et
1681 4813 1835 4883 quod

92 4907 450 4986 praemium
472 4906 763 4977 loquendo
793 4922 1044 4975 sperare,
1078 4908 1133 4958 et
1155 4903 1307 4975 quod
1335 4918 1567 4974 poenam
1596 4902 1835 4956 tacendo

90 5004 343 5057 timere
404 4997 666 5061 deberet;
724 4996 877 5049 unde
925 4995 1199 5065 loquendi
1248 4993 1479 5065 quidem
1550 5008 1713 5046 amor
1769 5007 1837 5045 ex

83 5084 384 5163 praemio
418 5083 766 5151 immittitur,
793 5088 849 5136 et
901 5082 1206 5135 necessitas
1252 5097 1317 5134 ex
1348 5096 1517 5150 poena
1542 5078 1833 5133 indicitur.

83 5180 370 5247 Propter
417 5172 579 5241 quod.
634 5172 756 5226 Non
792 5170 947 5225 enim
996 5170 1243 5241 perfecte
1288 5170 1491 5237 credit,
1542 5168 1642 5240 qui
1682 5168 1839 5239 quod

81 5264 321 5327 credit
352 5278 468 5315 non
496 5260 777 5331 loquitur;
811 5260 976 5331 piger
1005 5263 1090 5314 est
1144 5258 1241 5313 ille
1272 5274 1487 5324 servus,
1533 5259 1619 5311 vel
1680 5256 1836 5312 timi-

82 5360 247 5422 dus,
286 5349 396 5405 sed
418 5349 604 5403 ﬁdelis
639 5365 651 5403 :
687 5349 839 5420 quod
871 5347 1108 5419 accepit,
1140 5346 1447 5418 impendit,
1474 5350 1533 5401 et
1563 5346 1837 5414 lucratur,

87 5452 151 5507 et
190 5443 361 5501 ideo
386 5438 539 5494 intra
564 5437 626 5493 in
649 5436 926 5508 gaudium
956 5435 1185 5491 Domini
1215 5437 1323 5504 sui,
1355 5434 1592 5491 dicentis
1625 5451 1637 5489 :
1670 5437 1842 5505 Euge,

2016 4640 2133 4708 (11).)
2191 4639 2297 4702 Qui
2348 4641 2610 4707 pretiosa.
2671 4638 2713 4692 0
2744 4638 2990 4703 Domine,
3044 4638 3146 4691 tibi
3165 4640 3512 4710 sacriﬁcabo;
3549 4643 3634 4697 lo-

1942 4743 2124 4798 quens
2144 4728 2281 4793 Deo,
2314 4726 2583 4793 afﬁrmat,
2617 4726 2773 4797 quod
2801 4742 2972 4796 supra
3003 4726 3241 4783 dixerat.

2010 4815 2365 4886 Sacriﬁcabo.
2423 4815 2610 4883 (AUG.,
2673 4816 2852 4884 Cass.)
2917 4816 2979 4868 Et
3010 4815 3145 4885 quia
3197 4816 3484 4888 dirupist‘i,
3534 4819 3637 4873 tibi

1940 4904 2288 4971 sacriﬁcabo,
2311 4908 2374 4957 ut
2400 4909 2617 4974 gratus,
2640 4904 2886 4957 Hostiam
2917 4903 3118 4957 laudis.
3153 4903 3244 4958 Sic
3264 4906 3413 4975 quod
3454 4924 3466 4961 :

2014 4994 2173 5048 Vens.
2211 4996 2295 5056 18,
2342 4995 2423 5047 19.
2458 5023 2525 5031 —
2562 4992 2698 5047 Vola
2739 5006 2857 5044 mea
2906 4990 3154 5045 reddam.
3225 4993 3349 5047 Non
3400 4994 3635 5066 ubique,

1947 5082 2064 5147 sed,
2095 5084 2155 5135 in
2180 5083 2365 5149 atriis,
2385 5080 2443 5133 id
2475 5084 2578 5147 est,
2611 5079 2669 5131 in
2700 5078 2976 5132 catholica
3027 5080 3290 5148 Ecclesia,
3354 5099 3470 5136 non
3520 5086 3635 5139 lia!-

1944 5171 2278 5226 reticorum.
2311 5172 2506 5223 Domus
2526 5169 2766 5221 Domini.
2811 5166 2947 5230 Quae
2980 5166 3072 5233 sit,
3116 5168 3385 5223 ostendit.

2016 5262 2078 5314 In
2134 5261 2415 5327 conspectu
2461 5258 2631 5310 omnis
2676 5256 2885 5324 populi.
2933 5253 3134 5325 (Cass.)
3185 5257 3416 5312 Publice
3472 5260 3642 5317 debet

1948 5345 2191 5413 laudari,
2215 5345 2314 5416 qui
2345 5360 2447 5415 pro
2480 5344 2745 5398 omnibus
2775 5343 2893 5413 pati
2916 5343 3115 5411 voluit,
3163 5350 3226 5398 nt
3256 5347 3449 5415 plures
3503 5350 3639 5405 tedi-

1952 5435 2219 5490 ﬁcentur.
2267 5435 2403 5488 Vota
2433 5448 2551 5487 mea
2577 5431 2823 5488 reddam.
2877 5432 3171 5502 Meipsum,
3200 5435 3301 5504 qui
3333 5452 3458 5491 sum
3490 5438 3641 5494 ima-
