4082 6184
447 258 582 312 1039

1096 253 1489 310 WALAFRIDI
1530 253 1779 310 STRABI
1818 252 2022 308 FULD.
2066 251 2233 308 MON.
2271 251 2426 308 OPP.
2467 249 2646 306 PARS
2685 250 2728 305 Ι.
2768 278 2839 289 --
2877 245 3334 305 THEOLOGICA.

3800 249 3920 302 1040

443 398 516 452 go
569 380 669 436 Dei
716 397 846 453 quae
898 379 1186 435 reddenda
1243 384 1327 432 est
1388 379 1523 443 Deo,
1564 381 1696 444 ete.,
1748 392 1916 444 usque
1963 375 2036 429 ad
2083 378 2138 428 et
2167 377 2212 428 Λ
2250 373 2426 443 spinis
2458 372 2908 444 pecatorum.Ea
2938 370 3113 437 enim,
3166 369 3224 424 id
3275 371 3360 424 est
3406 374 3654 440 peccata,
3687 370 3747 423 in
3776 371 3922 424 ﬁdeli

444 469 699 540 apertius
728 469 821 523 hic
855 467 1116 522 nominat
1139 457 1475 520 Jerusalem.
1530 466 1717 536 (Λυσ.)
1748 465 1855 519 Sed
1887 480 1957 519 ue
2013 463 2142 534 quis

443 562 608 628 putet
636 574 739 629 per
763 558 1079 612 Jerusalem
1111 556 1339 610 Judeeos
1369 555 1517 608 solos
1549 553 1879 624 signiﬁcari,
1909 552 2008 624 qui
2033 553 2142 606 hoc

445 647 678 700 nomine
754 645 1094 716 gloriantur,
1157 643 1354 698 audiat
1425 646 1756 713 sequentem
1835 642 2140 696 Psalmus:

443 735 689 788 Laudate
739 736 1042 801 Dominum,
1116 748 1292 787 omnes
1357 737 1556 800 gentes.
1639 731 1766 785 Haec
1823 735 1958 785 sunt
2001 729 2145 784 atria

443 822 692 890 Domini,
725 822 822 877 ille
845 822 999 876 enim
1025 822 1294 892 populus.

1031 908 1344 963 PSALMUS
1385 907 1560 962 CXVI.

513 997 771 1052 Alleluia.
821 996 1018 1067 (Cass.)
1051 996 1244 1050 Brevis
1289 995 1560 1066 psalmus,
1605 993 1866 1048 omnium
1923 992 2145 1064 primus

447 1089 694 1152 atomus,
728 1085 786 1139 id
817 1089 902 1139 est
927 1085 1050 1138 sine
1072 1085 1344 1138 divisione
1378 1100 1390 1137 :
1426 1099 1532 1154 pro
1565 1083 1652 1137 sui
1684 1083 1839 1136 enim
1869 1081 2144 1136 brevitate

444 1191 560 1229 non
590 1174 766 1245 recipi
825 1173 1184 1240 divisionem,
1245 1173 1342 1226 sed
1402 1188 1604 1227 omnes
1643 1172 1990 1243 compendio
2023 1187 2141 1225 sua:

445 1261 749 1318 locutionis
771 1266 1020 1332 superat,
1053 1264 1111 1315 et
1138 1265 1221 1315 est
1250 1261 1414 1331 quasi
1462 1268 1706 1332 punctus
1733 1262 1755 1330 Ι
1762 1261 2140 1330 psalmorum,

444 1351 597 1406 unde
619 1351 854 1404 diversae
884 1350 1102 1420 species
1139 1349 1482 1403 formantur.
1522 1349 1660 1403 Mira
1711 1349 1952 1403 variatio
2007 1365 2142 1403 con-

343 1449 345 1451 ‘
447 1441 537 1492 tra
564 1437 798 1492 tazdium
831 1438 1101 1492 salutaria
1129 1437 1337 1504 dicere,
1371 1437 1546 1491 modo
1567 1437 1782 1506 paucis,
1816 1437 1989 1490 modo
2009 1438 2141 1491 late.

515 1527 679 1580 Vens.
742 1531 788 1580 l.
871 1557 942 1566 —
1023 1527 1272 1580 Laudate
1349 1527 1639 1580 Dominum
1701 1541 1877 1580 omnes
1942 1530 2144 1592 gentes.

449 1614 656 1685 (Cass.)
686 1616 764 1668 Ne
797 1615 896 1686 qui
929 1618 1345 1686 praetereantur
1376 1615 1444 1668 de
1476 1619 1592 1667 toto
1645 1615 1803 1668 orbe.
1858 1616 2047 1682 (AUG.)
2079 1616 2147 1667 Et

447 1704 572 1757 haec
628 1707 762 1756 sunt
807 1703 951 1757 atria
993 1703 1092 1757 illa
1145 1703 1348 1756 domus
1397 1702 1644 1763 Domini,
1713 1707 1768 1755 et
1818 1702 1914 1756 ille
1962 1702 2150 1756 omnis

448 1792 718 1862 populus,
751 1792 902 1844 unde
932 1791 992 1844 in
1023 1790 1372 1860 praecedenti
1421 1791 1644 1861 psalmo
1683 1791 1816 1861 egit.
1880 1791 2005 1845 Non
2044 1791 2151 1845 soli

450 1880 634 1934 Judaei
666 1879 783 1950 (qui
814 1879 921 1933 sibi
950 1879 1092 1934 illud
1121 1896 1388 1950 arrogare
1419 1878 1720 1949 conantur)
1745 1879 1870 1932 dico
1922 1879 2150 1934 laudate

457 1985 610 2022 eum.
647 1971 710 2021 Et
765 1969 1105 2022 collaudate.
1141 1968 1337 2036 (Cass.)
1386 1973 1452 2022 ut
1499 1968 1572 2022 sit
1601 1968 1658 2021 in
1705 1984 1886 2022 unum
1923 1969 2152 2023 redacta

460 2055 724 2111 omnium
749 2056 998 2111 laudatio
1033 2057 1184 2128 quod
1217 2062 1301 2111 est
1325 2057 1614 2111 catholicae
1652 2056 1935 2111 Ecclesiae.

528 2145 690 2199 Vens.
721 2147 772 2198 2.
829 2176 898 2184 —
951 2147 1299 2214 Conﬁrmata.
1366 2145 1560 2216 (Cass.)
1612 2145 1754 2209 Quia
1827 2145 1982 2216 quod
2047 2161 2153 2216 per

455 2233 766 2303 prophetas
793 2233 1106 2302 promissit,
1142 2234 1388 2288 adventu
1431 2234 1640 2288 Christi
1695 2234 2038 2304 complevit;
2098 2239 2154 2288 et

456 2320 707 2374 ﬁrmavit
736 2322 1203 2390 misericordiam,
1234 2327 1296 2376 ut
1328 2339 1626 2394 nunquam
1657 2328 1971 2389 moveatur,
2018 2323 2153 2394 quia

457 2410 556 2480 qui
588 2408 761 2474 dedit,
797 2411 1064 2463 custodit.
1095 2411 1278 2465 Manet
1303 2417 1361 2464 in
1391 2417 1669 2465 aeternum.
1704 2412 1886 2481 (Αυο.)
1933 2411 2059 2465 Sive
2091 2411 2150 2463 in

455 2497 536 2551 eis
564 2513 692 2568 quae
723 2497 988 2567 promisit
1015 2498 1146 2568 piis,
1165 2499 1282 2552 sive
1315 2499 1371 2553 in
1402 2499 1483 2552 eis
1505 2499 1909 2570 queeﬁminatur
1937 2499 2148 2570 impiis.

1024 2587 1336 2642 PSALMUS
1378 2588 1578 2642 CXVII.

524 2674 785 2742 Alleluia,
846 2674 1037 2745 (Cass.)
1097 2674 1339 2738 Quintus
1393 2675 1648 2746 psalmus
1704 2675 1774 2730 de
1831 2674 2016 2744 primo
2054 2674 2152 2728 ad-

459 2767 654 2818 ventu.
692 2761 888 2815 multis
929 2762 1130 2832 ﬁguris
1187 2763 1505 2830 decoratus,
1555 2763 1729 2817 habet
1781 2779 1976 2816 versus
2022 2763 2152 2816 uni-

455 2849 960 2921 ﬁnes,:quosdam
1014 2851 1186 2906 unius
1233 2851 1518 2922 principii,
1574 2851 1853 2922 quosdam
1907 2851 2151 2905 interca-

2253 462 2470 532 populo
2491 461 2626 533 igne
2655 458 3071 531 persecutionis
3101 462 3518 524 cremaverunt,
3577 459 3669 513 cui
3697 459 3927 512 volentes

2255 550 2506 617 ofﬁcere,
2571 549 2956 620 profecerunt.
3017 547 3158 614 Quia
3239 549 3404 602 ultus.
3463 549 3608 602 Dum
3673 547 3927 608 conversi,

2253 639 2528 693 exstincta
2583 639 2644 692 in
2681 637 2762 692 eis
2817 637 3059 703 malitia,
3117 637 3332 708 populo
3387 637 3706 692 Christiano
3753 636 3932 690 sociati

2251 733 2423 795 sunt;
2459 728 2567 794 vel,
2621 741 2754 781 cum
2795 725 2855 778 in
2894 726 3006 779 ﬁne
3056 725 3317 795 judicati,
3368 724 3650 796 judicium
3699 725 3933 779 veritatis

2252 817 2378 871 sine
2407 815 2803 869 misericordia
2824 813 3046 868 sensuri
3077 818 3230 868 sunt.

2323 907 2483 959 Vens.
2523 907 2606 959 13.
2632 933 2706 946 —
2741 904 3034 973 Impulsus,
3068 907 3177 956 etc.
3199 901 3413 972 (Cass.)
3442 903 3511 956 Ut
3552 901 3782 973 quando
3809 901 3931 956 boni

2253 994 2464 1049 dantur
2490 993 2695 1064 poenis,
2723 997 2789 1046 ut
2819 1008 2853 1046 a
2873 992 2984 1046 ﬁde
3008 991 3234 1059 cadant,
3267 995 3324 1045 et
3376 991 3650 1045 Dominus
3682 992 3931 1061 suscepit.

2255 1083 2439 1150 (Auc.)
2489 1083 2633 1146 Quia
2676 1086 2794 1136 tam
2851 1097 2968 1136 non
2997 1080 3149 1136 cadit
3198 1080 3290 1135 cui
3340 1081 3618 1134 Dominus
3661 1086 3748 1134 est
3787 1079 3932 1134 forti-

2251 1173 2390 1228 tudo
2409 1177 2464 1227 et
2483 1172 2736 1226 laudatio
2771 1188 2943 1242 quam
2976 1187 3090 1225 non
3121 1169 3275 1224 cadit
3320 1170 3641 1224 Dominus:
3687 1170 3770 1223 illi
3813 1186 3930 1223 vero

2251 1261 2481 1327 cadunt,
2517 1261 2616 1332 qui
2647 1259 2756 1314 sibi
2775 1259 2973 1313 volunt
3002 1274 3124 1313 esse
3154 1259 3426 1313 fortitudo
3456 1261 3512 1313 et
3535 1259 3804 1312 laudatio.

2324 1351 2594 1419 Impulsus
2623 1363 2835 1403 eversus
2865 1363 3001 1414 sum,
3033 1353 3140 1402 etc.
3171 1349 3452 1418 Posquam
3476 1347 3753 1416 [ostendit
3798 1345 3930 1416 quod

2252 1438 2458 1492 liberat
2478 1454 2591 1492 non
2612 1437 2998 1508 permittendo
3023 1436 3246 1501 cadere,
3305 1435 3553 1489 ostendit
3572 1436 3748 1489 etiam
3797 1435 3930 1506 quod

2254 1527 2456 1581 liberat
2481 1544 2514 1581 a
2534 1543 2668 1580 casu
2699 1525 3027 1580 relevando.

2327 1615 2488 1668 Vens.
2577 1615 2662 1668 14.
2717 1643 2790 1655 -
2844 1617 3036 1668 Factus
3085 1617 3164 1666 est
3218 1613 3357 1666 mihi
3427 1614 3484 1666 in
3532 1613 3780 1666 salutem.
3832 1613 3936 1680 (In)

2261 1702 2387 1756 Non
2408 1702 2493 1770 ﬁt,
2519 1702 2673 1773 quod
2724 1718 2840 1756 non
2881 1706 3003 1755 erat
3051 1700 3186 1766 sibi;
3229 1700 3326 1754 sed
3371 1700 3482 1753 illis
3514 1700 3666 1754 salus
3692 1705 3778 1755 est
3827 1715 3937 1753 con-

2261 1790 2451 1852 versis,
2475 1791 2628 1862 quod
2661 1807 2776 1845 non
2797 1795 2918 1844 erat
2945 1789 3173 1844 aversis.

2332 1881 2494 1934 Vens.
2565 1883 2647 1934 17.
2716 1911 2786 1919 -
2844 1881 2963 1936 Νοη
3040 1880 3265 1932 moriar.
3316 1877 3446 1947 (10.)
3483 1877 3626 1931 Dicit
3691 1878 3937 1943 Ecclesia,

2259 1972 2326 2022 ut
2356 1972 2520 2038 putat
2561 1972 2892 2038 persecutor
2931 1971 3114 2036 strage
3163 1967 3428 2020 funerum
3471 1982 3638 2036 posse
3689 1983 3748 2020 se
3770 1967 3938 2021 delere

2259 2072 2469 2110 nomen
2499 2055 2908 2121 Christianum,
2937 2072 3064 2109 cum
3091 2056 3282 2126 potius
3314 2059 3537 2122 augeat.

2330 2144 2492 2196 Vens.
2545 2146 2634 2198 18.
2690 2173 2758 2182 —-
2794 2144 3100 2211 Castigans.
3135 2143 3338 2212 (Cass.)
3396 2143 3508 2196 Cur
3559 2146 3753 2197 autem
3797 2148 3931 2197 tanta

2259 2231 2515 2302 pertulit,
2547 2232 2797 2286 indicat:
2833 2234 3142 2300 Castigans,
3175 2231 3455 2302 quidquid
3502 2231 3741 2297 faciunt,
3780 2234 3924 2285 casti-

2262 2321 2416 2392 gatio
2473 2325 2558 2374 est
2613 2320 2868 2375 Domini.
2909 2321 3062 2374 Nihil
3116 2320 3223 2374 sibi
3259 2321 3563 2388 vindicent,
3617 2322 3787 2375 morti
3834 2336 3924 2374 non

2260 2411 2447 2475 datur,
2474 2409 2635 2480 cujus
2663 2409 2800 2463 vitia
2831 2413 3164 2480 purgantur.
3218 2409 3398 2479 (AUG.)
3451 2409 3615 2480 Saepe
3642 2417 3801 2480 pater
3846 2425 3927 2480 per

2261 2513 2512 2567 nequam
2535 2513 2726 2551 servos
2776 2497 3044 2551 emendat
3068 2497 3236 2563 ﬁlios,
3279 2513 3407 2550 cum
3440 2496 3554 2550 illis
3585 2514 3831 2568 poenam,
3858 2499 3926 2551 his

2261 2591 2550 2657 praiparet
2599 2586 3014 2640 heereditatem.
3069 2585 3205 2649 Qum
3263 2586 3335 2639 sit
3407 2591 3600 2639 autem
3631 2587 3928 2650 haereditas,

2261 2673 2397 2728 hinc
2434 2679 2623 2745 potest
2673 2675 2982 2746 cognosci:
3034 2675 3259 2744 Aperite
3295 2679 3509 2743 portas.
3562 2675 3708 2739 Quid
3760 2676 3934 2729 intus?

2261 2765 2546 2830 Ingressus
2574 2762 2882 2833 conﬁtebor.

2334 2852 2493 2904 Vens.
2533 2855 2616 2917 l9,
2650 2881 2719 2891 -
2751 2853 2996 2920 Aperite.
3059 2850 3267 2920 (Cass.)
3315 2849 3504 2904 Tertio
3560 2856 3753 2922 portas
3796 2853 3942 2906 Jeru-

455 2938 605 2992 lares
637 2945 694 2992 et
717 2939 1047 3009 hujusmodi
1081 2945 1335 2994 ornatus.
1360 2939 1566 2994 Fidelis
1622 2941 1870 3012 populus
1926 2944 2156 3012 peccato
2187 2940 2228 2996 C
2265 2940 2442 2994 salem
2506 2940 2716 3010 aperiri
2771 2940 2882 2993 sibi
2919 2939 3097 3009 cupit,
3160 2939 3259 2993 ubi
3289 2938 3426 2993 dicit
3461 2944 3516 2994 et
3576 2941 3646 2994 de
3699 2941 3943 3012 angulari

457 3026 695 3093 solutus,
731 3031 866 3095 ete.,
899 3042 1068 3097 usque
1095 3027 1170 3081 ad
1196 3027 1515 3082 Benedictus
1544 3029 1657 3097 qui.

528 3115 689 3168 Vens.
723 3117 782 3169 2.
845 3144 915 3156 —
949 3119 1101 3170 Dicat
1147 3132 1308 3170 nunc.
1345 3114 1472 3186 (10.)
1507 3117 1576 3170 Ut
1620 3132 1725 3184 ego
1755 3132 1871 3183 vos,
1921 3115 2003 3170 ita
2055 3132 2156 3169 vos

458 3202 704 3256 invicem
791 3209 1048 3270 monete;
1133 3205 1243 3270 vel,
1305 3205 1474 3272 dicat,
1525 3205 1582 3259 id
1635 3211 1736 3270 est,
1791 3205 2152 3259 conﬁteatur.

531 3293 798 3357 Quoniam
824 3295 881 3345 in
909 3294 1180 3347 saeculum.
1215 3295 1350 3348 Ecce
1379 3297 1628 3364 quatuor
1657 3309 1854 3348 versus
1886 3293 2153 3347 uniﬁnes.

532 3380 694 3434 Vens.
730 3383 779 3434 5.
838 3409 908 3420 —
967 3384 1036 3435 De
1083 3382 1454 3436 tribulatione.
1512 3380 1656 3453 (ln.)
1717 3383 2053 3452 Exemplum
2088 3382 2158 3436 de

461 3483 519 3520 se
539 3468 723 3537 ponit,
750 3471 813 3522 ut
843 3468 984 3522 alios
1005 3469 1075 3522 ad
1100 3469 1553 3524 misericordiam
1582 3470 1804 3525 invitet.

534 3557 693 3610 Vens.
730 3558 781 3610 6.
809 3587 875 3596 —
933 3559 1190 3612 Dominus
1240 3560 1378 3613 mihi
1416 3559 1659 3628 adjutor.
1701 3559 1826 3631 ([0,)
1886 3561 2044 3614 Idem
2097 3559 2159 3613 in

465 3645 688 3701 duobus
718 3645 1086 3717 principium.

537 3735 700 3789 Vens.
753 3740 807 3788 7.
867 3765 937 3775 —
1000 3737 1321 3806 Despiciam.
1387 3736 1541 3791 Alias
1596 3737 1806 3792 videbo.
1862 3738 1984 3809 (In.)
2036 3736 2156 3803 Hic,

466 3823 530 3872 ut
558 3819 736 3873 tutior
765 3825 820 3874 et
849 3820 1072 3875 cautior
1103 3821 1257 3875 ﬁam.
1291 3823 1542 3877 Inimicos
1586 3838 1744 3877 meos.
1780 3822 2157 3876 Damnandos.

537 3909 696 3962 Vens.
750 3911 802 3962 8.
865 3941 932 3948 —
985 3909 1201 3963 Bonum
1257 3915 1352 3965 est.
1405 3912 1524 3981 (10.)
1575 3911 1852 3976 Secundo,
1905 3911 1964 3965 in
2040 3912 2161 3965 solo

468 3995 582 4048 Deo
633 3992 769 4046 dicit
795 3993 1224 4057 conﬁdendum,
1275 4011 1379 4065 per
1410 4011 1584 4065 quem
1638 3995 1966 4050 inimicitias
2015 4011 2161 4068 gen-

465 4081 610 4136 tium
643 4081 850 4148 evadit,
875 4087 930 4134 et
960 4087 1015 4135 et
1043 4083 1113 4136 ad
1142 4099 1334 4136 veram
1356 4083 1529 4136 vitam
1559 4083 1732 4136 venit.

537 4171 701 4223 Vens.
736 4172 787 4224 9.
831 4201 898 4208 —
955 4173 1016 4224 In
1062 4171 1426 4240 principibus.
1471 4171 1656 4242 (Anc)
1711 4171 1965 4242 angelis,
2025 4175 2157 4236 etc.,

465 4273 636 4325 usque
654 4257 728 4311 ad
754 4257 853 4328 qui
893 4274 988 4311 eos
1016 4275 1120 4328 pro
1154 4260 1326 4313 modo
1346 4275 1546 4314 eorum
1567 4261 1762 4330 ,bonos
1792 4260 1945 4316 facit.

538 4347 697 4400 Vens.
737 4350 819 4400 l0.
849 4376 923 4388 —
969 4347 1159 4402 Omnes
1189 4352 1388 4416 gentes.
1450 4348 1648 4418 (Cass.)
1697 4350 1835 4403 Ecce
1891 4350 2045 4404 unde
2083 4350 2158 4404 li-

465 4433 628 4488 berat
669 4435 739 4488 de
783 4437 1005 4490 occulta
1061 4437 1148 4490 vel
1211 4440 1408 4508 aperta
1461 4437 1858 4506 tribulatione,
1915 4439 2004 4493 vel
2046 4455 2160 4494 non

468 4523 858 4594 permittendo
891 4524 1113 4589 cadere,
1140 4525 1247 4586 vel,
1277 4541 1310 4578 a
1339 4541 1467 4579 casu
1497 4525 1822 4580 revelando.

539 4613 700 4664 Vens.
738 4615 821 4665 11.
850 4641 917 4652 -
943 4613 1381 4680 Circumdantes,
1441 4619 1548 4681 etc,
1593 4613 1777 4683 (Anu)
1830 4613 1999 4678 Quasi
2030 4614 2161 4669 red-

471 4699 612 4754 dens
658 4715 886 4754 causam
939 4699 1092 4753 unde
1119 4703 1276 4754 tanta
1300 4705 1490 4771 potest
1517 4716 1807 4772 superare,
1865 4702 2001 4756 dicit
2023 4702 2162 4774 quid

469 4789 654 4860 primo
677 4789 735 4842 in
756 4788 940 4859 capite
966 4805 1165 4859 passus
1195 4789 1288 4844 sit.

540 4879 700 4933 Vens.
756 4881 838 4932 12.
892 4908 958 4917 -
998 4875 1478 4934 Circumdederunt
1505 4891 1607 4942 me,
1658 4881 1766 4931 etc.
1821 4876 1949 4947 (11).)
2001 4876 2162 4941 Quod

469 4967 540 5021 ab
568 4964 966 5037 ignorantibus
995 4970 1221 5035 gestum
1253 4967 1358 5032 est,
1393 4964 1629 5034 mystica
1670 4962 1982 5018 subtilitate
2013 4980 2162 5034 pras-

464 5055 600 5112 dicit
665 5054 910 5126 Spiritus
958 5059 1203 5108 sanctus.
1271 5053 1566 5107 Nesciente
1625 5053 1787 5107 ludas
1841 5069 1966 5107 rem
2038 5069 2162 5107 om-

468 5145 631 5199 nium
678 5143 954 5210 fecerunt,
1015 5147 1073 5196 et
1101 5140 1266 5196 nobis
1292 5139 1630 5206 dulciorem,
1663 5140 1926 5210 passione
1958 5142 2158 5206 Deum,

467 5231 612 5285 sicut
642 5247 777 5302 apes
834 5231 970 5286 dum
1005 5229 1114 5284 sibi
1170 5233 1374 5300 putant
1427 5245 1728 5300 reponere,
1771 5230 1899 5283 aliis
1932 5230 2044 5283 mel
2074 5230 2164 5283 fa-

468 5319 651 5375 ciunt.
682 5321 761 5374 Et
789 5323 1129 5374 exarserunt.
1165 5318 1263 5372 Vel
1306 5319 1413 5374 hoc
1441 5318 1650 5372 melius
1681 5319 1751 5373 de
1783 5318 2029 5372 Ecclesia
2072 5333 2162 5372 ac-

467 5408 694 5479 cipitur.
725 5411 859 5463 Post
886 5409 1211 5480 passionem
1257 5424 1508 5479 namque
1543 5409 1771 5462 Domini
1812 5414 2013 5463 contra
2061 5409 2163 5463 Ec-

468 5497 698 5553 clesiam
737 5497 1000 5568 gentium
1031 5501 1087 5553 et
1104 5497 1284 5552 Judaei
1339 5502 1674 5552 exarserunt
1719 5497 1863 5552 sicut
1890 5497 2040 5568 ignis
2099 5497 2159 5552 in

2263 3028 2474 3099 lapide.
2507 3028 2759 3098 Aperite,
2809 3044 2842 3082 ο
2875 3028 3191 3099 prophetat,
3227 3027 3324 3099 qui
3357 3029 3596 3098 portatis
3641 3031 3824 3085 claves
3863 3047 3944 3084 re—

2265 3118 2364 3188 gni
2408 3117 2702 3172 caelorum.
2752 3118 2961 3170 Portus.
2999 3116 3200 3182 (Cass.,
3256 3114 3448 3185 Hien.)
3513 3116 3623 3169 Per
3665 3117 3768 3170 has
3821 3133 3943 3188 por-

2264 3213 2350 3260 tas
2373 3206 2640 3259 doctrinae
2666 3205 2904 3275 ingressi
2951 3219 3081 3257 vere
3137 3203 3400 3270 laudant;
3433 3209 3591 3258 extra
3655 3206 3944 3259 Ecclesiam

2265 3294 2600 3348 catholicam
2659 3309 2772 3347 non
2836 3297 2920 3346 est
2972 3293 3094 3346 laus
3156 3293 3275 3346 Dei.
3331 3293 3530 3362 (Cass.)
3588 3295 3684 3347 Hae
3763 3311 3944 3348 omnes

2266 3388 2445 3454 porta:
2474 3383 2690 3437 ducunt
2706 3381 2773 3436 ad
2809 3397 3002 3448 unam,
3032 3397 3160 3451 quae
3191 3383 3274 3434 est
3312 3381 3589 3448 Christus,
3647 3400 3757 3454 per
3788 3400 3942 3454 quam

2261 3472 2401 3543 justi
2432 3471 2649 3525 intrant
2678 3471 2733 3523 in
2759 3471 3000 3537 malum;
3035 3469 3184 3523 unde
3213 3485 3226 3523 :
3276 3472 3390 3536 Ego
3443 3485 3562 3524 sum
3613 3475 3831 3538 ostium,
3862 3488 3943 3542 per

2266 3559 2410 3631 quod
2439 3563 2488 3614 si
2538 3561 2662 3629 quis
2691 3561 2983 3623 introierit,
3029 3558 3212 3612 salvus
3241 3559 3344 3612 erit
3371 3559 3548 3627 (Joan.
3582 3559 3660 3631 x).
3694 3561 3764 3614 Et
3791 3561 3942 3615 alibi:

2265 3649 2425 3704 Nemo
2467 3648 2614 3700 venit
2687 3645 2762 3699 ad
2822 3646 3060 3710 Patrem,
3115 3647 3228 3698 nisi
3288 3661 3390 3713 per
3443 3661 3525 3699 me
3577 3647 3775 3714 (Joan.
3831 3653 3942 3708 xxv).

2268 3735 2453 3806 (AUG.)
2487 3735 2620 3788 Ecce
2649 3734 2718 3788 de
2771 3738 3011 3803 utroque
3043 3733 3248 3786 saeculo
3298 3734 3651 3788 mentionem
3689 3736 3858 3789 fecit:
3904 3739 3946 3787 et

2269 3823 2404 3894 quia
2433 3824 2556 3876 haec
2613 3827 2779 3893 porta
2836 3822 3093 3877 Christus
3144 3823 3431 3893 apparuit,
3493 3823 3790 3892 conﬁtebor
3844 3824 3944 3887 tibi,

2270 3913 2431 3965 laetus
2458 3910 2666 3980 gratias
2698 3927 2894 3981 agens,
2953 3913 3085 3978 quia
3130 3911 3409 3966 exaudisti
3435 3912 3492 3965 in
3527 3912 3779 3967 adventu
3831 3913 3943 3974 Fili;

2269 4000 2489 4071 priores
2518 3999 2672 4052 enim
2696 3999 2838 4067 justi
2877 3999 3181 4054 adventum
3225 4001 3513 4070 petebant.
3567 4003 3766 4057 Portas
3803 4003 3945 4072 justi-

2267 4091 2373 4143 tiae.
2404 4089 2461 4142 Id
2492 4092 2594 4150 est,
2629 4093 2819 4157 portas
2841 4087 3061 4155 mortis,
3097 4093 3227 4155 ete.,
3261 4104 3431 4158 usque
3486 4089 3562 4142 ad
3607 4089 3669 4145 id
3724 4097 3832 4157 est,
3864 4105 3942 4162 per

2270 4193 2398 4232 eam
2421 4177 2489 4230 ad
2518 4177 2710 4230 vitam.

2339 4265 2503 4318 Vens.
2551 4266 2648 4343 22.
2681 4293 2750 4304 —-
2805 4261 3180 4332 Ediﬁcantes.
3217 4263 3342 4333 (1ο.)
3389 4264 3503 4319 Soli
3541 4266 3729 4322 Judaei
3791 4269 3938 4322 Deum

2267 4353 2518 4408 colentes
2544 4352 2920 4418 aedificabant,
2950 4353 3076 4405 aliis
3092 4368 3194 4422 per
3224 4353 3605 4408 idololatriam
3629 4356 3937 4416 destructis;

2268 4442 2366 4497 sed
2397 4458 2511 4495 non
2555 4440 2935 4510 perfecerunt,
2969 4441 3104 4511 quia
3135 4441 3424 4495 Christum
3463 4447 3936 4516 contempserunt.

2340 4532 2496 4584 Vens.
2531 4531 2621 4584 23.
2675 4559 2744 4568 -
2790 4531 2841 4583 Α
2896 4532 3120 4583 Domino
3163 4531 3398 4596 factum.
3459 4532 3577 4600 Vel,
3634 4535 3680 4588 Α
3746 4537 3939 4590 Domino

2268 4621 2476 4687 factum
2532 4622 2610 4671 est
2663 4619 2732 4682 ei,
2790 4617 3102 4672 secundum
3159 4617 3328 4672 aliam
3394 4619 3674 4678 litteram.
3739 4619 3937 4694 ([n.)ld

2271 4712 2375 4774 est,
2407 4707 2476 4760 ad
2501 4707 2778 4760 honorem
2803 4706 3006 4760 Patris.

2343 4794 2504 4847 Vens.
2527 4794 2615 4847 24.
2651 4823 2717 4832 --
2744 4794 2865 4847 Haec
2910 4797 2989 4847 est
3034 4791 3168 4849 dies.
3193 4792 3327 4865 ﬂHic
3353 4799 3438 4849 est
3462 4811 3648 4852 annus
3681 4798 3944 4869 juhilzeus.

2271 4881 2591 4952 ﬁguraliter
2619 4881 2723 4935 sub
2751 4881 2877 4951 lege
2922 4881 3271 4951 observatus,
3293 4884 3394 4954 qui
3441 4883 3656 4940 dicitur
3675 4890 3944 4949 remittens,

2272 4972 2358 5025 vel
2380 4973 2632 5037 initians,
2668 4971 2803 5042 quia
2857 4974 2993 5024 tunc
3022 4971 3167 5025 servi
3221 4973 3809 5043 manumittebantur,
3837 4989 3943 5045 pos-

2271 5059 2550 5113 sessiones
2600 5058 2852 5113 dominis
2901 5059 3395 5115 restituebantur:
3444 5067 3501 5116 et
3522 5079 3625 5116 nos
3659 5064 3880 5134 hacxdie
3927 5077 3943 5113 ι

2272 5147 2542 5202 servitute
2572 5147 2786 5218 peccati
2838 5146 3118 5218 redempti
3149 5164 3366 5218 sumus,
3414 5151 3622 5220 quibus
3656 5159 3744 5208 est
3789 5154 3943 5207 haereo

2273 5233 2422 5289 ditas
2489 5236 2752 5290 restituta
2812 5241 3042 5291 aeterna.
3103 5236 3319 5310 (Cass.)
3366 5242 3488 5295 Haec
3526 5246 3603 5296 est
3661 5241 3799 5297 dies.
3854 5237 3937 5294 Etsi

2275 5339 2475 5378 omnes
2495 5323 2645 5388 fecit,
2671 5325 2818 5379 hanc
2849 5324 3216 5396 singulariter
3245 5345 3359 5399 qua
3386 5329 3661 5384 Dominus
3691 5330 3863 5394 venit,
3890 5328 3927 5380 in

2275 5428 2390 5484 qua
2417 5413 2683 5468 convenit
2709 5414 2906 5479 laetari,
2938 5414 3073 5486 quia
3111 5415 3373 5471 diabolus
3411 5418 3507 5489 jus
3537 5419 3807 5489 perdidit,
3849 5419 3928 5472 lio-

2275 5515 2369 5555 mo
2399 5501 2637 5568 revixit;
2669 5508 2725 5557 et
2749 5503 2883 5574 quia
2909 5503 3016 5559 hoc
3037 5507 3139 5573 est,
