4082 6184
208 289 344 342 1041

1331 288 1590 345 GLOSSA
1616 290 2021 347 0RDINARIA.
2063 322 2129 332 --
2171 293 2301 347 LIB.
2346 292 2581 347 PSALM.

3572 296 3708 351 1042

276 408 440 463 Vens.
499 412 588 464 25.
622 409 738 464 -Ο
770 411 1033 476 Domine,
1058 411 1295 478 salvum,
1331 415 1435 465 etc.
1490 413 1625 467 Ecce
1668 413 1893 468 deside-
1931 417 1979 470 A
2008 431 2164 482 nem,
2196 432 2370 486 quam
2402 416 2663 486 superior
2696 416 2947 486 psalmus
2976 416 3139 471 unita
3192 416 3466 472 varietate
3514 423 3707 473 canta-

185 494 343 550 rium
370 513 597 568 magnae
627 497 938 567 petitionis.
964 499 1207 565 Salvum,
1238 500 1306 553 de
1328 499 1487 554 clade
1515 502 1727 554 saeculi.
1754 503 1893 556 Pro-

184 601 431 655 sperare,
464 593 527 642 ut
563 588 791 642 dolores
821 588 913 641 isti
934 593 1229 643 vertantur
1255 590 1313 643 in
1346 595 1557 644 mterna
1592 592 1822 661 gaudia.

258 677 425 731 Vens.
460 679 547 731 26.
591 706 661 716 -
708 677 1046 744 Benedictus,
1097 683 1203 733 etc.
1272 678 1468 749 (Cass)
1524 679 1736 742 Quarto
1784 681 1896 734 fre-

185 765 458 836 quentari
489 766 636 819 atria
667 766 767 819 Dei
818 767 1039 833 suadet,
1107 767 1176 820 de
1234 768 1478 821 adventu
1514 768 1724 823 Christi
1756 785 1897 839 gau—

187 854 356 908 dens.
391 855 575 925 (Αυο.)
611 854 942 909 Maledictus
1010 872 1147 925 ergo
1208 856 1309 926 qui
1360 857 1513 910 venit
1556 857 1616 911 iu
1664 858 1900 912 nomine

186 960 321 1008 suo,
351 949 485 1009 etc.,
519 959 687 1011 usque
717 944 793 997 ad
813 944 914 1014 qui
942 944 1054 998 erit
1082 945 1439 999 maledictus.
1485 946 1686 1015 (Cass)
1740 950 1901 1001 Bene-

188 1031 400 1086 dictus.
444 1032 587 1085 Laus
610 1032 679 1085 de
706 1032 977 1098 adventu,
1012 1036 1069 1085 et
1097 1049 1129 1085 ο
1161 1032 1375 1102 reliqui
1433 1032 1761 1099 Christiani,
1795 1049 1899 1086 nos

198 1121 451 1191 majores
472 1121 637 1192 quasi
653 1121 973 1175 sacerdotes
999 1120 1371 1174 benediximus
1392 1120 1558 1185 vobis,
1587 1118 1743 1190 quod
1764 1116 1905 1169 mul-

187 1214 316 1263 tum
347 1210 604 1283 prodest,
639 1210 774 1280 quia
799 1209 1169 1263 benediximus
1198 1208 1350 1264 vobis
1381 1208 1446 1261 de
1477 1209 1631 1261 domo
1666 1206 1899 1273 Domini.

261 1301 342 1353 De
400 1290 573 1352 domo.
635 1297 763 1368 (ln.)
813 1298 872 1351 Id
942 1303 1053 1363 est,
1108 1298 1352 1351 Ecclesia
1423 1298 1718 1360 catholica,
1769 1300 1900 1362 etc.,

188 1401 367 1456 usque
386 1387 462 1440 ad
490 1386 626 1457 quia
655 1386 787 1440 laeta
816 1385 1097 1440 confessio
1125 1392 1255 1456 post
1281 1386 1577 1440 beneﬁcia.

263 1476 423 1529 Vens.
458 1479 549 1529 27.
583 1504 651 1514 -
676 1474 1002 1529 Constituite
1021 1474 1187 1529 diem.
1220 1474 1405 1545 (Amm)
1434 1474 1639 1545 Magni,
1674 1473 1774 1544 qui
1804 1488 1896 1526 ex-

185 1563 419 1631 cedunt,
450 1563 547 1634 qui
580 1568 771 1617 mente
802 1563 1039 1617 verbum
1072 1565 1249 1619 Deum
1283 1564 1435 1633 apud
1470 1565 1646 1617 Deum
1671 1561 1900 1616 contin-

184 1656 359 1721 gunt,
394 1655 522 1715 etc.,
548 1667 717 1720 usque
738 1651 813 1706 ad
841 1652 898 1705 id
921 1655 1025 1717 est,
1055 1652 1125 1705 ad
1158 1656 1374 1706 aeterna
1397 1651 1608 1721 gaudia
1629 1651 1887 1719 attingat.

267 1740 429 1795 Diem
478 1742 779 1796 solemnem.
823 1741 888 1795 In
918 1740 1095 1794 veteri
1141 1741 1266 1812 lege
1297 1741 1477 1807 (Deut.
1510 1742 1586 1807 x.)
1653 1738 1884 1805 Pascha,

183 1830 544 1896 Pentecoste,
576 1830 979 1900 scenophegia,
1010 1834 1125 1883 tres
1153 1830 1461 1900 praecipua:
1480 1826 1890 1895 solemnitates,

178 1917 244 1972 in
294 1919 506 1989 quibus
544 1923 897 1988 pmceptum
930 1924 994 1974 ut
1024 1935 1195 1973 nemo
1229 1934 1439 1973 vacuus
1468 1918 1528 1971 in
1580 1919 1889 1985 conspectu

183 2006 422 2060 Domini
476 2011 795 2077 appareret.
836 2008 1057 2062 Vacuus
1086 2013 1187 2074 est,
1250 2007 1349 2078 qui
1378 2008 1438 2061 in
1496 2022 1555 2059 se
1598 2005 1891 2059 Christum

178 2110 299 2147 non
328 2094 519 2159 habet,
546 2094 645 2164 qui
675 2098 758 2147 est
788 2093 1249 2161 fundamentum,
1281 2094 1432 2163 quod
1464 2109 1634 2146 nemo
1666 2096 1890 2145 mutare

179 2182 355 2235 valet.
388 2181 526 2235 Inde
562 2186 643 2234 est
676 2182 828 2253 quod
864 2181 975 2235 illis
1005 2182 1187 2235 tribus
1217 2181 1672 2235 solemnitatibus
1702 2178 1889 2234 ﬁdelis

177 2270 433 2341 populus
464 2284 763 2324 nummum
788 2270 954 2324 ofiert
982 2269 1239 2323 manuali
1280 2269 1599 2338 oblatione,
1646 2267 1887 2322 interio-

176 2375 308 2412 rem
358 2358 711 2427 signiﬁcans.
770 2359 836 2412 In
882 2374 1123 2413 nummo
1164 2358 1317 2412 enim
1357 2374 1570 2411 nomen
1603 2362 1659 2410 et
1696 2356 1887 2425 imago

182 2446 367 2517 regis.
423 2446 675 2517 Quisque
723 2462 859 2516 ergo
911 2446 1285 2515 spiritualiter
1329 2461 1635 2499 nummum
1666 2444 1885 2510 offerat,

187 2538 257 2589 ut
276 2550 469 2588 nomen
498 2534 668 2605 regis,
700 2533 753 2588 id
788 2539 874 2589 est
903 2534 1133 2595 Christi,
1173 2534 1233 2588 in
1260 2552 1318 2589 se
1338 2535 1564 2600 habeat,
1595 2550 1628 2588 a
1666 2533 1889 2588 Christo

186 2623 548 2679 Christianus
608 2623 829 2691 dictus;
876 2628 935 2676 et
992 2626 1305 2691 imaginem,
1356 2624 1414 2677 id
1472 2627 1556 2676 est
1613 2623 1886 2689 animam,

185 2712 405 2766 lumine
442 2713 633 2766 vultus
664 2712 786 2781 ejus
824 2710 1156 2781 insignitam
1218 2713 1331 2765 Deo
1408 2710 1651 2765 exibeat.
1704 2712 1891 2765 Cornu

189 2801 403 2854 altaris.
456 2799 651 2870 (Cass)
691 2800 789 2854 Vel
827 2816 931 2869 per
959 2801 1133 2854 altare
1178 2799 1520 2869 intelligitur
1569 2814 1889 2853 sacramen-

191 2892 311 2942 tum
344 2888 603 2958 corporis
643 2893 699 2942 et
729 2888 1051 2959 sanguinis,
1083 2891 1212 2956 etc.,
1234 2903 1404 2957 usque
1432 2887 1506 2941 ad
1533 2903 1640 2941 non
1671 2888 1891 2943 habebit

184 2980 356 3031 vitam
386 2982 662 3031 zternam.

254 3067 376 3140 vel,
410 3068 585 3121 altare
612 3066 952 3137 intelligitur
978 3082 1140 3120 mens
1170 3066 1458 3134 hominis;
1485 3066 1636 3121 unde
1668 3067 1727 3120 in
1762 3067 1889 3138 lege

182 3159 538 3225 praeceptum
568 3154 675 3208 fuit
702 3155 904 3223 (Emod.
960 3156 1125 3224 xxvu)
1184 3155 1310 3209 ﬁeri
1367 3157 1542 3210 altare
1592 3156 1887 3227 quadran-

179 3244 386 3313 gulum
447 3247 504 3297 et
550 3259 863 3297 concavum
921 3259 934 3297 :
992 3243 1119 3297 ideo
1190 3244 1679 3313 quadrangulum,
1750 3244 1889 3315 quia

180 3346 347 3385 mens
375 3331 629 3385 humana
660 3336 905 3401 quatuor
951 3329 1257 3383 virtutibus
1298 3328 1513 3382 muniri
1543 3329 1713 3383 debet
1744 3344 1886 3397 pru-

177 3418 397 3487 dentia,
470 3418 715 3488 justitia,
774 3417 1130 3476 fortitudine.
1191 3416 1600 3487 temperantia;
1678 3416 1882 3469 eadem

178 3507 351 3561 debet
380 3523 499 3561 esse
524 3523 769 3561 concava
792 3505 866 3559 ad
897 3505 1287 3576 recipiendum
1312 3505 1550 3558 verbum
1586 3505 1688 3558 Dei
1711 3509 1884 3575 atque

182 3597 379 3667 ignem
408 3596 750 3651 dilectionis.
784 3597 994 3650 Tumor
1032 3595 1187 3649 enim
1218 3595 1406 3648 infusa
1435 3594 1703 3664 repellit;
1734 3594 1885 3648 unde

181 3684 245 3737 in
268 3684 512 3738 Levitico
552 3688 908 3755 praeceptum
958 3690 1043 3737 est
1100 3683 1292 3753 (Leuit.
1330 3683 1367 3753 ι)
1413 3683 1719 3737 vesiculam
1752 3687 1881 3751 gut-

178 3774 327 3827 turis
352 3778 411 3827 et
436 3773 697 3843 plumam
724 3772 946 3843 projici,
997 3772 1227 3843 quando
1256 3777 1447 3825 turtur
1476 3772 1561 3825 vel
1618 3770 1884 3824 columba

176 3862 445 3916 offertur.
500 3862 755 3915 Vesicula
814 3860 1173 3915 inﬂationem
1219 3858 1505 3929 superbia
1558 3858 1878 3929 signiﬁcat;

179 3951 421 4021 plumae,
475 3949 677 4004 inanes
714 3949 1117 4020 inquisitiones
1164 3948 1525 4013 sublimium;
1574 3948 1696 4001 haec
1743 3961 1881 4016 ergo

175 4038 422 4109 projice,
450 4042 513 4093 ut
533 4037 607 4091 sis
633 4038 809 4092 altare
835 4053 1166 4093 concavum.

248 4127 415 4180 Vens.
450 4128 539 4180 28.
571 4156 640 4166 -—
669 4128 805 4180 Deus
854 4141 1000 4180 meus
1028 4140 1080 4180 es
1121 4131 1200 4179 tu.
1252 4126 1320 4179 Et
1369 4128 1429 4178 ut
1488 4123 1741 4193 apertius
1791 4121 1875 4176 di-

173 4232 400 4282 camus,
432 4216 673 4270 istorum
700 4216 1005 4270 verborum
1038 4215 1128 4269 hic
1155 4218 1239 4269 est
1273 4230 1507 4268 sensus:
1564 4214 1685 4267 Non
1715 4212 1872 4266 sufﬁ-

169 4305 293 4358 ciat
317 4304 380 4357 in
411 4308 564 4357 terra
592 4303 697 4358 iste
727 4303 848 4358 dies
877 4302 1070 4368 festus,
1115 4319 1228 4373 quo
1261 4318 1440 4373 agnus
1497 4301 1711 4355 occisus
1751 4304 1871 4354 est:
1904 4273 1949 4326 Β

170 4393 277 4447 sed
303 4392 688 4447 constituatur
734 4392 793 4445 in
823 4391 1384 4462 frequentationibus
1414 4405 1714 4461 quousque
1744 4404 1873 4459 per-

170 4482 446 4537 veniatur
478 4480 769 4535 mentibus
799 4480 1055 4534 exaltatis
1093 4480 1162 4534 ad
1188 4479 1513 4533 interiorem
1546 4480 1668 4549 ejus
1700 4477 1877 4532 deita-

170 4577 321 4633 tem,
350 4570 451 4623 ubi
499 4570 696 4624 laudes
743 4569 1101 4623 cantabimus
1142 4569 1267 4622 ita:
1330 4572 1466 4624 Deus
1514 4582 1660 4622 meus
1712 4583 1764 4621 es
1801 4571 1875 4630 tu,

170 4664 286 4713 etc.
325 4659 545 4729 Itaque,
576 4658 719 4712 sicut
749 4658 920 4728 cmpit
958 4657 1205 4723 laudem,
1235 4656 1314 4710 ita
1335 4656 1624 4711 terminat.

248 4748 413 4800 Vens.
470 4750 560 4801 29.
592 4776 660 4786 —
708 4746 1046 4818 Conﬁtemini
1093 4748 1331 4801 Domino.
1382 4744 1465 4798 Ab
1505 4743 1669 4797 initio
1720 4742 1877 4813 quod

166 4834 563 4899 deseruimus,
599 4834 841 4888 inﬁnem
872 4851 988 4905 quo
1018 4834 1292 4899 redimus,
1328 4850 1443 4888 non
1476 4838 1560 4887 est
1592 4831 1877 4887 salubrius

164 4923 419 4995 aliquid,
453 4922 607 4994 quod
638 4923 898 4985 delectet,
942 4939 1118 4993 quam
1149 4924 1271 4976 laus
1304 4922 1421 4976 Dei.

747 5012 1059 5067 PSALMUS
1086 5012 1308 5067 CXVIII.

244 5102 657 5168 Expositionem
711 5101 875 5170 hujus
935 5102 1158 5170 psalmi,
1216 5105 1277 5153 ut
1366 5099 1525 5154 valde
1574 5099 1872 5167 prolixam,

156 5191 497 5244 omittimus.
525 5189 661 5244 Vide
688 5189 987 5256 Ambrosii,
1016 5188 1361 5254 Cassiodori,
1386 5188 1873 5254 AugustiniEnar-

150 5280 409 5334 rationes
440 5278 499 5330 in
524 5278 782 5346 psalmos,
813 5284 863 5333 et
912 5279 1109 5348 quibus
1142 5277 1217 5332 ad
1244 5277 1471 5332 verbum
1513 5289 1773 5344 expressa
1798 5277 1875 5329 est

156 5369 361 5439 glossa
389 5366 679 5421 ordinaria
704 5370 762 5421 in
794 5368 932 5421 hunc
966 5369 1156 5423 locum.

787 5456 1094 5512 PSALMUS
1168 5456 1343 5510 CXIX.

248 5544 423 5597 Vens.
464 5545 510 5597 l.
541 5572 611 5583 —
643 5544 933 5599 Canticum
969 5544 1260 5611 graduum.
1296 5542 1498 5615 (Cass)
1564 5538 1873 5594 Beatitudi-

2012 504 2113 573 vit,
2145 510 2274 572 etc.,
2308 520 2476 573 usque
2518 506 2593 559 ad
2648 504 2736 558 his
2768 520 2905 576 ergo
2932 506 3202 575 gradibus
3233 506 3515 561 inoffenso
3562 508 3708 577 pede

2008 594 2219 646 mentis
2264 593 2591 648 ascenditur
2630 598 2799 663 atque
2847 594 3230 648 descenditur.
3280 597 3462 665 (Auc.)
3520 599 3713 651 Canti-

2008 697 2127 736 cum
2147 683 2441 751 graduum.
2478 682 2769 737 Graduum
2800 698 3012 735 nomen
3042 682 3379 752 ambiguum
3411 686 3559 753 apud
3584 702 3706 754 nos,

2009 772 2136 834 etc.,
2192 784 2361 837 usque
2392 771 2467 823 ad
2496 774 2554 824 et
2586 770 2947 824 altitudinem
2981 770 3209 824 deitatis
3259 771 3456 841 ipsius.
3488 773 3712 829 Primus

2009 857 2239 927 gradus,
2282 874 2313 910 a
2359 858 2522 911 malis
2583 857 2775 911 saeculi
2826 859 3003 922 exire,
3055 860 3112 910 et
3152 858 3435 913 universa:
3473 861 3710 916 vanitati

2008 946 2362 999 renuntiare.
2421 946 2624 1015 (Cass)
2694 945 2929 999 Initium
2979 945 3266 1015 profectus
3323 952 3406 999 est
3458 950 3710 1004 carnalia

2009 1034 2145 1087 vitia
2190 1032 2512 1105 relinquere
2548 1040 2605 1087 et
2654 1033 2892 1087 Domino
2934 1034 3283 1104 supplicare;
3326 1036 3477 1089 unde
3508 1037 3567 1089 in
3615 1054 3710 1092 ve-

2009 1122 2117 1176 teri
2145 1122 2293 1192 lege,
2343 1123 2575 1193 quando
2602 1123 2900 1176 emebatur
2930 1122 3280 1193 mancipium
3324 1125 3557 1193 gentile,
3610 1142 3707 1179 ra-

2011 1208 2296 1263 debantur
2327 1226 2548 1280 ungues
2589 1212 2712 1280 ejus
2761 1216 2819 1264 et
2862 1211 3056 1280 capilli
3088 1212 3476 1266 tondebantur
3528 1214 3704 1284 (Deut.

2010 1298 2129 1368 xu).
2176 1299 2321 1363 Quia
2346 1304 2569 1369 oportet
2600 1300 2911 1353 vanitatem
2970 1317 3199 1370 quaque
3249 1317 3478 1370 exuere,
3511 1308 3576 1356 ut
3607 1304 3707 1357 Dei

2010 1387 2285 1457 obsequio
2316 1388 2694 1457 mancipetur.
2748 1389 2847 1441 Hic
2896 1388 2963 1442 ab
3022 1389 3450 1443 renuntiatione
3509 1392 3700 1445 saeculi

2012 1475 2353 1546 quibusdam
2376 1476 2645 1545 gradibus
2663 1476 3003 1530 meritorum
3034 1477 3104 1531 ad
3134 1478 3440 1547 perfectam
3474 1485 3705 1533 etmter-

2010 1580 2146 1618 nam
2175 1565 2504 1634 pervenitur
2520 1566 2875 1631 charitatem,
2901 1581 3029 1635 quae.
3058 1566 3119 1619 in
3141 1582 3367 1621 summo
3389 1569 3575 1622 locata
3601 1573 3702 1624 est.

2081 1652 2174 1706 Ad
2224 1653 2508 1706 Dominum
2564 1667 2683 1705 cum
2737 1652 3050 1705 tribularer.
3104 1651 3313 1723 (Cass)
3364 1653 3574 1721 Primo,
3615 1671 3706 1708 as-

2000 1740 2240 1794 cendere
2298 1739 2595 1809 incipiens,
2652 1740 2789 1810 quia
2836 1741 3054 1795 multos
3081 1739 3302 1794 invenit
3355 1742 3699 1809 obsidentes,

2001 1845 2035 1882 a
2064 1828 2276 1898 linguis
2303 1844 2504 1882 eorum
2540 1828 2685 1899 petit
2736 1827 2966 1882 liberari
3000 1845 3011 1881 :
3061 1829 3329 1896 secundo,
3383 1829 3452 1883 de
3482 1831 3699 1899 permi-

2001 1917 2188 1971 stione
2214 1918 2503 1972 malorum
2533 1917 2923 1987 conqueritur,
2952 1918 3054 1971 Hei
3082 1918 3239 1971 mihi.

2069 2007 2229 2061 Vens.
2261 2008 2314 2060 2.
2353 2035 2415 2045 -
2468 2008 2708 2074 Domine,
2742 2006 2928 2071 libera,
2953 2010 3058 2059 etc.
3094 2006 3236 2060 Cum
3295 2004 3495 2076 incipit
3527 2006 3702 2061 homo

2003 2095 2330 2162 ascendere,
2381 2095 2437 2148 id
2490 2099 2591 2158 est,
2641 2110 2771 2147 cum
2802 2094 3016 2163 cogitat
3047 2094 3342 2164 proﬁcere,
3375 2099 3703 2164 contempto

1998 2185 2227 2249 saeculo,
2262 2182 2369 2237 soli
2388 2183 2614 2237 haerens
2649 2184 2784 2248 Deo,
2818 2181 3020 2252 incipit
3060 2182 3180 2251 pati
3226 2181 3450 2251 linguas
3495 2183 3701 2236 adver-

1998 2273 2269 2339 santium,
2328 2272 2387 2326 id
2445 2278 2529 2325 est
2604 2270 3049 2336 detrahentium,
3129 2273 3183 2322 et
3210 2270 3388 2340 (quod
3446 2271 3701 2339 gravius)

1998 2363 2162 2434 quasi
2190 2362 2536 2416 consulendo
2561 2377 2594 2414 a
2624 2360 2804 2413 salute
2844 2358 3221 2412 avertentium
3273 2358 3410 2411 :has
3455 2357 3555 2427 qui
3586 2372 3704 2410 non

1997 2452 2232 2522 patitur,
2266 2450 2523 2505 nondum
2579 2449 2858 2519 proﬁcere
2891 2451 3143 2501 conatur.
3177 2450 3523 2501 Ascensurus
3562 2461 3700 2515 ergo

1997 2541 2183 2610 primo
2207 2544 2405 2593 contra
2430 2554 2523 2592 eas
2576 2541 2839 2607 precatur
2894 2537 3171 2599 :Domine,
3227 2534 3399 2588 libera
3454 2537 3701 2590 animam

1998 2644 2171 2682 meam
2196 2644 2230 2681 a
2273 2628 2434 2682 labiis
2458 2628 2682 2694 iniquis.

2070 2718 2236 2771 Vens.
2296 2718 2347 2769 3.
2382 2744 2451 2755 —
2485 2714 2633 2779 Quid
2662 2713 2821 2767 detur
2852 2712 2971 2779 tibi,
3008 2715 3111 2765 etc.
3177 2710 3379 2780 (Cass)
3430 2711 3582 2764 More
3614 2711 3698 2764 ni-

1999 2804 2109 2858 mis
2140 2803 2446 2874 cogitantis
2478 2802 2722 2859 heesitat,
2784 2805 2840 2854 et
2894 2799 3103 2870 quaerit
3159 2800 3495 2855 remedium.
3553 2800 3698 2866 Quid

2001 2894 2102 2947 tibi
2144 2892 2321 2958 detur,
2354 2896 2450 2945 aut
2492 2890 2628 2960 quid
2656 2891 3009 2958 apponatur?
3068 2889 3191 2941 Duo
3246 2887 3417 2942 verba
3480 2887 3692 2957 posuit,

1928 2995 1968 3050 ρ,
2000 2982 2132 3038 dari
2178 2987 2225 3036 et
2273 2983 2505 3050 apponi;
2564 2978 2787 3048 sagittae
2839 2978 3047 3031 dantur
3084 2977 3144 3031 in
3204 2993 3385 3043 arma,
3417 2978 3693 3031 carbones

1995 3073 2368 3142 apponuntur
2399 3067 2562 3139 quasi
2593 3067 2653 3120 in
2676 3066 3141 3120 consolationem.

2067 3161 2231 3213 Vens.
2263 3160 2297 3212 4
2338 3187 2407 3196 -—
2466 3158 2709 3222 Sagitta.
2754 3153 2942 3223 (Auc.)
2994 3154 3189 3207 Verbis
3256 3154 3357 3208 Dei
3389 3153 3694 3223 sagittatur

1994 3261 2110 3312 cor,
2140 3250 2271 3313 etc.,
2301 3259 2470 3315 usque
2495 3244 2569 3297 ad
2590 3248 2652 3297 ut
2672 3242 2745 3296 sit
2773 3258 2953 3312 purus
2979 3242 3140 3295 locus
3171 3241 3410 3295 aediﬁcio
3459 3242 3579 3295 Dei.
3638 3312 3641 3317 Α

2066 3335 2223 3389 Vens.
2249 3337 2299 3387 5.
2332 3362 2401 3372 —-
2440 3334 2554 3386 Heu
2580 3334 2735 3385 mihi.
2786 3332 2987 3397 (Cass)
3022 3330 3283 3383 Secundo
3315 3330 3385 3383 de
3412 3330 3689 3400 incolatu,

1992 3428 2049 3477 et
2079 3421 2451 3493 permistione
2508 3420 2793 3473 malorum
2847 3418 3249 3488 conqueritur.
3307 3418 3566 3489 Acceptis
3608 3435 3690 3472 sa-

1992 3511 2150 3583 gittis
2172 3516 2229 3564 et
2271 3508 2633 3575 carbonibus,
2666 3508 2847 3561 factus
2882 3507 3152 3571 triticum,
3200 3507 3457 3561 nondum
3515 3512 3600 3561 est
3629 3507 3689 3562 in

1990 3599 2217 3663 horreo,
2251 3597 2347 3650 sed
2390 3596 2451 3649 in
2509 3612 2642 3649 area
2686 3595 2781 3649 ubi
2813 3596 2995 3647 multa
3043 3594 3211 3663 palea
3244 3595 3559 3663 premitur;
3606 3594 3689 3647 vi-

1989 3688 2129 3741 dens
2159 3702 2294 3753 ergo
2324 3684 2506 3739 multa
2536 3685 2704 3748 mala,
2741 3700 2867 3753 quae
2889 3688 3018 3736 ante
3051 3699 3166 3736 non
3187 3682 3407 3737 viderat
3435 3684 3643 3736 clamat
3672 3699 3684 3736 :

1987 3778 2087 3830 Hei
2112 3776 2267 3828 mihi.
2319 3772 2471 3827 Nulli
2524 3772 2743 3825 homini
2791 3776 3073 3840 apparent
3127 3771 3286 3837 mali,
3344 3771 3453 3824 nisi
3514 3772 3694 3825 factus

1988 3863 2059 3917 sit
2083 3864 2295 3927 bonus;
2354 3862 2482 3917 Cum
2530 3863 2672 3913 enim
2733 3862 2903 3915 crevit
2932 3859 3117 3924 herba,
3170 3863 3220 3911 et
3266 3860 3508 3923 fructum
3537 3860 3691 3927 fecit,

1985 3953 2358 4021 apparuerunt
2396 3949 2634 4001 zizania.
2674 3948 3034 4017 Prolongatus
3069 3945 3214 3998 :Etsi
3244 3944 3416 3999 breve
3438 3950 3686 4014 tempus,

1985 4037 2266 4093 desiderio
2299 4035 2469 4089 nimis
2495 4036 2733 4105 longum
2782 4034 3024 4087 videtur.
3089 4032 3283 4088 Cedar.
3351 4032 3477 4101 (Ιο.)
3515 4033 3693 4087 Filius

1984 4125 2257 4191 Ismaelis,
2324 4124 2476 4177 unde
2526 4122 2791 4177 Saraceni
2833 4121 3273 4186 descenderunt,
3307 4120 3409 4190 qui
3500 4121 3691 4174 verius

1986 4216 2057 4270 ab
2087 4219 2237 4285 Agar
2267 4214 2592 4268 dicerentur
2630 4210 2911 4280 Agareni:
2944 4210 3043 4265 sed
3075 4227 3108 4263 a
3154 4210 3311 4275 Sara,
3343 4209 3596 4279 digniori
3635 4214 3693 4264 et

1986 4305 2167 4359 libera
2195 4302 2304 4357 sibi
2332 4317 2548 4355 nomen
2577 4299 3029 4365 vindicaverunt,
3063 4314 3311 4369 quorum
3359 4302 3598 4368 uterque
3629 4297 3691 4353 in

1986 4390 2364 4449 tabernaculis
2403 4390 2617 4459 legitur
2673 4389 2980 4443 habitasse.
3041 4388 3432 4442 Tabernacula
3480 4388 3687 4441 Ismael

1985 4488 2133 4537 recte
2164 4481 2343 4536 Cedar
2406 4479 2555 4532 dicta
2588 4480 2763 4532 sunt:
2829 4478 3011 4532 Cedar
3059 4477 3128 4531 ad
3192 4477 3396 4529 Ismael
3435 4475 3691 4547 pertinet

1986 4573 2185 4640 (Auc.)
2211 4570 2366 4623 Isaac
2390 4584 2548 4638 ergo,
2574 4572 2688 4624 etc.
2705 4608 2718 4632 ,
2752 4582 2920 4635 usque
2945 4566 3018 4618 ad
3037 4566 3085 4619 si
3110 4580 3264 4620 nunc
3284 4564 3422 4619 mali
3450 4582 3481 4618 a
3510 4564 3683 4619 bonis

1987 4676 2102 4715 non
2127 4661 2368 4730 possunt
2409 4656 2681 4727 separari,
2711 4654 2929 4709 ferendi
2957 4658 3108 4707 sunt.

2592 4743 2902 4798 PSALMUS
2929 4742 3078 4797 CXX.

2060 4838 2225 4891 Vens.
2292 4838 2442 4888 1.-
2491 4835 2779 4890 Canticum
2824 4831 3116 4897 graduum.
3152 4829 3347 4897 (CAss.)
3394 4828 3687 4884 Secundus

1989 4924 2200 4994 gradus
2229 4926 2424 4991 petere
2461 4920 2712 4974 divinam
2746 4918 3160 4981 defensionem,
3192 4916 3281 4969 cui
3326 4916 3471 4970 nihil
3522 4932 3688 4986 posse

1990 5010 2219 5067 obviare
2272 5014 2640 5063 monstratur.
2701 5007 2892 5074 (Αυα.)
2946 5006 3048 5061 Cui
3106 5007 3260 5059 enim
3344 5005 3413 5059 de
3469 5004 3686 5059 mundo

1990 5098 2220 5154 exeunti
2275 5098 2529 5168 periculo
2586 5101 2914 5159 occurrunt,
2966 5110 3268 5164 exposcere
3312 5092 3482 5147 debet
3536 5091 3686 5145 divi-

1987 5203 2129 5242 num
2160 5185 2455 5251 auxilium,
2481 5190 2607 5247 etc.,
2633 5200 2802 5253 usque
2832 5187 2906 5238 ad
2930 5199 2944 5237 :
2966 5182 3116 5236 Talis
3135 5181 3337 5235 estiste
3367 5178 3468 5249 qui
3492 5179 3689 5233 oculos

1988 5275 2060 5329 ad
2090 5277 2269 5330 Deum
2294 5273 2461 5327 levat.
2492 5273 2705 5339 (Cass.)
2753 5271 2943 5325 Primo
2987 5270 3138 5323 levat
3191 5268 3385 5322 oculos
3426 5270 3484 5321 et
3511 5271 3638 5321 orat
3671 5284 3684 5321 :

1989 5362 2238 5417 secundo
2302 5361 2453 5430 quod
2514 5359 2699 5413 oravit
2752 5357 3020 5425 afﬁrmat,
3076 5355 3382 5411 ostendens
3412 5354 3686 5410 virtutem

1990 5449 2188 5503 auxilii
2218 5446 2506 5519 impetrati
2519 5489 2531 5501 .

2063 5540 2263 5593 Levavi
2283 5538 2479 5592 oculos.
2514 5536 2645 5604 (10.)
2692 5534 2800 5599 Qui
2849 5534 3012 5606 quasi
3054 5533 3361 5589 inclinatus
3399 5532 3685 5601 clamavit,
