4020 6184
407 309 543 365 1043

1015 305 1411 364 WALAFRIDI
1451 306 1702 365 STRABI
1739 309 1941 367 FULD.
1989 308 2159 367 NON.
2205 308 2362 366 OPP.
2408 308 2584 366 PARS
2620 309 2671 366 Ι.
2717 338 2786 349 —
2824 307 3287 368 THEOLOGICA.

3755 317 3856 370 1οἏ

395 434 518 505 jam
547 432 854 504 respirans,
911 432 1108 488 oculos
1138 431 1208 485 ad
1240 431 1646 486 intercessores
1675 436 1899 487 sanctos
1927 434 2095 488 levat.
2127 436 2173 486 A
2215 449 2316 504 gas
2362 437 2426 487 ut
2454 432 2548 488 hic
2609 447 2805 486 versus
2835 432 2910 487 sit
2941 433 3223 501 expositio
3275 433 3660 504 praecedentis.
3705 437 3856 506 Quasi,

479 523 640 576 Vnus.
704 524 755 577 3.
790 552 859 560 —
899 523 1081 589 Neque
1126 520 1376 574 dormitet
1409 519 1594 591 (Αυσ.)
1650 520 1708 574 Si
1755 519 1964 575 dormit
2044 520 2103 574 in

404 615 459 665 te
489 611 650 676 ﬁdes,
691 609 905 664 dormit
935 609 993 662 in
1019 613 1074 662 te
1104 608 1378 662 Christus.

477 697 676 771 (Cass)
755 696 974 751 Dicitur
1025 696 1132 750 hoc
1208 697 1460 751 humana
1531 697 1981 764 consuetudine;
2039 702 2106 752 ut

405 788 634 858 quando
661 786 842 840 fessus
872 789 1059 839 custos
1076 785 1372 851 dormitat,
1395 785 1615 839 furtum
1646 785 1880 855 patitur.

478 877 638 930 Vass.
691 875 745 930 4.
789 902 861 915 -
906 876 1089 943 (Ana)
1124 876 1256 928 Ecce
1313 889 1420 928 non
1451 875 1790 929 dormitabit.
1825 873 2106 928 Dormitat

403 964 684 1032 Christus,
715 967 849 1028 etc.,
890 978 1061 1032 usque
1089 963 1164 1016 ad
1193 962 1293 1017 sed
1337 977 1410 1016 ne
1455 961 1642 1016 adhuc
1672 967 1837 1033 putes
1887 962 1995 1016 hoc
2035 963 2104 1016 de

403 1053 598 1123 aliquo
627 1051 953 1117 hominum,
990 1051 1200 1118 subdit,
1234 1053 1490 1106 Dominus
1519 1051 1773 1106 custodit.

475 1142 580 1207 Qui
637 1140 874 1196 custodit
903 1141 1089 1194 Israel.
1125 1140 1306 1208 (Auc.)
1357 1140 1504 1204 Quid
1536 1155 1649 1192 non
1680 1142 1868 1209 potest
1913 1138 2105 1191 videre

403 1228 633 1294 faciem,
669 1233 802 1293 etc.,
834 1242 1004 1295 usque
1042 1227 1115 1280 ad
1171 1231 1226 1280 et
1254 1226 1389 1280 huic
1420 1242 1536 1280 non
1585 1226 1798 1280 dormit
1827 1225 2102 1280 Christus.

480 1318 641 1371 Vens.
671 1321 728 1370 5.
763 1345 831 1355 -—
850 1317 1126 1381 Dominus,
1163 1315 1414 1369 custodit.
1446 1315 1643 1384 (Cass)
1666 1313 1926 1367 Secunda
1947 1329 2102 1383 pars,

381 1405 504 1460 -ubi
539 1405 695 1476 quod
739 1408 999 1458 oraverat
1041 1402 1308 1457 afﬁrmat.
1342 1404 1412 1456 Et
1438 1403 1602 1474 quasi
1633 1402 1761 1473 quis
1791 1407 2098 1472 quaereret,

410 1492 518 1556 Qui
548 1497 633 1546 est
661 1492 758 1546 ille
816 1491 1038 1546 custos?
1078 1489 1287 1556 subdit,
1359 1493 1618 1545 Dominus
1677 1490 1926 1552 custodit,
1988 1495 2096 1546 etc.

409 1580 595 1651 (Auc.)
627 1581 752 1634 Non
798 1579 919 1633 sine
965 1595 1134 1632 causa
1185 1583 1292 1647 est,
1332 1584 1465 1644 etc.,
1525 1593 1695 1648 usque
1747 1579 1821 1632 ad
1870 1578 2103 1633 dilectio

409 1669 510 1724 Dei
540 1669 771 1735 scilicet,
807 1674 863 1722 et
888 1666 1154 1738 proximi.

505 1759 647 1813 Vens
679 1761 731 1812 6.
764 1787 833 1796 ——
862 1759 961 1810 Per
991 1756 1130 1810 diem
1152 1756 1231 1809 sol
1261 1769 1367 1809 non
1390 1758 1511 1808 uret
1542 1759 1590 1809 te
1633 1769 1802 1824 neque
1832 1755 1962 1809 luna
2007 1771 2108 1824 per

407 1851 633 1911 noctem,
656 1849 760 1900 etc.
793 1845 917 1913 (In.)
948 1845 1094 1898 Deus
1124 1847 1210 1898 est
1238 1843 1342 1911 sol,
1373 1846 1504 1908 etc.,
1531 1858 1701 1912 usque
1729 1844 1804 1897 ad
1832 1844 1921 1897 vel
1952 1844 2102 1910 luna,

409 1934 574 1988 idest
606 1932 870 2000 Ecclesia,
905 1947 1020 1986 non
1047 1931 1342 2001 permittet
1381 1931 1470 1985 uri
1508 1935 1670 1985 nocte
1695 1931 2104 1988 tribulationis.

413 2023 635 2090 (Ηιειι.)
662 2021 756 2075 Vel
783 2035 881 2090 per
900 2020 1043 2075 diem
1081 2020 1416 2091 accipuntur
1451 2035 1744 2090 prospera,
1777 2024 1906 2085 etc.,
1938 2034 2108 2088 usque

410 2110 486 2164 ad
514 2109 595 2163 ita
623 2125 777 2163 nunc
805 2108 867 2162 in
898 2109 1189 2179 prosperis
1209 2113 1266 2162 et
1290 2108 1350 2161 in
1385 2107 1637 2162 adversis
1658 2123 1762 2162 nos
1792 2113 1996 2162 servat.

484 2199 652 2252 Vens.
714 2203 765 2251 7.
854 2225 923 2235 —
976 2198 1232 2250 Dominus
1304 2195 1572 2250 custodiat
1605 2197 1890 2251 introitum
1934 2201 2103 2251 tuum.

413 2286 616 2357 (CASS.)
649 2286 861 2339 Cuncta
890 2284 1199 2350 concludit,
1230 2283 1396 2338 bonis
1481 2284 1663 2338 initiis
1696 2285 1876 2338 bonos
1925 2285 2110 2339 exitus

416 2374 712 2445 adjungat.
767 2372 956 2443 (Αυο.)
1005 2373 1270 2427 Dominus
1302 2373 1578 2427 custodiat
1626 2376 1911 2430 introitum
1937 2379 2108 2428 tuum.

418 2463 705 2516 Intrantes
748 2461 1015 2528 custodit,
1044 2466 1174 2528 etc.,
1235 2476 1404 2531 usque
1449 2461 1526 2516 ad
1575 2461 1694 2532 jam
1725 2462 1784 2515 in
1827 2465 2109 2518 aeternum

417 2550 561 2606 nihil
584 2549 826 2604 nocebit.

1017 2618 1328 2674 PSALMUS
1369 2619 1539 2675 CXXI.

481 2727 649 2781 Vens.
704 2731 753 2781 l.
821 2756 890 2765 -—
933 2727 1222 2784 Canticum
1285 2725 1576 2792 graduum.
1627 2725 1832 2796 (Cass)
1887 2725 2109 2780 Tertius

407 2817 641 2887 gradus.
665 2816 929 2887 Magnum
965 2815 1278 2886 gaudium;
1325 2815 1384 2868 in
1427 2815 1672 2870 Ecclesia
1719 2832 1864 2887 pura
1918 2819 2109 2871 mente

411 2905 645 2970 versari,
692 2911 864 2975 atque
911 2904 1082 2975 digne
1131 2905 1244 2957 Deo
1276 2903 1336 2958 in
1366 2905 1471 2958 hac
1498 2904 1962 2975 peregrinatione
1993 2904 2106 2958 mi-

2214 520 2472 589 loquebar
2552 535 2742 590 pacem
2803 520 2869 575 de
2932 525 2999 587 te,
3055 525 3282 590 propter
3337 524 3613 592 proximos
3673 525 3860 591 fratres,

2213 607 2470 662 scilicet:
2524 608 2761 674 Quaesivi
2807 607 2944 663 bona
3000 609 3103 662 tibi
3152 615 3380 680 propter
3427 610 3637 665 domum
3693 615 3864 667 Domini

2214 701 2308 752 Dei
2333 698 2526 752 nostri.
2561 697 2856 751 Sententia
2885 698 3093 752 horum
3125 699 3431 753 verborum
3476 716 3589 753 non
3635 707 3860 756 mutatur.

2218 785 2356 840 Tibi.
2407 785 2449 839 Ο
2480 789 2562 852 tu,
2595 786 2835 838 caelestis
2880 786 3216 852 Jerusalem,
3279 786 3416 858 quia
3462 787 3659 841 domus
3688 788 3773 842 Dei
3797 805 3858 841 es.

2214 877 2269 926 et
2302 873 2382 927 ita
2408 873 2469 927 in
2499 874 2605 927 hoc
2627 873 2734 928 hoc
2755 892 2866 944 quo
2888 874 2902 926 l
2924 877 2976 927 te
2991 874 3190 945 diligo,
3222 875 3402 929 Deum
3427 875 3626 946 diligo.

2777 962 3084 1017 PSALMUS
3115 964 3312 1017 CXXII.

2285 1050 2576 1104 Canticum
2627 1049 2899 1118 graduum
2935 1051 3136 1121 (Cass)
3180 1051 3426 1115 Quartus
3492 1052 3714 1122 gradus,
3755 1052 3870 1106 inter

2215 1137 2499 1207 quaslibet
2543 1137 2832 1208 angustias
2861 1144 3186 1194 constanter
3214 1141 3283 1194 de
3316 1140 3563 1194 Domino
3595 1157 3707 1195 esse
3750 1158 3869 1210 prae-

2216 1225 2580 1293 sumendum,
2641 1226 2819 1280 donec
2869 1226 3135 1281 misertus
3187 1229 3473 1282 exaudiat.
3553 1229 3661 1295 Qui
3729 1245 3868 1300 supra

2214 1313 2284 1368 ad
2315 1319 2557 1382 montes,
2585 1331 2738 1369 nunc
2769 1315 2841 1369 ad
2877 1317 3055 1370 Deum
3077 1317 3273 1370 oculos
3302 1318 3469 1371 levat.

2289 1404 2455 1461 νεεδ.
2510 1407 2558 1460 l.
2594 1435 2664 1444 —
2713 1405 2806 1458 Ad
2836 1408 2884 1458 te
2932 1407 3127 1459 levavi.
3171 1405 3298 1476 (In.)
3328 1407 3524 1460 Primo
3575 1422 3679 1460 vox
3725 1406 3868 1460 tribu-
3976 1467 3977 1488 χ

2217 1491 2465 1546 latorum
2498 1493 2677 1546 Deum
2710 1492 3160 1563 respicientium,
3196 1510 3314 1547 non
3339 1495 3410 1549 ad
3438 1495 3552 1548 alia
3574 1495 3870 1566 patrocinia;
3975 1493 3977 1532 ί

2218 1581 2489 1646 secundo,
2519 1585 2786 1651 precatur
2833 1581 3286 1636 misericordiam
3317 1588 3517 1637 contra
3548 1583 3868 1638 insultantes.

2139 1711 2178 1766 Β
2218 1669 2406 1739 (Ana)
2438 1669 2533 1723 Ad
2561 1673 2610 1723 te
2651 1671 2846 1724 levavi.
2883 1671 3008 1734 Quo
3039 1670 3414 1737 levaret,rnisi
3455 1687 3572 1742 quo
3601 1673 3875 1726 ascendens

2219 1756 2535 1810 tendebat?
2566 1773 2684 1811 non
2710 1774 2768 1811 se
2796 1757 3041 1813 attendit
3086 1758 3211 1827 iste,
3240 1763 3304 1812 ut
3330 1760 3636 1830 superbus,
3667 1761 3758 1831 qui
3787 1760 3873 1813 sibi

2216 1845 2402 1916 placet
2433 1861 2445 1898 :
2475 1861 2608 1898 nam
2656 1846 2758 1916 qui
2811 1845 2921 1900 sibi
2973 1846 3250 1916 displicet,
3311 1847 3405 1901 hic
3436 1848 3571 1902 talis
3625 1850 3734 1904 Deo
3779 1850 3874 1918 pla-

2215 1937 2336 1999 cet;
2395 1937 2452 1988 et
2502 1933 2594 1987 cui
2641 1935 2790 1988 Deus
2838 1934 3046 2006 placet,
3076 1935 3198 2006 ipse
3239 1935 3349 1990 sibi
3379 1936 3661 2008 displicet.
3694 1939 3873 1992 Levavi.

2215 2023 2493 2076 Ascensus
2519 2037 2656 2092 ergo
2688 2023 2860 2076 estin
2904 2023 3122 2090 affectu,
3174 2029 3307 2094 etc.,
3357 2040 3529 2095 usque
3559 2026 3633 2080 ad
3679 2028 3763 2080 sed
3801 2025 3877 2096 qui

2215 2111 2620 2181 peregrinatur
2639 2115 2698 2165 et
2726 2111 3011 2166 desiderat
3040 2111 3314 2182 patriam.

2288 2200 2450 2253 Vaas.
2499 2203 2552 2253 2.
2609 2230 2677 2239 --
2729 2203 2861 2255 Ecce
2917 2203 3058 2255 sicut
3095 2202 3258 2269 oculi,
3309 2205 3416 2256 etc.
3475 2202 3677 2274 (Cass)
3710 2205 3874 2260 Servus

2217 2288 2366 2342 levat
2415 2287 2610 2341 oculos
2655 2288 2714 2341 in
2760 2304 2966 2342 manus
3026 2289 3278 2356 Domini,
3345 2291 3582 2361 quando
3655 2297 3772 2361 eget
3809 2291 3870 2344 vel

2219 2375 2446 2444 quando
2479 2376 2726 2446 vapulat,
2759 2375 2896 2446 quia
2925 2382 3235 2448 utrumque
3261 2378 3320 2432 in
3343 2379 3578 2433 Domini
3617 2383 3868 2450 potestate.

2218 2465 2369 2520 Sicut
2411 2465 2552 2518 oculi
2595 2465 2823 2518 ancilla.
2888 2464 3305 2534 (AUG.)S€1"vuS
3337 2471 3424 2520 est
3469 2468 3742 2538 populus;
3790 2469 3870 2520 Do-

2217 2555 2417 2619 minus,
2453 2552 2738 2620 Christus;
2781 2555 3019 2621 Ancilla,
3065 2554 3338 2618 Ecclesia;
3369 2555 3625 2624 domina,
3663 2556 3754 2610 Dei
3789 2556 3872 2607 vir-
3976 2617 3977 2624 ἶ

2216 2647 2327 2708 tus,
2353 2646 2411 2695 et
2441 2641 2540 2695 Dei
2573 2641 2871 2713 sapientia.
2909 2645 2974 2696 Et
2996 2642 3041 2695 si
3074 2642 3198 2713 jam
3245 2643 3347 2698 ﬁlii
3371 2649 3424 2697 et
3455 2645 3630 2698 amici
3658 2661 3753 2716 per
3776 2660 3876 2714 gra-

2223 2731 2385 2796 tiam,
2417 2729 2565 2783 servi
2603 2736 2797 2784 tamen
2823 2746 3021 2784 sumus
3049 2747 3157 2801 per
3185 2735 3526 2799 creaturam,
3566 2732 3698 2803 quia
3726 2732 3882 2785 omnis

2217 2822 2478 2872 creatura
2529 2819 2642 2872 Deo
2696 2819 2885 2872 servit.
2939 2819 3137 2887 (Cass)
3195 2821 3300 2874 Dat
3346 2820 3780 2876 similttudinem
3829 2819 3884 2872 de
3967 2819 3970 2890 ξ

2216 2922 2378 2960 servo
2410 2909 2466 2960 et
2496 2906 2718 2974 ancilla,
2752 2906 3010 2974 domino,
3075 2913 3131 2961 et
3157 2908 3409 2974 domina,
3443 2925 3516 2962 ne
3551 2909 3816 2963 femineus
3842 2912 3886 2961 et

408 2993 575 3047 litare
610 2993 797 3047 :unde
831 2993 1183 3062 suspiramus
1212 2993 1285 3046 ad
1319 2993 1603 3046 caelestem
1643 2992 1985 3057 Jerusalem,
2038 2991 2108 3046 ad
2142 2993 2182 3048 C
2219 2993 2462 3048 debilior
2491 3009 2660 3047 sexus
2693 3010 2751 3047 se
2783 2999 3080 3064 exceptum
3108 2999 3292 3066 putet.

409 3097 583 3152 quam
613 3082 833 3135 duabus
862 3081 966 3134 alis
990 3081 1307 3134 dilectionis
1338 3081 1619 3136 levamur.

477 3171 716 3224 thatus
745 3184 866 3224 sum
895 3172 954 3223 in
975 3170 1082 3235 his,
1108 3174 1214 3224 etc.
1249 3170 1438 3224 Primo
1485 3170 1698 3240 gaudet
1723 3185 1783 3223 se
1815 3169 2100 3224 monitum

410 3257 494 3312 ire
524 3258 594 3312 ad
621 3257 955 3323 Jerusalem,
989 3257 1086 3311 ubi
1145 3256 1329 3311 sanati
1361 3257 1544 3310 securi
1575 3262 1633 3310 et
1678 3273 1810 3310 eum
1867 3257 2105 3311 Domino

405 3345 768 3415 judicabunt.
800 3345 1083 3409 Secundo,
1133 3360 1473 3398 ascensurus
1502 3350 1660 3415 optat
1692 3345 2106 3400 abundantiam

411 3431 603 3500 pacis:
637 3432 840 3496 Rogate
869 3446 988 3499 quae
1017 3430 1092 3484 ad
1115 3446 1323 3500 pacem,
1357 3435 1466 3484 etc.

487 3519 653 3572 Vens.
673 3518 1217 3572 4.—Testimonium
1245 3520 1430 3572 Israel.
1465 3518 1649 3589 (Δυσ.)
1669 3518 1728 3572 Id
1757 3523 1861 3585 est,
1893 3518 1952 3572 in
1985 3521 2107 3590 qui-

412 3605 518 3660 bus
542 3606 902 3676 cognoscitur
929 3607 1080 3678 quod
1114 3623 1246 3661 vere
1277 3611 1412 3661 sunt
1442 3608 1634 3660 Israel.
1668 3608 1904 3671 Quando
1953 3610 2106 3663 enim

413 3711 593 3765 grana
639 3699 772 3747 sunt
813 3711 942 3748 cum
991 3695 1192 3765 paleis,
1252 3699 1437 3748 totum
1485 3693 1651 3764 palea
1699 3700 1962 3764 putatur;
2007 3697 2105 3751 sed

412 3799 542 3838 cum
569 3783 1008 3853 separabuntur,
1033 3790 1168 3838 tunc
1220 3783 1328 3837 erit
1355 3783 1751 3838 testimonium
1803 3785 1996 3839 Israel.

483 3873 645 3927 Vens.
675 3875 727 3927 5.
764 3902 832 3912 —
858 3873 1024 3928 Sedes
1051 3871 1180 3942 (Io.)
1218 3873 1278 3926 Id
1303 3877 1387 3926 est
1409 3873 1572 3943 justi,
1604 3873 1665 3927 in
1693 3874 1901 3944 quibus
1927 3876 2107 3928 Deum

412 3961 587 4027 sedet,
622 3965 754 4026 etc.,
795 3975 966 4032 usque
994 3960 1068 4014 ad
1096 3965 1332 4014 caveant
1363 3977 1499 4031 ergo
1531 3961 1638 4016 sibi
1671 3978 1870 4016 omnes
1927 3963 2104 4017 inter-

412 4048 673 4118 rogandi.

483 4135 643 4189 Vsus.
689 4137 747 4189 6.
786 4163 848 4174 --
896 4137 1114 4204 Rogate.
1149 4135 1355 4203 (Cass)
1398 4136 1653 4191 Secunda
1685 4153 1834 4208 pars,
1891 4138 1990 4192 ubi
2019 4138 2104 4192 lo-

2284 3081 2444 3136 Vaas.
2527 3083 2578 3136 3.
2613 3111 2682 3122 —
2705 3084 2972 3136 Miserere.
3002 3083 3122 3151 (11).)
3163 3084 3426 3138 Secunda
3469 3100 3624 3155 pars,
3649 3084 3744 3138 ubi
3777 3099 3882 3154 pre-

2215 3177 2377 3226 catur
2409 3171 2861 3226 misericordiam
2893 3175 3088 3225 contra
3135 3172 3495 3226 insultantes.
3550 3174 3754 3228 Servus
3805 3172 3884 3243 qui

2213 3257 2466 3329 vapulat,
2500 3257 2696 3312 levatis
2725 3257 2904 3310 oculis
2939 3257 3007 3312 ad
3039 3259 3242 3325 Deum,
3275 3259 3531 3330 erumpit
3556 3259 3618 3314 in
3650 3275 3884 3314 necessa-

2215 3346 2361 3401 riam
2391 3361 2588 3400 vocem
2621 3362 2635 3399 :
2668 3347 2937 3400 Miserere.

2284 3436 2492 3504 Repleti
2507 3449 2710 3488 sumus.
2747 3435 2816 3489 Ut
2837 3450 2969 3488 cum
3001 3434 3226 3489 dicitur.
3255 3434 3402 3500 Quid
3428 3436 3636 3505 credis,
3687 3437 3880 3500 insane,

2215 3522 2371 3576 vides
2393 3523 2544 3594 quod
2570 3523 2791 3576 credis?
2811 3523 3090 3578 Reversus
3122 3529 3207 3578 est
3263 3540 3334 3578 ne
3390 3525 3604 3596 aliquis
3653 3526 3720 3580 ab
3766 3525 3888 3580 infe~

2219 3612 2317 3678 ris,
2346 3616 2403 3666 et
2434 3612 2628 3666 retulit
2658 3611 2760 3665 tibi
2805 3613 2942 3683 quid
2997 3613 3078 3667 ibi
3111 3613 3340 3683 agitur?
3384 3615 3546 3681 Ecce,
3605 3615 3757 3686 quod
3801 3629 3885 3684 ego

2215 3717 2367 3767 amo,
2390 3700 2552 3755 video
2577 3704 2632 3754 et
2664 3700 2843 3755 fruor.

2802 3789 3110 3845 PSALMUS
3145 3790 3373 3846 CXXIII.

2287 3877 2447 3931 Vens.
2514 3881 2560 3930 l.
2593 3906 2662 3916 —
2713 3879 2834 3934 Nisi
2890 3880 3041 3948 quia.
3097 3878 3296 3950 (Casa)
3330 3880 3524 3934 Primo
3555 3881 3738 3935 sancti
3766 3895 3884 3934 mar-
3976 3899 3977 3912 ι

2215 3968 2370 4035 tyres
2395 3981 2678 4019 memores
2717 3971 2932 4036 quanta
2982 3971 3304 4032 evaserunt,
3338 3969 3442 4022 soli
3502 3969 3889 4024 misericordia:

2215 4053 2532 4120 ascribunt;
2576 4054 2844 4120 secundo,
2887 4054 3100 4125 gratias
3125 4061 3326 4124 agunt,
3362 4057 3519 4127 quod
3555 4058 3802 4112 liberati.

2287 4143 2447 4195 Vnus.
2482 4143 2532 4196 3.
2595 4171 2663 4182 —-
2711 4145 2865 4197 Forte
2920 4145 3070 4197 vivos
3120 4145 3470 4215 deglutissent
3523 4162 3645 4201 nos.
3709 4147 3886 4201 Vivunt
3976 4143 3977 4215 ᾗ

411 4222 608 4294 quitur
657 4222 726 4276 ad
767 4223 1011 4292 judices,
1072 4228 1275 4294 optans
1322 4224 1404 4278 eis
1463 4225 1872 4290 abundantiam
1923 4226 2100 4297 pacis,
2146 4271 2188 4324 Β
2215 4229 2314 4299 qui
2346 4229 2534 4283 sciunt
2569 4229 2786 4284 idolum
2827 4230 2973 4285 nihil
3016 4248 3157 4286 esse.
3200 4233 3404 4286 Mortui
3444 4239 3606 4300 sunt,
3647 4235 3746 4306 qui
3771 4233 3883 4288 illud

411 4327 583 4381 quam
681 4326 873 4364 amore
946 4311 1189 4366 fratrum
1269 4313 1621 4382 praedicavit.
1718 4317 2100 4384 Diligentibus.

431 4399 593 4468 AUG.)
621 4398 728 4463 Qui
757 4403 912 4453 amat
945 4399 1002 4452 in
1034 4400 1146 4454 alio
1205 4400 1446 4468 bonum,
1488 4401 1644 4472 quod
1701 4401 1825 4473 ipse
1855 4420 1970 4457 non
1997 4420 2104 4475 po-

409 4491 519 4541 test
543 4487 775 4556 habere,
819 4487 1139 4557 imputatur
1167 4488 1220 4542 ei
1249 4490 1413 4560 quasi
1441 4491 1732 4562 thaberet;
1801 4493 1951 4547 unde
1984 4509 1996 4547 :
2048 4493 2108 4548 Si

409 4574 656 4629 charitas
687 4590 800 4628 non
831 4575 1001 4629 habet
1031 4576 1184 4646 quod
1215 4577 1327 4643 det,
1361 4577 1457 4632 det
1511 4577 1747 4633 calicem
1796 4595 1962 4642 aquae
1988 4597 2001 4647 ;
2051 4585 2108 4635 et

408 4668 636 4718 tantum
706 4662 1031 4733 imputatur
1127 4665 1179 4718 ei
1253 4670 1536 4736 quantum
1614 4667 1845 4722 Zachaao
1917 4669 2100 4723 multa

407 4753 643 4823 (Matth.
666 4751 746 4823 x).
774 4753 965 4822 Impar
978 4752 1238 4820 facultas,
1274 4755 1371 4809 sed
1394 4771 1515 4810 non
1547 4755 1736 4826 impar
1763 4757 2028 4812 charitas.

479 4841 642 4896 Vens.
701 4846 754 4894 7.
812 4872 880 4881 —
921 4843 1045 4896 Fiat
1095 4859 1233 4912 pum.
1269 4844 1394 4914 (11).)
1467 4843 1725 4899 Charitas
1773 4850 1858 4900 est
1925 4847 2104 4900 virtus

407 4929 546 4985 foris
593 4933 652 4984 ut
694 4945 868 4997 mors,
911 4934 1042 4996 etc.,
1091 4946 1260 5000 usque
1303 4932 1376 4986 ad
1420 4932 1658 4987 subdit:
1709 4935 1941 5006 Propter
1974 4937 2100 5001 fra-

407 5023 514 5074 tres
543 5034 704 5074 meos.

474 5109 540 5162 In
596 5107 858 5163 turribus.
911 5107 1037 5179 (In.)
1086 5107 1149 5162 Id
1206 5109 1391 5164 estin
1435 5110 1673 5166 excelsis
1737 5110 1874 5165 tuis.
1929 5112 2101 5167 Pauci

407 5201 542 5251 sunt
578 5196 823 5266 judices,
879 5197 976 5251 sed
1028 5197 1200 5251 multi
1242 5199 1315 5252 ad
1373 5199 1632 5270 singulos
1704 5200 2095 5270 pertinebunt,

406 5302 550 5355 quos
576 5284 854 5357 recipient
900 5284 961 5338 in
990 5289 1204 5341 aeterna
1252 5287 1642 5357 tabernacula,
1698 5293 1754 5344 et
1790 5293 1927 5343 tunc
1991 5291 2100 5344 erit

405 5373 746 5429 abundantia
769 5375 831 5428 in
861 5375 1132 5442 turribus;
1189 5377 1338 5430 Deus
1368 5382 1560 5431 autem
1606 5381 1692 5432 est
1721 5381 1837 5431 tota
1898 5394 2096 5432 eorum

404 5459 771 5530 abundantia,
792 5466 911 5517 tam
941 5463 1340 5533 recipientium
1372 5481 1542 5535 quam
1565 5469 1940 5537 receptorum.

474 5549 635 5603 Vens.
663 5551 714 5604 9.
773 5579 840 5591 —
867 5553 1095 5621 Propter
1118 5552 1334 5608 domum
1378 5555 1596 5608 Domini
1618 5557 1730 5611 Dei.
1760 5555 1859 5610 Vel
1887 5554 1968 5610 sic
2011 5555 2092 5610 le-

2213 4322 2416 4388 putant
2469 4318 2689 4389 aliquid
2734 4334 2874 4374 esse.
2907 4321 3051 4391 Ergo
3121 4321 3336 4374 mortui
3376 4305 3782 4392 absorbentur,
3810 4322 3884 4392 qui
3976 4305 3977 4374 ἶ

2217 4410 2421 4476 putant
2477 4407 2694 4460 malum
2724 4406 3050 4462 faciendum
3081 4409 3233 4480 quod
3265 4408 3518 4476 faciunt;
3555 4413 3674 4466 vivi
3701 4417 3882 4471 autem,
3976 4425 3977 4452 ι

2215 4494 2315 4565 qui
2359 4493 2595 4565 quidem
2640 4495 2828 4549 sciunt
2886 4497 3103 4550 malum
3150 4513 3272 4552 esse
3330 4499 3485 4570 quod
3545 4500 3784 4565 faciunt,
3813 4499 3884 4554 sed

2211 4583 2611 4653 persecutione
2651 4583 2906 4654 superati
2959 4584 3023 4638 in
3075 4586 3406 4641 societatem
3453 4593 3763 4644 transeunt
3801 4590 3882 4640 im-

2210 4671 2463 4742 piorum,
2514 4677 2569 4726 et
2626 4673 2741 4727 Deo
2782 4673 2951 4744 hujus
2979 4675 3109 4729 vitae
3157 4675 3519 4732 dulcedinem
3568 4680 3880 4750 praeferunt,

2210 4760 2356 4815 sicut
2415 4761 2648 4832 quidam
2681 4762 2782 4832 qui
2820 4763 3029 4817 timore
3079 4757 3308 4818 mortis'
3337 4765 3508 4820 idolis
3562 4769 3883 4822 sacriﬁcave-

2209 4852 2362 4902 runt.
2392 4847 2576 4920 (Auo.)
2628 4851 2868 4906 Attende
2922 4853 3096 4906 etiam
3123 4854 3276 4924 quod
3310 4856 3532 4922 Petrus,
3569 4856 3634 4912 id
3681 4862 3763 4912 est
3806 4856 3883 4910 Ec-

2208 4937 2397 5003 clesia,
2444 4938 2707 4992 absorbet
2737 4940 2962 5006 multos,
2998 4941 3096 4996 sed
3129 4958 3243 4996 non
3265 4942 3439 4998 vivos.
3489 4945 3602 4999 Cui
3659 4945 3879 5000 dicitur:

2208 5026 2386 5079 Macta
2411 5029 2462 5080 et
2489 5027 2780 5083 manduca.
2813 5027 2965 5098 (Act.
2999 5033 3080 5100 x.)
3111 5031 3344 5086 Nullum
3383 5033 3541 5086 enim
3575 5035 3880 5096 manducet,

2205 5111 2262 5167 id
2289 5117 2393 5181 est,
2427 5115 2700 5169 membris
2716 5117 2936 5181 inserit,
2969 5117 3080 5173 nisi
3105 5124 3436 5188 mactatum,
3470 5121 3522 5175 id
3559 5130 3670 5189 est,
3698 5137 3882 5176 renun-

2204 5200 2442 5256 tiantem
2481 5203 2728 5258 diabolo.
2764 5206 3037 5261 Mactatur
3088 5224 3225 5279 ergo
3261 5209 3323 5263 in
3350 5210 3522 5276 malo,
3575 5212 3676 5266 sed
3725 5208 3881 5264 viviﬁ-

2203 5293 2448 5344 caturin
2495 5292 2667 5360 bono,
2720 5295 2820 5364 qui
2877 5296 3259 5352 manducatur
3309 5313 3343 5351 a
3389 5301 3578 5354 Petro.
3616 5301 3658 5354 E
3713 5303 3878 5354 contra

2204 5379 2410 5434 accidit
2436 5379 2522 5434 illi
2548 5397 2721 5452 quem
2749 5383 2992 5454 deglutit
3019 5385 3298 5440 diabolus.

2273 5469 2433 5522 Vens.
2468 5470 2520 5521 ft.
2557 5500 2624 5508 —
2678 5473 2863 5540 Aqua.
2900 5472 3098 5543 (Auc.)
3131 5475 3394 5529 Peccator
3427 5477 3685 5546 populus
3724 5478 3872 5544 (etest

2203 5573 2237 5612 a
2265 5556 2642 5614 similitudine
2667 5561 3079 5633 Egyptiorum)
3111 5579 3124 5618 :
3163 5579 3292 5636 qua:
3321 5580 3470 5636 aqua
3515 5568 3746 5622 torreos
3774 5562 3871 5620 ﬂuit
