4082 6184
205 348 347 399 1045

199 557 333 607 tem.
383 583 452 593 —
520 556 770 607 Forsitan
819 558 1047 624 ponunt
1106 554 1308 623 Latini,
1380 562 1442 609 ut
1486 564 1743 627 possunt,
1801 576 1905 630 pro

195 643 397 696 Graeco
428 643 529 715 ἄρα
559 641 935 697 dubitationis
979 643 1125 710 loco,
1182 645 1335 714 quod
1370 645 1795 715 intelligibilius
1828 649 1908 702 di-

198 730 399 784 citur:
458 734 641 801 putas,
698 734 1001 800 pertransit
1052 735 1237 786 anima
1262 740 1491 788 nostra?
1543 736 1595 789 id
1640 741 1741 803 est,
1786 754 1904 791 ma-

202 819 445 889 gnitudo
474 820 713 890 periculi
746 819 835 873 vix
864 818 1001 873 sinit
1028 820 1138 874 hoc
1158 822 1338 877 credi.

277 908 443 961 Vens.
484 910 535 960 5.
601 938 665 946 —
722 908 941 976 Aquam
1002 910 1417 965 intolerabilem.
1500 911 1693 983 (Avc.)
1774 912 1907 966 Sine

208 995 529 1050 substantia
559 1000 622 1048 ut
668 1000 801 1049 sunt
828 996 985 1064 vitia,
1037 1002 1093 1051 et
1124 1004 1374 1067 peccata,
1410 1005 1466 1053 et
1508 1001 1748 1054 dulcedo
1800 1003 1905 1055 liu-

200 1085 296 1154 jus
328 1084 477 1144 vitm,
510 1088 645 1150 etc.,
692 1100 861 1152 usque
916 1086 991 1138 ad
1021 1086 1443 1156 prodigumque
1492 1088 1678 1142 ﬁlium
1732 1090 1908 1161 longa

206 1172 545 1227 necessitate
562 1173 881 1227 confectum
914 1174 983 1228 ad
1012 1179 1229 1244 patrem
1268 1177 1582 1230 reduceret.

277 1263 437 1315 Vens.
491 1265 541 1315 6.
604 1291 673 1301 —
715 1263 1031 1317 Benedictus
1075 1266 1349 1319 Dominus.
1396 1266 1595 1335 (Cass)
1651 1267 1905 1322 Secunda

202 1367 357 1422 pars,
389 1350 490 1403 ubi
520 1350 700 1404 sancti
729 1350 939 1421 gratias
966 1356 1146 1422 agunt
1176 1353 1328 1423 quod
1376 1354 1603 1409 liberati
1651 1360 1707 1409 et
1751 1358 1904 1427 quod

199 1440 445 1509 laqueus
476 1439 773 1493 contritus.

274 1528 439 1580 Vens.
464 1532 517 1581 7.
563 1559 631 1565 -
672 1530 879 1581 Anima
908 1533 1112 1583 nostra.
1147 1532 1336 1598 (Anc)
1367 1531 1461 1584 Vel
1518 1531 1659 1585 sicut
1706 1533 1900 1604 aliquo

197 1615 447 1669 faciente
475 1616 777 1687 strepitum
814 1633 1113 1687 magnum,
1148 1622 1277 1684 etc.,
1309 1634 1476 1687 usque
1514 1619 1588 1673 ad
1646 1636 1773 1691 qua:
1820 1626 1905 1675 est

198 1704 370 1775 quasi
453 1704 709 1775 laqueus.
777 1707 1103 1760 Venantium
1116 1747 1129 1761 .

198 1799 641 1864 persequentes,
682 1809 805 1847 esca
850 1793 909 1846 in
955 1794 1295 1865 muscipula,
1330 1796 1570 1850 dulcedo
1619 1798 1791 1868 hujus
1821 1799 1899 1851 vi-

199 1885 306 1937 tae.
367 1882 617 1951 Laqueus
675 1883 957 1935 contritus.
1010 1882 1207 1953 (Cass)
1266 1883 1475 1938 Occisis
1532 1886 1899 1956 martyribus,

196 1984 322 2022 non
355 1973 527 2022 restat
554 1969 792 2023 dulcedo
847 1969 998 2036 vita),
1034 1987 1148 2041 qua
1201 1973 1421 2042 possint
1476 1973 1685 2028 iterum
1721 1975 1843 2045 capi
1882 1992 1895 2029 :

198 2058 301 2111 sed
333 2057 443 2127 ipsi
488 2074 608 2112 non
655 2058 824 2112 simul
856 2059 1083 2113 contriti
1126 2064 1277 2127 sunt,
1311 2060 1428 2114 imo
1460 2062 1705 2117 liberati.
1759 2066 1895 2120 Con-

197 2148 391 2200 tritus.
421 2145 541 2216 (10.)
601 2145 769 2210 Quasi
829 2146 1086 2200 diceret:
1142 2147 1278 2218 quia
1324 2149 1540 2203 ferreus
1592 2154 1741 2218 erat;
1782 2167 1897 2205 non

194 2238 422 2303 ruptus,
447 2239 512 2288 ut
540 2238 727 2304 stupa,
761 2240 921 2290 tanta
949 2235 1222 2290 fortitudo
1257 2238 1559 2306 passionis,
1602 2243 1758 2293 tanta
1787 2256 1894 2311 po-

194 2322 384 2377 tentia
410 2323 729 2377 liberantis.

756 2412 1072 2467 PSALMUS
1111 2413 1335 2467 CXXIV.

267 2500 431 2553 Vens.
462 2502 507 2553 l.
544 2530 609 2539 —
642 2501 940 2556 Canticum.
992 2500 1187 2571 (Cass)
1232 2502 1428 2556 Sextus
1481 2504 1707 2573 gradus,
1763 2520 1893 2557 con-

194 2588 435 2642 ﬁdentia
510 2588 829 2642 ﬁdelissimi
902 2589 1209 2644 Christiani
1294 2591 1649 2645 solidissimis
1727 2610 1889 2647 mon-

189 2678 342 2731 tibus
372 2684 760 2747 comparatur,
811 2694 983 2749 quam
1013 2678 1185 2732 habet
1233 2680 1291 2732 in
1328 2681 1588 2747 Domino,
1643 2698 1712 2735 ne
1749 2684 1889 2736 zelet

195 2766 385 2819 felices
412 2766 472 2819 in
511 2766 617 2820 hoc
645 2768 874 2821 saeculo.
910 2768 1018 2832 Qui
1047 2769 1337 2836 conﬁdunt.
1390 2769 1577 2839 (Avo)
1610 2770 1707 2823 Hic
1738 2773 1885 2842 psal-

195 2870 321 2907 mus
370 2854 550 2921 docet,
591 2859 718 2921 etc.,
759 2871 930 2924 usque
987 2856 1061 2909 ad
1090 2857 1191 2927 qui
1240 2861 1372 2911 sunt
1402 2858 1534 2911 isti?
1567 2859 1751 2929 qualis
1804 2866 1888 2914 est

190 2942 296 2997 ista
323 2944 638 2997 Jerusalem
665 2961 678 3009 ;
713 2944 963 2997 breviter
992 2943 1278 2999 describit.

1328 346 1582 402 GLOSSA
1620 349 2018 406 ORDINARIA.
2058 380 2126 390 -
2170 352 2302 406 LIB.
2347 350 2580 405 PSALM.

196 482 337 521 cum
372 466 610 538 impetu,
661 467 757 521 sed
792 466 903 521 cito
925 467 1156 534 transit;
1213 469 1366 524 unde
1393 470 1584 524 subdit
1617 488 1629 525 :
1686 478 1899 527 torren-
1928 476 1973 526 Α

3584 353 3717 405 1046

2590 472 2809 527 PSALM
2819 472 2898 527 US
2939 473 3129 527 CXXV.

2098 563 2253 616 Vens.
2312 565 2358 617 l.
2395 593 2459 601 —
2518 562 2797 618 Canticum
2854 562 3144 629 graduum.
3180 560 3378 631 (Cass)
3429 563 3717 635 Septimus

2019 652 2231 721 gradus
2261 652 2320 704 in
2376 650 2561 721 ﬁgura
2606 650 2818 704 Veteris
2874 650 3220 703 Testamenti
3259 668 3362 721 per
3409 658 3713 707 venturum

2019 739 2332 804 Christum,
2366 737 2746 791 reversionem
2792 738 2859 790 de
2892 738 3236 807 captivitate,
3291 740 3453 809 quasi
3500 742 3567 794 de
3610 744 3717 795 Βδ-

2018 829 2249 899 bylonia
2276 828 2582 898 prophetat
2615 826 2805 879 :unde
2831 826 2952 896 jam
2986 828 3313 891 consolatio,
3359 833 3413 881 et
3472 831 3715 883 semina-

2018 916 2098 970 tio
2157 916 2245 984 ut:
2270 917 2400 985 plus
2456 920 2725 969 metatur.
2808 914 2989 984 (Αυσ.)
3067 916 3367 986 Redempti
3435 919 3713 987 sanguine

2018 1004 2226 1059 Christi
2262 1010 2318 1057 et
2360 1003 2617 1057 conversi
2648 1020 2679 1056 a
2723 1003 3073 1073 captivitate,
3105 1004 3223 1057 haec
3276 1009 3526 1071 cantant,
3577 1007 3712 1059 dum

2015 1092 2326 1163 peregrini,
2386 1096 2680 1162 gementes
2741 1092 2800 1145 in
2831 1092 2946 1145 via.
2980 1093 3114 1147 Sion
3175 1098 3260 1146 est
3288 1095 3600 1148 Jerusalem
3654 1096 3712 1148 in

2015 1182 2236 1251 angelis
2266 1187 2500 1250 aeterna,
2537 1180 2593 1233 in
2622 1181 2952 1235 hominibus
2974 1181 3214 1252 captiva.
3262 1184 3319 1235 In
3341 1184 3709 1236 convertendo.

2015 1269 2215 1337 (Cass)
2250 1269 2506 1323 Primum
2559 1268 2895 1338 magnitudo
2927 1268 3078 1329 facti,
3122 1284 3251 1321 cum
3315 1270 3711 1339 magnitudine

2014 1357 2211 1426 gaudii
2256 1356 2610 1409 ostenditur:
2662 1357 2907 1410 secundo
2958 1361 3225 1426 precatur
3278 1358 3709 1411 conversionem

2013 1460 2047 1495 a
2085 1442 2411 1514 captivitate
2468 1444 2652 1497 adhuc
2712 1444 2922 1507 futura,
2974 1442 3073 1508 ibi,
3130 1444 3399 1509 Converte,
3469 1446 3706 1497 Domine.

2010 1533 2079 1587 In
2122 1532 2496 1585 convertenda.
2567 1530 2749 1601 (AUG.)
2800 1531 2920 1597 Vel,
2981 1547 3111 1584 cum
3162 1532 3522 1598 converterit,
3577 1538 3708 1599 etc.,

2010 1635 2180 1690 usque
2226 1620 2300 1672 ad
2319 1621 2579 1686 converte,
2613 1621 2851 1683 Domine,
2892 1622 3262 1688 captivitatem
3291 1627 3551 1675 nostram.
3588 1624 3705 1676 Sic-

1217 1707 1337 1778 (Iu.)
1414 1710 1695 1763 Venantes
1768 1715 1902 1764 sunt
1931 1756 1971 1778 η
2011 1712 2092 1762 ut.
2141 1708 2259 1777 (ιο.)
2317 1709 2441 1761 Non
2464 1723 2691 1778 semper
2730 1708 2799 1761 ad
2830 1708 3267 1761 similitudinem
3315 1709 3571 1778 ponitur,
3608 1710 3707 1764 sed

2014 1796 2083 1850 ad
2114 1795 2546 1865 proprietatem,
2599 1800 2664 1849 ut
2716 1795 2837 1861 hic;
2880 1796 3031 1850 unde
3063 1795 3238 1849 etiam
3270 1796 3479 1850 dicitur
3510 1814 3521 1850 :
3558 1797 3707 1851 Fecit

2014 1888 2077 1938 ut
2094 1885 2301 1954 justus,
2327 1885 2479 1955 quod
2502 1901 2632 1939 vere
2665 1889 2769 1951 est,
2800 1884 2877 1938 ita
2911 1884 3042 1938 facti
3073 1884 3218 1938 ﬁunt
3269 1884 3361 1938 isti
3392 1888 3529 1939 sicut
3580 1902 3702 1939 con-

2010 1976 2194 2043 solati,
2236 1974 2293 2027 id
2326 1979 2428 2040 est,
2472 1974 2652 2045 gavisi
2707 1980 2858 2040 sunt,
2917 1974 3008 2041 (ut
3061 1974 3512 2028 consolationem
3560 1975 3705 2028 acci-

2008 2062 2231 2133 pientes
2267 2062 2327 2115 in
2384 2062 2801 2117 resurrectione
2860 2062 3085 2129 Christi,
3147 2063 3247 2132 qui
3296 2062 3591 2133 praecessit
3648 2070 3708 2118 ut

2008 2167 2455 2222 consequamur.

2076 2241 2238 2293 Vens.
2262 2242 2315 2292 2.
2354 2268 2427 2280 —
2470 2240 2538 2295 Os
2577 2243 2840 2294 nostrum.
2905 2239 3105 2307 (Cass)
3160 2238 3358 2294 Cordis
3409 2256 3700 2306 arcanum,

2005 2327 2104 2380 ubi
2132 2327 2385 2397 primum
2416 2326 2644 2396 gaudia,
2676 2343 2805 2397 quas
2836 2331 2963 2397 post
3012 2326 3201 2379 ofﬁcio
3234 2326 3447 2396 linguae
3510 2343 3701 2381 erum-

2001 2420 2165 2486 punt.
2206 2415 2386 2485 (AUG.)
2420 2417 2491 2472 Os
2520 2420 2782 2469 nostrum.
2820 2413 3036 2477 Cordis,
3093 2414 3226 2467 inde
3281 2414 3535 2484 procedit
3577 2432 3689 2467 ma-

2002 2502 2122 2555 lum
2154 2502 2389 2565 bonum,
2418 2501 2571 2572 quod
2602 2518 2705 2554 nos
2739 2500 2999 2561 mundat,
3052 2500 3137 2552 vel
3183 2500 3479 2569 inquinat;
3540 2499 3696 2553 unde

2000 2607 2164 2645 non:
2226 2591 2377 2656 Quod
2426 2590 2671 2659 procedit
2721 2590 2785 2642 de
2841 2605 2948 2654 ore,
3002 2591 3256 2656 inquinat
3310 2589 3507 2657 (Marc.
3576 2587 3694 2653 v11).

1998 2680 2123 2733 Non
2154 2679 2223 2732 de
2246 2695 2343 2731 ore
2375 2678 2578 2742 carnis,
2609 2678 2707 2730 sed
2728 2678 2931 2730 cordis.
2970 2679 3094 2731 Non
3133 2677 3288 2730 enim
3338 2676 3383 2729 si
3434 2675 3697 2729 nominas

1996 2768 2151 2822 furta
2172 2771 2227 2819 et
2253 2766 2364 2820 alia
2395 2768 2565 2830 mala,
2614 2766 2943 2819 immundus
2983 2783 3042 2818 es
3076 2782 3087 2817 :
3122 2766 3221 2817 sed
3270 2765 3407 2818 dum
3459 2764 3694 2833 cogitas,

1998 2862 2053 2911 et
2084 2856 2129 2909 si
2160 2854 2353 2908 sileas.
2394 2856 2538 2908 Inter
2565 2859 2766 2920 gentes.
2804 2853 2926 2923 (Ιυ.)
2964 2855 3088 2907 Νοιι
3131 2857 3348 2924 gentes,
3391 2852 3526 2923 quia
3582 2868 3693 2904 non

1996 2960 2198 3000 omnes
2220 2944 2479 2997 credunt.
2517 2943 2913 3010 Magniﬁcavit,
2969 2942 3104 3012 quia
3151 2942 3345 2995 vident
3375 2958 3471 2994 eos
3520 2940 3690 2994 etiam

264 3032 423 3084 Vens.
454 3034 504 3085 2.
534 3033 842 3099 —’_-Montes
864 3035 922 3086 in
954 3035 1206 3099 circuitu,
1240 3033 1297 3087 id
1355 3037 1461 3101 est,
1492 3034 1700 3103 angeli,
1758 3051 1889 3106 pro-
1925 3036 1965 3091 C
2002 3032 2239 3087 virtutes
2268 3031 2524 3101 operari;
2554 3031 2786 3084 ﬁrmum
2818 3031 3215 3084 testimonium
3246 3031 3317 3084 ab
3349 3029 3691 3083 adversario.

194 3119 404 3189 phetaa,
433 3120 674 3190 apostoli
706 3126 841 3175 sunt
873 3137 1069 3174 murus
1091 3121 1213 3191 ejus
1251 3137 1262 3173 :
1326 3121 1476 3175 unde
1536 3122 1707 3176 Isaias
1741 3140 1753 3177 :
1814 3125 1890 3179 Et

195 3211 299 3261 erit
330 3210 389 3261 in
428 3224 490 3261 ea
536 3224 743 3272 murus,
802 3213 853 3263 et
902 3210 1236 3263 antemurale
1283 3209 1415 3278 (Isa.
1474 3210 1623 3278 XXVI)
1690 3211 1785 3264 sed
1819 3227 1890 3264 ne

187 3296 250 3350 in
309 3295 601 3351 montibus
648 3312 962 3359 remaneas,
1017 3297 1187 3358 addit,
1244 3302 1301 3350 et
1358 3297 1630 3351 Dominus
1681 3298 1741 3351 in
1786 3300 1891 3353 cir-

186 3387 367 3441 cuitu.
434 3390 511 3444 Ne
555 3404 678 3455 ergo
732 3390 804 3442 sit
855 3404 977 3457 spes
1001 3391 1059 3442 in
1114 3388 1402 3454 montibus,
1451 3389 1548 3443 sed
1580 3388 1640 3442 in
1682 3391 1889 3444 vertice

188 3475 515 3530 montium:
580 3477 728 3531 unde
808 3477 1011 3530 Isaias:
1063 3479 1187 3530 Erit
1242 3478 1300 3530 in
1358 3480 1663 3532 novissimis
1704 3478 1889 3533 diebus

189 3579 343 3619 mons
372 3568 431 3619 in
451 3568 645 3619 vertice
674 3566 812 3636 (Isa.
847 3566 984 3634 XXI),
1009 3570 1119 3620 etc.
1173 3567 1281 3631 Qui
1337 3566 1631 3633 conﬁdunt.
1692 3568 1887 3634 (Casa)

196 3652 386 3706 Primo
416 3654 633 3718 asserit,
668 3660 800 3720 etc.,
829 3670 997 3723 usque
1025 3655 1100 3708 ad
1126 3654 1261 3725 quia
1292 3659 1347 3707 et
1398 3656 1562 3708 multi
1622 3661 1777 3722 sunt,
1836 3662 1892 3711 et

190 3758 371 3795 unum
400 3747 552 3798 sunt.
584 3744 735 3797 Mons
762 3744 911 3798 Sion.
949 3744 1160 3810 (HIER.)
1193 3744 1473 3809 Christus,
1508 3743 1567 3796 in
1607 3760 1719 3813 quo
1750 3744 1888 3797 fun-

187 3830 321 3883 data
342 3834 425 3883 est
454 3830 701 3884 Ecclesia
732 3848 745 3884 :
780 3831 941 3885 Mons
969 3830 1065 3885 ille
1097 3831 1167 3885 ad
1222 3832 1493 3899 litteram,
1542 3831 1604 3884 in
1636 3830 1748 3885 ﬁne
1778 3849 1890 3886 see-

193 3918 305 3972 cnli
328 3919 799 3973 commovebitur.

265 4009 425 4061 Vens.
454 4011 505 4062 3.
540 4038 611 4049 —
668 4010 894 4079 Virgam
947 4014 1307 4078 peccatorum.
1347 4010 1534 4078 (Avo)
1571 4008 1884 4064 Dominan-

193 4100 289 4149 tur
319 4097 476 4150 enim
515 4098 822 4167 aliquando
878 4102 1117 4168 propter
1171 4097 1531 4167 disciplinam
1579 4098 1885 4165 bonorum,

191 4186 291 4239 sed
321 4186 430 4239 hoc
457 4201 575 4239 non
590 4202 817 4256 semper
843 4186 971 4252 erit,
1004 4191 1063 4239 ut
1085 4185 1176 4239 hic
1197 4191 1391 4255 aperte
1414 4186 1841 4257 dicitipropbeta
1871 4203 1884 4240 :

189 4282 248 4331 et
295 4276 426 4330 idvo
474 4291 587 4329 non
619 4274 891 4329 deﬁciunt
915 4276 1078 4346 justi,
1130 4275 1264 4346 quia
1293 4275 1479 4329 sciunt
1525 4280 1751 4346 tempus
1799 4276 1884 4329 fu-

186 4370 411 4429 turum,
444 4380 558 4434 quo
590 4364 843 4419 Christus
878 4364 939 4417 in
969 4364 1221 4418 claritate
1253 4380 1353 4417 sua
1400 4380 1698 4434 apparens,
1749 4380 1884 4418 con-

187 4452 457 4526 gregabit
488 4456 618 4506 ante
651 4468 709 4507 se
750 4468 971 4521 omnes,
1019 4457 1215 4524 gentes
1248 4458 1306 4506 et
1356 4452 1571 4507 dividet
1601 4469 1693 4507 eas
1744 4453 1890 4507 sicut

188 4546 395 4612 pastor
444 4540 645 4595 dividit
691 4541 886 4596 haedos
936 4542 1007 4596 ab
1059 4542 1274 4607 ovibus,
1327 4558 1572 4613 ovesque
1624 4548 1799 4612 ponet
1856 4558 1889 4595 a

188 4630 426 4696 dextris,
458 4629 653 4683 haedos
684 4647 714 4683 a
746 4630 1007 4684 sinistris.
1040 4634 1269 4687 Sortem.
1314 4632 1520 4700 (Cass)
1557 4631 1615 4685 Id
1649 4635 1749 4698 est,
1800 4633 1889 4702 ju-

189 4722 311 4771 stos
334 4722 487 4772 sorte
520 4718 745 4785 electos,
777 4719 864 4772 vel
897 4719 995 4789 qui
1025 4726 1156 4773 sunt
1186 4738 1307 4773 sors
1338 4726 1395 4775 et
1432 4721 1734 4775 baereditas
1766 4720 1885 4775 Dei.

266 4807 432 4860 Vens.
468 4807 519 4862 4.
553 4838 622 4846 -
670 4807 928 4875 Benefac,
982 4811 1198 4863 Domine
1250 4810 1373 4879 (10.)
1422 4808 1681 4864 Secunda
1737 4826 1888 4880 pars,

193 4894 292 4949 ubi
328 4895 665 4950 conﬁrmato
690 4898 927 4967 populo,
978 4902 1243 4966 precatur
1290 4899 1442 4968 quod
1483 4898 1588 4952 scit
1634 4898 1889 4951 futurum

186 4989 259 5038 ut
286 4983 455 5037 bonis
483 4985 854 5055 prosperitas,
890 4985 1054 5038 malis
1084 4986 1334 5039 vindicta
1356 4985 1566 5040 veniat.

264 5072 435 5126 Vens.
502 5076 553 5125 5.
613 5104 672 5111 —-
720 5075 1056 5127 Declinantes
1117 5078 1314 5126 autem.
1362 5074 1486 5142 (10.)
1538 5072 1667 5126 Pari
1718 5071 1889 5125 etiam

182 5160 480 5214 sententia
510 5166 773 5231 pereunt,
798 5160 897 5231 qui
930 5161 1220 5216 declinant
1267 5163 1426 5231 jussa
1484 5161 1777 5232 principis,
1837 5166 1893 5215 et

178 5248 293 5319 qui
324 5264 499 5318 opera
524 5250 673 5302 mala
690 5249 831 5303 velle
852 5250 1206 5303 contendunt
1231 5269 1245 5316 ;
1268 5248 1612 5315 deﬁcientes,
1647 5266 1775 5303 cum
1802 5266 1892 5305 co-

181 5335 467 5407 gentibus
498 5337 759 5393 deﬁcere.
798 5341 917 5393 Paa:
955 5353 1118 5407 super
1138 5339 1337 5392 Israel.
1394 5339 1577 5404 (Ave)
1613 5338 1732 5391 Uno
1790 5352 1890 5389 no-

182 5423 353 5479 mine
406 5426 595 5494 patria
658 5427 959 5481 hmreditas
1034 5426 1240 5480 dicitur
1287 5442 1415 5494 quas
1482 5429 1566 5479 est
1612 5424 1889 5479 Christus.

184 5517 325 5585 Ipse
356 5513 509 5567 enim
568 5519 650 5568 est
695 5531 801 5583 pax
832 5519 1047 5581 nostra,
1092 5515 1187 5583 qui
1241 5514 1369 5567 fecit
1413 5518 1652 5583 utraque
1689 5529 1889 5579 unum,

186 5599 304 5674 qui
340 5616 539 5669 pacem
565 5618 735 5672 supra
754 5619 955 5673 pacem
989 5601 1148 5657 dabit
1168 5602 1352 5657 nobis.

1999 3119 2197 3191 (Cass)
2233 3120 2298 3172 Et
2327 3134 2455 3171 vere
2510 3118 2918 3189 magniﬁcavit,
2969 3134 3040 3171 ne
3101 3117 3329 3171 dubites
3388 3117 3456 3170 de
3511 3116 3697 3169 verbis

2000 3206 2283 3277 gentium.

2071 3296 2229 3349 Vens.
2292 3295 2349 3350 4.
2440 3325 2507 3337 —
2553 3296 2827 3361 Converte,
2911 3297 3147 3348 Domine.
3230 3294 3350 3361 (10.)
3434 3291 3693 3346 Secunda

1999 3400 2153 3454 pars.
2196 3385 2467 3437 Precatur
2530 3384 2982 3448 conversionem,
3044 3398 3173 3453 quas
3242 3383 3433 3435 futura
3481 3386 3584 3444 est,
3632 3382 3689 3433 in

1999 3489 2112 3543 qua
2140 3473 2239 3526 ﬁet
2268 3472 2569 3526 seminatio
2600 3488 2697 3543 spe
2738 3473 2949 3542 gaudii.
2986 3474 3119 3543 (11).)
3149 3473 3433 3527 Adventus
3464 3470 3693 3524 Domini

1996 3561 2393 3631 redemptione
2416 3560 2706 3631 praedicta,
2742 3566 3050 3630 precantur
3082 3561 3289 3613 iterum
3324 3563 3555 3630 peccata
3591 3576 3692 3612 sua

1998 3648 2226 3703 dimitti.
2262 3650 2324 3701 In
2353 3650 2605 3718 generali
2627 3650 2961 3702 remissione
2992 3649 3264 3717 gaudent,
3314 3654 3370 3701 et
3426 3648 3531 3701 sibi
3593 3664 3692 3700 ve-

1997 3738 2151 3790 niam
2180 3743 2504 3808 precantur.
2538 3742 2807 3803 Converte,
2852 3741 3088 3803 Domine,
3152 3739 3543 3806 Captivitatem
3594 3752 3692 3789 no-

1996 3828 2190 3878 stram.
2225 3825 2550 3892 (10.)Nulla
2599 3826 2669 3877 ad
2706 3825 2949 3876 litteram
2995 3824 3055 3876 in
3085 3824 3286 3877 diebus
3348 3823 3546 3890 David,
3596 3823 3692 3875 sed

1997 3912 2102 3965 sub
2134 3912 2360 3965 diabolo
2419 3912 2667 3965 mundus
2697 3913 2971 3981 captivus,
3032 3923 3161 3976 etc.,
3218 3927 3387 3979 usque
3444 3911 3518 3963 ad
3578 3926 3691 3962 non

1998 4001 2124 4055 ideo
2184 3999 2594 4065 desistendum,
2646 4000 2802 4069 quia,
2861 4003 2957 4069 qui
3011 4002 3241 4053 seminat
3306 4002 3365 4052 in
3416 4000 3687 4065 lacrymis.

1998 4088 2247 4160 (Tneon)
2274 4091 2543 4141 Austrum
2602 4088 3054 4159 Hierosolymam
3112 4092 3293 4153 vocat,
3352 4092 3476 4151 etc.,
3526 4101 3694 4154 usque

1996 4178 2071 4231 ad
2100 4180 2163 4230 ut
2190 4181 2482 4246 cogantur,
2538 4182 2594 4230 et
2633 4178 2899 4231 torrentis
2937 4178 3115 4229 instar
3146 4176 3255 4229 iter
3284 4175 3512 4229 faciant.

2066 4266 2230 4320 Vens.
2262 4267 2312 4317 5.
2372 4267 2435 4319 1η
2493 4266 2768 4333 lacrymis.
2824 4265 3011 4333 (Aue.)
3060 4264 3386 4334 Spiritualis
3437 4261 3691 4316 semina-

1995 4353 2075 4407 tio
2099 4369 2327 4423 semper
2355 4353 2414 4405 in
2456 4353 2737 4423 lacrymis,
2772 4354 2965 4407 unde:
3016 4356 3169 4408 Beati
3191 4355 3288 4421 qui
3337 4354 3535 4417 lugent.
3585 4350 3691 4413 Qui

2002 4458 2132 4495 vero
2165 4442 2449 4495 seminant
2496 4441 2555 4493 in
2587 4458 2778 4509 carne,
2826 4458 2957 4496 cum
3006 4442 3203 4495 laetitia
3233 4441 3553 4493 seminant:
3594 4438 3689 4491 sed

1998 4535 2130 4601 post
2157 4532 2361 4584 ﬂetus:
2393 4529 2530 4600 quia
2577 4538 2818 4585 extrema
2865 4532 3059 4599 gaudii
3085 4532 3255 4584 luctus
3277 4533 3517 4599 occupat.
3571 4529 3690 4593 (10.)

2000 4619 2280 4679 Zachazus,
2316 4620 2443 4671 Ecce
2475 4618 2787 4684 dimidium,
2822 4624 2950 4681 etc.,
2978 4634 3144 4688 usque
3190 4619 3263 4671 ad
3298 4636 3310 4671 :
3348 4620 3454 4683 Qui
3485 4617 3692 4670 dederit

2000 4708 2217 4761 calicem
2246 4721 2401 4773 aquae
2428 4708 2674 4776 frigidm,
2704 4724 2807 4762 non
2837 4708 3023 4776 perdet
3060 4707 3350 4760 mercedem
3372 4706 3589 4775 (Matth.
3615 4704 3688 4771 Χ).

2070 4795 2239 4848 Vens.
2316 4798 2367 4848 6.
2436 4825 2507 4836 —
2556 4798 2775 4851 Euntes.
2838 4796 3032 4865 (Cass)
3111 4798 3387 4849 Proveetu
3438 4792 3694 4848 melioris

1998 4882 2154 4935 vitae.
2197 4884 2482 4949 Mittentes,
2518 4890 2647 4937 ante
2679 4901 2735 4937 se
2783 4883 3191 4953 prmmittentes
3219 4882 3277 4935 in
3320 4882 3418 4935 illo
3463 4882 3687 4934 saeculo.

1998 4973 2135 5036 Sua,
2166 4987 2281 5024 non
2322 4972 2391 5025 de
2424 4972 2638 5041 rapina.
2680 4973 2773 5025 sed
2800 4972 2867 5025 de
2898 4972 3129 5042 proprio
3156 4972 3377 5035 labore;
3420 4974 3690 5023 venientes

1999 5061 2069 5113 ad
2102 5060 2403 5131 judicium.
2459 5062 2572 5114 Hoc
2629 5076 2931 5114 commune
2984 5060 3268 5126 omnium,
3302 5058 3397 5112 sed
3440 5059 3506 5111 ad
3554 5074 3690 5127 gau-

2002 5149 2158 5204 dium
2191 5166 2307 5203 non
2334 5149 2440 5203 nisi
2469 5150 2604 5203 boni
2636 5149 2891 5203 veniunt.
2932 5151 3008 5204 Et
3062 5151 3277 5217 ﬂebant.
3317 5148 3504 5218 (AUG.)
3550 5147 3693 5209 Quia

2002 5239 2199 5293 miseri
2220 5242 2400 5304 erant,
2424 5242 2553 5298 etc.,
2599 5254 2766 5306 usque
2797 5239 2870 5291 ad
2900 5242 3058 5307 optat
3082 5239 3290 5291 multos
3339 5252 3456 5289 esse
3487 5250 3688 5305 aegros.

2564 5327 2875 5382 PSALMUS
2907 5327 3123 5380 CXXVI.

2072 5416 2238 5470 Vens.
2278 5420 2325 5469 l.
2366 5448 2431 5456 ——-
2463 5419 2742 5472 Canticum
2790 5415 3068 5483 graduum
3120 5415 3439 5469 Salomonis.
3497 5412 3691 5481 (Cass)

2003 5514 2264 5580 Octavus,
2295 5512 2525 5598 gradus,
2562 5517 2692 5577 etc.,
2731 5527 2898 5580 usque
2920 5512 2993 5564 ad
3030 5514 3085 5563 et
3114 5510 3174 5563 in
3203 5526 3261 5563 se
3292 5510 3483 5580 lapide
3513 5526 3693 5579 angu-

2002 5600 2110 5655 lari
2144 5601 2448 5654 Ecclesiam
2508 5601 2576 5655 de
2633 5601 2857 5655 duobus
2907 5599 3219 5669 parietibus
3273 5598 3602 5652 Judaeorum
3641 5602 3696 5651 et
