4082 6184
335 313 355 364 l
366 309 468 363 047

332 434 601 505 gentium
653 431 993 488 construxit.
1048 432 1232 502 (Αυδ.)
1274 431 1371 485 Hic
1444 431 1674 486 additur
1702 430 2023 495 Salomonis,
2056 431 2103 484 A

334 521 471 592 quia
495 520 543 574 is
577 519 879 575 aediﬁcavit
915 519 1219 589 templum,
1248 518 1307 571 in
1340 516 1527 587 ﬁgura
1552 518 1773 588 paciﬁci
1804 517 2031 583 Christi,

336 610 437 680 qui
483 608 783 663 aediﬁcavit
826 606 1132 661 Ecclesiam
1162 607 1231 660 de
1281 606 1503 660 duobus
1560 606 1891 677 parietibus.
1954 607 2033 659 Ne

337 714 474 768 ergo
502 697 783 767 acciperes
811 696 974 749 illum
1020 696 1407 761 Salomonem,
1445 694 1541 761 ait,
1610 697 1730 750 Nisi
1766 696 2031 748 Dominus

335 788 707 856 aediﬁcaverit.
744 786 808 838 In
855 784 958 838 hoc
990 800 1118 854 spes
1166 784 1455 853 ponenda,
1494 783 1589 837 sed
1621 783 1680 836 in
1716 784 1870 836 nullo
1922 783 2032 836 ho-

336 873 559 927 minum
589 890 601 927 :
631 874 767 945 quia
815 877 871 926 et
901 872 997 926 ille
1045 872 1315 927 Salomon
1346 871 1550 925 cecidit
1608 871 1707 941 qui
1750 871 2031 941 templum

334 961 658 1015 aediﬁcavit.
721 961 917 1031 (Cass)
991 960 1206 1027 Primo,
1266 964 1460 1013 monet
1503 959 1794 1030 quomodo
1842 975 2034 1012 ascen-

334 1048 535 1102 dentes
560 1064 618 1102 se
661 1049 873 1118 habere
903 1047 1168 1113 debeant,
1201 1047 1417 1102 scilicet
1446 1047 1665 1101 discant
1694 1048 1847 1118 quod
1896 1046 2031 1100 aedi-

334 1134 525 1189 ﬁcatio
556 1138 614 1188 et
640 1116 895 1189 custodia
925 1150 1041 1187 non
1068 1134 1181 1187 nisi
1213 1150 1246 1187 a
1276 1136 1386 1187 Deo
1409 1141 1513 1189 est.
1550 1135 1615 1187 Et
1648 1116 1917 1187 exaltatio
1970 1133 2032 1186 in

330 1223 529 1277 futuro
576 1239 693 1276 non
718 1228 799 1277 est
851 1222 963 1276 nisi
1038 1227 1167 1293 post
1212 1222 1693 1277 humiliationem.
1751 1222 2028 1277 Secundo.

335 1312 477 1366 dicit
514 1327 645 1382 quae
692 1312 764 1365 sit
791 1311 1116 1377 haareditas,
1166 1316 1223 1365 et
1276 1311 1563 1382 quomodo
1609 1311 1866 1373 collecta,
1928 1310 2030 1373 ibi,

332 1400 477 1454 Ecce
523 1400 832 1453 haereditas.
880 1400 1002 1455 Nisi
1025 1401 1302 1453 Dominus.
1360 1398 1488 1469 (Ιυ.)
1541 1399 1713 1463 Quasi
1767 1399 2026 1452 diceret:

328 1487 449 1559 jam
480 1487 635 1541 venit
653 1488 835 1553 Jesus,
865 1487 933 1541 de
974 1487 1301 1557 captivitate
1333 1488 1556 1541 reduxit
1596 1503 1609 1541 :
1661 1487 1783 1556 jam
1835 1486 2031 1539 civitas

334 1576 649 1630 aediﬁcatur
677 1576 1140 1630 Jerusalemzsed
1171 1574 1388 1628 discant
1436 1575 1826 1639 ascendentes,
1878 1576 2032 1645 quod

334 1665 637 1719 aediﬁcatio
685 1670 742 1719 et
781 1664 1037 1718 custodia
1096 1680 1211 1717 non
1258 1662 1370 1717 nisi
1401 1680 1432 1716 a
1495 1664 1631 1731 Deo,
1663 1668 1718 1717 et
1765 1663 2029 1717 exaltatio

333 1752 591 1809 nonnisi
643 1758 773 1824 post
813 1752 1273 1807 liumiliationem
1332 1752 1390 1805 in
1419 1751 1642 1819 futuro;
1711 1752 1815 1806 etsi
1874 1752 2029 1806 enim

335 1841 454 1896 laeti
485 1841 555 1895 de
586 1840 770 1911 gratia
801 1839 944 1894 Novi
973 1839 1338 1905 Testamenti,
1370 1847 1560 1895 tamen
1587 1840 1646 1893 in
1677 1844 1838 1895 tanto
1895 1857 2027 1895 mu-

340 1946 479 1984 nere
522 1945 637 1983 non
695 1932 779 1981 est
827 1928 1293 1998 praesumendum
1348 1928 1538 1983 alicui.
1573 1932 1795 1983 Domum
1840 1933 2028 1997 (Am)

340 2019 425 2072 Ad
478 2018 623 2071 hanc
662 2016 919 2069 ascendit
974 2014 1179 2079 omnis,
1201 2015 1301 2086 qui
1328 2016 1556 2086 proﬁcit
1590 2033 1602 2070 :
1646 2017 1797 2070 cadit
1827 2017 1896 2071 ab
1924 2019 2030 2072 hac

338 2105 548 2171 omnis,
580 2103 680 2175 qui
700 2103 921 2171 deﬁcit;
960 2103 1205 2157 amando
1238 2105 1413 2157 Deum
1457 2105 1733 2172 ascendis,
1785 2107 2031 2160 amando

341 2195 613 2248 saeculum
644 2192 818 2247 cadis.
860 2192 1004 2248 Sunt
1059 2192 1213 2246 enim
1266 2191 1377 2247 ista
1427 2193 1647 2247 cantica
1689 2195 2029 2262 amantium,

338 2284 395 2336 et
425 2281 673 2351 quodam
711 2280 990 2334 desiderio
1042 2285 1235 2334 sancto
1280 2280 1670 2352 ﬂagrantium.
1729 2284 2032 2338 Laborave-

336 2374 485 2423 runt.
520 2368 650 2437 (Ιο.)
686 2369 892 2423 Omnes
935 2368 993 2422 in
1024 2368 1130 2422 hac
1168 2368 1546 2423 aediﬁcatione
1592 2370 1877 2438 laborant,
1934 2370 2035 2441 qui

336 2458 399 2512 in
431 2457 675 2512 Ecclesia
704 2457 1015 2527 praedicant
1041 2458 1277 2511 verbum
1310 2458 1429 2511 Dei.
1465 2460 1780 2513 Civitatem.
1836 2458 2031 2530 (Cass)

339 2547 415 2599 De
446 2546 619 2599 domo
646 2546 717 2600 ad
746 2545 1028 2599 civitatem
1056 2544 1279 2613 transit,
1314 2550 1375 2599 ut
1404 2561 1506 2599 nec
1536 2544 1598 2599 in
1636 2546 1896 2616 singulis,
1930 2563 2033 2600 nec

338 2633 401 2688 in
454 2633 679 2688 minuta
728 2633 1062 2687 collectione
1109 2635 1173 2687 ﬁt
1210 2634 1603 2705 praesumptio.
1660 2636 1725 2688 Et
1773 2635 2033 2705 quamvis

337 2723 541 2777 domus
569 2726 627 2776 et
682 2722 878 2776 civitas
929 2722 1242 2776 secundum
1318 2723 1733 2793 metaphoram,
1785 2740 1911 2794 quae
1962 2724 2032 2777 de

336 2810 574 2866 diversis
614 2810 924 2878 inducitur,
961 2810 1074 2863 sint
1100 2811 1356 2865 diversa:
1392 2828 1506 2865 una
1561 2816 1757 2866 tamen
1809 2824 1895 2866 est
1927 2813 2032 2866 Ec-

339 2899 528 2966 clesia,
562 2914 737 2971 quam
756 2904 998 2969 utraque
1021 2898 1321 2969 signiﬁcat.

984 305 1384 363 WALAFRIDI
1422 306 1670 363 STRABI
1712 304 1911 363 FULD.
1954 305 2114 363 MON.
2155 305 2307 363 OPP.
2348 305 2527 361 PARS
2564 304 2606 358 Ι.
2646 332 2713 344 -
2750 302 3219 362 THEOLOGICA.

3704 306 3827 361 1048

2689 426 2913 481 PSALM
2922 427 3003 482 US
3041 428 3291 483 CXXVII.

2214 518 2373 572 Vens.
2414 520 2467 571 l.
2500 545 2569 556 —
2608 516 2891 573 Canticum
2920 516 3213 583 graduum.
3243 516 3447 587 (Cass)
3481 517 3676 571 Nonus
3717 533 3835 587 gra-

2144 604 2249 659 dus
2282 610 2385 672 est,
2420 609 2484 659 ut
2522 604 2796 676 paciﬁcus
2825 609 2976 658 caste
3006 605 3297 673 timeatur,
3338 606 3439 677 qui
3477 606 3633 659 solus
3688 607 3833 659 exal-

2143 697 2245 760 tat,
2278 693 2547 762 custodit,
2583 692 2847 747 mdiﬁcat.
2884 694 3078 747 Primo
3122 694 3273 747 bona
3316 693 3571 747 timentis
3602 710 3835 748 enumeo

2140 788 2259 849 rat;
2308 782 2555 837 secundo
2612 787 2772 850 optat
2820 781 2970 835 bona
2999 781 3279 835 timentis.
3327 783 3482 835 Beati
3517 796 3694 835 omnes
3746 783 3838 849 qui

2141 873 2331 925 timent
2386 872 2683 925 Dominum.
2765 869 3070 923 Sciendum
3152 875 3402 940 quatuor
3491 884 3615 923 esse
3662 868 3837 921 timo-

2142 974 2251 1025 res,
2298 963 2427 1024 etc.,
2462 973 2632 1027 usque
2660 956 2734 1011 ad
2754 956 2824 1011 de
2874 973 2988 1028 quo
3013 956 3108 1011 hic
3137 956 3274 1012 dicit
3305 958 3589 1027 Propheta
3620 973 3634 1011 :
3688 959 3839 1011 Beati

2139 1062 2315 1101 omnes
2355 1047 2451 1114 qui
2480 1050 2667 1100 timent
2690 1047 2999 1100 Dominum.

2211 1136 2373 1189 Vens.
2406 1137 2459 1189 2.
2502 1165 2569 1174 —
2608 1134 2839 1189 Labores
2862 1149 3140 1188 manuum.
3191 1133 3319 1203 (Ιυ.)
3372 1136 3437 1188 Et
3491 1138 3630 1187 nota
3687 1132 3842 1204 quod

2140 1240 2174 1277 a
2227 1223 2491 1294 pluribus
2537 1223 2709 1293 coepit
2756 1223 2996 1278 dicens:
3042 1225 3239 1277 Beati:
3292 1222 3388 1276 sed
3447 1222 3585 1291 quia
3641 1238 3841 1275 omnes

2140 1328 2322 1366 unum
2353 1316 2487 1365 sunt
2513 1311 2575 1364 in
2632 1310 2857 1365 Christo
2890 1311 3280 1382 singulariter,
3326 1310 3607 1380 sequitur,
3667 1310 3839 1364 Labo-

2141 1416 2223 1455 res
2269 1416 2526 1455 manuum
2559 1405 2796 1454 tuarum.
2862 1400 3050 1471 (Auc.)
3115 1400 3357 1454 Labores
3413 1399 3707 1453 fructuum
3759 1399 3839 1453 di-

2141 1488 2234 1556 cit,
2293 1504 2422 1542 cum
2461 1487 2694 1542 deberet
2721 1488 2951 1542 dicere:
3028 1489 3297 1542 Fructum
3372 1487 3681 1541 laborum:
3740 1487 3834 1539 sed

2141 1576 2277 1646 quia
2306 1580 2362 1630 et
2406 1575 2599 1629 labore
2637 1590 2764 1628 cum
2798 1574 3008 1644 gaudio
3040 1578 3347 1629 sumuntur
3372 1578 3607 1644 propter
3645 1590 3829 1643 spem,

2141 1669 2197 1718 et
2228 1663 2335 1733 ipsi
2371 1662 2714 1734 jucundant,
2750 1667 2807 1716 et
2852 1663 3024 1717 modo
3078 1667 3211 1716 sunt
3257 1663 3448 1729 cibus;
3500 1662 3597 1716 sed
3623 1663 3832 1732 jucun-

2141 1754 2267 1809 dior
2292 1768 2490 1807 eorum
2529 1752 2747 1806 fructus
2776 1751 2902 1819 erit,
2940 1751 3172 1822 quando
3220 1751 3402 1805 sancti
3439 1752 3678 1806 veniens
3715 1766 3836 1805 cum

2142 1842 2504 1896 exsultatione
2527 1845 2809 1911 portantes
2838 1842 3144 1913 manipulos
3172 1855 3316 1894 suos.

2212 1932 2373 1984 Vens.
2410 1932 2460 1983 3.
2492 1960 2561 1969 —
2589 1932 2737 1984 Uxor
2779 1933 2898 1984 tua.
2940 1929 3136 1999 (Cass)
3182 1928 3293 1983 Etsi
3320 1928 3424 1982 hoc
3450 1928 3521 1982 ad
3581 1927 3835 1981 litteram

2142 2019 2320 2090 accipi
2372 2022 2581 2089 posset,
2616 2023 2748 2085 etc.,
2781 2033 2949 2087 usque
2996 2017 3069 2071 ad
3117 2016 3185 2070 ad
3235 2017 3457 2070 Novum
3504 2017 3833 2070 Testamen-

2139 2112 2263 2162 tum
2294 2107 2558 2178 pertinet.
2603 2106 2791 2176 (Auu.)
2823 2106 2920 2159 Vel
2968 2122 3072 2176 per
3099 2121 3323 2159 uxorem
3346 2104 3693 2174 intelligitur
3737 2105 3833 2157 Ec-

2139 2195 2330 2260 clesia,
2361 2199 2418 2248 et
2446 2193 2711 2264 dirigitur
2750 2209 2938 2247 sermo
2976 2192 3048 2246 ad
3096 2191 3405 2260 Christum,
3459 2207 3589 2245 cum
3631 2191 3835 2245 dicitur

2141 2288 2236 2337 tua
2265 2286 2322 2337 et
2352 2284 2435 2336 tui
2460 2298 2473 2345 ;
2500 2297 2601 2335 nec
2647 2285 2841 2334 tamen
2864 2285 3121 2333 mutatur
3147 2297 3271 2345 vox,
3306 2280 3395 2334 vel
3422 2296 3672 2351 persona
3692 2296 3828 2350 pro-

2140 2376 2265 2442 pter
2296 2371 2575 2423 unitatem
2608 2369 2810 2439 capitis
2837 2375 2895 2423 et
2924 2369 3201 2440 corporis.
3238 2370 3395 2423 Unus
3447 2369 3600 2423 enim
3661 2370 3831 2423 homo

2142 2458 2415 2525 Christus,
2447 2462 2619 2529 caput
2638 2462 2741 2526 est,
2776 2462 2831 2512 et
2886 2474 3112 2528 corpus,
3164 2462 3220 2511 et
3247 2458 3309 2511 in
3350 2457 3532 2528 capite
3590 2459 3833 2528 quisque

2140 2547 2397 2602 ﬁdelium
2418 2547 2525 2601 hoc
2554 2546 2746 2600 habet.

2213 2637 2390 2691 Vens.
2418 2636 2469 2689 4.
2492 2664 2563 2675 -
2606 2634 2973 2689 Benediretur.
3010 2634 3208 2705 (Cass)
3240 2634 3346 2689 Ubi
3375 2634 3698 2689 benedictio
3733 2638 3834 2697 est,

2140 2723 2335 2779 omnia
2356 2723 2504 2777 bona
2525 2724 2822 2776 conﬂuunt
2840 2723 2913 2776 ad
2936 2722 3211 2793 gaudium
3237 2722 3548 2776 suavitatis.

2210 2812 2575 2867 Benedicetur.
2648 2811 2769 2877 (10.)
2827 2810 3083 2865 Secunda
3140 2826 3291 2879 pars,
3340 2810 3436 2864 ubi
3511 2826 3577 2865 ex
3626 2810 3837 2881 pietate

2138 2901 2392 2971 postulat
2417 2898 2678 2953 benedici
2706 2898 2994 2964 timentes,
3034 2902 3195 2968 optat
3250 2898 3343 2952 hic
3398 2897 3551 2951 bona
3603 2894 3842 2951 timenti

409 3014 577 3068 Vens.
613 3016 667 3067 2.
708 3043 777 3053 -—-
828 3014 977 3067 Ante
1010 3014 1195 3067 lucem.
1228 3014 1413 3082 (Aue.)
1462 3013 1521 3069 Si
1568 3013 1804 3086 surgitis
1862 3019 2027 3070 ante-
2059 2984 2103 3043 θ
2144 3005 2290 3086 (Ιυξξθν
2324 2988 2539 3086 “nifet
2566 3003 2685 3086 Πίῖξι
2705 2991 2839 3086 {munt
2865 2986 3030 3086 mf‘lis
3053 2987 3401 3086 0051?“??-

340 3118 516 3173 quam
560 3104 656 3157 lux
683 3106 910 3173 surgat;
942 3102 1039 3155 lux
1070 3106 1153 3155 est
1182 3102 1460 3170 Christus,
1509 3108 1638 3173 post
1688 3120 1862 3174 quem
1908 3121 2032 3158 sur-

339 3192 593 3260 gendum
625 3194 727 3257 est,
761 3206 875 3244 non
901 3194 1059 3255 ante;
1102 3190 1281 3245 utille
1310 3190 1461 3257 facit,
1500 3191 1600 3262 qui
1630 3208 1688 3246 se
1719 3192 1772 3246 ei
1802 3209 2033 3263 praepo-

340 3279 427 3333 nit
457 3294 471 3333 :
503 3278 698 3332 volens
728 3278 821 3332 hic
850 3294 971 3331 esse
1003 3279 1170 3344 altus,
1194 3279 1296 3332 ubi
1324 3278 1419 3333 ille
1448 3279 1682 3333 humilis
1709 3281 1814 3336 fuit
1850 3288 1952 3336 :ut
1979 3286 2036 3336 et

340 3366 445 3419 ﬁlii
473 3365 764 3420 Zebedaei:
800 3365 894 3419 sed
950 3366 1312 3431 resurrectio,
1357 3366 1415 3421 id
1470 3373 1573 3430 est,
1633 3369 1898 3423 exaltatio
1947 3385 2033 3423 se-

341 3452 538 3521 quitur
579 3453 912 3519 sessionem,
945 3454 999 3507 id
1050 3458 1134 3507 est
1178 3454 1662 3523 humiliationem,
1693 3461 1756 3510 ut
1784 3457 1879 3511 lux
1933 3474 2033 3511 no-

341 3544 455 3592 stra
479 3539 737 3594 Christus
776 3546 908 3610 post
955 3546 1202 3596 mortem
1251 3541 1499 3596 surrexit
1529 3543 1702 3599 altus.
1746 3545 2031 3601 Sederitis.

341 3626 528 3682 Sessio
559 3627 867 3697 aliquando
914 3628 1199 3699 signiﬁcat
1245 3629 1523 3684 honorem
1578 3631 1895 3701 judicandi,
1942 3633 2036 3687 hic

339 3719 532 3768 autem
602 3715 1084 3770 humiliationem.
1158 3718 1509 3773 Manducatis
1555 3735 1753 3789 panem
1813 3721 2033 3777 doloris.

343 3805 519 3873 (Auc.)
555 3804 853 3859 Manducat
898 3822 1105 3876 panem
1157 3806 1388 3873 doloris,
1442 3808 1541 3877 qui
1588 3809 1768 3879 gemit
1820 3810 1881 3863 in
1929 3811 2036 3865 hac

340 3891 823 3962 peregrinatione,
869 3892 926 3947 id
958 3898 1062 3959 est,
1093 3893 1152 3946 in
1197 3894 1340 3948 valle
1391 3895 1731 3965 plorationis
1778 3897 1849 3952 de
1896 3897 2037 3952 afﬂi-

340 3979 526 4033 ctione
582 3996 640 4033 se
685 3980 896 4049 reﬁcit,
939 3981 1169 4035 dicens:
1200 3984 1374 4036 Factae
1421 3988 1548 4036 sunt
1597 3984 1735 4037 mihi
1786 3986 2036 4053 lacrymae

339 4084 466 4123 mea
492 4084 658 4138 panes
689 4070 777 4124 die
807 4086 870 4124 ac
921 4076 1071 4124 nocte
1114 4070 1281 4140 (Psal.
1333 4071 1463 4141 xm).
1515 4073 1787 4127 Somnum.
1835 4075 2033 4144 (Cass)

342 4158 581 4212 Mortem
608 4159 1007 4228 temporalem.
1034 4159 1094 4211 in
1126 4176 1237 4229 qua
1264 4176 1463 4213 secura
1496 4161 1776 4230 pausatio.

414 4282 574 4335 Vens.
633 4283 684 4337 3.
717 4284 937 4336 —Ecce
985 4282 1293 4337 haereditas.

342 4368 645 4423 htrreditas
676 4375 733 4424 et
760 4371 1048 4441 quomodo
1097 4371 1355 4425 collecta.
1389 4372 1561 4436 Quasi
1586 4373 1824 4442 diceret,
1883 4373 2031 4428 dile-

342 4458 419 4511 cti
466 4463 596 4528 post
636 4474 905 4511 somnum
958 4463 1220 4529 surgent.
1281 4460 1516 4515 Fructus
1568 4464 1792 4516 ventris.
1852 4462 2031 4533 (Αυρ.)

343 4545 560 4602 Venter
580 4545 864 4611 Ecclesiae,
896 4550 1029 4614 etc.,
1079 4561 1249 4614 usque
1305 4547 1379 4600 ad
1421 4546 1558 4618 quia
1583 4563 1781 4601 omnes
1832 4550 2034 4620 acqui-

344 4632 473 4686 sivit
499 4648 602 4701 per
632 4632 1017 4686 obedientiam
1077 4633 1378 4703 passionis,
1426 4634 1568 4687 unde
1613 4636 1834 4703 postula
1884 4652 1919 4690 a
1952 4652 2035 4691 me

343 4725 395 4774 et
425 4719 564 4774 dabo
592 4721 695 4774 tibi
721 4724 901 4787 gentes
932 4720 1297 4776 hereditatem
1316 4727 1463 4776 tuam
1494 4721 1659 4792 (Psal.
1685 4726 1764 4789 ιι).

415 4838 580 4892 Vens.
635 4838 684 4891 4.
740 4865 810 4877 -
861 4838 1013 4893 Sicut
1056 4841 1285 4906 sagittae.
1343 4838 1476 4908 (In.)
1522 4838 1633 4893 Sed
1690 4840 1840 4894 unde
1888 4839 2036 4894 facta

344 4930 430 4980 est
458 4929 620 4979 tanta
638 4924 958 4988 hereditas,
990 4926 1127 4996 quia
1154 4931 1356 4996 potens
1388 4928 1685 4995 Dominus,
1721 4928 1858 4982 dum
1916 4928 2033 4982 for-

341 5015 477 5069 titer
524 5013 780 5084 sagittas,
826 5014 1134 5083 apostolos,
1194 5014 1264 5069 de
1320 5030 1454 5069 arcu
1506 5032 1678 5070 sacrae
1733 5016 2037 5087 Scriptura;

348 5098 617 5165 excussit,
645 5115 824 5171 usque
854 5101 924 5154 ad
960 5100 1102 5155 ﬁnes
1124 5109 1293 5157 terra:
1350 5109 1739 5174 pervenerunt
1774 5105 1886 5159 illa:
1938 5122 2036 5159 ex-

346 5200 544 5252 cussae,
577 5187 659 5241 sic
682 5191 816 5242 sunt
834 5193 1024 5243 autem
1046 5189 1157 5260 ﬁlii
1196 5207 1560 5259 emcussorum,
1610 5193 1903 5264 quomodo
1954 5193 2039 5247 illi

347 5274 586 5329 excussi.
636 5278 767 5330 Filii
818 5292 1181 5333 emcussorum.
1254 5279 1379 5350 (ln.)
1434 5280 1559 5334 Filii
1613 5282 2038 5350 apostolorum;

350 5362 558 5430 quibus
580 5363 792 5418 dictum
816 5371 922 5427 est,
942 5366 1204 5421 Excutite
1222 5370 1496 5437 pulverem
1515 5369 1582 5423 de
1595 5370 1825 5438 pedibus
1846 5373 2039 5425 vestris

349 5448 570 5516 (Matth.
604 5453 780 5521 xvm).
818 5452 925 5507 Sed
954 5453 1033 5507 ita
1088 5454 1372 5517 videntur,
1422 5461 1555 5522 etc.,
1612 5471 1782 5527 usque
1820 5458 1895 5512 ad
1939 5457 2038 5529 qui

350 5550 528 5591 manu
554 5538 652 5593 Dei
672 5540 831 5593 missi
862 5546 997 5596 sunt
1017 5558 1197 5613 usque
1227 5542 1297 5597 ad
1328 5543 1471 5598 ﬁnes
1499 5548 1688 5602 terrae.

2216 3079 2387 3131 Vnus.
2434 3080 2483 3130 5.
2513 3105 2582 3117 —-
2625 3076 2721 3129 Vel
2775 3077 3059 3129 Dominus.
3124 3076 3312 3145 (Auc.)
3350 3073 3707 3142 Iudaeorum,
3764 3074 3847 3127 Ex

2143 3166 2299 3233 Sion,
2334 3169 2464 3233 etc.,
2498 3180 2667 3234 usque
2695 3164 2770 3218 ad
2795 3164 2949 3235 quod
2975 3180 3090 3217 non
3111 3163 3190 3217 ita
3216 3168 3474 3234 possunt.

2678 3250 2987 3305 PSALMUS
3026 3250 3301 3305 CXXVIII.

2217 3341 2385 3395 Vens.
2428 3343 2575 3394 1.-
2635 3338 2921 3393 Canticum
2968 3339 3260 3407 graduum.
3323 3337 3518 3409 (Cass)
3574 3338 3849 3392 Decimus

2145 3428 2377 3500 gradus,
2400 3432 2466 3482 ut
2495 3428 2597 3498 qui
2625 3431 2775 3481 caste
2797 3427 2980 3493 timet,
3012 3443 3117 3497 pro
3149 3443 3217 3480 eo
3247 3427 3442 3481 omnia
3467 3426 3630 3491 ferat,
3685 3427 3847 3498 quod

2144 3533 2297 3571 nunc
2327 3516 2555 3588 expedit
2582 3515 2840 3569 Ecclesiae
2866 3515 3016 3569 inter
3046 3516 3248 3569 malos.

2214 3606 2370 3673 Szpe
2418 3608 2891 3672 expugnaverunt.
2952 3605 3131 3671 (Auo.)
3194 3602 3344 3669 Mali,
3419 3602 3526 3656 etsi
3595 3602 3849 3657 audiunt

2144 3694 2380 3747 verbum
2413 3691 2532 3757 Dei,
2582 3696 2712 3759 etc.,
2757 3707 2927 3761 usque
2955 3692 3030 3745 ad
3068 3691 3222 3761 quod
3268 3695 3353 3745 tot
3399 3691 3583 3745 malos
3630 3691 3840 3745 ferant.

2146 3781 2318 3850 (Cas)
2368 3780 2684 3835 Ostendens
2728 3780 2917 3851 primo
2945 3796 3073 3851 quae
3105 3780 3320 3846 tulerit,
3378 3780 3711 3833 consolatur
3763 3778 3848 3832 in-

2145 3868 2358 3923 ﬁrmos.
2422 3867 2679 3921 Secundo
2740 3866 2859 3937 agit
2903 3867 2971 3921 de
3029 3866 3429 3937 reprobatione
3488 3882 3850 3938 persequen-

2142 3956 2312 4024 tium,
2376 3954 2478 4023 ibi,
2550 3957 2809 4009 Dominus
2862 3955 3068 4023 justus.
3140 3956 3289 4024 Saepe
3365 3961 3845 4024 empugnaverunt.

2146 4044 2316 4109 Quasi
2350 4043 2430 4097 :0
2461 4043 2587 4109 ﬁlii,
2620 4043 2799 4097 nolite
2822 4043 3033 4112 mirari,
3062 4043 3130 4097 ad
3196 4044 3325 4111 ista,
3368 4049 3500 4108 etc.,
3562 4058 3741 4113 usque
3772 4043 3851 4098 ad

2145 4132 2280 4204 quia
2309 4131 2512 4186 crescit
2542 4132 2784 4185 Ecclesia
2804 4132 2864 4185 in
2893 4131 3159 4186 adversis.

2216 4222 2383 4277 Vens.
2437 4223 2490 4275 2.
2565 4251 2636 4263 —
2690 4223 2899 4277 Etenim
2958 4238 3066 4277 non
3110 4224 3399 4290 potuerunt
3451 4220 3608 4280 mihi,
3659 4219 3847 4288 (Ana)

2234 4266 2383 4277 πη.-.
2439 4266 2490 4275 ...
2690 4266 2899 4277 ...-..-...
2959 4266 3065 4277 ην.-
3110 4266 3395 4290 reum..."
3660 4266 3846 4288 \_----,

1356 4283 1481 4381 (Ψ)
1536 4284 1817 4381 $eﬁund9,
1898 4301 2030 4381 ἔξω
2058 4266 2105 4321 D
2143 4310 2368 4365 Scilicet
2416 4310 2744 4381 praevalere,
2791 4315 2853 4365 ut
2897 4326 2990 4365 me
3034 4309 3329 4364 traherent
3383 4307 3445 4361 in
3495 4322 3846 4362 consensum

2141 4399 2374 4471 peccati.

2215 4489 2372 4541 Vsus.
2407 4490 2436 4543 3
2457 4516 2527 4527 —
2555 4487 2743 4559 Supra
2771 4488 3009 4543 dorsum.
3044 4487 3273 4557 ,(Cass.)
3324 4485 3487 4551 Quod
3545 4484 3684 4539 mali
3750 4501 3845 4539 ne-

2146 4580 2367 4647 queunt
2416 4575 2645 4646 publice
2698 4575 2988 4644 omnibus,
3044 4576 3258 4629 occulte
3317 4574 3558 4645 singulis
3614 4578 3845 4627 tentant

2145 4665 2407 4725 suadere,
2440 4670 2503 4717 ut
2533 4664 2632 4735 qui
2662 4682 2694 4719 a
2724 4664 2866 4718 facie
2910 4664 3203 4718 venientes
3252 4662 3583 4717 viderentur
3622 4680 3655 4715 a
3674 4668 3844 4733 tergo

2146 4770 2263 4808 non
2325 4753 2667 4809 sentiantur.
2706 4755 3169 4822 Prolongauerunt
3233 4754 3601 4822 iniquitatem.
3663 4752 3843 4816 Alias,

2146 4844 2299 4910 longe
2327 4859 2361 4896 a
2390 4858 2472 4896 me
2489 4844 2732 4908 fecerunt
2769 4841 3103 4913 injustitiam
3133 4855 3308 4895 suam.
3372 4841 3560 4912 (Ana)
3594 4840 3705 4905 Qui
3736 4840 3847 4894 etsi

2147 4931 2284 4985 mali
2312 4946 2441 4985 cum
2466 4928 2631 4985 bonis
2650 4931 2712 4984 in
2744 4932 2973 4996 saeculo,
3012 4930 3058 4983 si
3089 4929 3262 4984 etiam
3293 4928 3355 4983 in
3404 4929 3649 4983 Ecclesia
3677 4928 3798 4982 sint
3829 4945 3843 4982 :

2149 5036 2220 5074 ne
2273 5019 2402 5089 quis
2456 5022 2653 5073 tamen
2699 5024 2864 5089 putet
2909 5018 3277 5089 iniquitatem
3326 5018 3489 5088 juxta
3530 5017 3843 5088 justitiam,

2148 5106 2253 5163 etsi
2285 5123 2380 5161 eos
2409 5113 2600 5178 porto,
2630 5111 2825 5161 tamen
2838 5107 3007 5178 longe
3023 5112 3107 5161 est
3133 5122 3167 5159 a
3188 5122 3278 5160 me
3304 5121 3501 5160 eorum
3541 5105 3842 5177 iniquitas,

2149 5211 2220 5250 ne
2242 5195 2371 5266 quis
2398 5212 2533 5266 ergo
2560 5195 2761 5249 timeat
2777 5195 2976 5249 mistos
3007 5195 3116 5249 sibi
3147 5196 3345 5262 malos,
3376 5194 3475 5263 qui
3496 5194 3668 5264 longe
3686 5198 3843 5247 sunt.

2219 5283 2472 5336 Dominus
2491 5283 2697 5350 justus.
2733 5281 2930 5352 (Cass)
2964 5282 3225 5338 Secunda
3261 5297 3414 5352 pars,
3445 5280 3545 5335 ubi
3603 5280 3724 5351 agit
3774 5281 3843 5335 de

2149 5369 2553 5440 reprobatione
2584 5370 3075 5441 persequentium.

2222 5459 2397 5512 Vnus.
2456 5459 2506 5511 4.
2557 5486 2628 5497 -
2680 5458 2784 5524 Qui
2813 5458 3041 5512 oderunt
3094 5458 3243 5513 Sion.
3304 5456 3425 5527 (11).)
3473 5456 3656 5520 Quam
3722 5471 3842 5509 non

2150 5548 2377 5600 tantum
2409 5545 2696 5600 manifesti
2729 5551 3141 5616 persecutores,
3190 5545 3288 5599 sed
3337 5544 3513 5599 etiam
3560 5542 3661 5615 qui
3709 5542 3840 5597 ﬁcte
