  <div class='ocr_page' id='page_1' title='image "/cluster/home/n/w/nwhite01/storage/ocr_20150623/113/hvd.32044054759782/530.png"; bbox 0 0 4020 6184; ppageno 0'>
   <div class='ocr_carea' id='block_1_1' title="bbox 194 312 327 365">
    <p class='ocr_par' dir='ltr' id='par_1_1' title="bbox 194 312 327 365">
     <span class='ocr_line' id='line_1_1' title="bbox 194 312 327 365; baseline 0.015 -2"><span class='ocrx_word' id='word_1_1' title='bbox 194 312 327 365; x_wconf 80' lang='grc'><strong>1049</strong></span> 
     </span>
    </p>
   </div>
   <div class='ocr_carea' id='block_1_2' title="bbox 1287 304 2578 367">
    <p class='ocr_par' dir='ltr' id='par_1_2' title="bbox 1287 304 2578 367">
     <span class='ocr_line' id='line_1_2' title="bbox 1287 304 2578 367; baseline 0.001 -4"><span class='ocrx_word' id='word_1_2' title='bbox 1287 306 1547 365; x_wconf 80' lang='lat' dir='ltr'><strong>GLOSSA</strong></span> <span class='ocrx_word' id='word_1_3' title='bbox 1591 304 1997 366; x_wconf 80' lang='lat' dir='ltr'><strong>OBDINARIA.</strong></span> <span class='ocrx_word' id='word_1_4' title='bbox 2046 339 2115 350; x_wconf 96' lang='lat'><em>—</em></span> <span class='ocrx_word' id='word_1_5' title='bbox 2160 310 2287 366; x_wconf 90' lang='lat' dir='ltr'><strong>LIB.</strong></span> <span class='ocrx_word' id='word_1_6' title='bbox 2340 312 2578 367; x_wconf 78' lang='lat' dir='ltr'><strong>PSALM.</strong></span> 
     </span>
    </p>
   </div>
   <div class='ocr_carea' id='block_1_3' title="bbox 3551 316 3687 370">
    <p class='ocr_par' dir='ltr' id='par_1_3' title="bbox 3551 316 3687 370">
     <span class='ocr_line' id='line_1_3' title="bbox 3551 316 3687 370; baseline 0 0"><span class='ocrx_word' id='word_1_7' title='bbox 3551 316 3687 370; x_wconf 77' lang='grc'><strong>1050</strong></span> 
     </span>
    </p>
   </div>
   <div class='ocr_carea' id='block_1_4' title="bbox 181 430 3683 500">
    <p class='ocr_par' dir='ltr' id='par_1_4' title="bbox 181 430 3683 500">
     <span class='ocr_line' id='line_1_4' title="bbox 181 430 3683 500; baseline 0.002 -14"><span class='ocrx_word' id='word_1_8' title='bbox 181 431 426 498; x_wconf 88' lang='lat' dir='ltr'><strong>intrant,</strong></span> <span class='ocrx_word' id='word_1_9' title='bbox 478 433 750 487; x_wconf 88' lang='lat' dir='ltr'><strong>oderunt.</strong></span> <span class='ocrx_word' id='word_1_10' title='bbox 808 430 915 495; x_wconf 88' lang='lat' dir='ltr'><strong>Qui</strong></span> <span class='ocrx_word' id='word_1_11' title='bbox 956 430 1113 485; x_wconf 91' lang='lat' dir='ltr'><strong>enim</strong></span> <span class='ocrx_word' id='word_1_12' title='bbox 1171 430 1378 485; x_wconf 86' lang='lat' dir='ltr'><strong>nolunt</strong></span> <span class='ocrx_word' id='word_1_13' title='bbox 1410 430 1711 486; x_wconf 87' lang='lat' dir='ltr'><strong>observare</strong></span> <span class='ocrx_word' id='word_1_14' title='bbox 1760 448 1886 486; x_wconf 88' lang='lat' dir='ltr'><strong>ver-</strong></span> <span class='ocrx_word' id='word_1_15' title='bbox 1924 435 1971 489; x_wconf 86' lang='lat' dir='ltr'><strong>A</strong></span> <span class='ocrx_word' id='word_1_16' title='bbox 2000 449 2061 487; x_wconf 91' lang='lat' dir='ltr'><strong>se</strong></span> <span class='ocrx_word' id='word_1_17' title='bbox 2116 432 2327 488; x_wconf 89' lang='lat' dir='ltr'><strong>habere</strong></span> <span class='ocrx_word' id='word_1_18' title='bbox 2377 432 2645 487; x_wconf 77' lang='lat' dir='ltr'><strong>ostendit.</strong></span> <span class='ocrx_word' id='word_1_19' title='bbox 2695 433 2781 488; x_wconf 78' lang='lat' dir='ltr'><strong>Ad</strong></span> <span class='ocrx_word' id='word_1_20' title='bbox 2838 431 3220 488; x_wconf 72' lang='lat' dir='ltr'><strong>humilitatem</strong></span> <span class='ocrx_word' id='word_1_21' title='bbox 3277 449 3413 500; x_wconf 82' lang='lat' dir='ltr'><strong>ergo</strong></span> <span class='ocrx_word' id='word_1_22' title='bbox 3466 441 3683 492; x_wconf 89' lang='lat' dir='ltr'><strong>monet.</strong></span> 
     </span>
    </p>
   </div>
   <div class='ocr_carea' id='block_1_5' title="bbox 181 518 1097 586">
    <p class='ocr_par' dir='ltr' id='par_1_5' title="bbox 181 518 1097 586">
     <span class='ocr_line' id='line_1_5' title="bbox 181 518 1097 586; baseline -0.004 -12"><span class='ocrx_word' id='word_1_23' title='bbox 181 521 319 574; x_wconf 91' lang='lat' dir='ltr'><strong>bum</strong></span> <span class='ocrx_word' id='word_1_24' title='bbox 344 520 467 586; x_wconf 85' lang='lat' dir='ltr'><strong>Dei,</strong></span> <span class='ocrx_word' id='word_1_25' title='bbox 496 521 743 575; x_wconf 91' lang='lat' dir='ltr'><strong>oderunt</strong></span> <span class='ocrx_word' id='word_1_26' title='bbox 774 518 1097 574; x_wconf 87' lang='lat' dir='ltr'><strong>Ecclesiam.</strong></span> 
     </span>
    </p>
   </div>
   <div class='ocr_carea' id='block_1_6' title="bbox 251 607 1881 678">
    <p class='ocr_par' dir='ltr' id='par_1_6' title="bbox 251 607 1881 678">
     <span class='ocr_line' id='line_1_6' title="bbox 251 607 1881 678; baseline 0.002 -17"><span class='ocrx_word' id='word_1_27' title='bbox 251 608 426 662; x_wconf 83' lang='lat' dir='ltr'><strong>Fiant</strong></span> <span class='ocrx_word' id='word_1_28' title='bbox 470 611 611 663; x_wconf 89' lang='lat' dir='ltr'><strong>sicut</strong></span> <span class='ocrx_word' id='word_1_29' title='bbox 638 610 824 675; x_wconf 82' lang='lat' dir='ltr'><strong>fenum</strong></span> <span class='ocrx_word' id='word_1_30' title='bbox 855 612 1129 662; x_wconf 82' lang='lat' dir='ltr'><strong>tectorum.</strong></span> <span class='ocrx_word' id='word_1_31' title='bbox 1154 607 1367 678; x_wconf 63' lang='lat' dir='ltr'><strong>(Cass.)</strong></span> <span class='ocrx_word' id='word_1_32' title='bbox 1398 609 1550 663; x_wconf 89' lang='lat' dir='ltr'><strong>Feno</strong></span> <span class='ocrx_word' id='word_1_33' title='bbox 1598 612 1881 665; x_wconf 90' lang='lat' dir='ltr'><strong>tectorum</strong></span> 
     </span>
    </p>
   </div>
   <div class='ocr_carea' id='block_1_7' title="bbox 180 696 1881 767">
    <p class='ocr_par' dir='ltr' id='par_1_7' title="bbox 180 696 1881 767">
     <span class='ocr_line' id='line_1_7' title="bbox 180 696 1881 767; baseline 0.002 -18"><span class='ocrx_word' id='word_1_34' title='bbox 180 696 318 750; x_wconf 90' lang='lat' dir='ltr'><strong>mali</strong></span> <span class='ocrx_word' id='word_1_35' title='bbox 350 702 779 767; x_wconf 83' lang='lat' dir='ltr'><strong>comparantur,</strong></span> <span class='ocrx_word' id='word_1_36' title='bbox 826 701 953 763; x_wconf 89' lang='lat' dir='ltr'><strong>etc.,</strong></span> <span class='ocrx_word' id='word_1_37' title='bbox 989 712 1157 765; x_wconf 88' lang='lat' dir='ltr'><strong>usque</strong></span> <span class='ocrx_word' id='word_1_38' title='bbox 1184 696 1258 749; x_wconf 87' lang='lat' dir='ltr'><strong>ad</strong></span> <span class='ocrx_word' id='word_1_39' title='bbox 1287 697 1385 751; x_wconf 92' lang='lat' dir='ltr'><strong>sed</strong></span> <span class='ocrx_word' id='word_1_40' title='bbox 1423 697 1485 751; x_wconf 91' lang='lat' dir='ltr'><strong>in</strong></span> <span class='ocrx_word' id='word_1_41' title='bbox 1516 702 1721 752; x_wconf 88' lang='lat' dir='ltr'><strong>neutro</strong></span> <span class='ocrx_word' id='word_1_42' title='bbox 1754 698 1881 752; x_wconf 88' lang='lat' dir='ltr'><strong>fru-</strong></span> 
     </span>
    </p>
   </div>
   <div class='ocr_carea' id='block_1_8' title="bbox 181 786 639 839">
    <p class='ocr_par' dir='ltr' id='par_1_8' title="bbox 181 786 639 839">
     <span class='ocr_line' id='line_1_8' title="bbox 181 786 639 839; baseline -0.004 0"><span class='ocrx_word' id='word_1_43' title='bbox 181 790 307 839; x_wconf 88' lang='lat' dir='ltr'><strong>ctus</strong></span> <span class='ocrx_word' id='word_1_44' title='bbox 339 792 426 839; x_wconf 90' lang='lat' dir='ltr'><strong>est</strong></span> <span class='ocrx_word' id='word_1_45' title='bbox 456 786 639 839; x_wconf 89' lang='lat' dir='ltr'><strong>malis.</strong></span> 
     </span>
    </p>
   </div>
   <div class='ocr_carea' id='block_1_9' title="bbox 252 872 1884 944">
    <p class='ocr_par' dir='ltr' id='par_1_9' title="bbox 252 872 1884 944">
     <span class='ocr_line' id='line_1_9' title="bbox 252 872 1884 944; baseline 0 -17"><span class='ocrx_word' id='word_1_46' title='bbox 252 872 475 943; x_wconf 56' lang='lat' dir='ltr'><strong>(Gaza)</strong></span> <span class='ocrx_word' id='word_1_47' title='bbox 527 876 672 927; x_wconf 87' lang='lat' dir='ltr'><strong>Ante</strong></span> <span class='ocrx_word' id='word_1_48' title='bbox 704 888 904 927; x_wconf 90' lang='lat' dir='ltr'><strong>omnes</strong></span> <span class='ocrx_word' id='word_1_49' title='bbox 962 872 1168 927; x_wconf 85' lang='lat' dir='ltr'><strong>herbas</strong></span> <span class='ocrx_word' id='word_1_50' title='bbox 1198 888 1451 927; x_wconf 82' lang='lat' dir='ltr'><strong>arescere</strong></span> <span class='ocrx_word' id='word_1_51' title='bbox 1499 872 1719 944; x_wconf 91' lang='lat' dir='ltr'><strong>scirpus</strong></span> <span class='ocrx_word' id='word_1_52' title='bbox 1750 874 1884 929; x_wconf 85' lang='lat' dir='ltr'><strong>dici-</strong></span> 
     </span>
    </p>
   </div>
   <div class='ocr_carea' id='block_1_10' title="bbox 176 961 1877 1033">
    <p class='ocr_par' dir='ltr' id='par_1_10' title="bbox 176 961 1877 1033">
     <span class='ocr_line' id='line_1_10' title="bbox 176 961 1877 1033; baseline 0.002 -19"><span class='ocrx_word' id='word_1_53' title='bbox 176 965 287 1024; x_wconf 86' lang='lat' dir='ltr'><strong>tur,</strong></span> <span class='ocrx_word' id='word_1_54' title='bbox 324 967 461 1028; x_wconf 88' lang='lat' dir='ltr'><strong>etc.,</strong></span> <span class='ocrx_word' id='word_1_55' title='bbox 518 977 687 1032; x_wconf 88' lang='lat' dir='ltr'><strong>usque</strong></span> <span class='ocrx_word' id='word_1_56' title='bbox 724 962 798 1016; x_wconf 84' lang='lat' dir='ltr'><strong>ad</strong></span> <span class='ocrx_word' id='word_1_57' title='bbox 847 961 1011 1033; x_wconf 86' lang='lat' dir='ltr'><strong>quasi</strong></span> <span class='ocrx_word' id='word_1_58' title='bbox 1060 961 1364 1016; x_wconf 85' lang='lat' dir='ltr'><strong>viriditatis</strong></span> <span class='ocrx_word' id='word_1_59' title='bbox 1423 962 1674 1033; x_wconf 86' lang='lat' dir='ltr'><strong>speciem</strong></span> <span class='ocrx_word' id='word_1_60' title='bbox 1706 963 1877 1017; x_wconf 88' lang='lat' dir='ltr'><strong>amit-</strong></span> 
     </span>
    </p>
   </div>
   <div class='ocr_carea' id='block_1_11' title="bbox 177 1048 389 1115">
    <p class='ocr_par' dir='ltr' id='par_1_11' title="bbox 177 1048 389 1115">
     <span class='ocr_line' id='line_1_11' title="bbox 177 1048 389 1115; baseline 0.005 -12"><span class='ocrx_word' id='word_1_61' title='bbox 177 1048 241 1115; x_wconf 91' lang='lat' dir='ltr'><strong>it,</strong></span> <span class='ocrx_word' id='word_1_62' title='bbox 274 1055 389 1104; x_wconf 91' lang='lat' dir='ltr'><strong>etc.</strong></span> 
     </span>
    </p>
   </div>
   <div class='ocr_carea' id='block_1_12' title="bbox 245 1138 1879 1211">
    <p class='ocr_par' dir='ltr' id='par_1_12' title="bbox 245 1138 1879 1211">
     <span class='ocr_line' id='line_1_12' title="bbox 245 1138 1879 1211; baseline 0.001 -20"><span class='ocrx_word' id='word_1_63' title='bbox 245 1140 410 1193; x_wconf 72' lang='lat' dir='ltr'><strong>Vens.</strong></span> <span class='ocrx_word' id='word_1_64' title='bbox 447 1142 499 1192; x_wconf 90' lang='lat'><strong>6.</strong></span> <span class='ocrx_word' id='word_1_65' title='bbox 534 1170 600 1178; x_wconf 91' lang='lat'><strong>—</strong></span> <span class='ocrx_word' id='word_1_66' title='bbox 629 1138 781 1205; x_wconf 81' lang='lat' dir='ltr'><strong>Quod</strong></span> <span class='ocrx_word' id='word_1_67' title='bbox 807 1141 1132 1208; x_wconf 79' lang='lat' dir='ltr'><strong>priusquam</strong></span> <span class='ocrx_word' id='word_1_68' title='bbox 1180 1140 1459 1194; x_wconf 87' lang='lat' dir='ltr'><strong>evellatur.</strong></span> <span class='ocrx_word' id='word_1_69' title='bbox 1493 1139 1682 1211; x_wconf 79' lang='lat' dir='ltr'><strong>(Auc.)</strong></span> <span class='ocrx_word' id='word_1_70' title='bbox 1728 1140 1879 1193; x_wconf 82' lang='lat' dir='ltr'><strong>Non-</strong></span> 
     </span>
    </p>
   </div>
   <div class='ocr_carea' id='block_1_13' title="bbox 175 1226 1885 1299">
    <p class='ocr_par' dir='ltr' id='par_1_13' title="bbox 175 1226 1885 1299">
     <span class='ocr_line' id='line_1_13' title="bbox 175 1226 1885 1299; baseline 0.002 -20"><span class='ocrx_word' id='word_1_71' title='bbox 175 1226 316 1280; x_wconf 87' lang='lat' dir='ltr'><strong>dum</strong></span> <span class='ocrx_word' id='word_1_72' title='bbox 352 1227 499 1280; x_wconf 83' lang='lat' dir='ltr'><strong>ﬁniti</strong></span> <span class='ocrx_word' id='word_1_73' title='bbox 547 1227 768 1280; x_wconf 86' lang='lat' dir='ltr'><strong>suntin</strong></span> <span class='ocrx_word' id='word_1_74' title='bbox 798 1227 1018 1296; x_wconf 90' lang='lat' dir='ltr'><strong>judicio</strong></span> <span class='ocrx_word' id='word_1_75' title='bbox 1075 1226 1197 1295; x_wconf 90' lang='lat' dir='ltr'><strong>Dei,</strong></span> <span class='ocrx_word' id='word_1_76' title='bbox 1232 1232 1289 1282; x_wconf 91' lang='lat' dir='ltr'><strong>et</strong></span> <span class='ocrx_word' id='word_1_77' title='bbox 1338 1229 1461 1299; x_wconf 88' lang='lat' dir='ltr'><strong>jam</strong></span> <span class='ocrx_word' id='word_1_78' title='bbox 1506 1244 1625 1283; x_wconf 93' lang='lat' dir='ltr'><strong>non</strong></span> <span class='ocrx_word' id='word_1_79' title='bbox 1670 1228 1885 1283; x_wconf 83' lang='lat' dir='ltr'><strong>habent</strong></span> 
     </span>
    </p>
   </div>
   <div class='ocr_carea' id='block_1_14' title="bbox 177 1315 761 1369">
    <p class='ocr_par' dir='ltr' id='par_1_14' title="bbox 177 1315 761 1369">
     <span class='ocr_line' id='line_1_14' title="bbox 177 1315 761 1369; baseline 0.003 -2"><span class='ocrx_word' id='word_1_80' title='bbox 177 1330 412 1369; x_wconf 88' lang='lat' dir='ltr'><strong>succum</strong></span> <span class='ocrx_word' id='word_1_81' title='bbox 439 1315 761 1369; x_wconf 86' lang='lat' dir='ltr'><strong>viriditatis.</strong></span> 
     </span>
    </p>
   </div>
   <div class='ocr_carea' id='block_1_15' title="bbox 246 1403 1883 1475">
    <p class='ocr_par' dir='ltr' id='par_1_15' title="bbox 246 1403 1883 1475">
     <span class='ocr_line' id='line_1_15' title="bbox 246 1403 1883 1475; baseline 0.002 -19"><span class='ocrx_word' id='word_1_82' title='bbox 246 1405 415 1457; x_wconf 72' lang='lat' dir='ltr'><strong>Vens.</strong></span> <span class='ocrx_word' id='word_1_83' title='bbox 475 1407 526 1458; x_wconf 92' lang='lat'><strong>8.</strong></span> <span class='ocrx_word' id='word_1_84' title='bbox 582 1433 654 1445; x_wconf 95' lang='lat'><em>—</em></span> <span class='ocrx_word' id='word_1_85' title='bbox 696 1406 766 1458; x_wconf 91' lang='lat' dir='ltr'><strong>Et</strong></span> <span class='ocrx_word' id='word_1_86' title='bbox 822 1419 929 1457; x_wconf 90' lang='lat' dir='ltr'><strong>non</strong></span> <span class='ocrx_word' id='word_1_87' title='bbox 980 1404 1261 1459; x_wconf 70' lang='lat' dir='ltr'><strong>dimerunt.</strong></span> <span class='ocrx_word' id='word_1_88' title='bbox 1308 1403 1505 1475; x_wconf 57' lang='lat' dir='ltr'><strong>(Cass)</strong></span> <span class='ocrx_word' id='word_1_89' title='bbox 1556 1403 1686 1475; x_wconf 74' lang='lat' dir='ltr'><strong>[Mos</strong></span> <span class='ocrx_word' id='word_1_90' title='bbox 1734 1404 1883 1459; x_wconf 89' lang='lat' dir='ltr'><strong>inter</strong></span> 
     </span>
    </p>
   </div>
   <div class='ocr_carea' id='block_1_16' title="bbox 178 1492 1877 1563">
    <p class='ocr_par' dir='ltr' id='par_1_16' title="bbox 178 1492 1877 1563">
     <span class='ocr_line' id='line_1_16' title="bbox 178 1492 1877 1563; baseline 0.002 -18"><span class='ocrx_word' id='word_1_91' title='bbox 178 1492 447 1546; x_wconf 66' lang='lat' dir='ltr'><strong>Hebraeos</strong></span> <span class='ocrx_word' id='word_1_92' title='bbox 502 1496 625 1545; x_wconf 89' lang='lat' dir='ltr'><strong>erat</strong></span> <span class='ocrx_word' id='word_1_93' title='bbox 681 1497 745 1545; x_wconf 92' lang='lat' dir='ltr'><strong>ut</strong></span> <span class='ocrx_word' id='word_1_94' title='bbox 803 1492 989 1545; x_wconf 85' lang='lat' dir='ltr'><strong>viator</strong></span> <span class='ocrx_word' id='word_1_95' title='bbox 1055 1492 1423 1563; x_wconf 82' lang='lat' dir='ltr'><strong>operantibus</strong></span> <span class='ocrx_word' id='word_1_96' title='bbox 1483 1493 1877 1549; x_wconf 90' lang='lat' dir='ltr'><strong>benediceret:</strong></span> 
     </span>
    </p>
   </div>
   <div class='ocr_carea' id='block_1_17' title="bbox 172 1579 1880 1651">
    <p class='ocr_par' dir='ltr' id='par_1_17' title="bbox 172 1579 1880 1651">
     <span class='ocr_line' id='line_1_17' title="bbox 172 1579 1880 1651; baseline 0.001 -18"><span class='ocrx_word' id='word_1_97' title='bbox 172 1580 330 1633; x_wconf 90' lang='lat' dir='ltr'><strong>unde</strong></span> <span class='ocrx_word' id='word_1_98' title='bbox 360 1579 452 1633; x_wconf 91' lang='lat' dir='ltr'><strong>hic</strong></span> <span class='ocrx_word' id='word_1_99' title='bbox 484 1580 690 1632; x_wconf 89' lang='lat' dir='ltr'><strong>dicitur</strong></span> <span class='ocrx_word' id='word_1_100' title='bbox 718 1595 747 1632; x_wconf 90' lang='lat' dir='ltr'><strong>e</strong></span> <span class='ocrx_word' id='word_1_101' title='bbox 779 1580 1088 1645; x_wconf 85' lang='lat' dir='ltr'><strong>contrario,</strong></span> <span class='ocrx_word' id='word_1_102' title='bbox 1138 1579 1273 1651; x_wconf 89' lang='lat' dir='ltr'><strong>quia</strong></span> <span class='ocrx_word' id='word_1_103' title='bbox 1311 1580 1560 1634; x_wconf 89' lang='lat' dir='ltr'><strong>inaniter</strong></span> <span class='ocrx_word' id='word_1_104' title='bbox 1589 1581 1880 1651; x_wconf 88' lang='lat' dir='ltr'><strong>operanti-</strong></span> 
     </span>
    </p>
   </div>
   <div class='ocr_carea' id='block_1_18' title="bbox 172 1667 1025 1723">
    <p class='ocr_par' dir='ltr' id='par_1_18' title="bbox 172 1667 1025 1723">
     <span class='ocr_line' id='line_1_18' title="bbox 172 1667 1025 1723; baseline -0.002 0"><span class='ocrx_word' id='word_1_105' title='bbox 172 1668 280 1723; x_wconf 87' lang='lat' dir='ltr'><strong>bus</strong></span> <span class='ocrx_word' id='word_1_106' title='bbox 310 1668 634 1723; x_wconf 86' lang='lat' dir='ltr'><strong>benedictio</strong></span> <span class='ocrx_word' id='word_1_107' title='bbox 653 1668 809 1722; x_wconf 91' lang='lat' dir='ltr'><strong>nulla</strong></span> <span class='ocrx_word' id='word_1_108' title='bbox 839 1667 1025 1722; x_wconf 90' lang='lat' dir='ltr'><strong>datur.</strong></span> 
     </span>
    </p>
   </div>
   <div class='ocr_carea' id='block_1_19' title="bbox 240 1755 1877 1827">
    <p class='ocr_par' dir='ltr' id='par_1_19' title="bbox 240 1755 1877 1827">
     <span class='ocr_line' id='line_1_19' title="bbox 240 1755 1877 1827; baseline 0.001 -16"><span class='ocrx_word' id='word_1_109' title='bbox 240 1759 315 1811; x_wconf 88' lang='lat' dir='ltr'><strong>Et</strong></span> <span class='ocrx_word' id='word_1_110' title='bbox 342 1772 446 1809; x_wconf 89' lang='lat' dir='ltr'><strong>non</strong></span> <span class='ocrx_word' id='word_1_111' title='bbox 477 1755 756 1810; x_wconf 64' lang='lat' dir='ltr'><strong>diaterunt.</strong></span> <span class='ocrx_word' id='word_1_112' title='bbox 782 1756 935 1821; x_wconf 91' lang='lat' dir='ltr'><strong>Quos</strong></span> <span class='ocrx_word' id='word_1_113' title='bbox 976 1772 1094 1810; x_wconf 91' lang='lat' dir='ltr'><strong>non</strong></span> <span class='ocrx_word' id='word_1_114' title='bbox 1125 1755 1397 1827; x_wconf 79' lang='lat' dir='ltr'><strong>colligant</strong></span> <span class='ocrx_word' id='word_1_115' title='bbox 1422 1756 1635 1827; x_wconf 81' lang='lat' dir='ltr'><strong>angeli,</strong></span> <span class='ocrx_word' id='word_1_116' title='bbox 1666 1757 1877 1827; x_wconf 87' lang='lat' dir='ltr'><strong>quibus</strong></span> 
     </span>
    </p>
   </div>
   <div class='ocr_carea' id='block_1_20' title="bbox 171 1844 1733 1916">
    <p class='ocr_par' dir='ltr' id='par_1_20' title="bbox 171 1844 1733 1916">
     <span class='ocr_line' id='line_1_20' title="bbox 171 1844 1733 1916; baseline 0.001 -18"><span class='ocrx_word' id='word_1_117' title='bbox 171 1861 283 1899; x_wconf 92' lang='lat' dir='ltr'><strong>non</strong></span> <span class='ocrx_word' id='word_1_118' title='bbox 313 1844 774 1914; x_wconf 67' lang='lat' dir='ltr'><strong>praedicaverunt</strong></span> <span class='ocrx_word' id='word_1_119' title='bbox 798 1845 1061 1915; x_wconf 87' lang='lat' dir='ltr'><strong>apostoli.</strong></span> <span class='ocrx_word' id='word_1_120' title='bbox 1098 1846 1161 1898; x_wconf 85' lang='lat' dir='ltr'><strong>Et</strong></span> <span class='ocrx_word' id='word_1_121' title='bbox 1185 1846 1294 1898; x_wconf 89' lang='lat' dir='ltr'><strong>hoc</strong></span> <span class='ocrx_word' id='word_1_122' title='bbox 1323 1849 1407 1898; x_wconf 90' lang='lat' dir='ltr'><strong>est</strong></span> <span class='ocrx_word' id='word_1_123' title='bbox 1435 1845 1586 1916; x_wconf 89' lang='lat' dir='ltr'><strong>quod</strong></span> <span class='ocrx_word' id='word_1_124' title='bbox 1616 1846 1696 1899; x_wconf 87' lang='lat' dir='ltr'><strong>ait</strong></span> <span class='ocrx_word' id='word_1_125' title='bbox 1721 1862 1733 1899; x_wconf 94' lang='lat'><strong>:</strong></span> 
     </span>
    </p>
   </div>
   <div class='ocr_carea' id='block_1_21' title="bbox 241 1933 1877 2001">
    <p class='ocr_par' dir='ltr' id='par_1_21' title="bbox 241 1933 1877 2001">
     <span class='ocr_line' id='line_1_21' title="bbox 241 1933 1877 2001; baseline 0 -14"><span class='ocrx_word' id='word_1_126' title='bbox 241 1934 434 2001; x_wconf 66' lang='grc' dir='ltr'><strong>(ΑΗΘ.)</strong></span> <span class='ocrx_word' id='word_1_127' title='bbox 475 1936 544 1987; x_wconf 88' lang='lat' dir='ltr'><strong>Et</strong></span> <span class='ocrx_word' id='word_1_128' title='bbox 592 1948 698 1987; x_wconf 89' lang='lat' dir='ltr'><strong>non</strong></span> <span class='ocrx_word' id='word_1_129' title='bbox 729 1933 1011 2001; x_wconf 68' lang='lat' dir='ltr'><strong>dixerunt,</strong></span> <span class='ocrx_word' id='word_1_130' title='bbox 1052 1938 1159 1987; x_wconf 90' lang='lat' dir='ltr'><strong>etc.</strong></span> <span class='ocrx_word' id='word_1_131' title='bbox 1194 1933 1429 1987; x_wconf 83' lang='lat' dir='ltr'><strong>Maxime</strong></span> <span class='ocrx_word' id='word_1_132' title='bbox 1484 1933 1718 2000; x_wconf 70' lang='lat' dir='ltr'><strong>Iudaeis,</strong></span> <span class='ocrx_word' id='word_1_133' title='bbox 1753 1950 1877 1987; x_wconf 90' lang='lat' dir='ltr'><strong>mos</strong></span> 
     </span>
    </p>
   </div>
   <div class='ocr_carea' id='block_1_22' title="bbox 170 2021 1876 2092">
    <p class='ocr_par' dir='ltr' id='par_1_22' title="bbox 170 2021 1876 2092">
     <span class='ocr_line' id='line_1_22' title="bbox 170 2021 1876 2092; baseline 0.001 -17"><span class='ocrx_word' id='word_1_134' title='bbox 170 2027 294 2075; x_wconf 89' lang='lat' dir='ltr'><strong>erat</strong></span> <span class='ocrx_word' id='word_1_135' title='bbox 352 2021 789 2092; x_wconf 84' lang='lat' dir='ltr'><strong>quibuscunque</strong></span> <span class='ocrx_word' id='word_1_136' title='bbox 849 2022 1222 2091; x_wconf 85' lang='lat' dir='ltr'><strong>operantibus</strong></span> <span class='ocrx_word' id='word_1_137' title='bbox 1276 2022 1508 2076; x_wconf 91' lang='lat' dir='ltr'><strong>dicere:</strong></span> <span class='ocrx_word' id='word_1_138' title='bbox 1567 2022 1876 2076; x_wconf 78' lang='lat' dir='ltr'><strong>Benedictio</strong></span> 
     </span>
    </p>
   </div>
   <div class='ocr_carea' id='block_1_23' title="bbox 171 2110 1872 2179">
    <p class='ocr_par' dir='ltr' id='par_1_23' title="bbox 171 2110 1872 2179">
     <span class='ocr_line' id='line_1_23' title="bbox 171 2110 1872 2179; baseline -0.001 -14"><span class='ocrx_word' id='word_1_139' title='bbox 171 2112 390 2165; x_wconf 78' lang='lat' dir='ltr'><strong>Domini</strong></span> <span class='ocrx_word' id='word_1_140' title='bbox 422 2125 586 2179; x_wconf 84' lang='lat' dir='ltr'><strong>super</strong></span> <span class='ocrx_word' id='word_1_141' title='bbox 624 2124 735 2164; x_wconf 88' lang='lat' dir='ltr'><strong>vos.</strong></span> <span class='ocrx_word' id='word_1_142' title='bbox 794 2111 1175 2165; x_wconf 64' lang='lat' dir='ltr'><strong>Benediximus</strong></span> <span class='ocrx_word' id='word_1_143' title='bbox 1204 2110 1353 2165; x_wconf 80' lang='lat' dir='ltr'><strong>vobis</strong></span> <span class='ocrx_word' id='word_1_144' title='bbox 1398 2112 1455 2164; x_wconf 85' lang='lat' dir='ltr'><strong>in</strong></span> <span class='ocrx_word' id='word_1_145' title='bbox 1502 2114 1733 2177; x_wconf 81' lang='lat' dir='ltr'><strong>nomine,</strong></span> <span class='ocrx_word' id='word_1_146' title='bbox 1767 2116 1872 2165; x_wconf 91' lang='lat' dir='ltr'><strong>etc.</strong></span> 
     </span>
    </p>
   </div>
   <div class='ocr_carea' id='block_1_24' title="bbox 173 2198 1879 2269">
    <p class='ocr_par' dir='ltr' id='par_1_24' title="bbox 173 2198 1879 2269">
     <span class='ocr_line' id='line_1_24' title="bbox 173 2198 1879 2269; baseline 0.002 -18"><span class='ocrx_word' id='word_1_147' title='bbox 173 2198 377 2269; x_wconf 58' lang='lat' dir='ltr'><strong>(Cass)</strong></span> <span class='ocrx_word' id='word_1_148' title='bbox 411 2200 576 2251; x_wconf 87' lang='lat' dir='ltr'><strong>Bonis</strong></span> <span class='ocrx_word' id='word_1_149' title='bbox 623 2198 991 2263; x_wconf 88' lang='lat' dir='ltr'><strong>benedicunt,</strong></span> <span class='ocrx_word' id='word_1_150' title='bbox 1024 2214 1141 2252; x_wconf 89' lang='lat' dir='ltr'><strong>non</strong></span> <span class='ocrx_word' id='word_1_151' title='bbox 1188 2198 1249 2252; x_wconf 89' lang='lat' dir='ltr'><strong>in</strong></span> <span class='ocrx_word' id='word_1_152' title='bbox 1276 2214 1401 2267; x_wconf 91' lang='lat' dir='ltr'><strong>suo,</strong></span> <span class='ocrx_word' id='word_1_153' title='bbox 1430 2199 1527 2253; x_wconf 91' lang='lat' dir='ltr'><strong>sed</strong></span> <span class='ocrx_word' id='word_1_154' title='bbox 1578 2199 1637 2253; x_wconf 86' lang='lat' dir='ltr'><strong>in</strong></span> <span class='ocrx_word' id='word_1_155' title='bbox 1665 2200 1879 2254; x_wconf 87' lang='lat' dir='ltr'><strong>nomine</strong></span> 
     </span>
    </p>
   </div>
   <div class='ocr_carea' id='block_1_25' title="bbox 180 2294 1275 2366">
    <p class='ocr_par' dir='ltr' id='par_1_25' title="bbox 180 2294 1275 2366">
     <span class='ocr_line' id='line_1_25' title="bbox 180 2294 1275 2366; baseline -0.003 -15"><span class='ocrx_word' id='word_1_156' title='bbox 180 2298 398 2351; x_wconf 80' lang='lat' dir='ltr'><strong>Domini</strong></span> <span class='ocrx_word' id='word_1_157' title='bbox 422 2312 434 2348; x_wconf 95' lang='lat'><strong>:</strong></span> <span class='ocrx_word' id='word_1_158' title='bbox 473 2312 507 2349; x_wconf 92' lang='lat' dir='ltr'><strong>a</strong></span> <span class='ocrx_word' id='word_1_159' title='bbox 532 2312 645 2366; x_wconf 88' lang='lat' dir='ltr'><strong>quo</strong></span> <span class='ocrx_word' id='word_1_160' title='bbox 675 2294 889 2362; x_wconf 88' lang='lat' dir='ltr'><strong>omnia,</strong></span> <span class='ocrx_word' id='word_1_161' title='bbox 922 2310 1041 2347; x_wconf 91' lang='lat' dir='ltr'><strong>non</strong></span> <span class='ocrx_word' id='word_1_162' title='bbox 1072 2294 1144 2347; x_wconf 89' lang='lat' dir='ltr'><strong>ab</strong></span> <span class='ocrx_word' id='word_1_163' title='bbox 1175 2294 1275 2349; x_wconf 90' lang='lat' dir='ltr'><strong>eis.</strong></span> 
     </span>
    </p>
   </div>
   <div class='ocr_carea' id='block_1_26' title="bbox 751 2399 1314 2454">
    <p class='ocr_par' dir='ltr' id='par_1_26' title="bbox 751 2399 1314 2454">
     <span class='ocr_line' id='line_1_26' title="bbox 751 2399 1314 2454; baseline -0.002 -1"><span class='ocrx_word' id='word_1_164' title='bbox 751 2400 1062 2454; x_wconf 84' lang='lat' dir='ltr'><strong>PSALMUS</strong></span> <span class='ocrx_word' id='word_1_165' title='bbox 1100 2399 1314 2454; x_wconf 81' lang='lat' dir='ltr'><strong>CXXIX.</strong></span> 
     </span>
    </p>
   </div>
   <div class='ocr_carea' id='block_1_27' title="bbox 248 2506 1883 2574">
    <p class='ocr_par' dir='ltr' id='par_1_27' title="bbox 248 2506 1883 2574">
     <span class='ocr_line' id='line_1_27' title="bbox 248 2506 1883 2574; baseline 0.001 -15"><span class='ocrx_word' id='word_1_166' title='bbox 248 2507 423 2561; x_wconf 75' lang='lat' dir='ltr'><strong>Vens.</strong></span> <span class='ocrx_word' id='word_1_167' title='bbox 492 2510 540 2560; x_wconf 82' lang='lat' dir='ltr'><strong>l.</strong></span> <span class='ocrx_word' id='word_1_168' title='bbox 595 2535 666 2546; x_wconf 94' lang='lat'><strong><em>—</em></strong></span> <span class='ocrx_word' id='word_1_169' title='bbox 713 2508 993 2562; x_wconf 80' lang='lat' dir='ltr'><strong>Canticum</strong></span> <span class='ocrx_word' id='word_1_170' title='bbox 1048 2506 1341 2574; x_wconf 87' lang='lat' dir='ltr'><strong>graduum.</strong></span> <span class='ocrx_word' id='word_1_171' title='bbox 1426 2506 1559 2573; x_wconf 81' lang='lat'><strong>(11).)</strong></span> <span class='ocrx_word' id='word_1_172' title='bbox 1642 2506 1883 2561; x_wconf 89' lang='lat' dir='ltr'><strong>Undeci-</strong></span> 
     </span>
    </p>
   </div>
   <div class='ocr_carea' id='block_1_28' title="bbox 179 2594 1885 2666">
    <p class='ocr_par' dir='ltr' id='par_1_28' title="bbox 179 2594 1885 2666">
     <span class='ocr_line' id='line_1_28' title="bbox 179 2594 1885 2666; baseline 0.001 -17"><span class='ocrx_word' id='word_1_173' title='bbox 179 2611 309 2650; x_wconf 91' lang='lat' dir='ltr'><strong>mus</strong></span> <span class='ocrx_word' id='word_1_174' title='bbox 338 2595 569 2666; x_wconf 88' lang='lat' dir='ltr'><strong>gradus,</strong></span> <span class='ocrx_word' id='word_1_175' title='bbox 610 2598 753 2665; x_wconf 90' lang='lat' dir='ltr'><strong>etc.,</strong></span> <span class='ocrx_word' id='word_1_176' title='bbox 802 2610 970 2663; x_wconf 91' lang='lat' dir='ltr'><strong>usque</strong></span> <span class='ocrx_word' id='word_1_177' title='bbox 1010 2594 1085 2649; x_wconf 83' lang='lat' dir='ltr'><strong>ad</strong></span> <span class='ocrx_word' id='word_1_178' title='bbox 1136 2594 1370 2665; x_wconf 91' lang='lat' dir='ltr'><strong>ponitur</strong></span> <span class='ocrx_word' id='word_1_179' title='bbox 1428 2595 1558 2649; x_wconf 67' lang='lat' dir='ltr'><strong>laeta</strong></span> <span class='ocrx_word' id='word_1_180' title='bbox 1596 2595 1885 2650; x_wconf 88' lang='lat' dir='ltr'><strong>conclusio</strong></span> 
     </span>
    </p>
   </div>
   <div class='ocr_carea' id='block_1_29' title="bbox 182 2682 1887 2753">
    <p class='ocr_par' dir='ltr' id='par_1_29' title="bbox 182 2682 1887 2753">
     <span class='ocr_line' id='line_1_29' title="bbox 182 2682 1887 2753; baseline 0.001 -16"><span class='ocrx_word' id='word_1_181' title='bbox 182 2700 312 2737; x_wconf 91' lang='lat' dir='ltr'><strong>cum</strong></span> <span class='ocrx_word' id='word_1_182' title='bbox 372 2683 717 2738; x_wconf 90' lang='lat' dir='ltr'><strong>certitudine</strong></span> <span class='ocrx_word' id='word_1_183' title='bbox 775 2683 977 2750; x_wconf 65' lang='lat' dir='ltr'><strong>venite,</strong></span> <span class='ocrx_word' id='word_1_184' title='bbox 1035 2682 1135 2751; x_wconf 88' lang='lat' dir='ltr'><strong>ibi,</strong></span> <span class='ocrx_word' id='word_1_185' title='bbox 1194 2684 1383 2753; x_wconf 86' lang='lat' dir='ltr'><strong>Speret</strong></span> <span class='ocrx_word' id='word_1_186' title='bbox 1436 2686 1607 2738; x_wconf 79' lang='lat' dir='ltr'><strong>Israel</strong></span> <span class='ocrx_word' id='word_1_187' title='bbox 1666 2686 1726 2738; x_wconf 88' lang='lat' dir='ltr'><strong>in</strong></span> <span class='ocrx_word' id='word_1_188' title='bbox 1773 2688 1887 2739; x_wconf 88' lang='lat' dir='ltr'><strong>Do-</strong></span> 
     </span>
    </p>
   </div>
   <div class='ocr_carea' id='block_1_30' title="bbox 188 2786 352 2826">
    <p class='ocr_par' dir='ltr' id='par_1_30' title="bbox 188 2786 352 2826">
     <span class='ocr_line' id='line_1_30' title="bbox 188 2786 352 2826; baseline 0 -1"><span class='ocrx_word' id='word_1_189' title='bbox 188 2786 352 2826; x_wconf 79' lang='lat' dir='ltr'><strong>mino.</strong></span> 
     </span>
    </p>
   </div>
   <div class='ocr_carea' id='block_1_31' title="bbox 252 2858 1887 2930">
    <p class='ocr_par' dir='ltr' id='par_1_31' title="bbox 252 2858 1887 2930">
     <span class='ocr_line' id='line_1_31' title="bbox 252 2858 1887 2930; baseline -0.002 -15"><span class='ocrx_word' id='word_1_190' title='bbox 252 2863 329 2915; x_wconf 83' lang='lat' dir='ltr'><strong>De</strong></span> <span class='ocrx_word' id='word_1_191' title='bbox 352 2859 871 2929; x_wconf 77' lang='lat' dir='ltr'><strong>profimdis.(AUG.)</strong></span> <span class='ocrx_word' id='word_1_192' title='bbox 903 2858 1011 2923; x_wconf 90' lang='lat' dir='ltr'><strong>Qui</strong></span> <span class='ocrx_word' id='word_1_193' title='bbox 1039 2858 1212 2913; x_wconf 90' lang='lat' dir='ltr'><strong>sentit</strong></span> <span class='ocrx_word' id='word_1_194' title='bbox 1240 2858 1377 2912; x_wconf 91' lang='lat' dir='ltr'><strong>sein</strong></span> <span class='ocrx_word' id='word_1_195' title='bbox 1410 2858 1717 2930; x_wconf 90' lang='lat' dir='ltr'><strong>profundo,</strong></span> <span class='ocrx_word' id='word_1_196' title='bbox 1751 2863 1887 2927; x_wconf 91' lang='lat' dir='ltr'><strong>etc.,</strong></span> 
     </span>
    </p>
   </div>
   <div class='ocr_carea' id='block_1_32' title="bbox 181 2947 1884 3017">
    <p class='ocr_par' dir='ltr' id='par_1_32' title="bbox 181 2947 1884 3017">
     <span class='ocr_line' id='line_1_32' title="bbox 181 2947 1884 3017; baseline -0.001 -15"><span class='ocrx_word' id='word_1_197' title='bbox 181 2963 353 3016; x_wconf 83' lang='lat' dir='ltr'><strong>usque</strong></span> <span class='ocrx_word' id='word_1_198' title='bbox 405 2948 481 3001; x_wconf 83' lang='lat' dir='ltr'><strong>ad</strong></span> <span class='ocrx_word' id='word_1_199' title='bbox 513 2948 658 3002; x_wconf 91' lang='lat' dir='ltr'><strong>sicut</strong></span> <span class='ocrx_word' id='word_1_200' title='bbox 685 2948 821 3001; x_wconf 90' lang='lat' dir='ltr'><strong>dicit</strong></span> <span class='ocrx_word' id='word_1_201' title='bbox 868 2947 1185 3017; x_wconf 89' lang='lat' dir='ltr'><strong>Scriptura:</strong></span> <span class='ocrx_word' id='word_1_202' title='bbox 1241 2949 1518 3015; x_wconf 87' lang='lat' dir='ltr'><strong>Peccator,</strong></span> <span class='ocrx_word' id='word_1_203' title='bbox 1571 2964 1691 3002; x_wconf 87' lang='lat' dir='ltr'><strong>cum</strong></span> <span class='ocrx_word' id='word_1_204' title='bbox 1730 2963 1884 3002; x_wconf 80' lang='lat' dir='ltr'><strong>vene-</strong></span> 
     </span>
    </p>
   </div>
   <div class='ocr_carea' id='block_1_33' title="bbox 179 3037 1334 3106">
    <p class='ocr_par' dir='ltr' id='par_1_33' title="bbox 179 3037 1334 3106">
     <span class='ocr_line' id='line_1_33' title="bbox 179 3037 1334 3106; baseline 0 -15"><span class='ocrx_word' id='word_1_205' title='bbox 179 3040 259 3091; x_wconf 93' lang='lat' dir='ltr'><strong>rit</strong></span> <span class='ocrx_word' id='word_1_206' title='bbox 285 3040 347 3090; x_wconf 90' lang='lat' dir='ltr'><strong>in</strong></span> <span class='ocrx_word' id='word_1_207' title='bbox 372 3037 712 3106; x_wconf 84' lang='lat' dir='ltr'><strong>profundum</strong></span> <span class='ocrx_word' id='word_1_208' title='bbox 752 3038 1010 3091; x_wconf 87' lang='lat' dir='ltr'><strong>vitiorum</strong></span> <span class='ocrx_word' id='word_1_209' title='bbox 1029 3038 1334 3091; x_wconf 83' lang='lat' dir='ltr'><strong>contemnit.</strong></span> 
     </span>
    </p>
   </div>
   <div class='ocr_carea' id='block_1_34' title="bbox 251 3124 1887 3195">
    <p class='ocr_par' dir='ltr' id='par_1_34' title="bbox 251 3124 1887 3195">
     <span class='ocr_line' id='line_1_34' title="bbox 251 3124 1887 3195; baseline -0.001 -17"><span class='ocrx_word' id='word_1_210' title='bbox 251 3126 415 3179; x_wconf 75' lang='lat' dir='ltr'><strong>Vens.</strong></span> <span class='ocrx_word' id='word_1_211' title='bbox 452 3128 503 3180; x_wconf 91' lang='lat'><strong>3.</strong></span> <span class='ocrx_word' id='word_1_212' title='bbox 552 3155 621 3165; x_wconf 92' lang='lat'>—</span> <span class='ocrx_word' id='word_1_213' title='bbox 650 3126 780 3191; x_wconf 85' lang='lat' dir='ltr'><strong>Quis</strong></span> <span class='ocrx_word' id='word_1_214' title='bbox 804 3125 1110 3180; x_wconf 84' lang='lat' dir='ltr'><strong>sustinebit.</strong></span> <span class='ocrx_word' id='word_1_215' title='bbox 1145 3125 1289 3195; x_wconf 86' lang='lat' dir='ltr'><strong>(Io.)</strong></span> <span class='ocrx_word' id='word_1_216' title='bbox 1338 3124 1481 3189; x_wconf 86' lang='lat' dir='ltr'><strong>Quia</strong></span> <span class='ocrx_word' id='word_1_217' title='bbox 1530 3140 1710 3195; x_wconf 85' lang='lat' dir='ltr'><strong>prope</strong></span> <span class='ocrx_word' id='word_1_218' title='bbox 1767 3139 1887 3177; x_wconf 88' lang='lat' dir='ltr'><strong>om-</strong></span> 
     </span>
    </p>
   </div>
   <div class='ocr_carea' id='block_1_35' title="bbox 180 3212 1879 3284">
    <p class='ocr_par' dir='ltr' id='par_1_35' title="bbox 180 3212 1879 3284">
     <span class='ocr_line' id='line_1_35' title="bbox 180 3212 1879 3284; baseline -0.001 -17"><span class='ocrx_word' id='word_1_219' title='bbox 180 3212 273 3267; x_wconf 88' lang='lat' dir='ltr'><strong>nis</strong></span> <span class='ocrx_word' id='word_1_220' title='bbox 304 3214 558 3267; x_wconf 83' lang='lat' dir='ltr'><strong>humana</strong></span> <span class='ocrx_word' id='word_1_221' title='bbox 606 3213 718 3267; x_wconf 89' lang='lat' dir='ltr'><strong>vita</strong></span> <span class='ocrx_word' id='word_1_222' title='bbox 764 3212 1006 3284; x_wconf 89' lang='lat' dir='ltr'><strong>peccatis</strong></span> <span class='ocrx_word' id='word_1_223' title='bbox 1058 3212 1538 3279; x_wconf 90' lang='lat' dir='ltr'><strong>circumlatratur,</strong></span> <span class='ocrx_word' id='word_1_224' title='bbox 1576 3213 1879 3283; x_wconf 91' lang='lat' dir='ltr'><strong>omnisque</strong></span> 
     </span>
    </p>
   </div>
   <div class='ocr_carea' id='block_1_36' title="bbox 182 3300 1884 3370">
    <p class='ocr_par' dir='ltr' id='par_1_36' title="bbox 182 3300 1884 3370">
     <span class='ocr_line' id='line_1_36' title="bbox 182 3300 1884 3370; baseline 0 -16"><span class='ocrx_word' id='word_1_225' title='bbox 182 3300 532 3354; x_wconf 89' lang='lat' dir='ltr'><strong>conscientia</strong></span> <span class='ocrx_word' id='word_1_226' title='bbox 600 3301 716 3354; x_wconf 92' lang='lat' dir='ltr'><strong>suis</strong></span> <span class='ocrx_word' id='word_1_227' title='bbox 766 3300 1207 3370; x_wconf 81' lang='lat' dir='ltr'><strong>cogitationibus</strong></span> <span class='ocrx_word' id='word_1_228' title='bbox 1258 3305 1571 3354; x_wconf 90' lang='lat' dir='ltr'><strong>accusatur.</strong></span> <span class='ocrx_word' id='word_1_229' title='bbox 1624 3301 1747 3354; x_wconf 88' lang='lat' dir='ltr'><strong>Non</strong></span> <span class='ocrx_word' id='word_1_230' title='bbox 1797 3304 1884 3354; x_wconf 88' lang='lat' dir='ltr'><strong>est</strong></span> 
     </span>
    </p>
   </div>
   <div class='ocr_carea' id='block_1_37' title="bbox 185 3388 1888 3460">
    <p class='ocr_par' dir='ltr' id='par_1_37' title="bbox 185 3388 1888 3460">
     <span class='ocr_line' id='line_1_37' title="bbox 185 3388 1888 3460; baseline -0.001 -16"><span class='ocrx_word' id='word_1_231' title='bbox 185 3395 406 3444; x_wconf 87' lang='lat' dir='ltr'><strong>castum</strong></span> <span class='ocrx_word' id='word_1_232' title='bbox 435 3405 551 3454; x_wconf 90' lang='lat' dir='ltr'><strong>cor,</strong></span> <span class='ocrx_word' id='word_1_233' title='bbox 584 3390 734 3460; x_wconf 91' lang='lat' dir='ltr'><strong>quod</strong></span> <span class='ocrx_word' id='word_1_234' title='bbox 794 3389 1093 3459; x_wconf 66' lang='lat' dir='ltr'><strong>praesumit</strong></span> <span class='ocrx_word' id='word_1_235' title='bbox 1133 3388 1203 3443; x_wconf 92' lang='lat' dir='ltr'><strong>de</strong></span> <span class='ocrx_word' id='word_1_236' title='bbox 1236 3388 1459 3458; x_wconf 91' lang='lat' dir='ltr'><strong>justitia</strong></span> <span class='ocrx_word' id='word_1_237' title='bbox 1507 3405 1628 3443; x_wconf 89' lang='lat' dir='ltr'><strong>sua.</strong></span> <span class='ocrx_word' id='word_1_238' title='bbox 1672 3390 1888 3443; x_wconf 62' lang='lat' dir='ltr'><strong>Praesu-</strong></span> 
     </span>
    </p>
   </div>
   <div class='ocr_carea' id='block_1_38' title="bbox 190 3476 1881 3549">
    <p class='ocr_par' dir='ltr' id='par_1_38' title="bbox 190 3476 1881 3549">
     <span class='ocr_line' id='line_1_38' title="bbox 190 3476 1881 3549; baseline 0 -18"><span class='ocrx_word' id='word_1_239' title='bbox 190 3483 309 3531; x_wconf 90' lang='lat' dir='ltr'><strong>mat</strong></span> <span class='ocrx_word' id='word_1_240' title='bbox 330 3494 465 3549; x_wconf 91' lang='lat' dir='ltr'><strong>ergo</strong></span> <span class='ocrx_word' id='word_1_241' title='bbox 494 3479 563 3532; x_wconf 94' lang='lat' dir='ltr'><strong>de</strong></span> <span class='ocrx_word' id='word_1_242' title='bbox 612 3477 710 3531; x_wconf 89' lang='lat' dir='ltr'><strong>Dei</strong></span> <span class='ocrx_word' id='word_1_243' title='bbox 739 3476 1151 3543; x_wconf 86' lang='lat' dir='ltr'><strong>misericordia,</strong></span> <span class='ocrx_word' id='word_1_244' title='bbox 1204 3477 1345 3543; x_wconf 84' lang='lat' dir='ltr'><strong>Quia</strong></span> <span class='ocrx_word' id='word_1_245' title='bbox 1373 3477 1523 3546; x_wconf 85' lang='lat' dir='ltr'><strong>apud</strong></span> <span class='ocrx_word' id='word_1_246' title='bbox 1549 3492 1667 3531; x_wconf 90' lang='lat' dir='ltr'><strong>eum</strong></span> <span class='ocrx_word' id='word_1_247' title='bbox 1693 3479 1881 3546; x_wconf 85' lang='lat' dir='ltr'><strong>propi-</strong></span> 
     </span>
    </p>
   </div>
   <div class='ocr_carea' id='block_1_39' title="bbox 193 3563 785 3631">
    <p class='ocr_par' dir='ltr' id='par_1_39' title="bbox 193 3563 785 3631">
     <span class='ocr_line' id='line_1_39' title="bbox 193 3563 785 3631; baseline 0 -14"><span class='ocrx_word' id='word_1_248' title='bbox 193 3563 367 3631; x_wconf 85' lang='lat' dir='ltr'><strong>tiatio,</strong></span> <span class='ocrx_word' id='word_1_249' title='bbox 391 3564 542 3617; x_wconf 90' lang='lat' dir='ltr'><strong>unde</strong></span> <span class='ocrx_word' id='word_1_250' title='bbox 565 3563 785 3617; x_wconf 91' lang='lat' dir='ltr'><strong>subdit:</strong></span> 
     </span>
    </p>
   </div>
   <div class='ocr_carea' id='block_1_40' title="bbox 260 3652 1881 3721">
    <p class='ocr_par' dir='ltr' id='par_1_40' title="bbox 260 3652 1881 3721">
     <span class='ocr_line' id='line_1_40' title="bbox 260 3652 1881 3721; baseline 0.002 -19"><span class='ocrx_word' id='word_1_251' title='bbox 260 3652 421 3705; x_wconf 77' lang='lat' dir='ltr'><strong>Vaas.</strong></span> <span class='ocrx_word' id='word_1_252' title='bbox 471 3654 525 3706; x_wconf 81' lang='grc'><strong>4.</strong></span> <span class='ocrx_word' id='word_1_253' title='bbox 578 3683 647 3691; x_wconf 86' lang='lat'><strong>-—</strong></span> <span class='ocrx_word' id='word_1_254' title='bbox 700 3653 845 3718; x_wconf 89' lang='lat' dir='ltr'><strong>Quia</strong></span> <span class='ocrx_word' id='word_1_255' title='bbox 892 3652 1044 3721; x_wconf 87' lang='lat' dir='ltr'><strong>apud</strong></span> <span class='ocrx_word' id='word_1_256' title='bbox 1097 3656 1147 3707; x_wconf 90' lang='lat' dir='ltr'><strong>te</strong></span> <span class='ocrx_word' id='word_1_257' title='bbox 1174 3653 1495 3721; x_wconf 80' lang='lat' dir='ltr'><strong>propitiatio</strong></span> <span class='ocrx_word' id='word_1_258' title='bbox 1552 3656 1647 3707; x_wconf 88' lang='lat' dir='ltr'><strong>est.</strong></span> <span class='ocrx_word' id='word_1_259' title='bbox 1681 3652 1881 3717; x_wconf 86' lang='lat' dir='ltr'><strong>Quasi:</strong></span> 
     </span>
    </p>
   </div>
   <div class='ocr_carea' id='block_1_41' title="bbox 190 3740 1887 3812">
    <p class='ocr_par' dir='ltr' id='par_1_41' title="bbox 190 3740 1887 3812">
     <span class='ocr_line' id='line_1_41' title="bbox 190 3740 1887 3812; baseline 0.001 -19"><span class='ocrx_word' id='word_1_260' title='bbox 190 3740 312 3805; x_wconf 91' lang='lat' dir='ltr'><strong>Qua</strong></span> <span class='ocrx_word' id='word_1_261' title='bbox 340 3756 439 3811; x_wconf 88' lang='lat' dir='ltr'><strong>spe</strong></span> <span class='ocrx_word' id='word_1_262' title='bbox 484 3741 731 3794; x_wconf 89' lang='lat' dir='ltr'><strong>clamas?</strong></span> <span class='ocrx_word' id='word_1_263' title='bbox 788 3740 931 3805; x_wconf 90' lang='lat' dir='ltr'><strong>Quia</strong></span> <span class='ocrx_word' id='word_1_264' title='bbox 986 3744 1071 3795; x_wconf 91' lang='lat' dir='ltr'><strong>est</strong></span> <span class='ocrx_word' id='word_1_265' title='bbox 1098 3740 1160 3794; x_wconf 89' lang='lat' dir='ltr'><strong>in</strong></span> <span class='ocrx_word' id='word_1_266' title='bbox 1210 3745 1264 3795; x_wconf 89' lang='lat' dir='ltr'><strong>te</strong></span> <span class='ocrx_word' id='word_1_267' title='bbox 1309 3740 1701 3795; x_wconf 87' lang='lat' dir='ltr'><strong>misericordia</strong></span> <span class='ocrx_word' id='word_1_268' title='bbox 1731 3740 1887 3812; x_wconf 91' lang='lat' dir='ltr'><strong>quod</strong></span> 
     </span>
    </p>
   </div>
   <div class='ocr_carea' id='block_1_42' title="bbox 188 3828 857 3899">
    <p class='ocr_par' dir='ltr' id='par_1_42' title="bbox 188 3828 857 3899">
     <span class='ocr_line' id='line_1_42' title="bbox 188 3828 857 3899; baseline 0.003 -17"><span class='ocrx_word' id='word_1_269' title='bbox 188 3828 272 3883; x_wconf 89' lang='lat' dir='ltr'><strong>ita</strong></span> <span class='ocrx_word' id='word_1_270' title='bbox 296 3828 402 3881; x_wconf 86' lang='lat' dir='ltr'><strong>ait:</strong></span> <span class='ocrx_word' id='word_1_271' title='bbox 432 3829 530 3882; x_wconf 87' lang='lat' dir='ltr'><strong>Vel</strong></span> <span class='ocrx_word' id='word_1_272' title='bbox 560 3828 857 3899; x_wconf 89' lang='lat' dir='ltr'><strong>itajunge.</strong></span> 
     </span>
    </p>
   </div>
   <div class='ocr_carea' id='block_1_43' title="bbox 257 3915 1889 3987">
    <p class='ocr_par' dir='ltr' id='par_1_43' title="bbox 257 3915 1889 3987">
     <span class='ocr_line' id='line_1_43' title="bbox 257 3915 1889 3987; baseline -0.001 -17"><span class='ocrx_word' id='word_1_273' title='bbox 257 3917 453 3987; x_wconf 80' lang='lat' dir='ltr'><strong>(AUG.)</strong></span> <span class='ocrx_word' id='word_1_274' title='bbox 489 3916 689 3969; x_wconf 89' lang='lat' dir='ltr'><strong>Nullus</strong></span> <span class='ocrx_word' id='word_1_275' title='bbox 720 3920 908 3987; x_wconf 90' lang='lat' dir='ltr'><strong>potest</strong></span> <span class='ocrx_word' id='word_1_276' title='bbox 954 3916 1258 3985; x_wconf 90' lang='lat' dir='ltr'><strong>sustinere,</strong></span> <span class='ocrx_word' id='word_1_277' title='bbox 1290 3919 1421 3981; x_wconf 89' lang='lat' dir='ltr'><strong>etc.,</strong></span> <span class='ocrx_word' id='word_1_278' title='bbox 1469 3931 1638 3986; x_wconf 88' lang='lat' dir='ltr'><strong>usque</strong></span> <span class='ocrx_word' id='word_1_279' title='bbox 1656 3915 1729 3970; x_wconf 86' lang='lat' dir='ltr'><strong>ad</strong></span> <span class='ocrx_word' id='word_1_280' title='bbox 1769 3930 1889 3970; x_wconf 89' lang='lat' dir='ltr'><strong>una</strong></span> 
     </span>
    </p>
   </div>
   <div class='ocr_carea' id='block_1_44' title="bbox 191 4006 1887 4079">
    <p class='ocr_par' dir='ltr' id='par_1_44' title="bbox 191 4006 1887 4079">
     <span class='ocr_line' id='line_1_44' title="bbox 191 4006 1887 4079; baseline -0.001 -19"><span class='ocrx_word' id='word_1_281' title='bbox 191 4021 329 4077; x_wconf 90' lang='lat' dir='ltr'><strong>ergo</strong></span> <span class='ocrx_word' id='word_1_282' title='bbox 381 4009 467 4059; x_wconf 89' lang='lat' dir='ltr'><strong>est</strong></span> <span class='ocrx_word' id='word_1_283' title='bbox 521 4021 679 4074; x_wconf 86' lang='lat' dir='ltr'><strong>spes:</strong></span> <span class='ocrx_word' id='word_1_284' title='bbox 733 4006 875 4071; x_wconf 86' lang='lat' dir='ltr'><strong>Quia</strong></span> <span class='ocrx_word' id='word_1_285' title='bbox 926 4006 1078 4075; x_wconf 84' lang='lat' dir='ltr'><strong>apud</strong></span> <span class='ocrx_word' id='word_1_286' title='bbox 1124 4012 1174 4079; x_wconf 77' lang='lat' dir='ltr'><strong>te</strong></span> <span class='ocrx_word' id='word_1_287' title='bbox 1225 4007 1547 4074; x_wconf 82' lang='lat' dir='ltr'><strong>propitiatio</strong></span> <span class='ocrx_word' id='word_1_288' title='bbox 1599 4010 1698 4074; x_wconf 83' lang='lat' dir='ltr'><strong>est,</strong></span> <span class='ocrx_word' id='word_1_289' title='bbox 1755 4010 1887 4074; x_wconf 90' lang='lat' dir='ltr'><strong>etc.,</strong></span> 
     </span>
    </p>
   </div>
   <div class='ocr_carea' id='block_1_45' title="bbox 183 4092 1885 4163">
    <p class='ocr_par' dir='ltr' id='par_1_45' title="bbox 183 4092 1885 4163">
     <span class='ocr_line' id='line_1_45' title="bbox 183 4092 1885 4163; baseline -0.002 -15"><span class='ocrx_word' id='word_1_290' title='bbox 183 4096 417 4163; x_wconf 82' lang='lat' dir='ltr'><strong>Propter</strong></span> <span class='ocrx_word' id='word_1_291' title='bbox 473 4094 639 4162; x_wconf 87' lang='lat' dir='ltr'><strong>legem</strong></span> <span class='ocrx_word' id='word_1_292' title='bbox 670 4097 840 4162; x_wconf 88' lang='lat' dir='ltr'><strong>tuam,</strong></span> <span class='ocrx_word' id='word_1_293' title='bbox 900 4094 1032 4161; x_wconf 79' lang='lat'><strong>(10.)</strong></span> <span class='ocrx_word' id='word_1_294' title='bbox 1084 4094 1250 4162; x_wconf 87' lang='lat' dir='ltr'><strong>legem</strong></span> <span class='ocrx_word' id='word_1_295' title='bbox 1278 4093 1682 4147; x_wconf 63' lang='lat' dir='ltr'><strong>misericordiae</strong></span> <span class='ocrx_word' id='word_1_296' title='bbox 1713 4092 1885 4146; x_wconf 88' lang='lat' dir='ltr'><strong>susti-</strong></span> 
     </span>
    </p>
   </div>
   <div class='ocr_carea' id='block_1_46' title="bbox 182 4181 1889 4252">
    <p class='ocr_par' dir='ltr' id='par_1_46' title="bbox 182 4181 1889 4252">
     <span class='ocr_line' id='line_1_46' title="bbox 182 4181 1889 4252; baseline -0.001 -16"><span class='ocrx_word' id='word_1_297' title='bbox 182 4182 310 4250; x_wconf 89' lang='lat' dir='ltr'><strong>nui,</strong></span> <span class='ocrx_word' id='word_1_298' title='bbox 362 4186 491 4247; x_wconf 87' lang='lat' dir='ltr'><strong>etc.,</strong></span> <span class='ocrx_word' id='word_1_299' title='bbox 543 4197 713 4250; x_wconf 87' lang='lat' dir='ltr'><strong>usque</strong></span> <span class='ocrx_word' id='word_1_300' title='bbox 741 4183 815 4236; x_wconf 82' lang='lat' dir='ltr'><strong>ad</strong></span> <span class='ocrx_word' id='word_1_301' title='bbox 869 4186 928 4238; x_wconf 89' lang='lat' dir='ltr'><strong>et</strong></span> <span class='ocrx_word' id='word_1_302' title='bbox 956 4183 1103 4237; x_wconf 90' lang='lat' dir='ltr'><strong>hanc</strong></span> <span class='ocrx_word' id='word_1_303' title='bbox 1160 4184 1347 4252; x_wconf 87' lang='lat' dir='ltr'><strong>legem</strong></span> <span class='ocrx_word' id='word_1_304' title='bbox 1392 4181 1599 4236; x_wconf 90' lang='lat' dir='ltr'><strong>dedisti</strong></span> <span class='ocrx_word' id='word_1_305' title='bbox 1655 4182 1712 4235; x_wconf 92' lang='lat' dir='ltr'><strong>in</strong></span> <span class='ocrx_word' id='word_1_306' title='bbox 1768 4182 1889 4252; x_wconf 89' lang='lat' dir='ltr'><strong>ipsa</strong></span> 
     </span>
    </p>
   </div>
   <div class='ocr_carea' id='block_1_47' title="bbox 184 4269 543 4324">
    <p class='ocr_par' dir='ltr' id='par_1_47' title="bbox 184 4269 543 4324">
     <span class='ocr_line' id='line_1_47' title="bbox 184 4269 543 4324; baseline 0 -1"><span class='ocrx_word' id='word_1_307' title='bbox 184 4269 543 4324; x_wconf 86' lang='lat' dir='ltr'><strong>necessitate.</strong></span> 
     </span>
    </p>
   </div>
   <div class='ocr_carea' id='block_1_48' title="bbox 257 4357 1885 4429">
    <p class='ocr_par' dir='ltr' id='par_1_48' title="bbox 257 4357 1885 4429">
     <span class='ocr_line' id='line_1_48' title="bbox 257 4357 1885 4429; baseline -0.002 -16"><span class='ocrx_word' id='word_1_308' title='bbox 257 4360 444 4413; x_wconf 75' lang='lat' dir='ltr'><strong>Vsus.</strong></span> <span class='ocrx_word' id='word_1_309' title='bbox 479 4362 529 4412; x_wconf 90' lang='lat'><strong>6.</strong></span> <span class='ocrx_word' id='word_1_310' title='bbox 592 4388 662 4400; x_wconf 91' lang='lat'><strong><em>—</em></strong></span> <span class='ocrx_word' id='word_1_311' title='bbox 719 4360 1010 4413; x_wconf 83' lang='lat' dir='ltr'><strong>Matutina.</strong></span> <span class='ocrx_word' id='word_1_312' title='bbox 1076 4358 1200 4428; x_wconf 82' lang='grc' dir='ltr'><strong>(Ιο.)</strong></span> <span class='ocrx_word' id='word_1_313' title='bbox 1231 4358 1430 4429; x_wconf 91' lang='lat' dir='ltr'><strong>Speret</strong></span> <span class='ocrx_word' id='word_1_314' title='bbox 1460 4357 1655 4429; x_wconf 84' lang='lat' dir='ltr'><strong>vigilia</strong></span> <span class='ocrx_word' id='word_1_315' title='bbox 1700 4362 1885 4411; x_wconf 85' lang='lat' dir='ltr'><strong>matu-</strong></span> 
     </span>
    </p>
   </div>
   <div class='ocr_carea' id='block_1_49' title="bbox 181 4446 1886 4518">
    <p class='ocr_par' dir='ltr' id='par_1_49' title="bbox 181 4446 1886 4518">
     <span class='ocr_line' id='line_1_49' title="bbox 181 4446 1886 4518; baseline -0.001 -17"><span class='ocrx_word' id='word_1_316' title='bbox 181 4447 328 4514; x_wconf 88' lang='lat' dir='ltr'><strong>tina,</strong></span> <span class='ocrx_word' id='word_1_317' title='bbox 362 4446 463 4517; x_wconf 85' lang='lat' dir='ltr'><strong>qui</strong></span> <span class='ocrx_word' id='word_1_318' title='bbox 493 4462 611 4501; x_wconf 92' lang='lat' dir='ltr'><strong>non</strong></span> <span class='ocrx_word' id='word_1_319' title='bbox 645 4446 801 4501; x_wconf 90' lang='lat' dir='ltr'><strong>aliud</strong></span> <span class='ocrx_word' id='word_1_320' title='bbox 836 4464 868 4501; x_wconf 89' lang='lat' dir='ltr'><strong>a</strong></span> <span class='ocrx_word' id='word_1_321' title='bbox 892 4449 1007 4501; x_wconf 92' lang='lat' dir='ltr'><strong>Deo</strong></span> <span class='ocrx_word' id='word_1_322' title='bbox 1040 4463 1217 4518; x_wconf 91' lang='lat' dir='ltr'><strong>quam</strong></span> <span class='ocrx_word' id='word_1_323' title='bbox 1245 4446 1733 4501; x_wconf 87' lang='lat' dir='ltr'><strong>immortalitatem</strong></span> <span class='ocrx_word' id='word_1_324' title='bbox 1758 4463 1886 4517; x_wconf 88' lang='lat' dir='ltr'><strong>spe-</strong></span> 
     </span>
    </p>
   </div>
   <div class='ocr_carea' id='block_1_50' title="bbox 180 4535 1888 4605">
    <p class='ocr_par' dir='ltr' id='par_1_50' title="bbox 180 4535 1888 4605">
     <span class='ocr_line' id='line_1_50' title="bbox 180 4535 1888 4605; baseline -0.001 -15"><span class='ocrx_word' id='word_1_325' title='bbox 180 4540 298 4591; x_wconf 89' lang='lat' dir='ltr'><strong>ret.</strong></span> <span class='ocrx_word' id='word_1_326' title='bbox 337 4538 389 4588; x_wconf 87' lang='grc' dir='ltr'><em>Α</em></span> <span class='ocrx_word' id='word_1_327' title='bbox 424 4535 672 4590; x_wconf 88' lang='lat' dir='ltr'><strong>custodia</strong></span> <span class='ocrx_word' id='word_1_328' title='bbox 700 4538 991 4603; x_wconf 87' lang='lat' dir='ltr'><strong>matutina,</strong></span> <span class='ocrx_word' id='word_1_329' title='bbox 1036 4540 1165 4601; x_wconf 90' lang='lat' dir='ltr'><strong>etc.,</strong></span> <span class='ocrx_word' id='word_1_330' title='bbox 1213 4550 1383 4605; x_wconf 88' lang='lat' dir='ltr'><strong>usque</strong></span> <span class='ocrx_word' id='word_1_331' title='bbox 1411 4535 1485 4589; x_wconf 86' lang='lat' dir='ltr'><strong>ad</strong></span> <span class='ocrx_word' id='word_1_332' title='bbox 1512 4535 1645 4589; x_wconf 91' lang='lat' dir='ltr'><strong>inde</strong></span> <span class='ocrx_word' id='word_1_333' title='bbox 1682 4535 1738 4588; x_wconf 90' lang='lat' dir='ltr'><strong>in</strong></span> <span class='ocrx_word' id='word_1_334' title='bbox 1765 4536 1888 4605; x_wconf 90' lang='lat' dir='ltr'><strong>lege</strong></span> 
     </span>
    </p>
   </div>
   <div class='ocr_carea' id='block_1_51' title="bbox 182 4623 1891 4695">
    <p class='ocr_par' dir='ltr' id='par_1_51' title="bbox 182 4623 1891 4695">
     <span class='ocr_line' id='line_1_51' title="bbox 182 4623 1891 4695; baseline -0.001 -17"><span class='ocrx_word' id='word_1_335' title='bbox 182 4628 357 4695; x_wconf 89' lang='lat' dir='ltr'><strong>caput</strong></span> <span class='ocrx_word' id='word_1_336' title='bbox 389 4628 447 4677; x_wconf 91' lang='lat' dir='ltr'><strong>et</strong></span> <span class='ocrx_word' id='word_1_337' title='bbox 475 4624 653 4678; x_wconf 90' lang='lat' dir='ltr'><strong>cauda</strong></span> <span class='ocrx_word' id='word_1_338' title='bbox 697 4624 900 4678; x_wconf 65' lang='lat' dir='ltr'><strong>hostiae</strong></span> <span class='ocrx_word' id='word_1_339' title='bbox 952 4623 1194 4678; x_wconf 93' lang='lat' dir='ltr'><strong>Domino</strong></span> <span class='ocrx_word' id='word_1_340' title='bbox 1245 4623 1648 4678; x_wconf 80' lang='lat' dir='ltr'><strong>offerebantur.</strong></span> <span class='ocrx_word' id='word_1_341' title='bbox 1705 4624 1891 4693; x_wconf 85' lang='lat' dir='ltr'><strong>Speret</strong></span> 
     </span>
    </p>
   </div>
   <div class='ocr_carea' id='block_1_52' title="bbox 182 4697 1891 4784">
    <p class='ocr_par' dir='ltr' id='par_1_52' title="bbox 182 4697 1891 4784">
     <span class='ocr_line' id='line_1_52' title="bbox 182 4697 1891 4784; baseline -0.001 -17"><span class='ocrx_word' id='word_1_342' title='bbox 182 4713 358 4767; x_wconf 86' lang='lat' dir='ltr'><strong>Israel</strong></span> <span class='ocrx_word' id='word_1_343' title='bbox 414 4713 472 4765; x_wconf 89' lang='lat' dir='ltr'><strong>in</strong></span> <span class='ocrx_word' id='word_1_344' title='bbox 525 4697 778 4766; x_wconf 84' lang='lat' dir='ltr'><strong>Domino.</strong></span> <span class='ocrx_word' id='word_1_345' title='bbox 842 4712 1028 4784; x_wconf 61' lang='lat' dir='ltr'><strong>(Cass)</strong></span> <span class='ocrx_word' id='word_1_346' title='bbox 1088 4712 1346 4767; x_wconf 90' lang='lat' dir='ltr'><strong>Secunda</strong></span> <span class='ocrx_word' id='word_1_347' title='bbox 1400 4727 1551 4783; x_wconf 88' lang='lat' dir='ltr'><strong>pars,</strong></span> <span class='ocrx_word' id='word_1_348' title='bbox 1609 4712 1706 4765; x_wconf 92' lang='lat' dir='ltr'><strong>ubi</strong></span> <span class='ocrx_word' id='word_1_349' title='bbox 1758 4711 1891 4765; x_wconf 65' lang='lat' dir='ltr'><strong>laeta</strong></span> 
     </span>
    </p>
   </div>
   <div class='ocr_carea' id='block_1_53' title="bbox 183 4800 1889 4872">
    <p class='ocr_par' dir='ltr' id='par_1_53' title="bbox 183 4800 1889 4872">
     <span class='ocr_line' id='line_1_53' title="bbox 183 4800 1889 4872; baseline 0.001 -17"><span class='ocrx_word' id='word_1_350' title='bbox 183 4800 508 4855; x_wconf 88' lang='lat' dir='ltr'><strong>conclusio:</strong></span> <span class='ocrx_word' id='word_1_351' title='bbox 556 4800 797 4853; x_wconf 90' lang='lat' dir='ltr'><strong>Securus</strong></span> <span class='ocrx_word' id='word_1_352' title='bbox 848 4801 917 4855; x_wconf 92' lang='lat' dir='ltr'><strong>de</strong></span> <span class='ocrx_word' id='word_1_353' title='bbox 948 4818 1029 4870; x_wconf 91' lang='lat' dir='ltr'><strong>se,</strong></span> <span class='ocrx_word' id='word_1_354' title='bbox 1076 4801 1367 4872; x_wconf 64' lang='lat' dir='ltr'><strong>praedicat,</strong></span> <span class='ocrx_word' id='word_1_355' title='bbox 1400 4806 1464 4855; x_wconf 89' lang='lat' dir='ltr'><strong>ut</strong></span> <span class='ocrx_word' id='word_1_356' title='bbox 1502 4816 1728 4871; x_wconf 89' lang='lat' dir='ltr'><strong>semper</strong></span> <span class='ocrx_word' id='word_1_357' title='bbox 1757 4817 1889 4871; x_wconf 89' lang='lat' dir='ltr'><strong>spe-</strong></span> 
     </span>
    </p>
   </div>
   <div class='ocr_carea' id='block_1_54' title="bbox 181 4887 1891 4959">
    <p class='ocr_par' dir='ltr' id='par_1_54' title="bbox 181 4887 1891 4959">
     <span class='ocr_line' id='line_1_54' title="bbox 181 4887 1891 4959; baseline 0.001 -18"><span class='ocrx_word' id='word_1_358' title='bbox 181 4893 318 4942; x_wconf 87' lang='lat' dir='ltr'><strong>rent</strong></span> <span class='ocrx_word' id='word_1_359' title='bbox 339 4888 401 4941; x_wconf 92' lang='lat' dir='ltr'><strong>in</strong></span> <span class='ocrx_word' id='word_1_360' title='bbox 431 4887 696 4941; x_wconf 90' lang='lat' dir='ltr'><strong>Domino.</strong></span> <span class='ocrx_word' id='word_1_361' title='bbox 738 4888 907 4952; x_wconf 90' lang='lat' dir='ltr'><strong>Quasi</strong></span> <span class='ocrx_word' id='word_1_362' title='bbox 958 4888 1104 4944; x_wconf 89' lang='lat' dir='ltr'><strong>sicut</strong></span> <span class='ocrx_word' id='word_1_363' title='bbox 1157 4888 1353 4943; x_wconf 87' lang='lat' dir='ltr'><strong>anima</strong></span> <span class='ocrx_word' id='word_1_364' title='bbox 1416 4888 1682 4959; x_wconf 87' lang='lat' dir='ltr'><strong>speravit,</strong></span> <span class='ocrx_word' id='word_1_365' title='bbox 1731 4888 1891 4943; x_wconf 88' lang='lat' dir='ltr'><strong>simi-</strong></span> 
     </span>
    </p>
   </div>
   <div class='ocr_carea' id='block_1_55' title="bbox 186 4976 753 5047">
    <p class='ocr_par' dir='ltr' id='par_1_55' title="bbox 186 4976 753 5047">
     <span class='ocr_line' id='line_1_55' title="bbox 186 4976 753 5047; baseline 0.002 -18"><span class='ocrx_word' id='word_1_366' title='bbox 186 4977 320 5029; x_wconf 89' lang='lat' dir='ltr'><strong>liter</strong></span> <span class='ocrx_word' id='word_1_367' title='bbox 347 4980 539 5047; x_wconf 89' lang='lat' dir='ltr'><strong>speret</strong></span> <span class='ocrx_word' id='word_1_368' title='bbox 559 4976 753 5030; x_wconf 87' lang='lat' dir='ltr'><strong>Israel.</strong></span> 
     </span>
    </p>
   </div>
   <div class='ocr_carea' id='block_1_56' title="bbox 259 5064 1892 5133">
    <p class='ocr_par' dir='ltr' id='par_1_56' title="bbox 259 5064 1892 5133">
     <span class='ocr_line' id='line_1_56' title="bbox 259 5064 1892 5133; baseline 0.001 -16"><span class='ocrx_word' id='word_1_369' title='bbox 259 5066 421 5118; x_wconf 62' lang='grc' dir='ltr'><strong>νεεδ.</strong></span> <span class='ocrx_word' id='word_1_370' title='bbox 453 5067 512 5119; x_wconf 90' lang='lat'><strong>8.</strong></span> <span class='ocrx_word' id='word_1_371' title='bbox 549 5094 619 5104; x_wconf 90' lang='lat'>—</span> <span class='ocrx_word' id='word_1_372' title='bbox 648 5065 730 5119; x_wconf 88' lang='lat' dir='ltr'><strong>Et</strong></span> <span class='ocrx_word' id='word_1_373' title='bbox 782 5068 897 5133; x_wconf 84' lang='lat' dir='ltr'><strong>ipse</strong></span> <span class='ocrx_word' id='word_1_374' title='bbox 924 5064 1152 5120; x_wconf 83' lang='lat' dir='ltr'><strong>redimet</strong></span> <span class='ocrx_word' id='word_1_375' title='bbox 1195 5066 1366 5121; x_wconf 85' lang='lat' dir='ltr'><strong>Israel</strong></span> <span class='ocrx_word' id='word_1_376' title='bbox 1397 5081 1464 5120; x_wconf 83' lang='lat' dir='ltr'><strong>ea:</strong></span> <span class='ocrx_word' id='word_1_377' title='bbox 1502 5066 1749 5121; x_wconf 86' lang='lat' dir='ltr'><strong>omnibus</strong></span> <span class='ocrx_word' id='word_1_378' title='bbox 1783 5067 1892 5119; x_wconf 86' lang='lat' dir='ltr'><strong>ini-</strong></span> 
     </span>
    </p>
   </div>
   <div class='ocr_carea' id='block_1_57' title="bbox 182 5152 1893 5224">
    <p class='ocr_par' dir='ltr' id='par_1_57' title="bbox 182 5152 1893 5224">
     <span class='ocr_line' id='line_1_57' title="bbox 182 5152 1893 5224; baseline 0.001 -18"><span class='ocrx_word' id='word_1_379' title='bbox 182 5152 491 5223; x_wconf 86' lang='lat' dir='ltr'><strong>quitatibus</strong></span> <span class='ocrx_word' id='word_1_380' title='bbox 537 5153 673 5221; x_wconf 86' lang='lat' dir='ltr'><strong>ejus.</strong></span> <span class='ocrx_word' id='word_1_381' title='bbox 733 5153 857 5223; x_wconf 83' lang='lat' dir='ltr'><strong>(lv.)</strong></span> <span class='ocrx_word' id='word_1_382' title='bbox 893 5153 990 5207; x_wconf 82' lang='lat' dir='ltr'><strong>Hic</strong></span> <span class='ocrx_word' id='word_1_383' title='bbox 1034 5153 1179 5209; x_wconf 86' lang='lat' dir='ltr'><strong>dixit</strong></span> <span class='ocrx_word' id='word_1_384' title='bbox 1217 5154 1339 5223; x_wconf 90' lang='lat' dir='ltr'><strong>jam</strong></span> <span class='ocrx_word' id='word_1_385' title='bbox 1390 5153 1529 5224; x_wconf 92' lang='lat' dir='ltr'><strong>quid</strong></span> <span class='ocrx_word' id='word_1_386' title='bbox 1580 5152 1653 5206; x_wconf 86' lang='lat' dir='ltr'><strong>sit</strong></span> <span class='ocrx_word' id='word_1_387' title='bbox 1686 5152 1893 5207; x_wconf 73' lang='lat' dir='ltr'><strong>‘factu-</strong></span> 
     </span>
    </p>
   </div>
   <div class='ocr_carea' id='block_1_58' title="bbox 181 5240 1697 5313">
    <p class='ocr_par' dir='ltr' id='par_1_58' title="bbox 181 5240 1697 5313">
     <span class='ocr_line' id='line_1_58' title="bbox 181 5240 1697 5313; baseline 0 -18"><span class='ocrx_word' id='word_1_388' title='bbox 181 5257 284 5295; x_wconf 86' lang='lat' dir='ltr'><strong>rus</strong></span> <span class='ocrx_word' id='word_1_389' title='bbox 316 5242 435 5303; x_wconf 86' lang='lat' dir='ltr'><strong>ille,</strong></span> <span class='ocrx_word' id='word_1_390' title='bbox 477 5256 653 5312; x_wconf 85' lang='lat' dir='ltr'><strong>quem</strong></span> <span class='ocrx_word' id='word_1_391' title='bbox 675 5240 816 5296; x_wconf 86' lang='lat' dir='ltr'><strong>dixit</strong></span> <span class='ocrx_word' id='word_1_392' title='bbox 845 5241 1275 5297; x_wconf 89' lang='lat' dir='ltr'><strong>misericordem</strong></span> <span class='ocrx_word' id='word_1_393' title='bbox 1297 5247 1353 5297; x_wconf 89' lang='lat' dir='ltr'><strong>et</strong></span> <span class='ocrx_word' id='word_1_394' title='bbox 1376 5242 1697 5313; x_wconf 89' lang='lat' dir='ltr'><strong>copiosum.</strong></span> 
     </span>
    </p>
   </div>
   <div class='ocr_carea' id='block_1_59' title="bbox 759 5366 1313 5421">
    <p class='ocr_par' dir='ltr' id='par_1_59' title="bbox 759 5366 1313 5421">
     <span class='ocr_line' id='line_1_59' title="bbox 759 5366 1313 5421; baseline 0.004 -2"><span class='ocrx_word' id='word_1_395' title='bbox 759 5366 980 5420; x_wconf 85' lang='lat' dir='ltr'><strong>PSALM</strong></span> <span class='ocrx_word' id='word_1_396' title='bbox 991 5366 1072 5421; x_wconf 91' lang='lat' dir='ltr'><strong>US</strong></span> <span class='ocrx_word' id='word_1_397' title='bbox 1124 5366 1313 5421; x_wconf 85' lang='lat' dir='ltr'><strong>CXXX.</strong></span> 
     </span>
    </p>
   </div>
   <div class='ocr_carea' id='block_1_60' title="bbox 263 5470 1893 5543">
    <p class='ocr_par' dir='ltr' id='par_1_60' title="bbox 263 5470 1893 5543">
     <span class='ocr_line' id='line_1_60' title="bbox 263 5470 1893 5543; baseline -0.001 -18"><span class='ocrx_word' id='word_1_398' title='bbox 263 5474 425 5526; x_wconf 72' lang='lat' dir='ltr'><strong>Vens.</strong></span> <span class='ocrx_word' id='word_1_399' title='bbox 482 5475 529 5525; x_wconf 82' lang='lat' dir='ltr'><strong>l.</strong></span> <span class='ocrx_word' id='word_1_400' title='bbox 581 5500 652 5511; x_wconf 96' lang='lat'><strong><em>—</em></strong></span> <span class='ocrx_word' id='word_1_401' title='bbox 699 5473 989 5527; x_wconf 86' lang='lat' dir='ltr'><strong>Canticum</strong></span> <span class='ocrx_word' id='word_1_402' title='bbox 1026 5473 1319 5541; x_wconf 87' lang='lat' dir='ltr'><strong>graduum-</strong></span> <span class='ocrx_word' id='word_1_403' title='bbox 1362 5472 1571 5543; x_wconf 52' lang='lat' dir='ltr'><strong>(Cass)</strong></span> <span class='ocrx_word' id='word_1_404' title='bbox 1615 5470 1893 5525; x_wconf 91' lang='lat' dir='ltr'><strong>Duodeci-</strong></span> 
     </span>
    </p>
   </div>
   <div class='ocr_carea' id='block_1_61' title="bbox 179 5558 1896 5633">
    <p class='ocr_par' dir='ltr' id='par_1_61' title="bbox 179 5558 1896 5633">
     <span class='ocr_line' id='line_1_61' title="bbox 179 5558 1896 5633; baseline -0.003 -15"><span class='ocrx_word' id='word_1_405' title='bbox 179 5578 319 5618; x_wconf 88' lang='lat' dir='ltr'><strong>mus</strong></span> <span class='ocrx_word' id='word_1_406' title='bbox 349 5560 562 5631; x_wconf 88' lang='lat' dir='ltr'><strong>gradus</strong></span> <span class='ocrx_word' id='word_1_407' title='bbox 600 5564 686 5615; x_wconf 88' lang='lat' dir='ltr'><strong>est</strong></span> <span class='ocrx_word' id='word_1_408' title='bbox 740 5560 1055 5628; x_wconf 88' lang='lat' dir='ltr'><strong>humilitas,</strong></span> <span class='ocrx_word' id='word_1_409' title='bbox 1114 5577 1288 5633; x_wconf 82' lang='lat' dir='ltr'><strong>quam</strong></span> <span class='ocrx_word' id='word_1_410' title='bbox 1334 5560 1489 5616; x_wconf 89' lang='lat' dir='ltr'><strong>intus</strong></span> <span class='ocrx_word' id='word_1_411' title='bbox 1528 5563 1584 5615; x_wconf 90' lang='lat' dir='ltr'><strong>et</strong></span> <span class='ocrx_word' id='word_1_412' title='bbox 1615 5563 1773 5614; x_wconf 80' lang='lat' dir='ltr'><strong>extra</strong></span> <span class='ocrx_word' id='word_1_413' title='bbox 1802 5558 1896 5613; x_wconf 91' lang='lat' dir='ltr'><strong>hic</strong></span> 
     </span>
    </p>
   </div>
   <div class='ocr_carea' id='block_1_62' title="bbox 2065 521 3685 592">
    <p class='ocr_par' dir='ltr' id='par_1_62' title="bbox 2065 521 3685 592">
     <span class='ocr_line' id='line_1_62' title="bbox 2065 521 3685 592; baseline 0.002 -17"><span class='ocrx_word' id='word_1_414' title='bbox 2065 523 2297 587; x_wconf 86' lang='lat' dir='ltr'><strong>Domine,</strong></span> <span class='ocrx_word' id='word_1_415' title='bbox 2360 537 2465 575; x_wconf 89' lang='lat' dir='ltr'><strong>non</strong></span> <span class='ocrx_word' id='word_1_416' title='bbox 2508 526 2603 575; x_wconf 85' lang='lat' dir='ltr'><strong>est.</strong></span> <span class='ocrx_word' id='word_1_417' title='bbox 2662 523 2794 590; x_wconf 77' lang='grc' dir='ltr'><strong>(ιο.)</strong></span> <span class='ocrx_word' id='word_1_418' title='bbox 2844 521 3038 575; x_wconf 88' lang='lat' dir='ltr'><strong>Primo</strong></span> <span class='ocrx_word' id='word_1_419' title='bbox 3083 538 3410 592; x_wconf 87' lang='lat' dir='ltr'><strong>proponens</strong></span> <span class='ocrx_word' id='word_1_420' title='bbox 3462 540 3522 578; x_wconf 88' lang='lat' dir='ltr'><strong>se</strong></span> <span class='ocrx_word' id='word_1_421' title='bbox 3578 526 3685 579; x_wconf 92' lang='lat' dir='ltr'><strong>hu-</strong></span> 
     </span>
    </p>
   </div>
   <div class='ocr_carea' id='block_1_63' title="bbox 1988 608 3687 680">
    <p class='ocr_par' dir='ltr' id='par_1_63' title="bbox 1988 608 3687 680">
     <span class='ocr_line' id='line_1_63' title="bbox 1988 608 3687 680; baseline 0.002 -16"><span class='ocrx_word' id='word_1_422' title='bbox 1988 608 2211 673; x_wconf 83' lang='lat' dir='ltr'><strong>milem,</strong></span> <span class='ocrx_word' id='word_1_423' title='bbox 2258 626 2487 680; x_wconf 67' lang='lat' dir='ltr'><strong>pinnam</strong></span> <span class='ocrx_word' id='word_1_424' title='bbox 2528 610 2747 664; x_wconf 90' lang='lat' dir='ltr'><strong>inducit</strong></span> <span class='ocrx_word' id='word_1_425' title='bbox 2799 626 2914 663; x_wconf 92' lang='lat' dir='ltr'><strong>non</strong></span> <span class='ocrx_word' id='word_1_426' title='bbox 2967 610 3207 676; x_wconf 88' lang='lat' dir='ltr'><strong>humili;</strong></span> <span class='ocrx_word' id='word_1_427' title='bbox 3259 612 3530 675; x_wconf 88' lang='lat' dir='ltr'><strong>secundo,</strong></span> <span class='ocrx_word' id='word_1_428' title='bbox 3584 630 3687 668; x_wconf 91' lang='lat' dir='ltr'><strong>suo</strong></span> 
     </span>
    </p>
   </div>
   <div class='ocr_carea' id='block_1_64' title="bbox 1988 699 3687 769">
    <p class='ocr_par' dir='ltr' id='par_1_64' title="bbox 1988 699 3687 769">
     <span class='ocr_line' id='line_1_64' title="bbox 1988 699 3687 769; baseline 0.002 -18"><span class='ocrx_word' id='word_1_429' title='bbox 1988 700 2246 769; x_wconf 90' lang='lat' dir='ltr'><strong>exemplo</strong></span> <span class='ocrx_word' id='word_1_430' title='bbox 2275 700 2346 753; x_wconf 90' lang='lat' dir='ltr'><strong>ad</strong></span> <span class='ocrx_word' id='word_1_431' title='bbox 2384 715 2538 769; x_wconf 91' lang='lat' dir='ltr'><strong>spem</strong></span> <span class='ocrx_word' id='word_1_432' title='bbox 2592 703 2801 753; x_wconf 88' lang='lat' dir='ltr'><strong>monet.</strong></span> <span class='ocrx_word' id='word_1_433' title='bbox 2855 699 3171 752; x_wconf 87' lang='lat' dir='ltr'><strong>Ostendens</strong></span> <span class='ocrx_word' id='word_1_434' title='bbox 3219 715 3355 769; x_wconf 90' lang='lat' dir='ltr'><strong>ergo</strong></span> <span class='ocrx_word' id='word_1_435' title='bbox 3407 716 3466 752; x_wconf 89' lang='lat' dir='ltr'><strong>se</strong></span> <span class='ocrx_word' id='word_1_436' title='bbox 3494 701 3687 755; x_wconf 89' lang='lat' dir='ltr'><strong>humi-</strong></span> 
     </span>
    </p>
   </div>
   <div class='ocr_carea' id='block_1_65' title="bbox 1988 785 3686 856">
    <p class='ocr_par' dir='ltr' id='par_1_65' title="bbox 1988 785 3686 856">
     <span class='ocr_line' id='line_1_65' title="bbox 1988 785 3686 856; baseline 0.002 -18"><span class='ocrx_word' id='word_1_437' title='bbox 1988 785 2102 839; x_wconf 85' lang='lat' dir='ltr'><strong>lem</strong></span> <span class='ocrx_word' id='word_1_438' title='bbox 2133 786 2287 839; x_wconf 88' lang='lat' dir='ltr'><strong>intus</strong></span> <span class='ocrx_word' id='word_1_439' title='bbox 2324 790 2380 839; x_wconf 91' lang='lat' dir='ltr'><strong>et</strong></span> <span class='ocrx_word' id='word_1_440' title='bbox 2408 791 2586 852; x_wconf 84' lang='lat' dir='ltr'><strong>extra,</strong></span> <span class='ocrx_word' id='word_1_441' title='bbox 2647 785 2743 839; x_wconf 89' lang='lat' dir='ltr'><strong>ait.</strong></span> <span class='ocrx_word' id='word_1_442' title='bbox 2781 787 2956 853; x_wconf 83' lang='lat' dir='ltr'><strong>Neque</strong></span> <span class='ocrx_word' id='word_1_443' title='bbox 2983 786 3279 839; x_wconf 79' lang='lat' dir='ltr'><strong>ambulavi.</strong></span> <span class='ocrx_word' id='word_1_444' title='bbox 3341 785 3525 856; x_wconf 79' lang='lat' dir='ltr'><strong>(Auc.)</strong></span> <span class='ocrx_word' id='word_1_445' title='bbox 3560 789 3686 841; x_wconf 87' lang='lat' dir='ltr'><strong>Non</strong></span> 
     </span>
    </p>
   </div>
   <div class='ocr_carea' id='block_1_66' title="bbox 1988 873 3685 944">
    <p class='ocr_par' dir='ltr' id='par_1_66' title="bbox 1988 873 3685 944">
     <span class='ocr_line' id='line_1_66' title="bbox 1988 873 3685 944; baseline 0.001 -17"><span class='ocrx_word' id='word_1_446' title='bbox 1988 874 2073 928; x_wconf 91' lang='lat' dir='ltr'><strong>fui</strong></span> <span class='ocrx_word' id='word_1_447' title='bbox 2106 873 2406 943; x_wconf 88' lang='lat' dir='ltr'><strong>superbus,</strong></span> <span class='ocrx_word' id='word_1_448' title='bbox 2458 874 2621 927; x_wconf 91' lang='lat' dir='ltr'><strong>nolui</strong></span> <span class='ocrx_word' id='word_1_449' title='bbox 2652 874 2815 944; x_wconf 91' lang='lat' dir='ltr'><strong>quasi</strong></span> <span class='ocrx_word' id='word_1_450' title='bbox 2857 874 2916 927; x_wconf 93' lang='lat' dir='ltr'><strong>in</strong></span> <span class='ocrx_word' id='word_1_451' title='bbox 2947 873 3327 935; x_wconf 87' lang='lat' dir='ltr'><strong>mirabilibus,</strong></span> <span class='ocrx_word' id='word_1_452' title='bbox 3360 878 3495 941; x_wconf 87' lang='lat' dir='ltr'><strong>etc.,</strong></span> <span class='ocrx_word' id='word_1_453' title='bbox 3519 890 3685 943; x_wconf 80' lang='lat' dir='ltr'><strong>usque</strong></span> 
     </span>
    </p>
   </div>
   <div class='ocr_carea' id='block_1_67' title="bbox 1989 962 3359 1031">
    <p class='ocr_par' dir='ltr' id='par_1_67' title="bbox 1989 962 3359 1031">
     <span class='ocr_line' id='line_1_67' title="bbox 1989 962 3359 1031; baseline 0 -17"><span class='ocrx_word' id='word_1_454' title='bbox 1989 962 2092 1015; x_wconf 89' lang='lat' dir='ltr'><strong>ad:</strong></span> <span class='ocrx_word' id='word_1_455' title='bbox 2121 964 2334 1027; x_wconf 87' lang='lat' dir='ltr'><strong>Quanto</strong></span> <span class='ocrx_word' id='word_1_456' title='bbox 2362 963 2541 1031; x_wconf 86' lang='lat' dir='ltr'><strong>major</strong></span> <span class='ocrx_word' id='word_1_457' title='bbox 2571 978 2643 1028; x_wconf 88' lang='lat' dir='ltr'><strong>es,</strong></span> <span class='ocrx_word' id='word_1_458' title='bbox 2669 963 2901 1016; x_wconf 84' lang='lat' dir='ltr'><strong>humilia</strong></span> <span class='ocrx_word' id='word_1_459' title='bbox 2931 968 2979 1016; x_wconf 86' lang='lat' dir='ltr'><strong>te</strong></span> <span class='ocrx_word' id='word_1_460' title='bbox 3004 964 3061 1015; x_wconf 87' lang='lat' dir='ltr'><strong>in</strong></span> <span class='ocrx_word' id='word_1_461' title='bbox 3092 962 3359 1015; x_wconf 87' lang='lat' dir='ltr'><strong>omnibus.</strong></span> 
     </span>
    </p>
   </div>
   <div class='ocr_carea' id='block_1_68' title="bbox 2060 1050 3682 1120">
    <p class='ocr_par' dir='ltr' id='par_1_68' title="bbox 2060 1050 3682 1120">
     <span class='ocr_line' id='line_1_68' title="bbox 2060 1050 3682 1120; baseline 0 -18"><span class='ocrx_word' id='word_1_462' title='bbox 2060 1050 2219 1103; x_wconf 71' lang='lat' dir='ltr'><strong>Vens.</strong></span> <span class='ocrx_word' id='word_1_463' title='bbox 2286 1053 2337 1103; x_wconf 80' lang='lat'><strong>2.</strong></span> <span class='ocrx_word' id='word_1_464' title='bbox 2413 1079 2483 1090; x_wconf 92' lang='lat'><strong>-—</strong></span> <span class='ocrx_word' id='word_1_465' title='bbox 2546 1051 2613 1104; x_wconf 89' lang='lat' dir='ltr'><strong>Si</strong></span> <span class='ocrx_word' id='word_1_466' title='bbox 2672 1065 2775 1104; x_wconf 87' lang='lat' dir='ltr'><strong>non</strong></span> <span class='ocrx_word' id='word_1_467' title='bbox 2846 1050 3117 1103; x_wconf 84' lang='lat' dir='ltr'><strong>humiliter</strong></span> <span class='ocrx_word' id='word_1_468' title='bbox 3170 1050 3479 1103; x_wconf 87' lang='lat' dir='ltr'><strong>sentiebam.</strong></span> <span class='ocrx_word' id='word_1_469' title='bbox 3557 1050 3682 1120; x_wconf 87' lang='lat' dir='ltr'><strong>(lo.)</strong></span> 
     </span>
    </p>
   </div>
   <div class='ocr_carea' id='block_1_69' title="bbox 1988 1136 3687 1207">
    <p class='ocr_par' dir='ltr' id='par_1_69' title="bbox 1988 1136 3687 1207">
     <span class='ocr_line' id='line_1_69' title="bbox 1988 1136 3687 1207; baseline 0.001 -18"><span class='ocrx_word' id='word_1_470' title='bbox 1988 1137 2244 1191; x_wconf 87' lang='lat' dir='ltr'><strong>Nutritus</strong></span> <span class='ocrx_word' id='word_1_471' title='bbox 2275 1137 2333 1190; x_wconf 90' lang='lat' dir='ltr'><strong>in</strong></span> <span class='ocrx_word' id='word_1_472' title='bbox 2393 1138 2532 1191; x_wconf 87' lang='lat' dir='ltr'><strong>lacte</strong></span> <span class='ocrx_word' id='word_1_473' title='bbox 2578 1137 2730 1207; x_wconf 91' lang='lat' dir='ltr'><strong>quod</strong></span> <span class='ocrx_word' id='word_1_474' title='bbox 2790 1141 2875 1189; x_wconf 89' lang='lat' dir='ltr'><strong>est</strong></span> <span class='ocrx_word' id='word_1_475' title='bbox 2920 1136 3165 1189; x_wconf 87' lang='lat' dir='ltr'><strong>Verbum</strong></span> <span class='ocrx_word' id='word_1_476' title='bbox 3204 1152 3334 1189; x_wconf 89' lang='lat' dir='ltr'><strong>caro</strong></span> <span class='ocrx_word' id='word_1_477' title='bbox 3381 1136 3592 1190; x_wconf 84' lang='lat' dir='ltr'><strong>factum</strong></span> <span class='ocrx_word' id='word_1_478' title='bbox 3621 1142 3687 1191; x_wconf 90' lang='lat' dir='ltr'><strong>ut</strong></span> 
     </span>
    </p>
   </div>
   <div class='ocr_carea' id='block_1_70' title="bbox 1989 1225 3685 1295">
    <p class='ocr_par' dir='ltr' id='par_1_70' title="bbox 1989 1225 3685 1295">
     <span class='ocr_line' id='line_1_70' title="bbox 1989 1225 3685 1295; baseline 0.002 -18"><span class='ocrx_word' id='word_1_479' title='bbox 1989 1225 2069 1278; x_wconf 91' lang='lat' dir='ltr'><strong>sic</strong></span> <span class='ocrx_word' id='word_1_480' title='bbox 2114 1241 2427 1279; x_wconf 90' lang='lat' dir='ltr'><strong>crescerem</strong></span> <span class='ocrx_word' id='word_1_481' title='bbox 2482 1226 2553 1279; x_wconf 88' lang='lat' dir='ltr'><strong>ad</strong></span> <span class='ocrx_word' id='word_1_482' title='bbox 2610 1241 2821 1295; x_wconf 89' lang='lat' dir='ltr'><strong>panem</strong></span> <span class='ocrx_word' id='word_1_483' title='bbox 2886 1226 3247 1295; x_wconf 84' lang='lat' dir='ltr'><strong>angelorum,</strong></span> <span class='ocrx_word' id='word_1_484' title='bbox 3308 1225 3377 1279; x_wconf 89' lang='lat' dir='ltr'><strong>ad</strong></span> <span class='ocrx_word' id='word_1_485' title='bbox 3436 1226 3685 1281; x_wconf 88' lang='lat' dir='ltr'><strong>Verbum</strong></span> 
     </span>
    </p>
   </div>
   <div class='ocr_carea' id='block_1_71' title="bbox 1990 1314 2852 1384">
    <p class='ocr_par' dir='ltr' id='par_1_71' title="bbox 1990 1314 2852 1384">
     <span class='ocr_line' id='line_1_71' title="bbox 1990 1314 2852 1384; baseline 0 -16"><span class='ocrx_word' id='word_1_486' title='bbox 1990 1314 2141 1384; x_wconf 89' lang='lat' dir='ltr'><strong>quod</strong></span> <span class='ocrx_word' id='word_1_487' title='bbox 2167 1314 2321 1384; x_wconf 91' lang='lat' dir='ltr'><strong>apud</strong></span> <span class='ocrx_word' id='word_1_488' title='bbox 2348 1316 2551 1380; x_wconf 91' lang='lat' dir='ltr'><strong>Deum,</strong></span> <span class='ocrx_word' id='word_1_489' title='bbox 2584 1314 2683 1368; x_wconf 91' lang='lat' dir='ltr'><strong>sed</strong></span> <span class='ocrx_word' id='word_1_490' title='bbox 2714 1330 2852 1368; x_wconf 89' lang='lat' dir='ltr'><strong>non.</strong></span> 
     </span>
    </p>
   </div>
   <div class='ocr_carea' id='block_1_72' title="bbox 2058 1401 3687 1473">
    <p class='ocr_par' dir='ltr' id='par_1_72' title="bbox 2058 1401 3687 1473">
     <span class='ocr_line' id='line_1_72' title="bbox 2058 1401 3687 1473; baseline -0.001 -16"><span class='ocrx_word' id='word_1_491' title='bbox 2058 1404 2344 1472; x_wconf 65' lang='lat' dir='ltr'><strong>Exaltavi,</strong></span> <span class='ocrx_word' id='word_1_492' title='bbox 2400 1408 2462 1457; x_wconf 91' lang='lat' dir='ltr'><strong>ut</strong></span> <span class='ocrx_word' id='word_1_493' title='bbox 2490 1402 2763 1457; x_wconf 62' lang='lat' dir='ltr'><strong>haeretici.</strong></span> <span class='ocrx_word' id='word_1_494' title='bbox 2799 1402 2905 1467; x_wconf 89' lang='lat' dir='ltr'><strong>Qui</strong></span> <span class='ocrx_word' id='word_1_495' title='bbox 2950 1401 2997 1455; x_wconf 90' lang='lat' dir='ltr'><strong>si</strong></span> <span class='ocrx_word' id='word_1_496' title='bbox 3022 1408 3311 1473; x_wconf 88' lang='lat' dir='ltr'><strong>utcunque</strong></span> <span class='ocrx_word' id='word_1_497' title='bbox 3341 1401 3557 1473; x_wconf 87' lang='lat' dir='ltr'><strong>aliquid</strong></span> <span class='ocrx_word' id='word_1_498' title='bbox 3578 1417 3687 1456; x_wconf 71' lang='lat' dir='ltr'><strong>caa-</strong></span> 
     </span>
    </p>
   </div>
   <div class='ocr_carea' id='block_1_73' title="bbox 1988 1490 3690 1561">
    <p class='ocr_par' dir='ltr' id='par_1_73' title="bbox 1988 1490 3690 1561">
     <span class='ocr_line' id='line_1_73' title="bbox 1988 1490 3690 1561; baseline -0.001 -16"><span class='ocrx_word' id='word_1_499' title='bbox 1988 1492 2200 1561; x_wconf 90' lang='lat' dir='ltr'><strong>perint,</strong></span> <span class='ocrx_word' id='word_1_500' title='bbox 2235 1493 2319 1545; x_wconf 87' lang='lat' dir='ltr'><strong>vel</strong></span> <span class='ocrx_word' id='word_1_501' title='bbox 2380 1491 2486 1545; x_wconf 88' lang='lat' dir='ltr'><strong>visi</strong></span> <span class='ocrx_word' id='word_1_502' title='bbox 2538 1496 2669 1545; x_wconf 91' lang='lat' dir='ltr'><strong>sunt</strong></span> <span class='ocrx_word' id='word_1_503' title='bbox 2724 1507 2948 1561; x_wconf 88' lang='lat' dir='ltr'><strong>capere,</strong></span> <span class='ocrx_word' id='word_1_504' title='bbox 3011 1490 3144 1544; x_wconf 89' lang='lat' dir='ltr'><strong>inde</strong></span> <span class='ocrx_word' id='word_1_505' title='bbox 3203 1490 3568 1560; x_wconf 90' lang='lat' dir='ltr'><strong>superbiunt;</strong></span> <span class='ocrx_word' id='word_1_506' title='bbox 3630 1494 3690 1543; x_wconf 88' lang='lat' dir='ltr'><strong>et</strong></span> 
     </span>
    </p>
   </div>
   <div class='ocr_carea' id='block_1_74' title="bbox 1989 1579 3688 1651">
    <p class='ocr_par' dir='ltr' id='par_1_74' title="bbox 1989 1579 3688 1651">
     <span class='ocr_line' id='line_1_74' title="bbox 1989 1579 3688 1651; baseline -0.001 -18"><span class='ocrx_word' id='word_1_507' title='bbox 1989 1596 2118 1633; x_wconf 92' lang='lat' dir='ltr'><strong>cum</strong></span> <span class='ocrx_word' id='word_1_508' title='bbox 2151 1580 2337 1633; x_wconf 87' lang='lat' dir='ltr'><strong>adhuc</strong></span> <span class='ocrx_word' id='word_1_509' title='bbox 2381 1580 2565 1633; x_wconf 89' lang='lat' dir='ltr'><strong>teneri</strong></span> <span class='ocrx_word' id='word_1_510' title='bbox 2596 1596 2767 1651; x_wconf 90' lang='lat' dir='ltr'><strong>super</strong></span> <span class='ocrx_word' id='word_1_511' title='bbox 2814 1584 3056 1633; x_wconf 90' lang='lat' dir='ltr'><strong>matrem</strong></span> <span class='ocrx_word' id='word_1_512' title='bbox 3088 1579 3221 1647; x_wconf 91' lang='lat' dir='ltr'><strong>sint,</strong></span> <span class='ocrx_word' id='word_1_513' title='bbox 3280 1584 3335 1631; x_wconf 88' lang='lat' dir='ltr'><strong>et</strong></span> <span class='ocrx_word' id='word_1_514' title='bbox 3387 1583 3688 1649; x_wconf 87' lang='lat' dir='ltr'><strong>portentur</strong></span> 
     </span>
    </p>
   </div>
   <div class='ocr_carea' id='block_1_75' title="bbox 1989 1668 3685 1739">
    <p class='ocr_par' dir='ltr' id='par_1_75' title="bbox 1989 1668 3685 1739">
     <span class='ocr_line' id='line_1_75' title="bbox 1989 1668 3685 1739; baseline -0.001 -17"><span class='ocrx_word' id='word_1_515' title='bbox 1989 1668 2272 1733; x_wconf 85' lang='lat' dir='ltr'><strong>manibus,</strong></span> <span class='ocrx_word' id='word_1_516' title='bbox 2326 1674 2390 1722; x_wconf 89' lang='lat' dir='ltr'><strong>ut</strong></span> <span class='ocrx_word' id='word_1_517' title='bbox 2422 1674 2695 1734; x_wconf 89' lang='lat' dir='ltr'><strong>crescant,</strong></span> <span class='ocrx_word' id='word_1_518' title='bbox 2729 1668 2827 1739; x_wconf 90' lang='lat' dir='ltr'><strong>qui</strong></span> <span class='ocrx_word' id='word_1_519' title='bbox 2857 1668 3069 1739; x_wconf 88' lang='lat' dir='ltr'><strong>portati</strong></span> <span class='ocrx_word' id='word_1_520' title='bbox 3120 1668 3352 1721; x_wconf 89' lang='lat' dir='ltr'><strong>fuerunt</strong></span> <span class='ocrx_word' id='word_1_521' title='bbox 3404 1668 3465 1721; x_wconf 93' lang='lat' dir='ltr'><strong>in</strong></span> <span class='ocrx_word' id='word_1_522' title='bbox 3522 1672 3685 1723; x_wconf 85' lang='lat' dir='ltr'><strong>utero</strong></span> 
     </span>
    </p>
   </div>
   <div class='ocr_carea' id='block_1_76' title="bbox 1989 1757 3683 1827">
    <p class='ocr_par' dir='ltr' id='par_1_76' title="bbox 1989 1757 3683 1827">
     <span class='ocr_line' id='line_1_76' title="bbox 1989 1757 3683 1827; baseline 0 -17"><span class='ocrx_word' id='word_1_523' title='bbox 1989 1761 2053 1810; x_wconf 93' lang='lat' dir='ltr'><strong>ut</strong></span> <span class='ocrx_word' id='word_1_524' title='bbox 2105 1761 2500 1810; x_wconf 89' lang='lat' dir='ltr'><strong>nascerentur:</strong></span> <span class='ocrx_word' id='word_1_525' title='bbox 2559 1773 2592 1809; x_wconf 91' lang='lat' dir='ltr'><strong>a</strong></span> <span class='ocrx_word' id='word_1_526' title='bbox 2654 1757 2797 1811; x_wconf 88' lang='lat' dir='ltr'><strong>lacte</strong></span> <span class='ocrx_word' id='word_1_527' title='bbox 2852 1760 2981 1810; x_wconf 89' lang='lat' dir='ltr'><strong>ante</strong></span> <span class='ocrx_word' id='word_1_528' title='bbox 3046 1760 3271 1826; x_wconf 89' lang='lat' dir='ltr'><strong>tempus</strong></span> <span class='ocrx_word' id='word_1_529' title='bbox 3322 1761 3683 1827; x_wconf 88' lang='lat' dir='ltr'><strong>separantur,</strong></span> 
     </span>
    </p>
   </div>
   <div class='ocr_carea' id='block_1_77' title="bbox 1986 1845 2625 1914">
    <p class='ocr_par' dir='ltr' id='par_1_77' title="bbox 1986 1845 2625 1914">
     <span class='ocr_line' id='line_1_77' title="bbox 1986 1845 2625 1914; baseline 0 -15"><span class='ocrx_word' id='word_1_530' title='bbox 1986 1845 2141 1899; x_wconf 88' lang='lat' dir='ltr'><strong>unde</strong></span> <span class='ocrx_word' id='word_1_531' title='bbox 2164 1845 2625 1914; x_wconf 85' lang='lat' dir='ltr'><strong>exstinguuntur.</strong></span> 
     </span>
    </p>
   </div>
   <div class='ocr_carea' id='block_1_78' title="bbox 2060 1931 3684 2003">
    <p class='ocr_par' dir='ltr' id='par_1_78' title="bbox 2060 1931 3684 2003">
     <span class='ocr_line' id='line_1_78' title="bbox 2060 1931 3684 2003; baseline -0.001 -17"><span class='ocrx_word' id='word_1_532' title='bbox 2060 1935 2154 1987; x_wconf 91' lang='lat' dir='ltr'><strong>Ita</strong></span> <span class='ocrx_word' id='word_1_533' title='bbox 2196 1933 2502 1987; x_wconf 86' lang='lat' dir='ltr'><strong>retributio.</strong></span> <span class='ocrx_word' id='word_1_534' title='bbox 2556 1932 2681 2003; x_wconf 75' lang='lat'><strong>(10.)</strong></span> <span class='ocrx_word' id='word_1_535' title='bbox 2728 1931 3046 2002; x_wconf 88' lang='lat' dir='ltr'><strong>Obstringit</strong></span> <span class='ocrx_word' id='word_1_536' title='bbox 3093 1948 3150 1985; x_wconf 89' lang='lat' dir='ltr'><strong>se</strong></span> <span class='ocrx_word' id='word_1_537' title='bbox 3198 1931 3517 1995; x_wconf 89' lang='lat' dir='ltr'><strong>maledicto,</strong></span> <span class='ocrx_word' id='word_1_538' title='bbox 3553 1936 3684 1997; x_wconf 89' lang='lat' dir='ltr'><strong>etc.,</strong></span> 
     </span>
    </p>
   </div>
   <div class='ocr_carea' id='block_1_79' title="bbox 1991 2019 3691 2091">
    <p class='ocr_par' dir='ltr' id='par_1_79' title="bbox 1991 2019 3691 2091">
     <span class='ocr_line' id='line_1_79' title="bbox 1991 2019 3691 2091; baseline -0.001 -16"><span class='ocrx_word' id='word_1_539' title='bbox 1991 2036 2159 2090; x_wconf 86' lang='lat' dir='ltr'><strong>usque</strong></span> <span class='ocrx_word' id='word_1_540' title='bbox 2187 2022 2262 2075; x_wconf 90' lang='lat' dir='ltr'><strong>ad</strong></span> <span class='ocrx_word' id='word_1_541' title='bbox 2321 2021 2400 2075; x_wconf 90' lang='lat' dir='ltr'><strong>sic</strong></span> <span class='ocrx_word' id='word_1_542' title='bbox 2440 2021 2713 2075; x_wconf 89' lang='lat' dir='ltr'><strong>revelabit</strong></span> <span class='ocrx_word' id='word_1_543' title='bbox 2762 2022 2911 2075; x_wconf 90' lang='lat' dir='ltr'><strong>Deus</strong></span> <span class='ocrx_word' id='word_1_544' title='bbox 2964 2020 3116 2091; x_wconf 87' lang='lat' dir='ltr'><strong>quod</strong></span> <span class='ocrx_word' id='word_1_545' title='bbox 3151 2020 3315 2073; x_wconf 87' lang='lat' dir='ltr'><strong>aliter</strong></span> <span class='ocrx_word' id='word_1_546' title='bbox 3352 2019 3518 2089; x_wconf 88' lang='lat' dir='ltr'><strong>sapit,</strong></span> <span class='ocrx_word' id='word_1_547' title='bbox 3557 2023 3691 2089; x_wconf 88' lang='lat' dir='ltr'><strong>quia</strong></span> 
     </span>
    </p>
   </div>
   <div class='ocr_carea' id='block_1_80' title="bbox 1987 2108 3224 2179">
    <p class='ocr_par' dir='ltr' id='par_1_80' title="bbox 1987 2108 3224 2179">
     <span class='ocr_line' id='line_1_80' title="bbox 1987 2108 3224 2179; baseline -0.002 -15"><span class='ocrx_word' id='word_1_548' title='bbox 1987 2111 2233 2179; x_wconf 85' lang='lat' dir='ltr'><strong>superbis</strong></span> <span class='ocrx_word' id='word_1_549' title='bbox 2253 2112 2483 2177; x_wconf 71' lang='lat' dir='ltr'><strong>reswtit,</strong></span> <span class='ocrx_word' id='word_1_550' title='bbox 2506 2108 2802 2163; x_wconf 83' lang='lat' dir='ltr'><strong>humilibus</strong></span> <span class='ocrx_word' id='word_1_551' title='bbox 2834 2108 2931 2162; x_wconf 83' lang='lat' dir='ltr'><strong>dat</strong></span> <span class='ocrx_word' id='word_1_552' title='bbox 2966 2111 3224 2176; x_wconf 85' lang='lat' dir='ltr'><strong>gratiam.</strong></span> 
     </span>
    </p>
   </div>
   <div class='ocr_carea' id='block_1_81' title="bbox 2060 2193 3691 2266">
    <p class='ocr_par' dir='ltr' id='par_1_81' title="bbox 2060 2193 3691 2266">
     <span class='ocr_line' id='line_1_81' title="bbox 2060 2193 3691 2266; baseline -0.002 -14"><span class='ocrx_word' id='word_1_553' title='bbox 2060 2198 2210 2252; x_wconf 88' lang='lat' dir='ltr'><strong>Sicut</strong></span> <span class='ocrx_word' id='word_1_554' title='bbox 2241 2197 2543 2251; x_wconf 85' lang='lat' dir='ltr'><strong>ablactatus</strong></span> <span class='ocrx_word' id='word_1_555' title='bbox 2566 2200 2662 2249; x_wconf 88' lang='lat' dir='ltr'><strong>est.</strong></span> <span class='ocrx_word' id='word_1_556' title='bbox 2724 2194 2879 2248; x_wconf 89' lang='lat' dir='ltr'><strong>Sicut</strong></span> <span class='ocrx_word' id='word_1_557' title='bbox 2928 2193 3086 2247; x_wconf 90' lang='lat' dir='ltr'><strong>enim</strong></span> <span class='ocrx_word' id='word_1_558' title='bbox 3125 2194 3381 2265; x_wconf 87' lang='lat' dir='ltr'><strong>quinque</strong></span> <span class='ocrx_word' id='word_1_559' title='bbox 3427 2200 3691 2266; x_wconf 89' lang='lat' dir='ltr'><strong>tempora</strong></span> 
     </span>
    </p>
   </div>
   <div class='ocr_carea' id='block_1_82' title="bbox 1989 2281 3691 2353">
    <p class='ocr_par' dir='ltr' id='par_1_82' title="bbox 1989 2281 3691 2353">
     <span class='ocr_line' id='line_1_82' title="bbox 1989 2281 3691 2353; baseline -0.001 -15"><span class='ocrx_word' id='word_1_560' title='bbox 1989 2289 2315 2353; x_wconf 89' lang='lat' dir='ltr'><strong>narrantur,</strong></span> <span class='ocrx_word' id='word_1_561' title='bbox 2348 2288 2476 2350; x_wconf 88' lang='lat' dir='ltr'><strong>etc.,</strong></span> <span class='ocrx_word' id='word_1_562' title='bbox 2512 2298 2678 2351; x_wconf 89' lang='lat' dir='ltr'><strong>usque</strong></span> <span class='ocrx_word' id='word_1_563' title='bbox 2726 2283 2800 2336; x_wconf 87' lang='lat' dir='ltr'><strong>ad</strong></span> <span class='ocrx_word' id='word_1_564' title='bbox 2860 2281 2996 2352; x_wconf 89' lang='lat' dir='ltr'><strong>quia</strong></span> <span class='ocrx_word' id='word_1_565' title='bbox 3026 2283 3174 2335; x_wconf 90' lang='lat' dir='ltr'><strong>Deus</strong></span> <span class='ocrx_word' id='word_1_566' title='bbox 3206 2288 3328 2335; x_wconf 85' lang='lat' dir='ltr'><strong>erat</strong></span> <span class='ocrx_word' id='word_1_567' title='bbox 3356 2283 3558 2349; x_wconf 88' lang='lat' dir='ltr'><strong>homo;</strong></span> <span class='ocrx_word' id='word_1_568' title='bbox 3592 2284 3691 2338; x_wconf 91' lang='lat' dir='ltr'><strong>sed</strong></span> 
     </span>
    </p>
   </div>
   <div class='ocr_carea' id='block_1_83' title="bbox 1991 2371 2817 2427">
    <p class='ocr_par' dir='ltr' id='par_1_83' title="bbox 1991 2371 2817 2427">
     <span class='ocr_line' id='line_1_83' title="bbox 1991 2371 2817 2427; baseline -0.005 1"><span class='ocrx_word' id='word_1_569' title='bbox 1991 2389 2107 2427; x_wconf 92' lang='lat' dir='ltr'><strong>non</strong></span> <span class='ocrx_word' id='word_1_570' title='bbox 2138 2378 2389 2427; x_wconf 88' lang='lat' dir='ltr'><strong>mutatus</strong></span> <span class='ocrx_word' id='word_1_571' title='bbox 2419 2372 2478 2425; x_wconf 89' lang='lat' dir='ltr'><strong>in</strong></span> <span class='ocrx_word' id='word_1_572' title='bbox 2500 2371 2817 2425; x_wconf 89' lang='lat' dir='ltr'><strong>hominem.</strong></span> 
     </span>
    </p>
   </div>
   <div class='ocr_carea' id='block_1_84' title="bbox 2062 2457 3688 2529">
    <p class='ocr_par' dir='ltr' id='par_1_84' title="bbox 2062 2457 3688 2529">
     <span class='ocr_line' id='line_1_84' title="bbox 2062 2457 3688 2529; baseline -0.001 -14"><span class='ocrx_word' id='word_1_573' title='bbox 2062 2464 2241 2517; x_wconf 75' lang='lat' dir='ltr'><strong>Vens.</strong></span> <span class='ocrx_word' id='word_1_574' title='bbox 2305 2464 2355 2516; x_wconf 90' lang='lat'><strong>3.</strong></span> <span class='ocrx_word' id='word_1_575' title='bbox 2388 2489 2460 2502; x_wconf 93' lang='lat'><strong><em>—</em></strong></span> <span class='ocrx_word' id='word_1_576' title='bbox 2514 2461 2703 2529; x_wconf 75' lang='lat' dir='ltr'><strong>Sperat</strong></span> <span class='ocrx_word' id='word_1_577' title='bbox 2748 2460 2935 2515; x_wconf 84' lang='lat' dir='ltr'><strong>Israel.</strong></span> <span class='ocrx_word' id='word_1_578' title='bbox 2988 2457 3185 2528; x_wconf 62' lang='lat' dir='ltr'><strong>(Cass)</strong></span> <span class='ocrx_word' id='word_1_579' title='bbox 3231 2458 3489 2513; x_wconf 91' lang='lat' dir='ltr'><strong>Secunda</strong></span> <span class='ocrx_word' id='word_1_580' title='bbox 3535 2475 3688 2529; x_wconf 88' lang='lat' dir='ltr'><strong>pars,</strong></span> 
     </span>
    </p>
   </div>
   <div class='ocr_carea' id='block_1_85' title="bbox 1993 2548 3368 2618">
    <p class='ocr_par' dir='ltr' id='par_1_85' title="bbox 1993 2548 3368 2618">
     <span class='ocr_line' id='line_1_85' title="bbox 1993 2548 3368 2618; baseline -0.004 -12"><span class='ocrx_word' id='word_1_581' title='bbox 1993 2550 2096 2605; x_wconf 90' lang='lat' dir='ltr'><strong>ubi</strong></span> <span class='ocrx_word' id='word_1_582' title='bbox 2117 2550 2406 2605; x_wconf 90' lang='lat' dir='ltr'><strong>concludit</strong></span> <span class='ocrx_word' id='word_1_583' title='bbox 2424 2566 2525 2603; x_wconf 90' lang='lat' dir='ltr'><strong>suo</strong></span> <span class='ocrx_word' id='word_1_584' title='bbox 2557 2548 2819 2618; x_wconf 86' lang='lat' dir='ltr'><strong>exemplo</strong></span> <span class='ocrx_word' id='word_1_585' title='bbox 2841 2550 3077 2601; x_wconf 71' lang='lat' dir='ltr'><strong>caeteros</strong></span> <span class='ocrx_word' id='word_1_586' title='bbox 3107 2562 3368 2601; x_wconf 90' lang='lat' dir='ltr'><strong>monens.</strong></span> 
     </span>
    </p>
   </div>
   <div class='ocr_carea' id='block_1_86' title="bbox 2558 2690 3139 2745">
    <p class='ocr_par' dir='ltr' id='par_1_86' title="bbox 2558 2690 3139 2745">
     <span class='ocr_line' id='line_1_86' title="bbox 2558 2690 3139 2745; baseline -0.002 0"><span class='ocrx_word' id='word_1_587' title='bbox 2558 2690 2681 2745; x_wconf 80' lang='lat' dir='ltr'><strong>PSA</strong></span> <span class='ocrx_word' id='word_1_588' title='bbox 2693 2691 2781 2745; x_wconf 85' lang='lat' dir='ltr'><strong>LM</strong></span> <span class='ocrx_word' id='word_1_589' title='bbox 2791 2690 2871 2745; x_wconf 91' lang='lat' dir='ltr'><strong>US</strong></span> <span class='ocrx_word' id='word_1_590' title='bbox 2922 2690 3139 2745; x_wconf 81' lang='lat' dir='ltr'><strong>CXXXI.</strong></span> 
     </span>
    </p>
   </div>
   <div class='ocr_carea' id='block_1_87' title="bbox 2071 2812 3693 2883">
    <p class='ocr_par' dir='ltr' id='par_1_87' title="bbox 2071 2812 3693 2883">
     <span class='ocr_line' id='line_1_87' title="bbox 2071 2812 3693 2883; baseline -0.002 -14"><span class='ocrx_word' id='word_1_591' title='bbox 2071 2817 2231 2870; x_wconf 72' lang='lat' dir='ltr'><strong>Vens.</strong></span> <span class='ocrx_word' id='word_1_592' title='bbox 2287 2820 2334 2870; x_wconf 82' lang='grc'><strong>1.</strong></span> <span class='ocrx_word' id='word_1_593' title='bbox 2396 2847 2461 2856; x_wconf 94' lang='grc'><strong>-</strong></span> <span class='ocrx_word' id='word_1_594' title='bbox 2510 2817 2789 2873; x_wconf 89' lang='lat' dir='ltr'><strong>Canticum</strong></span> <span class='ocrx_word' id='word_1_595' title='bbox 2868 2816 3159 2883; x_wconf 84' lang='lat' dir='ltr'><strong>graduum.</strong></span> <span class='ocrx_word' id='word_1_596' title='bbox 3217 2815 3342 2883; x_wconf 85' lang='lat' dir='ltr'><strong>(lo.)</strong></span> <span class='ocrx_word' id='word_1_597' title='bbox 3394 2814 3453 2867; x_wconf 94' lang='lat' dir='ltr'><strong>In</strong></span> <span class='ocrx_word' id='word_1_598' title='bbox 3503 2812 3693 2866; x_wconf 90' lang='lat' dir='ltr'><strong>trede-</strong></span> 
     </span>
    </p>
   </div>
   <div class='ocr_carea' id='block_1_88' title="bbox 1999 2899 3692 2975">
    <p class='ocr_par' dir='ltr' id='par_1_88' title="bbox 1999 2899 3692 2975">
     <span class='ocr_line' id='line_1_88' title="bbox 1999 2899 3692 2975; baseline -0.002 -16"><span class='ocrx_word' id='word_1_599' title='bbox 1999 2904 2148 2959; x_wconf 93' lang='lat' dir='ltr'><strong>cimo</strong></span> <span class='ocrx_word' id='word_1_600' title='bbox 2180 2905 2361 2973; x_wconf 89' lang='lat' dir='ltr'><strong>gradu</strong></span> <span class='ocrx_word' id='word_1_601' title='bbox 2376 2905 2497 2975; x_wconf 90' lang='lat' dir='ltr'><strong>jam</strong></span> <span class='ocrx_word' id='word_1_602' title='bbox 2517 2905 2751 2958; x_wconf 90' lang='lat' dir='ltr'><strong>humilis</strong></span> <span class='ocrx_word' id='word_1_603' title='bbox 2780 2908 2837 2959; x_wconf 89' lang='lat' dir='ltr'><strong>et</strong></span> <span class='ocrx_word' id='word_1_604' title='bbox 2859 2908 3211 2970; x_wconf 83' lang='lat' dir='ltr'><strong>mansuetus,</strong></span> <span class='ocrx_word' id='word_1_605' title='bbox 3245 2907 3386 2968; x_wconf 90' lang='lat' dir='ltr'><strong>etc.,</strong></span> <span class='ocrx_word' id='word_1_606' title='bbox 3418 2916 3587 2971; x_wconf 89' lang='lat' dir='ltr'><strong>usque</strong></span> <span class='ocrx_word' id='word_1_607' title='bbox 3614 2899 3692 2955; x_wconf 88' lang='lat' dir='ltr'><strong>ad</strong></span> 
     </span>
    </p>
   </div>
   <div class='ocr_carea' id='block_1_89' title="bbox 1918 2992 3688 3062">
    <p class='ocr_par' dir='ltr' id='par_1_89' title="bbox 1918 2992 3688 3062">
     <span class='ocr_line' id='line_1_89' title="bbox 1918 2992 3688 3062; baseline -0.004 -11"><span class='ocrx_word' id='word_1_608' title='bbox 1918 2997 1958 3051; x_wconf 93' lang='lat' dir='ltr'><strong>C</strong></span> <span class='ocrx_word' id='word_1_609' title='bbox 1997 2996 2150 3049; x_wconf 90' lang='lat' dir='ltr'><strong>unde</strong></span> <span class='ocrx_word' id='word_1_610' title='bbox 2179 2994 2239 3047; x_wconf 94' lang='lat' dir='ltr'><strong>in</strong></span> <span class='ocrx_word' id='word_1_611' title='bbox 2285 2992 2456 3047; x_wconf 87' lang='lat' dir='ltr'><strong>Isaia:</strong></span> <span class='ocrx_word' id='word_1_612' title='bbox 2511 2996 2685 3062; x_wconf 82' lang='lat' dir='ltr'><strong>Super</strong></span> <span class='ocrx_word' id='word_1_613' title='bbox 2729 3009 2884 3062; x_wconf 89' lang='lat' dir='ltr'><strong>quem</strong></span> <span class='ocrx_word' id='word_1_614' title='bbox 2916 2995 3206 3062; x_wconf 88' lang='lat' dir='ltr'><strong>requiescet</strong></span> <span class='ocrx_word' id='word_1_615' title='bbox 3234 2992 3474 3061; x_wconf 82' lang='lat' dir='ltr'><strong>Spiritus</strong></span> <span class='ocrx_word' id='word_1_616' title='bbox 3521 3004 3688 3055; x_wconf 83' lang='lat' dir='ltr'><strong>meus,</strong></span> 
     </span>
    </p>
   </div>
   <div class='ocr_carea' id='block_1_90' title="bbox 1991 3080 3691 3151">
    <p class='ocr_par' dir='ltr' id='par_1_90' title="bbox 1991 3080 3691 3151">
     <span class='ocr_line' id='line_1_90' title="bbox 1991 3080 3691 3151; baseline -0.002 -15"><span class='ocrx_word' id='word_1_617' title='bbox 1991 3084 2103 3137; x_wconf 88' lang='lat' dir='ltr'><strong>nisi</strong></span> <span class='ocrx_word' id='word_1_618' title='bbox 2164 3098 2327 3151; x_wconf 86' lang='lat' dir='ltr'><strong>super</strong></span> <span class='ocrx_word' id='word_1_619' title='bbox 2381 3083 2633 3136; x_wconf 86' lang='lat' dir='ltr'><strong>humilem</strong></span> <span class='ocrx_word' id='word_1_620' title='bbox 2687 3086 2737 3135; x_wconf 89' lang='lat' dir='ltr'><strong>et</strong></span> <span class='ocrx_word' id='word_1_621' title='bbox 2775 3080 3034 3150; x_wconf 87' lang='lat' dir='ltr'><strong>quietum,</strong></span> <span class='ocrx_word' id='word_1_622' title='bbox 3057 3086 3107 3136; x_wconf 89' lang='lat' dir='ltr'><strong>et</strong></span> <span class='ocrx_word' id='word_1_623' title='bbox 3139 3085 3443 3135; x_wconf 87' lang='lat' dir='ltr'><strong>trementem</strong></span> <span class='ocrx_word' id='word_1_624' title='bbox 3488 3093 3691 3133; x_wconf 86' lang='lat' dir='ltr'><strong>sermo-</strong></span> 
     </span>
    </p>
   </div>
   <div class='ocr_carea' id='block_1_91' title="bbox 1992 3171 2290 3225">
    <p class='ocr_par' dir='ltr' id='par_1_91' title="bbox 1992 3171 2290 3225">
     <span class='ocr_line' id='line_1_91' title="bbox 1992 3171 2290 3225; baseline -0.007 0"><span class='ocrx_word' id='word_1_625' title='bbox 1992 3186 2084 3225; x_wconf 90' lang='lat' dir='ltr'><strong>nes</strong></span> <span class='ocrx_word' id='word_1_626' title='bbox 2113 3171 2290 3224; x_wconf 85' lang='lat' dir='ltr'><strong>meos?</strong></span> 
     </span>
    </p>
   </div>
   <div class='ocr_carea' id='block_1_92' title="bbox 2063 3254 3692 3327">
    <p class='ocr_par' dir='ltr' id='par_1_92' title="bbox 2063 3254 3692 3327">
     <span class='ocr_line' id='line_1_92' title="bbox 2063 3254 3692 3327; baseline -0.004 -13"><span class='ocrx_word' id='word_1_627' title='bbox 2063 3261 2341 3326; x_wconf 80' lang='lat' dir='ltr'><strong>Memento,</strong></span> <span class='ocrx_word' id='word_1_628' title='bbox 2400 3260 2640 3321; x_wconf 77' lang='lat' dir='ltr'><strong>Domine,</strong></span> <span class='ocrx_word' id='word_1_629' title='bbox 2710 3258 2887 3313; x_wconf 85' lang='lat' dir='ltr'><strong>David</strong></span> <span class='ocrx_word' id='word_1_630' title='bbox 2942 3262 2992 3313; x_wconf 89' lang='lat' dir='ltr'><strong>et</strong></span> <span class='ocrx_word' id='word_1_631' title='bbox 3046 3260 3238 3313; x_wconf 88' lang='lat' dir='ltr'><strong>omnis.</strong></span> <span class='ocrx_word' id='word_1_632' title='bbox 3292 3255 3416 3327; x_wconf 87' lang='lat' dir='ltr'><strong>(ln.)</strong></span> <span class='ocrx_word' id='word_1_633' title='bbox 3498 3254 3692 3309; x_wconf 89' lang='lat' dir='ltr'><strong>Primo</strong></span> 
     </span>
    </p>
   </div>
   <div class='ocr_carea' id='block_1_93' title="bbox 1993 3347 3697 3417">
    <p class='ocr_par' dir='ltr' id='par_1_93' title="bbox 1993 3347 3697 3417">
     <span class='ocr_line' id='line_1_93' title="bbox 1993 3347 3697 3417; baseline -0.003 -16"><span class='ocrx_word' id='word_1_634' title='bbox 1993 3348 2301 3401; x_wconf 89' lang='lat' dir='ltr'><strong>ostendens</strong></span> <span class='ocrx_word' id='word_1_635' title='bbox 2363 3352 2558 3401; x_wconf 91' lang='lat' dir='ltr'><strong>votum</strong></span> <span class='ocrx_word' id='word_1_636' title='bbox 2613 3347 2931 3402; x_wconf 72' lang='lat' dir='ltr'><strong>aediﬁcandi</strong></span> <span class='ocrx_word' id='word_1_637' title='bbox 2987 3347 3241 3408; x_wconf 86' lang='lat' dir='ltr'><strong>domum,</strong></span> <span class='ocrx_word' id='word_1_638' title='bbox 3312 3350 3578 3417; x_wconf 88' lang='lat' dir='ltr'><strong>precatur</strong></span> <span class='ocrx_word' id='word_1_639' title='bbox 3632 3347 3697 3397; x_wconf 92' lang='lat' dir='ltr'><strong>ut</strong></span> 
     </span>
    </p>
   </div>
   <div class='ocr_carea' id='block_1_94' title="bbox 1992 3431 3691 3506">
    <p class='ocr_par' dir='ltr' id='par_1_94' title="bbox 1992 3431 3691 3506">
     <span class='ocr_line' id='line_1_94' title="bbox 1992 3431 3691 3506; baseline -0.004 -16"><span class='ocrx_word' id='word_1_640' title='bbox 1992 3437 2245 3506; x_wconf 88' lang='lat' dir='ltr'><strong>impleat.</strong></span> <span class='ocrx_word' id='word_1_641' title='bbox 2281 3435 2561 3502; x_wconf 90' lang='lat' dir='ltr'><strong>Secundo,</strong></span> <span class='ocrx_word' id='word_1_642' title='bbox 2613 3435 2864 3489; x_wconf 85' lang='lat' dir='ltr'><strong>ostendit</strong></span> <span class='ocrx_word' id='word_1_643' title='bbox 2917 3435 3156 3489; x_wconf 90' lang='lat' dir='ltr'><strong>domum</strong></span> <span class='ocrx_word' id='word_1_644' title='bbox 3199 3434 3561 3497; x_wconf 62' lang='lat' dir='ltr'><strong>aediﬁcatam,</strong></span> <span class='ocrx_word' id='word_1_645' title='bbox 3590 3431 3691 3498; x_wconf 91' lang='lat' dir='ltr'><strong>ibi,</strong></span> 
     </span>
    </p>
   </div>
   <div class='ocr_carea' id='block_1_95' title="bbox 1992 3519 3697 3593">
    <p class='ocr_par' dir='ltr' id='par_1_95' title="bbox 1992 3519 3697 3593">
     <span class='ocr_line' id='line_1_95' title="bbox 1992 3519 3697 3593; baseline -0.002 -15"><span class='ocrx_word' id='word_1_646' title='bbox 1992 3526 2126 3578; x_wconf 85' lang='lat' dir='ltr'><strong>Ecce</strong></span> <span class='ocrx_word' id='word_1_647' title='bbox 2149 3524 2303 3578; x_wconf 84' lang='lat' dir='ltr'><strong>audi.</strong></span> <span class='ocrx_word' id='word_1_648' title='bbox 2334 3524 2547 3589; x_wconf 89' lang='lat' dir='ltr'><strong>Tertio,</strong></span> <span class='ocrx_word' id='word_1_649' title='bbox 2588 3524 2724 3578; x_wconf 89' lang='lat' dir='ltr'><strong>dicit</strong></span> <span class='ocrx_word' id='word_1_650' title='bbox 2769 3523 3180 3593; x_wconf 87' lang='lat' dir='ltr'><strong>promissiones</strong></span> <span class='ocrx_word' id='word_1_651' title='bbox 3214 3522 3311 3576; x_wconf 87' lang='lat' dir='ltr'><strong>Dei</strong></span> <span class='ocrx_word' id='word_1_652' title='bbox 3345 3522 3520 3577; x_wconf 88' lang='lat' dir='ltr'><strong>factas</strong></span> <span class='ocrx_word' id='word_1_653' title='bbox 3550 3519 3697 3574; x_wconf 70' lang='lat' dir='ltr'><strong>aedi-</strong></span> 
     </span>
    </p>
   </div>
   <div class='ocr_carea' id='block_1_96' title="bbox 1993 3607 3695 3679">
    <p class='ocr_par' dir='ltr' id='par_1_96' title="bbox 1993 3607 3695 3679">
     <span class='ocr_line' id='line_1_96' title="bbox 1993 3607 3695 3679; baseline -0.002 -14"><span class='ocrx_word' id='word_1_654' title='bbox 1993 3611 2176 3666; x_wconf 69' lang='lat' dir='ltr'><strong>ﬁcata:</strong></span> <span class='ocrx_word' id='word_1_655' title='bbox 2212 3612 2368 3677; x_wconf 89' lang='lat' dir='ltr'><strong>Sion,</strong></span> <span class='ocrx_word' id='word_1_656' title='bbox 2402 3612 2504 3677; x_wconf 86' lang='lat' dir='ltr'><strong>ibi,</strong></span> <span class='ocrx_word' id='word_1_657' title='bbox 2550 3613 2781 3666; x_wconf 83' lang='lat' dir='ltr'><strong>Juravit</strong></span> <span class='ocrx_word' id='word_1_658' title='bbox 2829 3612 3123 3666; x_wconf 89' lang='lat' dir='ltr'><strong>Dominus.</strong></span> <span class='ocrx_word' id='word_1_659' title='bbox 3162 3610 3368 3664; x_wconf 89' lang='lat' dir='ltr'><strong>Volens</strong></span> <span class='ocrx_word' id='word_1_660' title='bbox 3393 3624 3528 3679; x_wconf 91' lang='lat' dir='ltr'><strong>ergo</strong></span> <span class='ocrx_word' id='word_1_661' title='bbox 3558 3607 3695 3662; x_wconf 63' lang='lat' dir='ltr'><strong>aedi-</strong></span> 
     </span>
    </p>
   </div>
   <div class='ocr_carea' id='block_1_97' title="bbox 1995 3694 3697 3768">
    <p class='ocr_par' dir='ltr' id='par_1_97' title="bbox 1995 3694 3697 3768">
     <span class='ocr_line' id='line_1_97' title="bbox 1995 3694 3697 3768; baseline -0.003 -14"><span class='ocrx_word' id='word_1_662' title='bbox 1995 3700 2165 3754; x_wconf 84' lang='lat' dir='ltr'><strong>ﬁcare</strong></span> <span class='ocrx_word' id='word_1_663' title='bbox 2194 3700 2431 3754; x_wconf 92' lang='lat' dir='ltr'><strong>domum</strong></span> <span class='ocrx_word' id='word_1_664' title='bbox 2463 3700 2728 3765; x_wconf 91' lang='lat' dir='ltr'><strong>Domino,</strong></span> <span class='ocrx_word' id='word_1_665' title='bbox 2758 3700 2837 3753; x_wconf 80' lang='lat' dir='ltr'><strong>ait</strong></span> <span class='ocrx_word' id='word_1_666' title='bbox 2880 3699 2941 3753; x_wconf 91' lang='lat' dir='ltr'><strong>in</strong></span> <span class='ocrx_word' id='word_1_667' title='bbox 2985 3714 3230 3768; x_wconf 89' lang='lat' dir='ltr'><strong>persona</strong></span> <span class='ocrx_word' id='word_1_668' title='bbox 3287 3697 3462 3751; x_wconf 89' lang='lat' dir='ltr'><strong>totius</strong></span> <span class='ocrx_word' id='word_1_669' title='bbox 3488 3694 3697 3750; x_wconf 89' lang='lat' dir='ltr'><strong>Christi</strong></span> 
     </span>
    </p>
   </div>
   <div class='ocr_carea' id='block_1_98' title="bbox 1993 3785 3694 3859">
    <p class='ocr_par' dir='ltr' id='par_1_98' title="bbox 1993 3785 3694 3859">
     <span class='ocr_line' id='line_1_98' title="bbox 1993 3785 3694 3859; baseline -0.004 -17"><span class='ocrx_word' id='word_1_670' title='bbox 1993 3789 2218 3859; x_wconf 90' lang='lat' dir='ltr'><strong>capitis:</strong></span> <span class='ocrx_word' id='word_1_671' title='bbox 2254 3789 2296 3844; x_wconf 92' lang='lat'><em>0</em></span> <span class='ocrx_word' id='word_1_672' title='bbox 2330 3789 2576 3853; x_wconf 89' lang='lat' dir='ltr'><strong>Domine,</strong></span> <span class='ocrx_word' id='word_1_673' title='bbox 2626 3792 2733 3841; x_wconf 90' lang='lat' dir='ltr'><strong>etc.</strong></span> <span class='ocrx_word' id='word_1_674' title='bbox 2791 3787 2988 3841; x_wconf 86' lang='lat' dir='ltr'><strong>David.</strong></span> <span class='ocrx_word' id='word_1_675' title='bbox 3046 3785 3228 3856; x_wconf 83' lang='lat' dir='ltr'><strong>(AUG.)</strong></span> <span class='ocrx_word' id='word_1_676' title='bbox 3282 3785 3366 3839; x_wconf 83' lang='lat' dir='ltr'><strong>Ad</strong></span> <span class='ocrx_word' id='word_1_677' title='bbox 3416 3785 3694 3842; x_wconf 88' lang='lat' dir='ltr'><strong>litteram,</strong></span> 
     </span>
    </p>
   </div>
   <div class='ocr_carea' id='block_1_99' title="bbox 1994 3871 3693 3943">
    <p class='ocr_par' dir='ltr' id='par_1_99' title="bbox 1994 3871 3693 3943">
     <span class='ocr_line' id='line_1_99' title="bbox 1994 3871 3693 3943; baseline -0.002 -14"><span class='ocrx_word' id='word_1_678' title='bbox 1994 3881 2344 3938; x_wconf 80' lang='lat' dir='ltr'><strong>mansuetus.</strong></span> <span class='ocrx_word' id='word_1_679' title='bbox 2378 3881 2444 3929; x_wconf 92' lang='lat' dir='ltr'><strong>ut</strong></span> <span class='ocrx_word' id='word_1_680' title='bbox 2469 3875 2627 3929; x_wconf 90' lang='lat' dir='ltr'><strong>Sauli</strong></span> <span class='ocrx_word' id='word_1_681' title='bbox 2653 3875 2869 3929; x_wconf 86' lang='lat' dir='ltr'><strong>malum</strong></span> <span class='ocrx_word' id='word_1_682' title='bbox 2901 3889 3005 3943; x_wconf 92' lang='lat' dir='ltr'><strong>pro</strong></span> <span class='ocrx_word' id='word_1_683' title='bbox 3061 3873 3213 3926; x_wconf 90' lang='lat' dir='ltr'><strong>malo</strong></span> <span class='ocrx_word' id='word_1_684' title='bbox 3242 3888 3358 3925; x_wconf 92' lang='lat' dir='ltr'><strong>non</strong></span> <span class='ocrx_word' id='word_1_685' title='bbox 3407 3871 3693 3925; x_wconf 87' lang='lat' dir='ltr'><strong>redderet.</strong></span> 
     </span>
    </p>
   </div>
   <div class='ocr_carea' id='block_1_100' title="bbox 2065 3959 3698 4034">
    <p class='ocr_par' dir='ltr' id='par_1_100' title="bbox 2065 3959 3698 4034">
     <span class='ocr_line' id='line_1_100' title="bbox 2065 3959 3698 4034; baseline -0.002 -16"><span class='ocrx_word' id='word_1_686' title='bbox 2065 3966 2217 4019; x_wconf 88' lang='lat' dir='ltr'><strong>Sicut</strong></span> <span class='ocrx_word' id='word_1_687' title='bbox 2252 3966 2465 4034; x_wconf 87' lang='lat' dir='ltr'><strong>juravit</strong></span> <span class='ocrx_word' id='word_1_688' title='bbox 2509 3968 2560 4018; x_wconf 88' lang='lat' dir='ltr'><strong>et</strong></span> <span class='ocrx_word' id='word_1_689' title='bbox 2612 3967 2793 4017; x_wconf 86' lang='lat' dir='ltr'><strong>votum</strong></span> <span class='ocrx_word' id='word_1_690' title='bbox 2842 3964 3013 4016; x_wconf 88' lang='lat' dir='ltr'><strong>vovit.</strong></span> <span class='ocrx_word' id='word_1_691' title='bbox 3078 3960 3141 4014; x_wconf 90' lang='lat' dir='ltr'><strong>Id</strong></span> <span class='ocrx_word' id='word_1_692' title='bbox 3187 3964 3289 4027; x_wconf 89' lang='lat' dir='ltr'><strong>est,</strong></span> <span class='ocrx_word' id='word_1_693' title='bbox 3345 3964 3408 4013; x_wconf 87' lang='lat' dir='ltr'><strong>ut</strong></span> <span class='ocrx_word' id='word_1_694' title='bbox 3460 3959 3698 4029; x_wconf 88' lang='lat' dir='ltr'><strong>impleat</strong></span> 
     </span>
    </p>
   </div>
   <div class='ocr_carea' id='block_1_101' title="bbox 1996 4046 3695 4124">
    <p class='ocr_par' dir='ltr' id='par_1_101' title="bbox 1996 4046 3695 4124">
     <span class='ocr_line' id='line_1_101' title="bbox 1996 4046 3695 4124; baseline -0.004 -18"><span class='ocrx_word' id='word_1_695' title='bbox 1996 4053 2147 4124; x_wconf 87' lang='lat' dir='ltr'><strong>quod</strong></span> <span class='ocrx_word' id='word_1_696' title='bbox 2187 4052 2479 4124; x_wconf 88' lang='lat' dir='ltr'><strong>promisit:</strong></span> <span class='ocrx_word' id='word_1_697' title='bbox 2511 4067 2682 4105; x_wconf 89' lang='lat' dir='ltr'><strong>nemo</strong></span> <span class='ocrx_word' id='word_1_698' title='bbox 2714 4052 3023 4121; x_wconf 63' lang='lat' dir='ltr'><strong>praisumat</strong></span> <span class='ocrx_word' id='word_1_699' title='bbox 3048 4048 3265 4101; x_wconf 87' lang='lat' dir='ltr'><strong>viribus</strong></span> <span class='ocrx_word' id='word_1_700' title='bbox 3310 4046 3428 4101; x_wconf 90' lang='lat' dir='ltr'><strong>suis</strong></span> <span class='ocrx_word' id='word_1_701' title='bbox 3457 4047 3695 4101; x_wconf 88' lang='lat' dir='ltr'><strong>reddere</strong></span> 
     </span>
    </p>
   </div>
   <div class='ocr_carea' id='block_1_102' title="bbox 1997 4134 3693 4211">
    <p class='ocr_par' dir='ltr' id='par_1_102' title="bbox 1997 4134 3693 4211">
     <span class='ocr_line' id='line_1_102' title="bbox 1997 4134 3693 4211; baseline -0.004 -17"><span class='ocrx_word' id='word_1_702' title='bbox 1997 4141 2151 4211; x_wconf 89' lang='lat' dir='ltr'><strong>quod</strong></span> <span class='ocrx_word' id='word_1_703' title='bbox 2197 4139 2364 4194; x_wconf 89' lang='lat' dir='ltr'><strong>vovit.</strong></span> <span class='ocrx_word' id='word_1_704' title='bbox 2417 4138 2581 4192; x_wconf 90' lang='lat' dir='ltr'><strong>Vovit</strong></span> <span class='ocrx_word' id='word_1_705' title='bbox 2627 4142 2820 4193; x_wconf 88' lang='lat' dir='ltr'><strong>autem</strong></span> <span class='ocrx_word' id='word_1_706' title='bbox 2872 4136 3112 4191; x_wconf 87' lang='lat' dir='ltr'><strong>Ecclesia</strong></span> <span class='ocrx_word' id='word_1_707' title='bbox 3140 4135 3203 4190; x_wconf 92' lang='lat' dir='ltr'><strong>in</strong></span> <span class='ocrx_word' id='word_1_708' title='bbox 3234 4134 3693 4201; x_wconf 87' lang='lat' dir='ltr'><strong>mansuetudine,</strong></span> 
     </span>
    </p>
   </div>
   <div class='ocr_carea' id='block_1_103' title="bbox 2002 4222 3697 4297">
    <p class='ocr_par' dir='ltr' id='par_1_103' title="bbox 2002 4222 3697 4297">
     <span class='ocr_line' id='line_1_103' title="bbox 2002 4222 3697 4297; baseline -0.003 -15"><span class='ocrx_word' id='word_1_709' title='bbox 2002 4233 2069 4283; x_wconf 88' lang='lat' dir='ltr'><strong>ut</strong></span> <span class='ocrx_word' id='word_1_710' title='bbox 2100 4229 2173 4281; x_wconf 86' lang='lat' dir='ltr'><strong>sit</strong></span> <span class='ocrx_word' id='word_1_711' title='bbox 2198 4228 2401 4282; x_wconf 87' lang='lat' dir='ltr'><strong>domus</strong></span> <span class='ocrx_word' id='word_1_712' title='bbox 2428 4226 2550 4295; x_wconf 91' lang='lat' dir='ltr'><strong>Dei,</strong></span> <span class='ocrx_word' id='word_1_713' title='bbox 2598 4227 2753 4297; x_wconf 88' lang='lat' dir='ltr'><strong>quod</strong></span> <span class='ocrx_word' id='word_1_714' title='bbox 2802 4225 2946 4279; x_wconf 90' lang='lat' dir='ltr'><strong>nihil</strong></span> <span class='ocrx_word' id='word_1_715' title='bbox 2988 4225 3205 4295; x_wconf 88' lang='lat' dir='ltr'><strong>gratius</strong></span> <span class='ocrx_word' id='word_1_716' title='bbox 3252 4228 3439 4294; x_wconf 88' lang='lat' dir='ltr'><strong>potest</strong></span> <span class='ocrx_word' id='word_1_717' title='bbox 3468 4224 3582 4277; x_wconf 93' lang='lat' dir='ltr'><strong>Deo</strong></span> <span class='ocrx_word' id='word_1_718' title='bbox 3615 4222 3697 4278; x_wconf 90' lang='lat' dir='ltr'><strong>of-</strong></span> 
     </span>
    </p>
   </div>
   <div class='ocr_carea' id='block_1_104' title="bbox 2000 4311 3694 4384">
    <p class='ocr_par' dir='ltr' id='par_1_104' title="bbox 2000 4311 3694 4384">
     <span class='ocr_line' id='line_1_104' title="bbox 2000 4311 3694 4384; baseline -0.003 -13"><span class='ocrx_word' id='word_1_719' title='bbox 2000 4316 2160 4372; x_wconf 86' lang='lat' dir='ltr'><strong>ferri.</strong></span> <span class='ocrx_word' id='word_1_720' title='bbox 2190 4318 2402 4370; x_wconf 90' lang='lat' dir='ltr'><strong>Domus</strong></span> <span class='ocrx_word' id='word_1_721' title='bbox 2429 4321 2621 4369; x_wconf 88' lang='lat' dir='ltr'><strong>autem</strong></span> <span class='ocrx_word' id='word_1_722' title='bbox 2678 4319 2783 4380; x_wconf 89' lang='lat' dir='ltr'><strong>est,</strong></span> <span class='ocrx_word' id='word_1_723' title='bbox 2834 4314 2882 4368; x_wconf 91' lang='lat' dir='ltr'><strong>si</strong></span> <span class='ocrx_word' id='word_1_724' title='bbox 2912 4330 3016 4367; x_wconf 89' lang='lat' dir='ltr'><strong>sua</strong></span> <span class='ocrx_word' id='word_1_725' title='bbox 3064 4329 3184 4368; x_wconf 91' lang='lat' dir='ltr'><strong>non</strong></span> <span class='ocrx_word' id='word_1_726' title='bbox 3214 4311 3439 4384; x_wconf 71' lang='lat' dir='ltr'><strong>quaerit,</strong></span> <span class='ocrx_word' id='word_1_727' title='bbox 3474 4311 3574 4366; x_wconf 90' lang='lat' dir='ltr'><strong>sed</strong></span> <span class='ocrx_word' id='word_1_728' title='bbox 3625 4311 3694 4366; x_wconf 91' lang='lat' dir='ltr'><strong>de</strong></span> 
     </span>
    </p>
   </div>
   <div class='ocr_carea' id='block_1_105' title="bbox 1999 4400 3693 4475">
    <p class='ocr_par' dir='ltr' id='par_1_105' title="bbox 1999 4400 3693 4475">
     <span class='ocr_line' id='line_1_105' title="bbox 1999 4400 3693 4475; baseline -0.004 -16"><span class='ocrx_word' id='word_1_729' title='bbox 1999 4405 2291 4459; x_wconf 92' lang='lat' dir='ltr'><strong>communi</strong></span> <span class='ocrx_word' id='word_1_730' title='bbox 2321 4404 2559 4475; x_wconf 86' lang='lat' dir='ltr'><strong>gaudet:</strong></span> <span class='ocrx_word' id='word_1_731' title='bbox 2610 4403 2680 4458; x_wconf 91' lang='lat' dir='ltr'><strong>de</strong></span> <span class='ocrx_word' id='word_1_732' title='bbox 2710 4402 2958 4473; x_wconf 88' lang='lat' dir='ltr'><strong>propriis</strong></span> <span class='ocrx_word' id='word_1_733' title='bbox 2987 4401 3136 4456; x_wconf 84' lang='lat' dir='ltr'><strong>ﬁunt</strong></span> <span class='ocrx_word' id='word_1_734' title='bbox 3178 4402 3347 4468; x_wconf 88' lang='lat' dir='ltr'><strong>mala,</strong></span> <span class='ocrx_word' id='word_1_735' title='bbox 3400 4400 3551 4454; x_wconf 92' lang='lat' dir='ltr'><strong>unde</strong></span> <span class='ocrx_word' id='word_1_736' title='bbox 3584 4400 3693 4453; x_wconf 89' lang='lat' dir='ltr'><strong>ait:</strong></span> 
     </span>
    </p>
   </div>
   <div class='ocr_carea' id='block_1_106' title="bbox 1999 4488 3694 4562">
    <p class='ocr_par' dir='ltr' id='par_1_106' title="bbox 1999 4488 3694 4562">
     <span class='ocr_line' id='line_1_106' title="bbox 1999 4488 3694 4562; baseline -0.005 -13"><span class='ocrx_word' id='word_1_737' title='bbox 1999 4494 2063 4549; x_wconf 89' lang='lat' dir='ltr'><strong>Si</strong></span> <span class='ocrx_word' id='word_1_738' title='bbox 2091 4495 2362 4548; x_wconf 85' lang='lat' dir='ltr'><strong>introiero.</strong></span> <span class='ocrx_word' id='word_1_739' title='bbox 2397 4491 2621 4545; x_wconf 90' lang='lat' dir='ltr'><strong>Sciebat</strong></span> <span class='ocrx_word' id='word_1_740' title='bbox 2651 4507 2709 4545; x_wconf 91' lang='lat' dir='ltr'><strong>se</strong></span> <span class='ocrx_word' id='word_1_741' title='bbox 2740 4490 2971 4562; x_wconf 90' lang='lat' dir='ltr'><strong>proprio</strong></span> <span class='ocrx_word' id='word_1_742' title='bbox 3025 4489 3315 4560; x_wconf 90' lang='lat' dir='ltr'><strong>impediri,</strong></span> <span class='ocrx_word' id='word_1_743' title='bbox 3362 4504 3435 4543; x_wconf 90' lang='lat' dir='ltr'><strong>ne</strong></span> <span class='ocrx_word' id='word_1_744' title='bbox 3464 4488 3565 4543; x_wconf 83' lang='lat' dir='ltr'><strong>iiat</strong></span> <span class='ocrx_word' id='word_1_745' title='bbox 3610 4488 3694 4541; x_wconf 87' lang='lat' dir='ltr'><strong>lo-</strong></span> 
     </span>
    </p>
   </div>
   <div class='ocr_carea' id='block_1_107' title="bbox 2000 4580 3060 4647">
    <p class='ocr_par' dir='ltr' id='par_1_107' title="bbox 2000 4580 3060 4647">
     <span class='ocr_line' id='line_1_107' title="bbox 2000 4580 3060 4647; baseline 0 -12"><span class='ocrx_word' id='word_1_746' title='bbox 2000 4597 2099 4636; x_wconf 91' lang='lat' dir='ltr'><strong>cus</strong></span> <span class='ocrx_word' id='word_1_747' title='bbox 2119 4580 2236 4635; x_wconf 91' lang='lat' dir='ltr'><strong>Dei.</strong></span> <span class='ocrx_word' id='word_1_748' title='bbox 3049 4580 3060 4647; x_wconf 80' lang='lat' dir='ltr'><strong>l</strong></span> 
     </span>
    </p>
   </div>
   <div class='ocr_carea' id='block_1_108' title="bbox 2072 4663 3696 4738">
    <p class='ocr_par' dir='ltr' id='par_1_108' title="bbox 2072 4663 3696 4738">
     <span class='ocr_line' id='line_1_108' title="bbox 2072 4663 3696 4738; baseline -0.002 -16"><span class='ocrx_word' id='word_1_749' title='bbox 2072 4672 2233 4724; x_wconf 76' lang='lat' dir='ltr'><strong>Vsus.</strong></span> <span class='ocrx_word' id='word_1_750' title='bbox 2262 4672 2312 4723; x_wconf 92' lang='lat'><strong>3.</strong></span> <span class='ocrx_word' id='word_1_751' title='bbox 2358 4699 2412 4710; x_wconf 83' lang='lat'><strong>—-</strong></span> <span class='ocrx_word' id='word_1_752' title='bbox 2448 4671 2515 4725; x_wconf 91' lang='lat' dir='ltr'><strong>Si</strong></span> <span class='ocrx_word' id='word_1_753' title='bbox 2565 4670 2822 4725; x_wconf 86' lang='lat' dir='ltr'><strong>introiero</strong></span> <span class='ocrx_word' id='word_1_754' title='bbox 2862 4682 3042 4738; x_wconf 89' lang='lat' dir='ltr'><strong>usque</strong></span> <span class='ocrx_word' id='word_1_755' title='bbox 3098 4666 3262 4721; x_wconf 88' lang='lat' dir='ltr'><strong>donec</strong></span> <span class='ocrx_word' id='word_1_756' title='bbox 3308 4663 3584 4719; x_wconf 85' lang='lat' dir='ltr'><strong>inveniam</strong></span> <span class='ocrx_word' id='word_1_757' title='bbox 3612 4664 3696 4719; x_wconf 89' lang='lat' dir='ltr'><strong>lo-</strong></span> 
     </span>
    </p>
   </div>
   <div class='ocr_carea' id='block_1_109' title="bbox 2003 4753 3694 4827">
    <p class='ocr_par' dir='ltr' id='par_1_109' title="bbox 2003 4753 3694 4827">
     <span class='ocr_line' id='line_1_109' title="bbox 2003 4753 3694 4827; baseline -0.005 -13"><span class='ocrx_word' id='word_1_758' title='bbox 2003 4774 2123 4814; x_wconf 89' lang='lat' dir='ltr'><strong>cum</strong></span> <span class='ocrx_word' id='word_1_759' title='bbox 2179 4760 2422 4814; x_wconf 84' lang='lat' dir='ltr'><strong>Domino.</strong></span> <span class='ocrx_word' id='word_1_760' title='bbox 2482 4758 2692 4812; x_wconf 86' lang='lat' dir='ltr'><strong>Littera</strong></span> <span class='ocrx_word' id='word_1_761' title='bbox 2746 4755 3132 4827; x_wconf 88' lang='lat' dir='ltr'><strong>suspenditur,</strong></span> <span class='ocrx_word' id='word_1_762' title='bbox 3183 4758 3240 4809; x_wconf 91' lang='lat' dir='ltr'><strong>et</strong></span> <span class='ocrx_word' id='word_1_763' title='bbox 3281 4757 3365 4807; x_wconf 89' lang='lat' dir='ltr'><strong>est</strong></span> <span class='ocrx_word' id='word_1_764' title='bbox 3393 4753 3694 4823; x_wconf 88' lang='lat' dir='ltr'><strong>aposiope-</strong></span> 
     </span>
    </p>
   </div>
   <div class='ocr_carea' id='block_1_110' title="bbox 2000 4843 3696 4915">
    <p class='ocr_par' dir='ltr' id='par_1_110' title="bbox 2000 4843 3696 4915">
     <span class='ocr_line' id='line_1_110' title="bbox 2000 4843 3696 4915; baseline -0.005 -13"><span class='ocrx_word' id='word_1_765' title='bbox 2000 4848 2097 4915; x_wconf 89' lang='lat' dir='ltr'><strong>sis,</strong></span> <span class='ocrx_word' id='word_1_766' title='bbox 2138 4864 2203 4902; x_wconf 89' lang='lat' dir='ltr'><strong>ac</strong></span> <span class='ocrx_word' id='word_1_767' title='bbox 2248 4848 2295 4901; x_wconf 88' lang='lat' dir='ltr'><strong>si</strong></span> <span class='ocrx_word' id='word_1_768' title='bbox 2342 4847 2587 4901; x_wconf 89' lang='lat' dir='ltr'><strong>diceret:</strong></span> <span class='ocrx_word' id='word_1_769' title='bbox 2617 4846 2676 4901; x_wconf 91' lang='lat' dir='ltr'><strong>Si</strong></span> <span class='ocrx_word' id='word_1_770' title='bbox 2720 4846 2829 4900; x_wconf 91' lang='lat' dir='ltr'><strong>hoc</strong></span> <span class='ocrx_word' id='word_1_771' title='bbox 2859 4845 2946 4898; x_wconf 91' lang='lat' dir='ltr'><strong>vel</strong></span> <span class='ocrx_word' id='word_1_772' title='bbox 2989 4844 3129 4898; x_wconf 90' lang='lat' dir='ltr'><strong>illud</strong></span> <span class='ocrx_word' id='word_1_773' title='bbox 3158 4843 3362 4908; x_wconf 86' lang='lat' dir='ltr'><strong>fecero,</strong></span> <span class='ocrx_word' id='word_1_774' title='bbox 3396 4857 3696 4912; x_wconf 85' lang='lat' dir='ltr'><strong>nunquam</strong></span> 
     </span>
    </p>
   </div>
   <div class='ocr_carea' id='block_1_111' title="bbox 2001 4930 3693 5007">
    <p class='ocr_par' dir='ltr' id='par_1_111' title="bbox 2001 4930 3693 5007">
     <span class='ocr_line' id='line_1_111' title="bbox 2001 4930 3693 5007; baseline -0.005 -16"><span class='ocrx_word' id='word_1_775' title='bbox 2001 4937 2070 4991; x_wconf 91' lang='lat' dir='ltr'><strong>de</strong></span> <span class='ocrx_word' id='word_1_776' title='bbox 2093 4942 2299 4991; x_wconf 64' lang='lat' dir='ltr'><strong>caetero</strong></span> <span class='ocrx_word' id='word_1_777' title='bbox 2357 4936 2499 4989; x_wconf 89' lang='lat' dir='ltr'><strong>mihi</strong></span> <span class='ocrx_word' id='word_1_778' title='bbox 2544 4935 2831 5007; x_wconf 90' lang='lat' dir='ltr'><strong>credatur._</strong></span> <span class='ocrx_word' id='word_1_779' title='bbox 2872 4932 3043 4997; x_wconf 88' lang='lat' dir='ltr'><strong>Quasi</strong></span> <span class='ocrx_word' id='word_1_780' title='bbox 3087 4931 3304 5002; x_wconf 81' lang='lat' dir='ltr'><strong>juravit</strong></span> <span class='ocrx_word' id='word_1_781' title='bbox 3360 4930 3536 4984; x_wconf 88' lang='lat' dir='ltr'><strong>David</strong></span> <span class='ocrx_word' id='word_1_782' title='bbox 3586 4930 3693 4984; x_wconf 90' lang='lat' dir='ltr'><strong>Do-</strong></span> 
     </span>
    </p>
   </div>
   <div class='ocr_carea' id='block_1_112' title="bbox 2003 5021 3686 5087">
    <p class='ocr_par' dir='ltr' id='par_1_112' title="bbox 2003 5021 3686 5087">
     <span class='ocr_line' id='line_1_112' title="bbox 2003 5021 3686 5087; baseline -0.005 -7"><span class='ocrx_word' id='word_1_783' title='bbox 2003 5025 2189 5080; x_wconf 91' lang='lat' dir='ltr'><strong>mino:</strong></span> <span class='ocrx_word' id='word_1_784' title='bbox 2223 5026 2285 5081; x_wconf 90' lang='lat' dir='ltr'><strong>Si</strong></span> <span class='ocrx_word' id='word_1_785' title='bbox 2311 5026 2567 5079; x_wconf 86' lang='lat' dir='ltr'><strong>introiero</strong></span> <span class='ocrx_word' id='word_1_786' title='bbox 2609 5026 2669 5078; x_wconf 91' lang='lat' dir='ltr'><strong>in</strong></span> <span class='ocrx_word' id='word_1_787' title='bbox 2712 5022 3115 5077; x_wconf 86' lang='lat' dir='ltr'><strong>tabernaculum</strong></span> <span class='ocrx_word' id='word_1_788' title='bbox 3153 5021 3341 5075; x_wconf 87' lang='lat' dir='ltr'><strong>domus</strong></span> <span class='ocrx_word' id='word_1_789' title='bbox 3396 5034 3542 5087; x_wconf 62' lang='lat' dir='ltr'><strong>mea,</strong></span> <span class='ocrx_word' id='word_1_790' title='bbox 3573 5022 3686 5073; x_wconf 91' lang='lat' dir='ltr'><strong>etc.</strong></span> 
     </span>
    </p>
   </div>
   <div class='ocr_carea' id='block_1_113' title="bbox 1948 5108 3694 5183">
    <p class='ocr_par' dir='ltr' id='par_1_113' title="bbox 1948 5108 3694 5183">
     <span class='ocr_line' id='line_1_113' title="bbox 1948 5108 3694 5183; baseline -0.006 -13"><span class='ocrx_word' id='word_1_791' title='bbox 1948 5152 1953 5161; x_wconf 63' lang='grc' dir='ltr'><strong><em>ι</em></strong></span> <span class='ocrx_word' id='word_1_792' title='bbox 2001 5114 2197 5182; x_wconf 74' lang='grc' dir='ltr'><strong>(ΟΑεε.)</strong></span> <span class='ocrx_word' id='word_1_793' title='bbox 2228 5114 2323 5168; x_wconf 90' lang='lat' dir='ltr'><strong>Vel</strong></span> <span class='ocrx_word' id='word_1_794' title='bbox 2374 5130 2443 5167; x_wconf 81' lang='lat' dir='ltr'><strong>ex</strong></span> <span class='ocrx_word' id='word_1_795' title='bbox 2493 5128 2740 5183; x_wconf 88' lang='lat' dir='ltr'><strong>persona</strong></span> <span class='ocrx_word' id='word_1_796' title='bbox 2784 5110 2988 5167; x_wconf 87' lang='lat' dir='ltr'><strong>Christi</strong></span> <span class='ocrx_word' id='word_1_797' title='bbox 3040 5108 3239 5163; x_wconf 91' lang='lat' dir='ltr'><strong>abillo</strong></span> <span class='ocrx_word' id='word_1_798' title='bbox 3286 5110 3440 5162; x_wconf 93' lang='lat' dir='ltr'><strong>loco:</strong></span> <span class='ocrx_word' id='word_1_799' title='bbox 3488 5108 3552 5163; x_wconf 86' lang='lat' dir='ltr'><strong>Si</strong></span> <span class='ocrx_word' id='word_1_800' title='bbox 3606 5109 3694 5161; x_wconf 87' lang='lat' dir='ltr'><strong>in-</strong></span> 
     </span>
    </p>
   </div>
   <div class='ocr_carea' id='block_1_114' title="bbox 2003 5196 3692 5264">
    <p class='ocr_par' dir='ltr' id='par_1_114' title="bbox 2003 5196 3692 5264">
     <span class='ocr_line' id='line_1_114' title="bbox 2003 5196 3692 5264; baseline -0.005 -6"><span class='ocrx_word' id='word_1_801' title='bbox 2003 5206 2199 5258; x_wconf 88' lang='lat' dir='ltr'><strong>troiero</strong></span> <span class='ocrx_word' id='word_1_802' title='bbox 2291 5205 2351 5256; x_wconf 92' lang='lat' dir='ltr'><strong>in</strong></span> <span class='ocrx_word' id='word_1_803' title='bbox 2454 5201 2856 5255; x_wconf 77' lang='lat' dir='ltr'><strong>tabernaculum</strong></span> <span class='ocrx_word' id='word_1_804' title='bbox 2935 5198 3123 5253; x_wconf 87' lang='lat' dir='ltr'><strong>domus</strong></span> <span class='ocrx_word' id='word_1_805' title='bbox 3215 5212 3359 5264; x_wconf 58' lang='lat' dir='ltr'><strong>mea,</strong></span> <span class='ocrx_word' id='word_1_806' title='bbox 3460 5196 3692 5263; x_wconf 89' lang='lat' dir='ltr'><strong>scilicet,</strong></span> 
     </span>
    </p>
   </div>
   <div class='ocr_carea' id='block_1_115' title="bbox 2003 5285 3697 5347">
    <p class='ocr_par' dir='ltr' id='par_1_115' title="bbox 2003 5285 3697 5347">
     <span class='ocr_line' id='line_1_115' title="bbox 2003 5285 3697 5347; baseline -0.005 0"><span class='ocrx_word' id='word_1_807' title='bbox 2003 5291 2247 5347; x_wconf 75' lang='lat' dir='ltr'><strong>ccelestis</strong></span> <span class='ocrx_word' id='word_1_808' title='bbox 2325 5288 2712 5345; x_wconf 88' lang='lat' dir='ltr'><strong>habitationis.</strong></span> <span class='ocrx_word' id='word_1_809' title='bbox 2794 5288 3249 5343; x_wconf 87' lang='lat' dir='ltr'><strong>Tahernaculum</strong></span> <span class='ocrx_word' id='word_1_810' title='bbox 3308 5290 3392 5339; x_wconf 87' lang='lat' dir='ltr'><strong>est</strong></span> <span class='ocrx_word' id='word_1_811' title='bbox 3457 5285 3697 5341; x_wconf 68' lang='lat' dir='ltr'><strong>caelestis</strong></span> 
     </span>
    </p>
   </div>
   <div class='ocr_carea' id='block_1_116' title="bbox 2001 5372 3693 5443">
    <p class='ocr_par' dir='ltr' id='par_1_116' title="bbox 2001 5372 3693 5443">
     <span class='ocr_line' id='line_1_116' title="bbox 2001 5372 3693 5443; baseline -0.006 -7"><span class='ocrx_word' id='word_1_812' title='bbox 2001 5381 2306 5435; x_wconf 88' lang='lat' dir='ltr'><strong>habitatio.</strong></span> <span class='ocrx_word' id='word_1_813' title='bbox 2368 5381 2436 5436; x_wconf 89' lang='lat' dir='ltr'><strong>Si</strong></span> <span class='ocrx_word' id='word_1_814' title='bbox 2484 5378 2817 5443; x_wconf 89' lang='lat' dir='ltr'><strong>ascendero,</strong></span> <span class='ocrx_word' id='word_1_815' title='bbox 2868 5382 2999 5442; x_wconf 91' lang='lat' dir='ltr'><strong>etc.,</strong></span> <span class='ocrx_word' id='word_1_816' title='bbox 3036 5377 3105 5430; x_wconf 90' lang='lat' dir='ltr'><strong>ad</strong></span> <span class='ocrx_word' id='word_1_817' title='bbox 3154 5375 3447 5429; x_wconf 90' lang='lat' dir='ltr'><strong>dexteram</strong></span> <span class='ocrx_word' id='word_1_818' title='bbox 3490 5372 3693 5440; x_wconf 84' lang='lat' dir='ltr'><strong>Patris,</strong></span> 
     </span>
    </p>
   </div>
   <div class='ocr_carea' id='block_1_117' title="bbox 2003 5464 3316 5537">
    <p class='ocr_par' dir='ltr' id='par_1_117' title="bbox 2003 5464 3316 5537">
     <span class='ocr_line' id='line_1_117' title="bbox 2003 5464 3316 5537; baseline -0.004 -15"><span class='ocrx_word' id='word_1_819' title='bbox 2003 5470 2103 5523; x_wconf 87' lang='lat' dir='ltr'><strong>ubi</strong></span> <span class='ocrx_word' id='word_1_820' title='bbox 2133 5470 2328 5534; x_wconf 89' lang='lat' dir='ltr'><strong>lectus,</strong></span> <span class='ocrx_word' id='word_1_821' title='bbox 2360 5468 2414 5522; x_wconf 90' lang='lat' dir='ltr'><strong>id</strong></span> <span class='ocrx_word' id='word_1_822' title='bbox 2443 5471 2527 5520; x_wconf 90' lang='lat' dir='ltr'><strong>est</strong></span> <span class='ocrx_word' id='word_1_823' title='bbox 2556 5467 2782 5537; x_wconf 86' lang='lat' dir='ltr'><strong>requies</strong></span> <span class='ocrx_word' id='word_1_824' title='bbox 2801 5471 2856 5521; x_wconf 91' lang='lat' dir='ltr'><strong>et</strong></span> <span class='ocrx_word' id='word_1_825' title='bbox 2882 5466 3011 5519; x_wconf 76' lang='lat' dir='ltr'><strong>linis</strong></span> <span class='ocrx_word' id='word_1_826' title='bbox 3036 5464 3316 5518; x_wconf 88' lang='lat' dir='ltr'><strong>laborum.</strong></span> 
     </span>
    </p>
   </div>
   <div class='ocr_carea' id='block_1_118' title="bbox 2076 5550 3692 5626">
    <p class='ocr_par' dir='ltr' id='par_1_118' title="bbox 2076 5550 3692 5626">
     <span class='ocr_line' id='line_1_118' title="bbox 2076 5550 3692 5626; baseline -0.002 -16"><span class='ocrx_word' id='word_1_827' title='bbox 2076 5557 2236 5610; x_wconf 69' lang='lat' dir='ltr'><strong>Vsus.</strong></span> <span class='ocrx_word' id='word_1_828' title='bbox 2287 5556 2340 5611; x_wconf 76' lang='grc'><strong>4.</strong></span> <span class='ocrx_word' id='word_1_829' title='bbox 2396 5586 2467 5596; x_wconf 90' lang='grc'><strong>-</strong></span> <span class='ocrx_word' id='word_1_830' title='bbox 2511 5557 2794 5622; x_wconf 88' lang='lat' dir='ltr'><strong>Sumnum,</strong></span> <span class='ocrx_word' id='word_1_831' title='bbox 2850 5553 3078 5626; x_wconf 90' lang='lat' dir='ltr'><strong>requies</strong></span> <span class='ocrx_word' id='word_1_832' title='bbox 3131 5551 3332 5608; x_wconf 90' lang='lat' dir='ltr'><strong>mortis</strong></span> <span class='ocrx_word' id='word_1_833' title='bbox 3390 5550 3692 5607; x_wconf 60' lang='lat' dir='ltr'><strong>triduana.</strong></span> 
     </span>
    </p>
   </div>
  </div>
