4020 6184
298 314 426 366 ’1051

931 309 1324 366 WALAFRIDI
1363 310 1616 367 STRABI
1658 311 1858 368 FULD.
1902 310 2062 365 MON.
2101 309 2255 366 OPP.
2300 309 2476 364 PARS
2513 307 2552 361 1.
2595 335 2664 346 -·
2702 304 3154 362 THEOLOGICA.

3656 312 3671 360 *l
3682 309 3766 360 032

295 431 510 487 Deinde
541 431 668 486 aliis
723 431 908 487 verbis
959 431 1112 486 idem
1163 431 1391 502 repetit.
1432 436 1506 487 Et
1551 434 1829 504 palpebris
1856 436 1988 488 meis
2025 433 2073 486 Α
2101 438 2305 488 mento:
2340 433 2407 486 Et
2455 431 2597 486 bene
2629 429 2755 485 dico
2785 435 3009 500 propter
3038 429 3234 497 David,
3269 430 3406 502 quia
3441 430 3650 501 juravit
3674 433 3766 486 Do-

296 523 746 576 dormitationem.
815 523 886 575 Et
954 521 1193 590 requiem
1250 522 1578 590 temporibus
1625 526 1756 577 meis
1814 523 1996 576 donec

297 608 544 662 Ecclesia
591 612 785 662 sancta
831 605 1240 677 pradicatione
1267 606 1340 660 sit
1369 607 1623 662 fundata.
1677 609 1993 680 Aposiope-

298 697 378 750 sis
404 701 491 750 est
510 696 693 766 quasi,
721 711 839 748 non
869 694 1118 765 amplius
1146 695 1410 750 credatur
1449 696 1608 750 mihi.

370 788 436 840 Et
455 784 751 854 palpebris.
783 783 971 852 (Ana)
1025 783 1113 836 Est
1169 783 1269 854 qui
1299 799 1416 837 non
1471 784 1704 852 dormit,
1739 785 1834 840 sed
1861 785 1994 839 dor-

299 873 486 927 mitat:
549 872 717 925 modo
758 870 1070 925 retrahitur
1099 887 1132 925 a
1159 871 1424 939 terrenis,
1459 873 1630 928 modo
1687 873 1786 928 illo
1816 874 1995 927 revol-

298 962 466 1027 vitur,
495 961 696 1014 crebro
724 959 959 1014 inclinat
979 964 1166 1030 caput.

365 1051 529 1103 Vens.
589 1053 640 1102 5.
711 1079 765 1086 —
833 1050 894 1102 Et
941 1051 1198 1116 requiem.
1263 1050 1307 1102 Α
1389 1049 1588 1118 requie
1661 1054 1991 1120 temporum

293 1154 530 1192 somnus
572 1137 724 1190 venit
763 1136 832 1190 ad
887 1137 1080 1190 oculos
1134 1136 1270 1207 quia
1351 1137 1687 1192 dormituris
1735 1143 1995 1209 tempora

294 1226 596 1297 incipiunt.
649 1227 788 1281 Cum
840 1241 976 1295 ergo
1026 1224 1230 1295 incipit
1257 1225 1537 1279 delectare
1571 1226 1642 1279 ad
1696 1231 1993 1297 peccatum

295 1315 515 1384 aliquid
548 1315 887 1384 temporale,
913 1320 1226 1384 gravantur
1251 1319 1530 1385 tempora,
1574 1316 1671 1369 sed
1705 1332 1776 1370 ne
1808 1316 1908 1370 des
1939 1321 1994 1370 te

297 1403 384 1457 illi
413 1402 800 1470 delectationi,
837 1407 892 1456 et
920 1419 1157 1457 somnus
1187 1419 1301 1456 non
1351 1403 1508 1458 venit
1537 1404 1607 1458 ad
1639 1405 1856 1470 oculos,
1888 1404 1996 1458 ista

298 1492 659 1563 cogitatione,
722 1491 770 1544 si
849 1491 1014 1562 quasi
1090 1491 1410 1546 confricans
1479 1492 1727 1547 frontem
1782 1492 1996 1547 excutis

299 1596 586 1635 somnum.

369 1672 678 1725 Inveniam:
711 1670 836 1741 (11).)
868 1669 1027 1735 dicit,
1063 1668 1199 1740 quia
1229 1668 1331 1724 diu
1353 1669 1635 1740 quasivit.

364 1761 564 1814 Locum
598 1760 862 1814 Domino:
901 1758 1045 1812 inse
1079 1757 1392 1829 quaerebat,
1443 1758 1543 1829 qui
1572 1774 1744 1829 super
1797 1758 1994 1814 humi-

299 1848 409 1901 lem
452 1852 508 1902 et
536 1847 795 1918 quietum
843 1846 1167 1918 requiescit.
1224 1846 1402 1900 Locus
1455 1851 1644 1901 autem
1692 1847 1792 1901 Dei
1820 1853 1923 1915 est,
1949 1848 1997 1902 si

295 1951 426 1989 suas
472 1935 683 1989 deserit
735 1951 854 2002 res;
891 1936 978 1990 vel
1035 1935 1258 1997 saltem,
1301 1934 1350 1989 si
1392 1951 1450 1988 se
1499 1951 1616 1989 non
1679 1940 1852 2003 amat,
1895 1937 1996 1992 sed

301 2027 483 2079 Deum
498 2064 514 2079 .

375 2113 819 2167 Tabernaculum.
881 2113 1008 2182 (Ιο.)
1072 2111 1272 2167 Adhuc
1327 2111 1628 2184 gemimus.
1691 2114 1756 2167 In
1825 2113 1996 2168 domo

297 2200 681 2266 laudabimus,
732 2201 868 2271 quia
896 2199 1144 2270 gemitus
1189 2205 1274 2254 est
1303 2199 1829 2271 peregrinantium;
1858 2200 1994 2254 lau-

295 2289 450 2345 datio
475 2290 595 2360 jam
626 2289 686 2343 in
705 2289 888 2360 patria
917 2287 1418 2344 commorantium.
1470 2291 1577 2344 Deo
1616 2289 1799 2344 Jacob.
1851 2288 1998 2342 Dicit

296 2377 546 2445 solvisse,
579 2378 722 2432 sicut
749 2394 920 2449 supra
952 2378 1092 2433 dixit
1111 2377 1462 2448 promisisse.

366 2469 534 2520 Vens.
569 2470 622 2522 6.
675 2497 744 2505 -—
800 2469 934 2522 Ecce
981 2466 1310 2520 audivimus.
1362 2465 1547 2535 (Ces.)
1576 2465 1835 2520 Secunda
1864 2481 1996 2536 pars

294 2554 393 2609 ubi
436 2553 752 2608 ostenditur
799 2553 1080 2608 aediﬁcata
1119 2553 1341 2617 domus,
1397 2557 1452 2606 et
1502 2551 1601 2606 ubi
1643 2560 1699 2608 et
1726 2557 1996 2624 precatur

295 2642 394 2712 qui
427 2643 767 2708 exaltentur,
800 2647 855 2694 et
901 2658 973 2696 ne
1020 2641 1202 2696 Judai
1230 2640 1345 2695 sint
1364 2640 1593 2711 penitus
1627 2640 1818 2696 alieni.
1840 2641 1986 2696 Eam

296 2731 353 2782 in
406 2714 675 2797 Ephrata,
701 2726 889 2799 (Avc.)
921 2729 1008 2782 vel
1041 2743 1175 2795 eam,
1209 2731 1341 2795 etc.,
1381 2743 1550 2796 usque
1587 2729 1661 2781 ad
1703 2727 1801 2782 ubi
1831 2732 1995 2782 erant

298 2832 500 2887 vepres
529 2815 890 2870 idololatria.

369 2905 562 2976 (Cass.)
607 2906 746 2960 Ecce
805 2904 960 2968 audi,
1014 2903 1228 2959 scilicet
1275 2903 1585 2959 Dominum
1639 2904 1991 2960 nasciturum

294 2993 358 3048 in
385 2995 635 3064 Ephrata
690 2994 1046 3060 Bethlehem,
1093 2993 1193 3047 ubi
1225 2999 1393 3047 natus
1427 2998 1512 3048 est
1557 2993 1857 3048 Dominus:
1891 3011 1992 3048 au—
2025 2992 2066 3046 C
2178 2997 2334 3050 Vens.
2396 2998 2478 3049 15.
2541 3025 2606 3034 -
2679 2993 2934 3051 Viduam.

295 3082 479 3137 ditum
514 3087 598 3136 est
655 3083 811 3137 nasci
870 3082 927 3136 in
975 3082 1325 3149 Bethlehem,
1385 3082 1483 3136 sed
1538 3087 1772 3153 propter
1823 3083 1994 3137 ﬁdem

297 3171 556 3242 gentium
585 3173 645 3225 in
660 3174 864 3241 campis
893 3173 1058 3239 sylva
1075 3175 1398 3240 compertus
1429 3173 1529 3223 est.

368 3261 527 3314 Vens.
562 3265 613 3313 7.
669 3260 1132 3314 —-Introibimus.
1194 3259 1378 3330 (AUG.)
1439 3260 1551 3312 Nos
1604 3275 1836 3330 quoque
1863 3274 1994 3330 per-

297 3347 607 3401 severando
657 3347 718 3401 in
781 3347 984 3401 militia
1038 3351 1236 3400 nostra
1264 3351 1458 3400 tamen
1489 3346 1855 3400 iutroivimus
1887 3347 1994 3413 (vel

298 3435 686 3504 introibimus)
743 3435 804 3488 in
850 3435 1284 3488 tabernaculum
1342 3434 1485 3504 ejus,
1549 3435 1651 3488 Dei
1697 3435 1995 3490 Jacobzad

297 3523 443 3578 hanc
465 3523 702 3577 domum
727 3523 990 3592 pertinet,
1027 3522 1128 3593 qui
1180 3522 1306 3576 aliis
1347 3529 1624 3592 tanquam
1669 3522 1810 3576 vivis
1845 3523 1996 3592 lapi-

297 3611 464 3666 dibus
522 3611 800 3665 charitate
853 3610 1292 3682 compaginatus
1350 3615 1453 3665 est.
1498 3613 1678 3665 Intrat
1717 3627 1854 3682 ergo
1895 3611 1995 3682 qui

296 3698 506 3769 diligit,
538 3704 595 3753 et
649 3700 749 3770 qui
781 3699 977 3767 intrat,
1035 3700 1242 3754 domus
1298 3699 1396 3754 Dei
1447 3699 1710 3755 efficitur.
1771 3702 1842 3754 In
1863 3702 1989 3755 loco.

297 3786 512 3841 Domus
563 3786 663 3840 Dei
718 3793 822 3855 est,
880 3787 978 3841 ubi
1035 3787 1206 3842 debet
1245 3788 1508 3842 adorari:
1565 3793 1777 3859 prater
1821 3804 1994 3859 quam

297 3890 416 3928 non
443 3875 603 3930 audit
657 3877 806 3930 Deus
861 3876 932 3930 ad
962 3876 1137 3930 vitam
1168 3881 1463 3932 aternam.
1499 3879 1600 3931 Ille
1633 3878 1703 3931 ad
1754 3878 1993 3931 domum

299 3964 570 4034 pertinet,
625 3965 726 4035 qui
777 3969 864 4018 est
908 3965 1181 4019 charitate
1234 3967 1670 4037 compaginatus
1717 3966 1862 4020 aliis.
1896 3965 1993 4018 Vel

299 4054 454 4107 locus
476 4053 536 4107 in
569 4069 684 4124 quo
741 4057 893 4107 stant
951 4053 1126 4124 pedes
1167 4054 1373 4108 domus
1432 4054 1682 4120 Domini,
1742 4054 1996 4108 Christus

301 4145 406 4204 est,
441 4141 500 4194 in
535 4157 650 4212 quo
673 4146 1060 4212 perseverant.

371 4231 533 4284 Vens.
586 4233 638 4285 8.
709 4259 779 4270 —
835 4231 1025 4296 Surge.
1086 4229 1214 4300 ([n.)
1273 4231 1336 4282 Et
1393 4229 1618 4292 dicitur,
1675 4229 1787 4300 'qui
1839 4229 1990 4294 dicit,

299 4320 552 4373 Dormivi
607 4318 982 4373 conturbatus:
1037 4318 1217 4388 Surge
1259 4335 1292 4371 a
1357 4323 1566 4386 morte,
1624 4319 1683 4370 in
1741 4318 1992 4388 requiem

298 4412 478 4475 tuam,
531 4411 594 4461 ut
614 4407 736 4477 jam
794 4422 909 4460 non
941 4405 1314 4472 conturberis,
1367 4407 1503 4477 quia
1530 4421 1672 4462 mors
1714 4407 1862 4460 ultra
1890 4422 1994 4461 non

300 4495 692 4550 dominabitur.

371 4585 530 4638 Vens.
568 4588 619 4638 9.
660 4612 721 4623 —
781 4583 1110 4638 Sacerdotes.
1170 4583 1312 4654 (Ιυ.)
1345 4582 1560 4652 Accipit
1626 4583 1854 4638 eosdem
1913 4601 1996 4637 sa-

299 4673 558 4727 cerdotes
589 4677 647 4727 et
689 4677 934 4738 sanctos,
969 4672 1182 4726 scilicet
1230 4689 1430 4727 omnes
1468 4671 1687 4727 ﬁdeles.
1739 4675 1854 4742 Vel,
1893 4690 1997 4744 per

298 4761 618 4827 sacerdotes,
669 4760 954 4831 signiﬁcat
980 4761 1247 4831 pralatos
1299 4761 1590 4827 Ecclesia;
1622 4777 1722 4832 per
1763 4767 1995 4830 sanctos,

300 4849 584 4920 subjectos
638 4849 853 4904 ﬁdeles.
888 4853 1088 4904 Arcam
1117 4865 1273 4921 ergo,
1327 4866 1500 4920 quam
1532 4866 1765 4921 surgere
1806 4866 1999 4921 preca-

301 4952 393 5002 tus
425 4951 566 5014 erat,
597 4963 701 5017 per
718 4951 907 5018 partes
931 4947 1192 5002 Ecclesia
1224 4947 1539 5020 distinguit.

371 5035 704 5105 Sacerdotes,
767 5040 830 5090 ut
887 5035 944 5090 in
998 5036 1199 5106 jVeteri
1265 5038 1620 5092 Testamento
1682 5037 2000 5092 sacerdotes

302 5123 538 5179 diversis
594 5125 963 5193 ornamentis,
1015 5125 1095 5180 ita
1159 5126 1469 5198 evangelici
1530 5127 1850 5180 sacerdotes
1907 5127 2001 5180 di—

300 5213 475 5266 versis
512 5213 820 5268 virtutibus
842 5214 1242 5269 adornantur:
1276 5215 1394 5269 hac
1450 5219 1586 5270 sunt
1637 5219 1996 5282 ornamenta,

303 5317 432 5370 qua
461 5303 608 5356 Deus
635 5302 828 5373 exigit.
863 5303 999 5368 Qua
1027 5303 1180 5357 enim
1210 5305 1421 5376 legales
1462 5303 1760 5376 pontiﬁces
1783 5304 1870 5376 :in
1900 5320 2002 5358 ve-

301 5387 482 5443 stibus
513 5389 829 5460 gestabant,
888 5390 983 5445 illa
1038 5393 1348 5463 evangelici
1380 5393 1698 5448 sacerdotes
1742 5391 1801 5446 in
1827 5390 2004 5446 cordi-

301 5477 409 5533 bus
433 5477 642 5532 habere
672 5479 900 5534 debent.

375 5569 540 5622 Vens.
587 5569 672 5621 10.
703 5598 770 5605 —
823 5570 1052 5639 Propter
1109 5570 1281 5625 David
1334 5586 1567 5625 servum.
1624 5569 1828 5641 (Casa)
1887 5571 2001 5626 Me-

2101 525 2277 577 minus
2309 522 2503 576 David.

2173 615 2427 680 Propter:
2491 609 2696 665 deinde
2753 626 2818 664 ex
2864 624 3112 682 persona
3159 608 3341 680 ipsius
3385 608 3553 663 David
3586 625 3767 679 rogan-

2103 699 2176 754 tis
2201 700 2380 754 Deum
2406 700 2650 753 Patrem.

2173 787 2357 858 (Ava.)
2405 787 2547 851 Quia
2593 785 2749 840 enim
2782 785 3037 841 Christus
3068 801 3102 838 a
3130 784 3342 839 Judais
3382 783 3583 838 faciem
3629 801 3771 840 aver-

2101 875 2170 928 tit
2213 875 2280 929 ad
2335 880 2556 944 gentes,
2603 877 2841 944 rogatur
2895 875 3066 927 Pater
3118 876 3353 942 propter
3399 871 3680 942 reliquias,
3720 877 3773 922 ut

2101 963 2269 1017 salva
2299 963 2457 1030 ﬁant,
2520 963 2674 1034 quod
2710 962 2770 1016 in
2801 962 3068 1032 apostolis
3117 966 3175 1015 et
3203 960 3264 1014 in
3301 960 3430 1014 aliis
3463 959 3653 1013 multis
3680 959 3772 1012 im-

2100 1052 2319 1122 pletum
2354 1055 2459 1106 est.
2510 1051 2578 1105 Et
2625 1050 2736 1104 ait:
2765 1055 2989 1120 propter
3018 1050 3217 1114 David,
3248 1066 3313 1102 ac
3341 1049 3389 1102 si
3417 1048 3662 1103 diceret:
3687 1048 3776 1100 Mei

2101 1137 2271 1193 etiam
2308 1142 2614 1203 memento,
2647 1141 2710 1190 ut
2741 1141 2975 1208 propter
3029 1152 3118 1190 me
3145 1137 3372 1191 Judaos
3398 1135 3654 1189 funditus
3679 1150 3775 1188 non

2102 1226 2368 1295 repellas.

2172 1315 2338 1369 Vens.
2377 1317 2460 1368 11.
2520 1341 2590 1354 -
2617 1315 2862 1369 Juravit.
2916 1310 3121 1380 (Cass)
3175 1311 3364 1365 Tertia
3393 1326 3551 1380 pars,
3597 1308 3687 1362 ubi
3716 1309 3777 1363 di-

2103 1403 2179 1458 cit
2228 1402 2634 1474 promissiones
2685 1400 2784 1456 Dei
2844 1400 3020 1454 factas
3079 1399 3373 1454 adiﬁcata
3412 1397 3680 1469 Sion,|id
3707 1402 3778 1452 est

2106 1491 2382 1547 Ecclesia.
2418 1493 2482 1545 Et
2513 1490 2769 1562 loquitur
2805 1489 2976 1543 David
3007 1488 3068 1542 in
3099 1505 3201 1542 sua
3222 1491 3303 1542 vel
3341 1489 3397 1542 in
3431 1488 3605 1542 totius
3645 1487 3778 1541 Chri-

2105 1581 2176 1635 sti
2206 1597 2471 1653 persona.
2527 1582 2594 1635 Et
2643 1595 2748 1633 non
2796 1578 3164 1645 frustrabitur
3213 1576 3404 1646 (alias)
3436 1592 3547 1630 non
3581 1576 3780 1645 panite-

2107 1671 2202 1725 bit.
2229 1669 2419 1741 (Αυα.)
2472 1667 2738 1723 Poeniteri
2793 1666 3001 1722 dicitur
3033 1668 3202 1734 Deus,
3252 1671 3388 1732 etc.,
3438 1680 3610 1734 usque
3637 1664 3704 1717 ad
3729 1667 3778 1716 tu

2107 1760 2261 1815 enim
2305 1758 2440 1813 facis
2492 1758 2629 1828 quia
2672 1770 2990 1810 erraveras:
3021 1753 3116 1807 ille
3163 1753 3314 1819 facit,
3365 1757 3424 1807 et
3467 1753 3682 1807 liberat
3715 1755 3781 1806 De

2102 1851 2290 1916 fructu
2317 1849 2520 1902 ventris
2564 1847 2663 1900 tui.
2713 1845 2944 1898 Poterat
2989 1842 3178 1897 dicere
3204 1858 3268 1895 ex
3329 1841 3519 1895 fructu
3572 1841 3780 1895 femoris

2105 1938 2207 2004 tui,
2267 1940 2396 2004 etc.,
2452 1950 2618 2006 usque
2675 1933 2754 1991 ad
2802 1932 2938 2004 quia
2991 1947 3136 2003 quos
3193 1930 3370 1984 David
3405 1929 3780 2002 temporaliter

2104 2027 2270 2094 rexit,
2298 2026 2556 2082 Christus
2577 2020 2974 2094 spiritualiter.

2173 2116 2334 2169 Vens.
2374 2117 2456 2168 l2.
2482 2143 2551 2153 —
2601 2113 2663 2168 Si
2690 2110 3061 2165 custodierint.
3115 2107 3246 2180 (10.)
3297 2107 3562 2162 Meritum
3607 2106 3778 2161 viden-

2103 2208 2198 2259 tur
2257 2203 2460 2267 facere,
2521 2205 2650 2267 etc.,
2709 2214 2878 2268 usque
2935 2199 3010 2252 ad
3061 2198 3170 2251 hoc
3220 2212 3336 2250 non
3397 2200 3668 2250 mutatur.
3713 2196 3780 2248 Et

2101 2294 2207 2362 ﬁlii
2233 2307 2430 2348 eorum.
2490 2287 2692 2358 (Casa)
2744 2289 2805 2343 Si
2859 2287 3212 2341 custodierint
3263 2289 3654 2340 testamentum.
3709 2285 3781 2339 Se-

2103 2382 2304 2436 debunt
2347 2394 2509 2449 super
2561 2377 2738 2432 sedem
2797 2381 2965 2440 tuam,
3008 2375 3065 2429 id
3115 2378 3220 2442 est,
3277 2373 3586 2445 participes
3634 2376 3782 2426 erunt

2105 2474 2216 2523 tua
2253 2464 2664 2521 beatitudinis:
2700 2465 2767 2519 Ut
2795 2463 2940 2517 sicut
2964 2479 3024 2515 es
3058 2462 3227 2533 regia
3260 2461 3580 2530 potestatis,
3612 2460 3686 2513 ita
3736 2462 3781 2512 et

2101 2556 2234 2627 ipsi,
2283 2571 2388 2626 pro
2441 2555 2614 2608 modo
2663 2569 2786 2619 suo,
2840 2556 2897 2606 et
2947 2551 3078 2621 hoc,
3115 2554 3289 2620 Usque
3336 2552 3395 2604 in
3421 2550 3673 2605 saculum
3697 2564 3780 2602 sa-

2103 2647 2230 2712 culi,
2266 2645 2323 2698 id
2351 2643 2518 2698 estin
2551 2647 2852 2696 ateruum.

2175 2734 2336 2787 Vens.
2402 2732 2485 2786 14.
2561 2760 2629 2768 —
2684 2731 2803 2783 Hac
2865 2729 3072 2797 requies
3121 2742 3257 2781 mea.
3324 2726 3443 2796 (ῐο.)
3506 2725 3598 2780 Sic
3651 2729 3786 2778 amat

2102 2834 2208 2873 nos
2227 2819 2395 2885 Deus,
2419 2823 2482 2872 ut
2509 2817 2658 2872 dicat
2677 2833 2735 2871 se
2767 2816 3144 2886 requiescere,
3175 2814 3222 2869 si
3253 2830 3354 2868 nos
3385 2813 3783 2885 requiescimus

2099 2907 2160 2962 in
2187 2908 2307 2962 illo.

3011 2992 3133 3063 (In)
3189 2991 3370 3046 Vidua
3443 2996 3531 3046 est
3586 2991 3784 3053 anima,

2103 3101 2235 3157 qua
2263 3101 2320 3137 se
2356 3083 2628 3152 intelligit
2662 3083 2942 3137 desertam
2974 3080 3133 3135 omni
3192 3080 3425 3145 auxilio,
3487 3080 3600 3134 nisi
3628 3080 3788 3134 solius

2105 3174 2231 3230 Dei.
2286 3173 2544 3228 Panibus.
2598 3173 2746 3226 Deus
2797 3176 2881 3225 est
2932 3170 3117 3242 panis,
3161 3169 3261 3240 qui
3303 3169 3364 3222 in
3413 3185 3586 3223 carne
3627 3185 3683 3222 se
3715 3169 3789 3221 lac

2103 3262 2258 3317 fecit.

2178 3351 2337 3405 Vens.
2375 3352 2458 3404 16.
2483 3379 2550 3388 -
2579 3347 2890 3405 Sacerdotes
2920 3348 3056 3417 ejus.
3092 3346 3188 3400 Vel
3213 3346 3690 3416 distinguendum
3713 3347 3789 3400 in-

2103 3444 2190 3494 ter
2242 3438 2558 3492 sacerdotes
2607 3441 2663 3491 et
2714 3440 2955 3504 sanctos,
2991 3435 3139 3490 sicut
3192 3449 3382 3504 supra.
3443 3435 3514 3489 Et
3553 3440 3658 3501 est,
3704 3437 3789 3491 Sa-

2101 3527 2336 3582 cerdotes
2385 3527 2522 3595 ejus,
2581 3525 2638 3580 id
2701 3529 2804 3592 est,
2849 3525 3137 3596 pralatos,
3187 3523 3418 3578 Induam
3454 3525 3710 3589 salutari,
3742 3523 3790 3576 id

2103 3621 2188 3670 est
2235 3616 2480 3681 Christo,
2524 3614 2580 3668 id
2632 3618 2736 3679 est,
2781 3617 2845 3666 ut
2896 3611 3122 3666 honesti
3179 3610 3294 3665 sint
3335 3611 3406 3666 ad
3448 3611 3785 3665 docendum.

2100 3705 2171 3757 Et
2222 3704 2417 3769 sancti,
2469 3701 2526 3755 id
2586 3705 2670 3756 est
2727 3699 2957 3754 subditi.
3019 3699 3396 3754 Easultatione
3450 3699 3792 3753 exsultabant

2102 3791 2172 3845 de
2201 3790 2443 3844 Christo.

2170 3881 2549 3934 Emsuttatione
2598 3877 2968 3932 exsuttabunt.
3041 3874 3166 3945 (1ο.)
3231 3873 3374 3938 Quia
3439 3873 3633 3928 induti
3674 3876 3794 3926 sunt

2102 3967 2358 4035 salutari,
2383 3972 2512 4035 etc.,
2535 3983 2703 4038 usque
2731 3967 2806 4020 ad
2831 3964 2930 4036 qui
2958 3963 3176 4019 habitat
3201 3965 3262 4018 in
3290 3979 3380 4030 eo,
3411 3978 3573 4034 ergo,
3608 3979 3792 4017 secure

2103 4057 2394 4111 cxaltaxit.

2172 4146 2332 4199 Vens.
2392 4148 2474 4199 17.
2508 4176 2574 4184 —
2627 4145 2803 4202 Cornu
2833 4143 3013 4198 David
3067 4143 3268 4211 paravi
3327 4141 3610 4199 lucernam
3656 4142 3793 4197 Chri-

2105 4239 2205 4289 sto.
2255 4233 2380 4304 (ln.)
2421 4233 2685 4286 Ecclesia
2716 4231 2957 4286 altitudo
3001 4228 3338 4301 spiritualis,
3369 4235 3512 4296 etc.,
3535 4245 3705 4299 usque
3730 4229 3794 4281 ad

2106 4327 2239 4376 ante
2260 4321 2470 4376 Christi
2493 4325 2734 4375 mortem
2756 4326 2813 4375 et
2830 4317 3326 4374 resurrectionem.

2178 4413 2334 4466 Vens.
2373 4414 2456 4466 18.
2488 4442 2555 4449 ——
2585 4411 2818 4466 Induam
2863 4409 3193 4476 confusione,
3221 4411 3331 4461 etc.
3367 4406 3543 4477 (13.35.)
3581 4409 3690 4462 Hoc
3722 4406 3789 4459 fa-

2104 4499 2216 4553 ciet
2239 4499 2432 4566 Filius,
2467 4499 2558 4553 cui
2592 4515 2763 4553 omne
2806 4497 3091 4568 judicium
3124 4495 3342 4550 datum.
3377 4495 3482 4550 Sed
3539 4501 3678 4550 nota
3707 4497 3792 4549 Pa-

2103 4592 2272 4656 trem,
2301 4588 2401 4660 qui
2433 4588 2525 4642 hic
2550 4587 2826 4660 loquitur,
2849 4586 3032 4640 facere
3055 4584 3209 4656 quod
3229 4583 3404 4637 Filius
3423 4583 3584 4638 facit.

2665 4727 2971 4784 PSALMUS
3027 4727 3270 4783 CXXXII.

2177 4856 2337 4912 Vens.
2413 4860 2460 4910 1.
2533 4864 2605 4896 -’
2674 4855 2952 4910 Canticum
3033 4850 3325 4924 graduum.
3379 4851 3502 4921 (lo.)
3563 4852 3793 4916 Quartus

2107 4945 2362 5000 decimus
2411 4943 2652 5013 gradus:
2687 4942 2943 4997 Charitas
2990 4955 3118 5011 qua
3146 4939 3278 4992 facit
3317 4938 3520 4993 fratres
3547 4940 3792 4994 habitare

2106 5035 2165 5088 in
2197 5051 2401 5100 unum,
2433 5033 2585 5088 unde
2618 5029 2939 5086 benedictio
2969 5034 3026 5083 et
3055 5029 3192 5081 vita.
3233 5029 3365 5081 Ecce
3391 5043 3559 5096 quam
3590 5030 3788 5084 bonum.

2107 5125 2175 5178 Et
2217 5128 2301 5178 est
2330 5123 2420 5178 hic
2444 5123 2699 5193 psalmus
2732 5124 2973 5182 atomus,
3028 5120 3156 5182 etc.,
3210 5130 3378 5183 usque
3428 5117 3504 5171 ad
3550 5118 3642 5171 hic
3671 5133 3790 5187 ergo

2106 5213 2193 5267 vir
2229 5213 2418 5284 justus
2469 5211 2539 5266 de
2585 5207 3008 5264 cohabitatione
3058 5205 3301 5258 fratrum
3353 5207 3639 5260 exsultans
3692 5207 3789 5259 ait:

2108 5303 2242 5357 Ecce
2265 5317 2449 5371 quam.
2503 5300 2644 5354 Ecce
2668 5314 2852 5368 quam.
2903 5295 3090 5367 (Ava.)
3133 5293 3242 5346 Iste
3294 5308 3488 5347 versus
3523 5299 3642 5350 toto
3670 5296 3790 5348 orbe

2109 5391 2468 5460 notissimus,
2507 5394 2571 5444 ut
2607 5389 2743 5443 tuba
2771 5386 3016 5458 Spiritus
3041 5380 3231 5438 Sancti
3263 5380 3472 5436 divisos
3493 5400 3787 5456 congrege.

2111 5480 2224 5534 vit:
2277 5477 2622 5534 monasteria
2644 5477 2896 5548 plurima
2944 5471 3188 5544 peperit.
3225 5473 3419 5540 (Cass)
3451 5475 3598 5529 Ecce.
3634 5472 3789 5538 Quasi

2109 5570 2242 5640 plus
2267 5567 2614 5632 ostensione,
2640 5582 2812 5639 quam
2850 5566 3052 5638 lingua
3079 5566 3412 5638 explicetur.
3447 5564 3704 5619 Habitare
3740 5563 3787 5614 in
