4082 6184
310 294 446 346 1053

1423 292 1679 351 GLOSSA
1717 296 2120 354 0RDINARIA.
2166 324 2228 338 ξ
2272 300 2405 354 LIB.
2444 298 2689 354 PSALM.

3684 307 3815 360 1054

298 427 488 467 unum.
523 414 719 481 (AUG.)
780 413 893 466 Hoc
937 412 1005 465 de
1036 412 1302 467 omnibus
1332 412 1689 481 Christianis,
1729 418 1827 472 sed
1866 435 1998 489 pro-
2029 421 2074 475 A
2108 420 2372 475 Laudate.
2411 420 2602 474 Primo
2653 421 3095 475 demonstrativa
3116 422 3373 477 oratione
3407 430 3621 488 monet,
3670 432 3805 495 etc.,

297 501 425 573 prie
461 500 728 555 convenit
753 500 1135 567 monasteriis,
1169 518 1201 555 a
1228 502 1437 573 quibus
1495 507 1694 558 tamen
1732 506 1799 560 ad
1831 511 1998 562 caete-

296 607 391 644 ros
415 590 738 645 benedictio
772 590 1086 656 descendit,
1120 595 1184 644 ut
1228 592 1402 646 etiam
1459 592 1574 647 illis
1593 593 1863 649 fratribus
1930 598 1999 651 de

295 680 515 746 Judzea,
552 680 622 733 de
655 678 865 750 quibus
917 678 1173 733 dicitur:
1235 682 1373 735 Erat
1396 682 1507 736 illis
1559 698 1649 737 cor
1693 698 1880 752 unum,
1944 690 2003 740 et

298 771 489 822 anima
509 784 640 822 una.

373 859 537 911 Vens.
580 861 631 910 2.
687 887 755 894 —
787 858 940 912 Sicut
966 862 1315 923 unguentum.
1343 857 1602 929 (Teeon.)
1656 860 1857 915 Oleum
1913 878 2000 916 sa-

294 946 609 1013 cerdotale,
642 947 791 1012 Qetc.,
836 960 1005 1013 usque
1045 946 1120 999 ad
1175 946 1437 1016 perfectae
1492 948 1718 1003 virtutis
1767 950 2003 1005 odorem

293 1034 544 1105 perﬁcit.
606 1034 872 1087 Barbam.
919 1036 1104 1101 (Αυῦ.)
1166 1035 1299 1088 Ecce
1350 1035 1775 1106 determinatio,
1832 1039 1890 1093 id
1921 1044 2003 1093 est

294 1123 361 1177 in
395 1123 686 1192 apostolos
716 1128 773 1175 et
826 1122 968 1175 alios
1019 1121 1342 1192 primitivos
1388 1129 1631 1192 sanctos,
1665 1127 1763 1197 qui
1811 1127 2001 1198 primo

294 1212 412 1266 ﬁde
443 1215 825 1277 certaverunt,
861 1210 957 1263 sed
1002 1210 1153 1264 vinci
1202 1227 1320 1265 non
1350 1216 1679 1282 potuerunt,
1719 1215 1853 1286 quia
1876 1216 1998 1286 jam

292 1305 470 1369 caput
500 1314 731 1369 passum
765 1303 1202 1369 praecesserunt.
1228 1301 1437 1355 Aaron.
1469 1301 1761 1373 Sacerdos,
1812 1304 1914 1375 qui
1944 1321 2001 1358 se

287 1388 486 1458 ipsum
537 1388 767 1453 obtulit,
801 1392 930 1453 etc.,
982 1403 1151 1456 usque
1181 1389 1255 1441 ad
1293 1390 1393 1443 sed
1436 1390 1586 1444 vinci
1632 1408 1749 1445 non
1795 1396 2001 1462 potue-

289 1480 452 1530 runt.
502 1477 583 1531 Ab
630 1476 771 1530 illis.
833 1478 895 1530 In
937 1492 1108 1533 oram.
1141 1474 1344 1547 ((2355,)
1374 1476 1475 1531 Vel
1532 1496 1636 1549 per
1692 1495 1843 1535 oram
1873 1498 2003 1552 quae

291 1569 380 1618 est
418 1565 548 1618 ﬁnis
600 1565 791 1631 vestis,
850 1570 979 1630 etc.,
1039 1580 1209 1633 usque
1237 1566 1311 1620 ad
1351 1567 1612 1622 subditos
1642 1585 1827 1640 usque
1859 1586 2003 1624 con-

293 1653 505 1708 cordia:
544 1654 761 1708 utilitas
793 1652 1074 1724 pervenit.

368 1743 532 1796 Vens.
594 1745 645 1797 3.
703 1772 771 1783 —
827 1743 981 1797 Sicut
1038 1757 1143 1797 ros.
1197 1743 1320 1813 (1ο.)
1376 1745 1487 1799 Ros
1575 1744 1764 1800 tenuis
1820 1762 1990 1818 aqua,

293 1831 450 1885 unde
482 1835 632 1883 terra
663 1830 969 1900 germinat,
1004 1833 1060 1883 et
1080 1829 1368 1900 signiﬁcat
1419 1832 1683 1902 gratiam,
1717 1849 1828 1904 qua
1858 1851 1989 1904 pec-

291 1923 515 1973 catores
576 1922 1007 1973 convertuntur.
1054 1920 1309 1973 Hermon.
1340 1921 1551 1985 (Αυα.)
1597 1921 1680 1976 Ad
1742 1920 1994 1977 litteram

292 2012 649 2062 monstrans
697 2007 1028 2076 Iordanem,
1078 2010 1207 2074 etc.,
1261 2023 1435 2075 usque
1481 2009 1555 2063 ad
1610 2009 1803 2065 caeteri
1834 2027 1992 2065 assu-

295 2102 561 2166 muntur,
587 2095 687 2167 qui
710 2098 769 2150 in
786 2112 954 2150 unum
983 2095 1153 2150 corde
1186 2100 1335 2149 sunt.

866 2218 1180 2273 PSALMUS
1224 2218 1493 2273 CXXXIII.

371 2326 512 2379 Vens
578 2328 627 2378 1.
678 2355 746 2363 —
800 2324 1086 2380 Canticum
1142 2324 1432 2392 graduum.
1494 2324 1704 2394 (CASS.)
1752 2325 1994 2390 Quintus

295 2413 556 2469 decimus
579 2413 787 2484 gradus
821 2412 1118 2467 :Charitas
1166 2413 1378 2467 saeculi.
1412 2414 1483 2467 Et
1528 2417 1611 2467 est
1648 2414 1740 2468 hic
1790 2416 1993 2470 tertius

292 2502 555 2573 psalmus
603 2502 671 2556 de
701 2500 978 2556 charitate
1012 2501 1132 2565 Dei,
1168 2500 1236 2555 de
1268 2517 1382 2571 qua
1428 2501 1521 2555 hic
1550 2500 1688 2572 agit,
1721 2500 1865 2556 sicut
1893 2519 1993 2555 su-

296 2608 406 2662 pra
457 2592 525 2645 de
585 2590 859 2645 charitate
940 2588 1210 2660 proximi.
1298 2590 1425 2646 Non
1493 2590 1604 2644 alia
1681 2592 1867 2661 gratia
1923 2592 1997 2647 sit

294 2696 414 2749 qua
442 2679 703 2749 diligitur
733 2680 902 2745 Deus,
944 2683 1002 2733 et
1047 2678 1160 2732 alia
1190 2694 1305 2748 qua
1360 2678 1682 2748 proximus.
1719 2680 1825 2735 Sed
1860 2681 1997 2751 quia

295 2767 549 2823 diversos
579 2772 735 2821 actus
770 2768 945 2821 habet
968 2767 1173 2838 gratia,
1203 2772 1261 2821 et
1308 2766 1529 2822 diversa
1559 2768 1878 2839 diliguntur
1907 2786 1991 2823 ea.

296 2858 488 2912 Monet
506 2872 642 2927 ergo
669 2856 741 2910 ad
780 2856 1137 2927 diligendum
1164 2857 1365 2909 Deum.
1409 2856 1618 2921 Primo,
1645 2857 1847 2912 invitat
1872 2859 1995 2928 plu-

293 2946 493 2999 raliter
522 2944 864 2999 benedicere
911 2946 1125 3013 Deum;
1179 2944 1450 3010 secundo,
1494 2951 1655 3017 optat
1708 2947 1970 3001 benedici

285 3034 389 3099 ibi,
451 3033 757 3089 Benedicat.

376 3126 528 3191 Ecce,
583 3122 1033 3177 demonstrantis
1081 3126 1183 3177 est.
1259 3124 1328 3177 Et
1380 3123 1592 3194 quibus
1630 3124 1795 3178 faciat
1850 3125 2000 3180 hanc

295 3211 867 3277 demonstrationem,
902 3210 1377 3277 determinat,vos
1412 3214 1557 3266 servi
1580 3215 1812 3267 Domini.

366 3301 556 3355 Statis.
615 3300 920 3355 Servorum
959 3303 1192 3365 est,non
1223 3300 1424 3354 sedere
1456 3299 1516 3354 in
1547 3300 1719 3355 domo
1754 3302 1991 3357 domini.

294 3389 413 3453 Vel,
437 3390 505 3443 de
538 3389 752 3443 eisdem
782 3388 1123 3459 intelligitur
1152 3406 1164 3442 :
1196 3390 1263 3442 Et
1282 3405 1386 3459 per
1434 3389 1678 3455 domum,
1722 3390 1996 3463 intelligi-

290 3482 388 3530 tur
409 3477 672 3543 Ecclesia,
730 3492 832 3547 per
861 3479 1029 3543 atria,
1088 3476 1330 3532 latitudo
1360 3477 1672 3533 charitatis.
1706 3481 1768 3533 In
1802 3480 1990 3534 chari-

289 3570 407 3619 tate
430 3565 609 3634 enim,
644 3581 774 3636 quae
796 3564 1122 3619 extenditur
1141 3581 1325 3635 usque
1348 3566 1416 3620 ad
1438 3566 1719 3631 inimicos,
1751 3568 1995 3623 latitudo

289 3660 393 3718 est,
426 3654 487 3708 in
545 3654 678 3708 odio
729 3654 1015 3725 angustia.
1049 3654 1219 3718 Quasi
1268 3654 1505 3723 diceret,
1553 3671 1654 3708 vos
1682 3656 1995 3720 benedicite,

291 3744 392 3812 qui
444 3746 625 3809 statis,
656 3744 716 3798 id
742 3748 828 3797 est
854 3743 1252 3814 perseveretis,
1285 3746 1348 3797 In
1377 3744 1531 3797 domo
1560 3744 1785 3809 domini,
1819 3745 1875 3799 id
1911 3750 1997 3799 est

289 3832 353 3886 in
409 3832 696 3898 Ecclesiis;
732 3838 788 3885 et
835 3834 932 3901 qui
957 3835 1138 3899 statis,
1162 3834 1228 3887 In
1256 3834 1419 3886 atriis
1450 3832 1637 3886 domus
1675 3834 1772 3887 Dei
1799 3836 1992 3899 nostri,

292 3919 352 3974 id
382 3925 468 3973 est
495 3920 558 3975 iu
577 3920 874 3975 latitudine
912 3921 1225 3987 charitatis,
1260 3920 1355 3974 ubi
1388 3920 1581 3973 nullus
1609 3921 1990 3990 angustiatur.

366 4010 529 4063 Vens.
586 4012 639 4063 2.
681 4039 747 4049 ——
779 4010 1037 4063 Emtollite
1081 4023 1272 4063 manus
1329 4012 1554 4062 vestras.
1601 4007 1756 4063 Sicut
1782 4010 1994 4079 Moyses

293 4115 505 4153 manus
554 4114 683 4152 suas
723 4098 931 4152 levavit
959 4101 1257 4168 pugnante
1314 4096 1525 4167 populo
1578 4098 1748 4151 Israel
1794 4104 1993 4153 contra

289 4187 549 4253 Amalec,
572 4188 831 4241 Ewtollite
859 4186 1008 4254 dico,
1036 4189 1095 4241 in
1120 4191 1308 4241 sancta
1334 4202 1347 4239 :
1382 4190 1447 4240 ut
1475 4186 1794 4240 intentione
1826 4193 1990 4241 aeter-

292 4293 437 4331 num
467 4276 684 4329 bonum
712 4274 1054 4345 operemini,
1086 4275 1251 4328 aliter
1281 4274 1435 4328 enim
1467 4290 1585 4328 non
1606 4276 1772 4330 valet.

366 4365 654 4420 Benedicat
704 4369 753 4418 te
780 4366 1035 4418 Dominus
1084 4363 1343 4417 Secunda
1376 4380 1526 4433 pars,
1562 4364 1658 4418 ubi
1687 4369 1843 4435 optat
1886 4365 1986 4419 be-

290 4453 484 4508 nedici
514 4452 727 4507 ﬁdeles.
761 4452 931 4516 Quasi
951 4452 1183 4518 diceret,
1217 4452 1526 4518 benedicite,
1561 4458 1619 4506 et
1640 4457 1705 4506 ut
1732 4453 1840 4507 hoc
1864 4470 1988 4524 pos-

286 4539 437 4607 sitis,
467 4542 756 4595 Benedicat
787 4546 836 4595 te
885 4543 1159 4609 Dominus,
1200 4540 1601 4596 benedictione
1633 4558 1763 4612 quae
1796 4548 1879 4597 est
1920 4560 1987 4597 ea:

287 4627 441 4682 Sion.
476 4627 584 4691 Qui
612 4634 817 4699 potest,
852 4629 989 4700 quia
1045 4628 1168 4700 ipse
1216 4634 1318 4695 est,
1354 4629 1453 4700 qui
1483 4630 1621 4684 fecit
1668 4631 1874 4684 caalum
1933 4636 1988 4685 et

288 4720 528 4770 terram.
563 4718 760 4784 (Cass)
789 4718 1103 4774 Benedicat.
1154 4718 1337 4788 Supra
1363 4718 1624 4773 hortatur
1648 4722 1841 4789 plures
1887 4720 1986 4774 be-

289 4803 558 4858 nedicere
591 4806 789 4872 Deum,
842 4805 964 4876 ipse
1004 4822 1136 4861 vero
1184 4822 1368 4861 unum
1425 4806 1712 4861 benedicit
1742 4810 1985 4874 tantum,

287 4892 452 4963 quia,
485 4892 589 4946 etsi
631 4894 826 4963 plures
871 4894 1002 4963 sint,
1037 4900 1229 4950 tamen
1276 4895 1337 4948 in
1367 4911 1549 4949 unum
1588 4901 1739 4963 sunt,
1768 4902 1825 4950 et
1853 4896 1983 4950 uni-

289 4980 399 5034 tati
431 4982 691 5036 convenit
720 4982 1066 5039 benedictio.
1111 4983 1269 5038 Unde
1297 4999 1448 5037 unus
1480 4983 1541 5037 in
1571 4982 1791 5053 piscina
1816 5000 1983 5037 sana-

282 5069 481 5133 batur,
514 5069 614 5139 qui
636 5070 795 5140 prior
818 5071 1215 5126 descendebat.
1266 5073 1396 5127 Esto
1423 5088 1558 5143 ergo
1578 5072 1637 5126 in
1668 5088 1805 5138 uno,
1829 5076 1884 5126 et
1917 5073 1985 5127 ad

286 5163 347 5211 te
374 5157 675 5228 perveniet
703 5159 1044 5214 benedictio.

824 5265 1134 5321 PSALMUS
1161 5266 1424 5321 CXXXIV.

362 5371 530 5425 Vens.
572 5375 618 5424 1.
653 5401 719 5409 -
750 5372 1013 5426 Alleluia.
1056 5372 1268 5439 (CASS.)
1310 5374 1443 5426 Post
1462 5372 1691 5442 gradus,
1725 5372 1825 5443 qui
1879 5373 1983 5428 du-

282 5462 431 5513 cunt
462 5458 533 5512 ad
551 5459 925 5514 aeternitatem
969 5460 1336 5531 componitur
1363 5461 1613 5527 alleluia,
1645 5466 1709 5515 ut
1742 5461 1985 5516 Ecclesia

281 5551 520 5608 fruatur
568 5548 831 5605 laudibus
882 5549 1003 5618 Dei,
1054 5548 1146 5605 cui
1174 5550 1286 5605 tale
1318 5565 1528 5605 munus
1566 5555 1829 5620 paratum
1877 5555 1980 5607 est.

2111 524 2279 577 usque
2316 509 2391 561 ad
2429 509 2527 579 qui
2552 513 2607 563 et
2631 525 2808 580 quare
2848 510 3083 565 laudare
3117 511 3363 566 debeant
3407 513 3634 569 subdit:
3668 517 3813 569 Lau-

2110 596 2253 663 date,
2285 599 2447 651 servi.

2179 685 2344 740 Vens.
2378 688 2429 740 3.
2463 714 2532 725 —
2562 685 2805 740 Laudate
2834 687 3148 755 Dominum,
3173 693 3277 742 etc.
3306 690 3500 761 (Αυδ.)
3531 689 3588 745 Si
3618 691 3815 745 omnia

2110 772 2434 837 laudantur,
2460 773 2594 844 quia
2624 774 2793 841 bona,
2823 779 2953 843 etc.,
2985 791 3156 845 usque
3190 778 3263 831 ad
3293 778 3352 831 in
3384 779 3591 849 quibus
3622 784 3809 834 totum

2111 877 2305 915 semen
2338 862 2505 915 Israel
2536 861 2901 932 intelligitur,
2934 867 3051 916 tota
3078 865 3322 919 Ecclesia
3351 866 3655 936 cogitatur.

2180 950 2401 1004 Psallite
2425 952 2631 1004 nomini
2655 951 2791 1018 ejus,
2845 950 2901 1004 id
2934 956 3037 1017 est,
3088 953 3317 1007 laudate
3364 970 3517 1021 eum,
3551 970 3619 1008 eo
3651 955 3808 1025 quod

2111 1037 2167 1092 id
2197 1037 2347 1105 fecit,
2375 1038 2530 1109 quod
2578 1054 2667 1092 res
2710 1039 2797 1092 sui
2845 1040 3092 1093 nominis
3136 1041 3330 1110 exigit,
3381 1059 3509 1096 cum
3545 1060 3603 1096 se
3632 1042 3812 1096 incar-

2113 1132 2309 1182 natum
2341 1128 2494 1182 dedit
2514 1127 2843 1181 hominibus
2874 1129 3113 1199 gustari.

2183 1217 2342 1270 Vens.
2399 1218 2452 1270 4.
2515 1246 2582 1256 -
2626 1215 2812 1271 Jacob.
2866 1217 2994 1289 (1ο.)
3055 1219 3318 1271 Luctator
3374 1217 3806 1289 interpretatur,

2113 1309 2170 1359 et
2191 1304 2476 1375 signiﬁcat
2492 1304 2620 1357 illos
2651 1305 2751 1376 qui
2782 1310 2978 1359 contra
3012 1306 3334 1377 spirituales
3388 1308 3676 1379 nequitias
3720 1309 3809 1361 lu-

2112 1398 2339 1447 ctantur
2372 1395 2545 1448 Israel
2577 1396 2636 1447 in
2686 1397 3089 1463 possessionem.
3138 1396 3218 1449 Ad
3251 1395 3519 1449 litteram.
3567 1398 3811 1451 Caeteras

2113 1486 2309 1552 gentes
2349 1482 2453 1535 sub
2512 1483 2729 1552 angelis
2791 1484 3191 1538 custodiendas
3240 1485 3516 1538 Dominus
3570 1486 3805 1556 posuit:

2109 1571 2280 1625 Iacob
2312 1570 2419 1623 sibi
2441 1570 2633 1641 elegit,
2674 1587 2846 1641 quem
2877 1576 2941 1625 ut
2970 1588 3172 1643 agrum
3214 1574 3442 1642 coleret,
3476 1574 3807 1641 seminaret,

2113 1658 2432 1731 possideret
2463 1664 2728 1713 servaret.

2179 1746 2339 1799 Vens.
2373 1750 2423 1800 6.
2459 1778 2524 1785 -
2557 1749 2755 1805 Omnia
2785 1763 3144 1819 quacunque.
3173 1750 3297 1819 (Ιο.)
3342 1749 3513 1814 Quasi
3538 1751 3754 1805 diceret
3787 1768 3800 1806 :

2105 1835 2340 1904 Magnus
2393 1835 2565 1888 estin
2626 1836 2894 1905 essentia,
2954 1853 3197 1907 magnus
3254 1838 3316 1891 in
3347 1840 3639 1909 operibus,
3672 1846 3803 1908 etc.,

2100 1938 2271 1991 usque
2299 1923 2373 1977 ad
2430 1924 2525 1979 sed
2558 1925 2793 1997 spiritus
2825 1925 3075 1980 hominis
3122 1926 3445 1998 ignoratur,
3497 1930 3650 1983 unde
3682 1945 3809 1983 ecce

2104 2011 2328 2065 dicitur.

2174 2101 2340 2156 Vens.
2400 2105 2450 2155 7.
2485 2132 2553 2140 —
2608 2102 2718 2167 Qui
2762 2103 3016 2172 producit
3062 2108 3243 2158 ventos
3273 2104 3338 2159 de
3370 2106 3638 2160 thesauris
3670 2108 3805 2160 suis.

2102 2188 2209 2254 Qui
2226 2191 2497 2258 percussit
2538 2192 2919 2259 primogenita.
2952 2190 3077 2262 (11).)
3109 2192 3271 2246 Fides
3290 2194 3445 2247 unde
3475 2192 3805 2264 incipimus,

2102 2292 2216 2347 qua
2236 2278 2361 2331 viva
2393 2278 2624 2348 proﬁcit
2654 2280 2827 2333 homo
2868 2280 2928 2333 in
2955 2281 3181 2348 melius,
3215 2283 3489 2352 Egyptus
3522 2282 3759 2336 afﬂictio
3793 2300 3806 2349 ;

2104 2365 2433 2436 quicunque
2463 2382 2600 2436 ergo
2630 2367 2853 2437 {affligit
2900 2368 3231 2437 Ecclesiam,
3272 2373 3327 2422 et
3351 2370 3617 2423 scandala
3649 2370 3805 2438 iacit,

2103 2454 2209 2508 etsi
2241 2455 2599 2510 Christianus
2627 2455 2856 2524 dicitur,
2882 2457 3070 2526 perdit
3101 2456 3296 2510 ﬁdem.

2173 2544 2258 2598 Ab
2319 2550 2573 2599 extremo.
2641 2545 2765 2600 Sive
2827 2545 2897 2599 ab
2986 2546 3102 2600 imo
3156 2551 3346 2612 terrai,
3407 2546 3520 2600 sive
3603 2564 3636 2600 a
3694 2548 3807 2601 cir—

2104 2632 2467 2687 cumdatione
2525 2634 2729 2688 ﬁnium
2785 2639 2969 2689 terra}.
3015 2637 3256 2703 Fulgura
3284 2640 3335 2690 et
3380 2637 3647 2704 pluviam.
3680 2636 3807 2691 Ful-

2104 2737 2213 2791 gur
2244 2726 2545 2789 terrorem,
2578 2723 2769 2794 pluvia
2800 2710 3076 2793 gaudium
3131 2724 3286 2791 facit,
3345 2725 3453 2789 Qui
3511 2741 3647 2796 ergo
3686 2730 3802 2779 ter-

2104 2810 2221 2862 ruit
2256 2809 2505 2880 fulgure,
2538 2811 2721 2865 reﬁcit
2751 2811 2963 2881 pluvia.

2180 2898 2332 2953 Vens.
2366 2901 2417 2953 8.
2461 2930 2530 2939 —
2585 2900 2690 2965 Qui
2746 2902 3031 2970 percussit.
3071 2898 3193 2971 (11).)
3226 2902 3343 2954 Hoc
3380 2900 3440 2954 in
3470 2900 3805 2955 hominibus

1980 2988 1993 3014 ’
2033 2989 2073 3044 C
2113 2985 2248 3040 fecit
2280 2992 2513 3073 propter
2560 2990 2831 3058 poculum
2863 3005 3047 3042 suum.
3108 2989 3162 3043 Si
3199 2988 3341 3043 dixit
3370 2986 3498 3059 quae
3560 3006 3803 3057 amares,

2107 3074 2327 3129 audiet
2379 3092 2508 3146 quae
2565 3076 2783 3130 timeas.
2850 3078 2940 3130 Ab
3002 3078 3213 3131 homine
3276 3093 3445 3147 usque
3496 3079 3570 3131 ad
3617 3095 3800 3147 pecus.

2110 3166 2305 3235 (CASS.)
2365 3167 2479 3218 Hoc
2533 3181 2683 3234 saepe
2742 3166 2971 3235 repetit,
3022 3170 3148 3227 etc.,
3199 3181 3369 3236 usque
3415 3166 3488 3220 ad
3536 3183 3665 3236 quae
3697 3167 3800 3221 de-

2106 3252 2275 3305 struit
2296 3251 2356 3305 in
2385 3252 2769 3322 prudentibus
2793 3257 2847 3307 et
2878 3253 3088 3308 idiotis.

2175 3342 2337 3395 Vens.
2392 3343 2475 3395 10.
2536 3370 2604 3382 —-
2661 3344 2827 3410 Reges
2882 3344 3072 3408 fortes.
3136 3344 3256 3409 (1ο.)
3287 3342 3481 3396 Mundi
3528 3342 3799 3413 spiritus:

2102 3429 2203 3500 qui
2269 3434 2403 3484 sunt
2460 3429 2649 3498 occisi,
2706 3430 2845 3484 dum
2913 3436 3212 3501 nequeunt
3290 3431 3352 3484 in
3404 3431 3571 3485 nobis
3650 3432 3803 3501 quod

2103 3516 2321 3572 volunt.

2175 3606 2333 3659 Vens.
2410 3609 2493 3659 11.
2554 3637 2620 3644 -
2681 3607 2855 3661 Sehon
2906 3622 3083 3674 regem
3160 3610 3621 3666 Amorrhaaorum.
3682 3612 3794 3663 etc.

2102 3692 2214 3745 Hoc
2245 3693 2348 3746 sub
2395 3695 2581 3763 Moyse
2617 3694 2824 3747 factum
2859 3712 2870 3748 :
2909 3695 2977 3748 de
3026 3696 3130 3747 hoc
3176 3694 3237 3747 in
3272 3694 3413 3748 libro
3458 3695 3691 3748 Numeri
3724 3696 3803 3749 le-

2100 3781 2274 3850 gitur,
2305 3782 2459 3851 quod
2500 3797 2629 3834 cum
2678 3781 3052 3852 prohiberent
3096 3782 3243 3836 ﬁlios
3278 3783 3449 3835 Israel
3507 3798 3611 3852 per
3659 3782 3802 3836 ﬁnes

2101 3885 2233 3922 suos
2264 3868 2528 3933 transire,
2553 3870 2807 3938 percussi
2862 3875 2995 3923 sunt
3041 3870 3112 3923 ab
3162 3885 3252 3938 eo,
3302 3874 3359 3923 et
3413 3870 3667 3939 possedit
3695 3887 3795 3939 po-

2100 3958 2269 4028 pulus
2296 3957 2466 4011 Israel
2494 3962 2704 4011 terram
2726 3974 2947 4012 eorum.

2172 4047 2460 4100 Chanaan.
2597 4046 2723 4116 (10.)
2828 4045 3183 4114 Humiliatio,

2101 4134 2329 4205 quando
2350 4134 2421 4187 ab
2450 4134 2671 4188 honore
2693 4135 2871 4187 sancti
2886 4133 3175 4189 decidunt.

2171 4224 2340 4277 Vens.
2401 4226 2480 4277 l2.
2537 4253 2604 4263 —
2669 4226 2740 4279 Et
2806 4223 2956 4278 dedit
3012 4228 3212 4277 terram
3275 4239 3455 4277 eorum
3503 4223 3799 4277 haeredita-

2102 4318 2204 4368 tcm
2262 4312 2399 4383 ilo.)
2461 4312 2522 4366 Id
2600 4316 2702 4379 est,
2782 4312 3068 4368 caelestem
3126 4311 3561 4378 beatitudinem,
3622 4326 3795 4381 quam

2097 4401 2386 4455 daemones
2416 4417 2519 4471 per
2548 4402 2875 4471 superbiam
2896 4402 3291 4468 deseruerunt,
3322 4400 3479 4455 dedit
3508 4399 3795 4454 ﬁdelibus.

2099 4492 2227 4544 Haec
2261 4496 2346 4544 est
2375 4506 2513 4544 vera
2538 4495 2691 4544 terra
2722 4490 3139 4560 promissionis,
3198 4507 3327 4562 quae
3359 4491 3546 4544 verius
3592 4489 3800 4544 dicitur

2095 4578 2419 4644 haereditas,
2476 4594 2604 4649 qua:
2681 4579 2741 4632 in
2822 4595 2962 4648 pace
3012 4584 3116 4648 est,
3179 4595 3351 4650 quam
3405 4579 3503 4632 illa
3565 4578 3799 4632 actualis

2096 4684 2270 4737 quam
2341 4684 2492 4738 saepe
2569 4667 2888 4721 amiserunt
2967 4667 3070 4720 lilii
3148 4669 3349 4722 Israel.
3416 4666 3797 4722 Hereditatem

2095 4756 2294 4813 Israel.
2328 4758 2525 4822 (AUG.)
2554 4755 2883 4821 Haareditas,
2943 4760 3077 4808 sunt
3104 4760 3303 4825 gentes
3363 4757 3560 4824 Israel,
3611 4755 3796 4809 ﬁdelis

2096 4843 2307 4898 scilicet
2345 4845 2561 4915 populi,
2597 4860 2769 4914 quem
2816 4848 3056 4915 pascunt
3111 4844 3498 4912 tribulatione,
3531 4845 3798 4897 docentes

2094 4932 2454 5002 patientiam,
2522 4933 2609 4986 vel
2659 4949 2801 5002 quas
2898 4933 3073 4987 Israel
3124 4933 3331 4988 excolit
3383 4933 3794 4988 conformando

2096 5021 2222 5076 sibi.

2165 5110 2324 5163 Vens.
2435 5113 2516 5165 13.
2628 5112 2689 5164 In
2772 5114 3163 5179 generationem
3259 5115 3308 5165 et
3378 5113 3792 5178 generationem.

2095 5199 2219 5264 (10.)
2270 5198 2573 5251 Generatio
2614 5214 2730 5252 una
2788 5204 2893 5267 est,
2937 5216 3051 5270 qua
3104 5199 3461 5253 renascimur
3516 5216 3621 5271 per
3688 5200 3792 5253 ba-

2096 5286 2394 5357 ptismum,
2435 5286 2613 5340 altera
2670 5304 2783 5358 qua
2830 5304 3200 5359 resurgemus
3235 5302 3246 5343 :
3285 5305 3399 5343 non
3440 5293 3526 5343 est
3582 5289 3796 5344 oblitus

2095 5375 2245 5429 Deus
2267 5375 2325 5428 in
2352 5376 2455 5429 hac
2489 5392 2707 5442 vocare,
2736 5376 2795 5430 in
2822 5377 2915 5431 illa
2936 5394 3231 5432 coronare.

2165 5465 2324 5517 Vens.
2382 5466 2463 5517 14.
2509 5493 2580 5505 -
2628 5466 2766 5531 Quia
2807 5467 3102 5536 judicabit.
3141 5468 3340 5533 (Cass)
3374 5468 3555 5522 Causa
3585 5468 3790 5535 laudis,

2093 5551 2229 5623 quia
2259 5552 2400 5608 vidit
2433 5553 2708 5608 Dominus
2738 5556 3019 5627 populum
3043 5554 3135 5610 cui
3188 5559 3271 5610 tot
3302 5555 3454 5623 fecit,
3486 5557 3795 5627 prophetas

3291 4046 3460 4113 mala,
3587 4045 3801 4100 scilicet
