4082 6184
312 285 447 337 1055

1052 289 1447 346 WALAFBIDI
1487 291 1732 347 STRABI
1770 292 1972 348 FULD.
2015 291 2174 350 MON.
2219 293 2392 348 PARS
2430 291 2473 345 Ι.
2533 320 2584 330 ~-
2621 289 3087 347 THEOLOGICA.

3674 295 3692 345 1
3704 294 3805 345 056

303 405 480 474 misit,
510 410 640 476 post
666 409 721 460 et
750 407 975 462 Filium.
1009 407 1130 464 Sed
1166 409 1304 480 quia
1360 410 1491 464 duri
1535 412 1786 479 fuerunt,
1838 414 2004 483 judi-
2032 415 2078 467 A
2188 413 2286 468 Vel
2332 413 2538 485 typice,
2571 412 2736 470 Caelos
2783 414 2840 466 in
2868 411 3167 478 intellectu,
3210 411 3269 466 id
3326 416 3413 466 est
3486 410 3810 482 spirituales

303 495 449 548 cabit
473 511 571 549 eos
620 495 680 551 in
738 497 953 564 futuro,
999 501 1137 553 etin
1178 503 1370 563 servis,
1434 501 1489 556 id
1550 507 1656 568 est,
1716 503 2002 570 ﬁdelibus,

303 584 686 649 consolabitur,
748 601 880 639 cum
949 586 1188 656 praemia
1239 593 1454 642 aeterna
1527 591 1801 645 restituet.
1869 592 2005 645 Ecce

308 671 569 739 gradatio
621 672 805 726 laudis
861 673 932 727 ad
983 674 1265 744 judicium
1342 678 1615 747 perducta
1661 684 1764 733 est.
1824 681 2004 746 (AUG.)

306 760 426 823 Vel,
462 759 559 814 ita.
618 761 750 814 Ideo
809 762 878 816 de
906 765 1196 834 praisenti,
1261 769 1392 835 etc.,
1436 783 1602 837 usque
1648 768 1722 822 ad
1762 769 2004 835 videant,

315 853 366 903 et
389 852 485 916 qui
508 849 710 919 vident,
753 853 877 905 caeci
902 851 1061 914 ﬁant.

389 937 548 991 Vens.
609 941 692 993 l5.
749 970 817 978 ——
875 942 1200 996 Simulacra.
1254 941 1450 1013 (Cnss.)
1509 943 1768 998 Secunda
1820 961 2001 1014 pars:

309 1030 609 1095 postquam
638 1027 900 1082 laudibus
928 1045 986 1082 se
1022 1029 1117 1083 Dei
1147 1031 1412 1100 explevit,
1444 1032 1732 1085 idolorum
1760 1034 2008 1086 cultores

305 1113 599 1168 irridendo
627 1116 940 1182 redarguit,
987 1118 1120 1188 quia
1153 1120 1403 1189 perfecta
1455 1121 1578 1173 laus
1621 1121 1875 1174 veritatis
1923 1126 2009 1175 est

307 1201 601 1256 destruere
653 1203 982 1271 falsitatem,
1038 1222 1210 1276 supra
1281 1207 1515 1262 fuerunt
1587 1208 1785 1262 eadem
1839 1209 2007 1279 dicta,

307 1289 406 1344 sed
437 1291 681 1360 repetita
713 1293 1110 1348 verecundiam
1136 1300 1368 1366 augent.

403 1379 564 1434 Vens.
598 1383 677 1433 16.
715 1410 783 1419 —
832 1382 900 1436 Os
951 1383 1148 1437 habent
1199 1389 1249 1438 et
1303 1400 1410 1438 non
1453 1369 1766 1453 loquentur.
1820 1386 2005 1456 (Ana)

311 1465 411 1520 Illa
468 1469 752 1523 exteriora
809 1469 1008 1524 artifex
1073 1471 1264 1540 potuit
1292 1472 1504 1540 facere;
1563 1473 1660 1527 sed
1705 1490 1818 1527 non
1880 1474 2004 1544 spi-

309 1553 485 1610 ritum
518 1557 674 1622 dare,
707 1573 814 1611 nec
857 1559 1119 1613 auditum
1168 1560 1423 1626 auribus,
1454 1577 1559 1615 nec
1583 1562 1768 1616 lucem
1809 1561 2006 1628 oculis,

307 1659 412 1698 nec
445 1661 640 1699 vocem
667 1645 772 1700 ori.

2041 1656 2136 1756 Β(

2113 506 2358 569 sanctos,
2390 501 2481 556 cui
2512 517 2632 555 non
2662 501 2832 555 modo
2864 500 3114 565 credere,
3141 499 3239 554 sed
3265 499 3590 569 intelligere
3621 500 3812 554 divina

2114 591 2293 645 dedit.
2359 589 2655 661 Simplices
2681 594 2875 643 autem
2914 587 3014 659 qui
3056 589 3235 642 solam
3265 588 3436 642 ﬁdem
3470 588 3698 642 ﬁrmam
3728 593 3806 642 te-

2115 684 2272 745 nent,
2306 679 2472 750 quasi
2503 679 2652 733 infra
2695 679 2888 744 caalos,
2923 683 3069 732 terra
3121 677 3409 739 dicuntur,
3442 677 3542 748 qui
3587 678 3723 748 quia
3751 677 3810 730 in

2113 768 2424 838 baptismo,
2499 783 2674 839 quem
2741 771 3102 837 acceperunt,
3171 766 3335 837 quasi
3406 781 3568 834 super
3638 780 3813 836 aquas

2113 857 2282 911 ﬁrma
2308 857 2419 911 ﬁde
2449 855 2790 922 consistunt,
2822 854 2986 926 quasi
3020 870 3184 924 super
3238 869 3412 923 aquas
3468 860 3683 908 terram
3716 853 3811 907 tir-

2117 947 2314 1000 mavit.

2184 1034 2347 1088 Vens.
2392 1036 2443 1088 6.
2514 1061 2583 1072 -—
2635 1034 2854 1088 Terram
2903 1047 3068 1100 super
3122 1045 3315 1100 aquas.
3375 1031 3505 1098 (10.)
3535 1029 3646 1084 Sed
3700 1045 3814 1099 quo

2115 1127 2264 1178 terra
2324 1121 2554 1193 gravior
2605 1121 2676 1176 ab
2733 1119 2896 1192 aquis
2948 1119 3257 1174 levioribus
3338 1122 3622 1188 portatur,
3680 1122 3809 1180 etc.,

2114 1227 2284 1282 usque
2313 1211 2386 1266 ad
2429 1210 2509 1266 sic
2556 1209 2838 1265 Dominus
2905 1223 3078 1279 super
3123 1212 3362 1278 puteum
3419 1206 3582 1272 sedit,
3624 1207 3682 1260 id
3731 1209 3817 1258 est

2111 1301 2294 1372 juxta.

2189 1391 2361 1444 Vens.
2393 1393 2458 1444 ’7.
2505 1418 2573 1428 -
2607 1388 2712 1454 Qui
2733 1389 2866 1453 fecit
2887 1387 3187 1442 luminaria
3215 1399 3436 1453 magna.
3462 1384 3600 1449 (10.)
3639 1382 3700 1437 id
3747 1398 3806 1436 es

2116 1479 2263 1533 dona
2296 1475 2610 1547 gratiarum
2643 1475 2907 1530 ﬁdelibus
2937 1475 3054 1528 suis
3081 1473 3343 1528 contulit.

2188 1568 2348 1620 Vens.
2375 1568 2426 1620 9.
2461 1595 2530 1605 —
2559 1566 2770 1619 Lunam
2821 1568 2870 1617 et
2907 1564 3096 1618 stellas
3147 1565 3206 1616 in
3249 1565 3564 1630 potestatem
3613 1561 3810 1616 noctis.

2140 1656 2316 1722 CASS.)
2355 1656 2536 1709 Aliter
2563 1653 2736 1708 etiam
2797 1651 2906 1707 dici
2949 1656 3137 1723 potest
3169 1650 3427 1722 mystice,
3483 1653 3613 1716 etc.,
3645 1665 3818 1719 usque

379 1734 544 1788 Vens.
593 1765 662 1774 —
710 1735 924 1791 Similes
973 1735 1089 1792 illis
1155 1738 1311 1806 ﬂant.
1393 1739 1514 1805 (10.)
1575 1739 1705 1792 Haec
1762 1738 2005 1793 scientes
2041 1734 2080 1756 ”
2117 1746 2193 1800 ad
2234 1749 2300 1799 ut
2336 1760 2440 1815 per
2465 1744 2588 1798 hac
2618 1758 2864 1814 qumque
2896 1741 3146 1796 minores
3175 1741 3420 1794 luceant.

308 1820 552 1876 irrident
581 1823 752 1889 idola,
796 1827 937 1891 etc.,
971 1840 1141 1894 usque
1196 1826 1270 1880 ad
1321 1843 1425 1881 nec
1479 1827 1734 1882 sentiunt
1788 1827 2006 1883 bonum

312 1911 548 1964 odorem
574 1911 798 1966 Christi.

379 2001 543 2054 Vens.
581 2003 664 2054 19.
706 2029 776 2040 -—-
832 2003 1029 2057 Domus
1063 2003 1242 2058 Israel
1289 2003 1602 2059 benedicite.
1654 2005 1852 2074 (Cass)
1879 2006 2007 2060 Htec

309 2092 395 2141 est
444 2087 610 2140 tertia
660 2104 810 2158 pars,
882 2090 979 2144 ubi
1036 2096 1163 2162 post
1215 2091 1382 2146 irrisa
1421 2093 1592 2158 idola,
1643 2094 1842 2149 laudes
1906 2094 2009 2148 Dei

307 2175 596 2229 celebrare
647 2181 844 2230 monet
917 2194 1116 2232 omnes
1195 2181 1424 2235 ordines
1480 2198 1492 2235 :
1551 2181 1714 2253 quasi
1774 2200 1787 2238 :
1877 2183 2006 2237 Cul-

207 2279 219 2298 ‘
309 2273 462 2324 tores
491 2270 776 2325 idolorum
805 2271 1022 2327 similes
1064 2273 1177 2328 illis
1224 2275 1383 2330 ﬁant.
1441 2276 1550 2332 Sed
1579 2293 1700 2343 vos,
1735 2277 1834 2348 qui
1873 2277 2009 2332 estis

308 2361 496 2416 domus
526 2363 717 2417 Israel.
766 2365 964 2419 Domus
993 2365 1182 2420 Aaron
1216 2366 1525 2422 benedicite.
1570 2371 1755 2434 (AUG.)
1781 2369 2006 2440 Praepo-

307 2449 402 2505 siti
427 2457 559 2505 sunt
585 2451 788 2506 domus
816 2456 1008 2508 Aaron
1043 2471 1057 2509 :
1092 2455 1362 2524 ministri,
1396 2457 1600 2512 domus
1624 2459 1774 2524 Levi,
1808 2457 2007 2529 populi

309 2555 507 2594 omnes
536 2541 636 2612 qui
689 2541 930 2612 timent;
964 2560 1165 2599 omnes
1221 2545 1569 2616 generaliter
1621 2553 1754 2602 sunt
1803 2548 2006 2603 domus

311 2630 503 2695 Israel,
536 2645 736 2684 omnes
757 2647 872 2685 una
901 2648 1037 2686 voce
1059 2633 1350 2689 dicamus:
1384 2635 1718 2690 Benedictus.

251 2705 254 2708 ’
379 2718 539 2773 Vens.
596 2721 781 2774 2l.—
827 2721 1146 2777 Benedictus
1180 2725 1457 2778 Dominus.
1516 2725 1640 2793 (10.)
1695 2725 1791 2779 Vel
1839 2725 2008 2795 juxta

305 2805 847 2877 interpretationem
874 2810 1177 2865 nominum
1219 2815 1349 2878 etc.,
1399 2827 1568 2882 usque
1599 2813 1673 2867 ad
1726 2813 1827 2868 ubi
1857 2813 2008 2868 vide-

305 2894 495 2950 bimus
523 2911 658 2950 eum
686 2896 748 2950 ir.
778 2901 992 2952 aeterna
1032 2915 1188 2968 pace.

855 2987 1164 3043 PSALMUS
1204 2987 1436 3044 CXXXV.

378 3071 540 3125 Vens.
577 3073 626 3127 1.
663 3101 730 3113 --
788 3073 1048 3128 Alleluia.
1079 3076 1265 3141 (AUG.)
1298 3077 1554 3131 Psalmus
1611 3076 1716 3133 iste
1773 3078 2002 3133 laudem

309 3159 410 3214 Dei
436 3159 714 3227 continet,
746 3161 844 3215 ubi
875 3161 981 3216 etsi
1021 3163 1203 3218 multa
1258 3162 1320 3217 in
1353 3164 1518 3220 laude
1567 3167 1665 3220 Dei
1721 3167 1999 3221 dicantur.

308 3247 557 3302 maxime
587 3251 784 3303 tamen
811 3249 903 3303 hic
950 3250 1338 3307 misericordia
1397 3253 1497 3307 Dei
1548 3256 2000 3312 commendatur.

307 3335 509 3403 (Cass)
569 3336 803 3391 Diversa
849 3337 1018 3392 initia
1061 3355 1352 3408 versuum,
1409 3347 1536 3410 etc.,
1588 3359 1756 3414 usque
1812 3345 1897 3410 ad;
1925 3345 2006 3400 ita

309 3429 518 3494 praesto
552 3430 640 3478 est
669 3425 862 3479 divina
891 3427 1198 3495 praesentia
1254 3429 1299 3482 si
1357 3446 1501 3499 pure
1553 3437 1832 3487 cantatur.
1863 3434 2004 3489 Con-

305 3514 537 3580 ﬁtemini
584 3515 829 3568 Domino.
897 3515 1022 3583 (10.)
1072 3516 1285 3584 Primo,
1337 3519 1822 3588 magniﬁcentiam
1904 3521 2005 3575 Dei

307 3604 364 3655 et
405 3600 580 3656 totius
625 3601 752 3656 orbi
813 3603 1200 3659 conditionem
1253 3607 1504 3676 exponit.
1559 3608 1820 3662 Secundo
1869 3609 2007 3664 dicit

306 3705 436 3760 quae
463 3689 524 3743 in
555 3689 802 3762 [Egypto
859 3697 916 3746 et
944 3699 1113 3764 gente
1142 3695 1472 3750 Iudaeorum
1506 3695 1638 3750 fecit
1665 3696 1724 3750 in
1756 3696 2002 3767 ﬁguram

305 3778 511 3846 nostri,
546 3779 647 3846 ibi,
687 3780 792 3846 Qui
840 3787 1128 3850 percussit.
1179 3784 1389 3850 Tertio,
1449 3785 1568 3854 agit
1613 3785 1683 3839 de
1741 3786 2006 3841 Christia-

306 3865 418 3932 nis,
460 3866 562 3931 ibi,
615 3873 666 3922 et
712 3868 861 3924 dedit
892 3875 1093 3925 terram
1137 3887 1318 3926 eorum
1349 3873 1733 3927 hereditatem.
1786 3876 2005 3944 Conﬁte-

305 3955 444 4009 mini
470 3957 716 4010 Domino.
752 3958 937 4024 (Ana)
986 3959 1151 4013 Modo
1184 3959 1497 4026 laudemus,
1557 3965 1688 4026 etc.,
1736 3975 1904 4030 usque
1930 3961 2006 4016 ad

305 4058 409 4115 per
432 4043 889 4099 misericordiam
919 4046 1214 4101 beatitudo
1252 4053 1466 4102 aeterna
1494 4053 1598 4102 est.

381 4132 543 4186 Vens.
591 4133 644 4187 2.
687 4163 758 4172 —
815 4134 1160 4204 Conﬁtemini
1207 4138 1306 4190 Deo
1365 4137 1602 4191 deorum.
1667 4138 1811 4192 Deos
1863 4138 2002 4193 dicit

308 4219 594 4287 homines,
653 4221 724 4275 ad
781 4237 926 4292 quos
984 4238 1172 4277 sermo
1229 4223 1331 4278 Dei
1387 4224 1568 4279 factus
1625 4229 1709 4280 est
1767 4226 1826 4280 in
1884 4227 2072 4314 alioD

305 4308 550 4378 psalmo,
613 4309 713 4364 ubi
758 4309 856 4375 ait,
905 4313 1019 4378 Ego
1086 4311 1230 4379 dimi,
1287 4315 1378 4368 Dii
1429 4315 1557 4368 estis
1612 4319 1662 4369 et
1715 4315 1820 4383 filii
1888 4318 2000 4370 Erc-

305 4396 452 4462 celsi,
499 4399 600 4451 etc.
669 4397 736 4451 Et
777 4413 896 4452 non
937 4397 1067 4452 ideo
1119 4399 1386 4454 dicuntur
1440 4401 1542 4468 dii,
1597 4403 1748 4472 quod
1805 4419 2004 4458 omnes

307 4485 419 4540 sint
472 4487 610 4541 boni
645 4503 659 4541 :
708 4486 754 4540 si
784 4487 939 4542 enim
991 4505 1189 4544 omnes
1228 4491 1365 4545 boni
1399 4497 1608 4559 essent,
1639 4508 1755 4547 non
1789 4493 2004 4549 diceret

305 4574 366 4627 in
387 4575 590 4628 eodem
620 4576 842 4644 psalmo
871 4595 884 4631 :
931 4578 998 4631 In
1026 4577 1200 4632 medio
1229 4584 1407 4633 autem
1438 4580 1561 4634 deos
1609 4580 1904 4650 dijudicat,
1944 4583 2004 4638 id

306 4666 391 4716 est
451 4662 747 4731 discernit,
797 4663 866 4718 de
918 4666 1124 4736 quibus
1170 4667 1344 4722 etiam
1390 4669 1624 4724 subdit:
1658 4670 2006 4740 Conﬁtemini

305 4753 530 4807 Domino
556 4752 915 4809 dominorum.
1441 4815 1447 4821 ,

375 4842 538 4896 Vens.
571 4843 622 4910 3,
658 4871 728 4883 —
780 4842 885 4909 Qui
921 4844 1061 4909 facit
1115 4845 1415 4900 mirabilia.
1458 4846 1580 4917 (10.)
1619 4846 1776 4903 Sicut
1803 4847 1862 4902 in
1891 4849 2004 4903 ﬁne

303 4929 521 5002 ubique
552 4930 807 5001 ponitur,
860 4936 992 4999 etc.,
1023 4947 1192 5002 usque
1220 4935 1295 4988 ad
1331 4934 1458 4990 ideo
1488 4939 1830 5006 conﬁtemini,
1872 4953 2005 5007 quo-

301 5018 456 5072 niam
481 5020 540 5072 in
569 5023 827 5074 aeternum
853 5021 1234 5078 misericordia
1263 5023 1399 5090 ejus.

376 5106 518 5160 Vens
604 5108 659 5162 4.
711 5138 780 5147 —
827 5109 1110 5164 Mirabilia
1153 5125 1354 5176 magna
1381 5111 1544 5165 solus.
1577 5110 1704 5179 (10.)
1758 5111 1903 5176 Quia
1949 5114 2008 5166 et

303 5194 572 5264 quaedam
623 5212 728 5268 per
754 5196 1018 5251 homines
1070 5198 1158 5252 vel
1188 5199 1421 5269 angelos
1452 5199 1602 5265 facit,
1635 5205 1691 5256 et
1739 5201 2005 5274 quaedam

303 5297 517 5352 magna
541 5283 664 5354 ipse
687 5285 860 5352 solus,
895 5301 1021 5356 quas
1044 5290 1101 5341 et
1130 5286 1291 5356 prius
1333 5287 1679 5358 exsequitur.

373 5370 532 5423 Vens.
565 5374 616 5424 5.
647 5401 721 5413 —
750 5375 856 5440 Qui
902 5375 1038 5439 fecit
1087 5376 1259 5430 ccelos.
1304 5377 1426 5448 (10:)
1486 5376 1819 5432 Universam
1865 5393 2002 5448 ergo

299 5461 622 5512 creaturam
668 5476 771 5532 per
800 5477 858 5514 se
888 5460 1040 5530 fecit,
1089 5467 1218 5532 etc.,
1272 5479 1442 5534 usque
1470 5464 1545 5518 ad
1604 5465 1781 5535 unde,
1810 5466 2006 5522 Omnia

299 5547 361 5602 in
389 5547 662 5616 sapientia
687 5550 892 5616 fecisti,
915 5550 1081 5606 Deus.

2185 1835 2355 1889 Vens.
2417 1836 2500 1888 10.
2555 1862 2625 1872 -
2683 1834 2792 1898 Qui
2839 1833 3106 1900 percussit
3186 1831 3482 1899 Egyptum
3542 1827 3663 1895 (10.)
3717 1826 3816 1881 Se-

2113 1923 2298 1978 cunda
2328 1939 2478 1994 pars,
2527 1921 2625 1976 ubi
2650 1921 2804 1985 dicit,
2848 1936 2976 1991 qua:
3007 1919 3068 1972 in
3087 1918 3331 1990 Egypto
3375 1916 3512 1970 facit
3561 1921 3619 1970 et
3649 1920 3819 1986 gente

2112 2013 2443 2068 Iudaeorum
2473 2012 2578 2066 sub
2637 2010 2824 2080 ﬁgura
2878 2006 3084 2062 nostri.
3125 2009 3246 2061 Jam
3299 2005 3519 2076 incipit,
3551 2020 3682 2076 qua).
3714 2019 3820 2074 per

2115 2102 2398 2167 homines,
2457 2100 2545 2154 vel
2605 2115 2709 2170 per
2779 2097 3015 2168 angelos
3067 2095 3197 2150 fecit
3252 2096 3383 2152 Cum
3432 2095 3816 2163 primogenitis

2114 2206 2314 2245 eorum.
2365 2186 2756 2259 Primogenita
2793 2184 3023 2257 Egypti
3056 2184 3353 2256 percussit,
3385 2187 3514 2249 etc.,
3548 2198 3718 2251 usque
3744 2182 3819 2235 ad

2115 2279 2212 2333 sed
2246 2280 2394 2332 Deus
2426 2293 2458 2331 a
2485 2293 2542 2331 se
2575 2275 2842 2342 excludit,

2186 2368 2346 2421 Vens.
2384 2368 2468 2422 12.
2510 2396 2577 2405 -
2607 2366 2670 2419 In
2698 2379 2863 2418 manu
2913 2363 3142 2433 potenti.
3177 2362 3306 2431 (10.)
3339 2361 3536 2414 Manus
3593 2359 3692 2414 Dei
3725 2359 3815 2413 in-

2113 2455 2394 2510 vincibilis
2425 2454 2593 2520 actio,
2617 2469 2746 2525 quas
2776 2469 2807 2507 a
2836 2451 3070 2506 brachio
3119 2451 3297 2512 venit,
3329 2449 3388 2504 id
3411 2453 3495 2504 est
3533 2447 3603 2502 ab
3650 2447 3811 2502 omni

2114 2543 2372 2616 potentia
2401 2542 2700 2615 singulari.

2184 2634 2363 2687 Vens.
2401 2635 2485 2686 13.
2543 2659 2612 2671 -
2663 2631 2866 2684 Divisit
2917 2643 3065 2682 mare
3115 2626 3357 2684 Rubrum
3378 2628 3437 2680 in
3491 2624 3809 2680 divisiones.

2114 2720 2242 2789 (10.)
2271 2719 2355 2775 Ad
2377 2720 2623 2774 litteram
2653 2721 2713 2772 in
2741 2718 3034 2772 divisiones
3066 2715 3364 2770 duodecim
3429 2730 3534 2785 pro
3567 2729 3813 2768 numero

2113 2809 2389 2870 tribuum,
2448 2813 2510 2862 ut
2551 2807 2792 2878 singulae
2846 2806 3032 2860 tribus
3074 2820 3204 2859 suas
3261 2804 3379 2857 vias
3426 2803 3601 2857 eundi
3644 2802 3818 2856 habe-

2113 2902 2269 2965 rent;
2318 2896 2526 2968 typice,
2560 2895 2638 2950 sic
2695 2911 2797 2966 per
2824 2895 2942 2949 vias
2971 2893 3157 2947 varias
3186 2893 3260 2947 ad
3290 2893 3467 2946 Deum
3497 2891 3568 2945 de
3599 2890 3818 2944 mundo

2031 2979 2074 3036 C
2111 2986 2405 3041 transitur.
2432 2987 2538 3039 Per
2567 2999 2714 3039 mare
2734 2983 2984 3037 Rubrum
3005 2981 3278 3036 saeculum
3304 2979 3596 3048 accipitur.

2185 3076 2346 3129 Vens.
2402 3077 2484 3128 15.
2535 3104 2604 3112 -
2664 3075 2734 3127 Et
2788 3073 3026 3126 excussit
3104 3072 3459 3124 Pharaonem.
3509 3067 3649 3137 (10.)
3683 3065 3817 3120 Dia-

2114 3163 2334 3229 bolum,
2393 3178 2523 3217 cum
2576 3160 2850 3214 ministris
2887 3158 3150 3225 excussit,
3214 3161 3276 3210 ut
3321 3157 3634 3228 pulverem,
3713 3153 3820 3224 qui

2114 3252 2376 3307 celeriter
2419 3250 2725 3306 excutitur.
2769 3250 2833 3303 In
2880 3249 2988 3302 hac
3039 3246 3354 3312 celeritate,
3398 3250 3456 3298 et
3491 3245 3674 3298 virtus
3709 3242 3817 3296 Dei

2115 3341 2452 3406 ostenditur,
2503 3344 2560 3393 et
2607 3339 2721 3392 illas
2750 3342 2997 3392 terrenae
3049 3335 3244 3390 sordes
3277 3334 3624 3397 indicantur,
3666 3347 3814 3402 quas

2114 3431 2363 3485 solemus
2417 3434 2678 3483 excutere
2753 3428 3087 3481 Pharaonem
3143 3425 3272 3492 (10.)
3347 3423 3608 3492 Congrue
3680 3436 3815 3489 per-

2115 3519 2472 3573 Pharaonem
2503 3516 2767 3571 diabolus
2814 3513 3200 3584 intelligitur;
3247 3513 3470 3567 Pharao
3528 3509 3818 3563 masculos

2113 3611 2299 3672 necat,
2345 3605 2588 3660 feminas
2640 3607 2854 3670 servat;
2914 3603 2994 3657 ita
3038 3601 3300 3658 diabolus
3331 3601 3572 3655 virtutes
3600 3597 3815 3669 prasto-

2111 3701 2220 3757 cat,
2253 3693 2775 3764 concupiscentiam
2812 3692 3015 3747 nutrit.

2183 3784 2342 3836 Vens.
2385 3786 2473 3836 2|.
2514 3812 2579 3822 —
2637 3782 2708 3836 Et
2737 3779 2888 3834 dedit
2943 3787 3145 3834 terram
3171 3793 3353 3832 eorum
3407 3780 3808 3836 hereditatem.

2113 3869 2314 3938 (Cnss.)
2370 3869 2563 3924 Tertia
2617 3885 2767 3940 pars,
2823 3867 2920 3922 ubi
2968 3867 3264 3922 descendit
3311 3867 3382 3920 ad
3433 3868 3812 3932 Christianos,

2113 3975 2405 4030 exponens
2433 3957 2712 4013 beneﬁcia
2755 3957 2839 4013 eis
2887 3957 3040 4025 data,
3076 3962 3139 4010 ut
3168 3957 3247 4010 sic
3274 3972 3457 4011 unum
3513 3963 3817 4012 auctorem

2114 4047 2376 4102 omnium
2416 4047 2579 4102 scias.

2184 4138 2358 4192 Vens.
2405 4139 2497 4191 22.
2540 4166 2610 4176 —
2657 4136 2832 4191 Israel
2881 4148 3165 4189 servosuo.
3209 4132 3430 4204 Accipit
3475 4149 3579 4205 per
3632 4135 3821 4188 Israel

2112 4240 2344 4292 servum,
2377 4225 2688 4294 Christum,
2731 4229 2865 4294 etc.,
2923 4238 3091 4292 usque
3120 4223 3194 4277 ad
3224 4223 3448 4276 nullum
3495 4222 3655 4277 dedit
3681 4239 3818 4294 pre-

2111 4314 2256 4369 tium
2276 4313 2572 4386 Egyptiis.

2188 4403 2348 4456 Vens.
2404 4405 2494 4456 25.
2549 4431 2618 4440 —
2677 4403 2781 4455 Dat
2829 4414 3022 4454 escam.
3087 4399 3344 4468 (Tneo0.)
3423 4401 3467 4452 A
3529 4398 3815 4470 singulari

2117 4489 2502 4556 Providentia,
2560 4493 2692 4557 etc.,
2738 4503 2909 4556 usque
2952 4487 3027 4540 ad
3074 4487 3134 4540 in
3188 4486 3510 4556 Evangeliis
3567 4487 3809 4558 inquit:

2113 4580 2380 4648 Respicite
2431 4579 2682 4633 volatilia
2736 4577 2870 4641 coeli,
2905 4591 3024 4644 quae
3067 4591 3238 4644 neque
3267 4580 3454 4630 serunt
3490 4591 3660 4644 neque
3689 4591 3812 4630 con-

2113 4674 2343 4736 gregant
2388 4670 2448 4721 in
2487 4667 2700 4730 horrea,
2747 4670 2799 4720 et
2827 4667 2989 4720 Pater
3013 4669 3188 4719 vester
3205 4665 3430 4720 caelestis
3463 4667 3644 4734 pascit
3693 4666 3813 4719 illa.

2113 4757 2273 4812 Omni
2335 4757 2491 4810 carni
2538 4758 2726 4821 (Avo.)
2785 4753 2955 4809 Omni
3011 4753 3209 4824 generi
3260 4753 3585 4820 hominum,
3643 4754 3814 4808 Israel

2113 4849 2172 4900 et
2190 4845 2470 4916 gentium,
2501 4859 2616 4898 non
2645 4843 2794 4898 sicut
2816 4857 3029 4896 manna
3055 4841 3164 4896 soli
3190 4841 3407 4896 Judteo.

2643 4984 2954 5040 PSALMUS
3019 4983 3278 5038 CXXXVI.

2184 5111 2431 5166 Psalmus
2470 5109 2666 5165 David.
2704 5107 2909 5180 (Cass)
2955 5108 3178 5163 Tertius
3200 5107 3457 5177 psalmus
3486 5107 3555 5162 de
3588 5107 3814 5161 lamen-

2116 5200 2335 5254 tatione
2362 5200 2696 5262 Jerusalem,
2752 5203 2884 5265 etc.,
2933 5212 3101 5267 usque
3139 5197 3213 5251 ad
3238 5196 3332 5250 hic
3381 5201 3574 5250 autem
3624 5195 3694 5250 de
3725 5212 3815 5250 ca-

2111 5289 2373 5360 ptivitate
2404 5288 2550 5343 facta
2591 5303 2624 5341 a
2683 5286 3230 5342 Nabuchodonosor.
3275 5285 3472 5354 (AUG.)
3504 5285 3641 5339 Duae
3670 5283 3807 5338 civi-

2113 5381 2258 5432 tates
2310 5382 2444 5431 sunt
2498 5375 2790 5448 permistas
2835 5390 3099 5446 corpore,
3159 5379 3288 5438 etc.,
3369 5387 3536 5442 usque
3582 5372 3659 5426 ad
3711 5372 3813 5444 qui

2114 5469 2308 5521 mente
2337 5465 2616 5521 desiderio
2637 5468 2773 5518 sunt
2792 5463 2940 5518 cives
2966 5464 3302 5518 Jerusalem.

2185 5555 2347 5609 Vens.
2409 5557 2460 5611 1.
2517 5582 2588 5596 -
2639 5553 2813 5624 Super
2860 5554 3105 5622 flumina.
3138 5550 3336 5623 (Cass)
3383 5549 3578 5605 Primo
3623 5548 3811 5620 capti-
