4020 6184
256 245 387 298 1057

1362 227 1614 287 CLOSSA
1654 226 2070 285 ORDINARIA.
2110 256 2182 267 —
2220 226 2345 281 LIB.
2390 225 2636 281 PSALM.

3621 231 3757 284 1058

250 366 461 419 vandos
494 366 664 433 longe
694 364 846 432 post,
896 364 1028 424 etc.,
1078 372 1247 425 usque
1291 355 1365 409 ad
1410 354 1615 424 incipit
1664 350 1946 407 desiderio
1976 351 2023 403 Α
2062 349 2308 413 elidunt,
2356 348 2411 401 id
2443 353 2529 401 est
2567 352 2864 400 nascentes
2903 348 3260 417 cupiditates,
3314 353 3620 419 antequam
3667 366 3759 404 ro-

246 454 469 526 patriaa,
523 453 759 506 dicens:
803 450 976 518 Super
1030 449 1275 515 ﬂumina,
1340 449 1446 498 etc.
1506 447 1645 498 Dum
1694 445 1951 499 recorda-

244 559 446 597 remur.
488 540 677 608 (Αῠα.)
726 541 789 593 In
839 536 1034 591 hostili
1064 540 1216 589 terra
1276 532 1458 587 dulcis
1490 534 1809 588 recordatio
1860 552 1956 607 pa-

247 632 393 696 trias,
428 635 563 695 etc.,
586 643 756 698 usque
783 626 856 680 ad
876 629 1187 694 utrumque
1218 622 1286 675 de
1309 621 1621 692 Babylonia
1652 627 1755 677 est.

316 750 479 801 Vens.
528 750 579 800 ‘2.
613 775 685 786 —
725 746 789 799 In
813 741 1093 797 salicibus.
1129 738 1257 810 (10.)
1290 739 1427 803 Quae
1459 738 1723 808 rigantur
1754 740 1953 795 ﬁumi-

245 837 418 892 nibus
449 832 777 905 Babylonis,
811 835 941 895 etc.,
964 843 1134 896 usque
1160 827 1235 881 ad
1291 827 1390 881 sed
1455 826 1772 882 differendo
1810 822 1957 883 Vsus-

250 924 583 997 pendimus.
646 919 854 993 (Cass)
902 917 997 971 Vis
1049 916 1259 970 doloris
1302 921 1681 986 exaggeralur
1726 917 1959 987 quando

250 1012 577 1078 delectatio,
608 1027 721 1082 qua
750 1025 808 1062 se
839 1007 1099 1061 solebant
1123 1005 1423 1070 consolari,
1464 1004 1848 1075 suspenditur.

323 1122 469 1187 Quia
516 1119 633 1173 illic
678 1118 1151 1183 interrogaverunt
1202 1126 1318 1166 nos.
1392 1110 1620 1179 (ΒΑεῐι.)
1706 1112 1771 1165 Et
1826 1111 1960 1165 hinc

250 1210 409 1265 haud
454 1223 664 1279 parum
694 1202 1073 1260 emolumenti
1115 1205 1437 1271 coeperunt,
1494 1206 1628 1270 etc.,
1675 1214 1841 1270 usque
1886 1200 1961 1255 ad

250 1304 315 1353 ut
346 1304 406 1353 et
431 1297 654 1352 cantica
682 1299 877 1348 nostra
899 1291 1097 1345 audire
1119 1289 1427 1344 voluerint.

327 1406 495 1459 Vnus.
528 1406 579 1458 3.
621 1431 690 1442 —
744 1399 922 1455 Verba
970 1398 1299 1451 cantionum.
1358 1394 1548 1465 (AUG.)
1601 1394 1720 1464 Vel,
1775 1393 1962 1449 canti—

252 1498 571 1553 corum,ut
599 1489 737 1561 quid
769 1487 999 1559 prodest
1048 1484 1343 1539 Christus?
1374 1484 1463 1537 vel
1520 1500 1649 1554 qua:
1707 1488 1791 1537 est
1851 1484 1962 1537 alia

254 1582 417 1637 vita?
444 1580 574 1645 Sed,
608 1578 700 1632 hic
757 1576 856 1647 qui
902 1573 1060 1645 pleni
1099 1578 1235 1627 sunt
1290 1572 1448 1635 mali,
1508 1588 1625 1626 non
1683 1572 1961 1626 debemus

256 1676 561 1744 percutere
640 1679 942 1736 organum,
998 1667 1063 1717 ut
1148 1665 1331 1727 sonet,
1418 1661 1515 1715 sed
1590 1662 1956 1732 suspendere.

257 1760 392 1832 (10.)
472 1756 739 1812 Diabolus
818 1756 1003 1807 astute
1097 1750 1305 1821 quaerit
1383 1756 1447 1804 ut
1501 1749 1757 1817 irrideat,
1833 1755 1962 1815 etc.,

258 1864 437 1919 usque
486 1846 562 1900 ad
605 1849 661 1898 et
698 1840 1035 1897 constrinxit
1092 1856 1150 1893 se
1199 1840 1558 1909 juramento,
1614 1838 1853 1893 dicens:
1906 1839 1968 1893 Si

259 1939 471 2013 oblitus,
494 1938 669 2002 fuero,
706 1938 809 1986 etc.

337 2046 492 2099 Vzns
522 2044 575 2097 4.
619 2072 686 2081 —
745 2038 1012 2106 Quomodo
1045 2035 1413 2093 cantabimus.
1475 2035 1596 2106 (10.)
1644 2034 1965 2089 Cavendum

263 2139 376 2200 est,
409 2150 482 2187 ne
512 2131 641 2203 quis
697 2129 907 2183 timens
954 2126 1161 2181 talibus
1208 2125 1531 2195 displicere,
1571 2123 1793 2178 aﬁ‘ectet
1820 2122 1971 2177 ami—

265 2222 436 2277 citias
462 2234 685 2284 eorum,
717 2222 773 2271 et
802 2215 1039 2285 incipiat
1071 2212 1338 2267 delectari
1371 2212 1431 2265 in
1464 2211 1790 2282 Babylonia.

347 2328 506 2380 Vens.
544 2328 595 2378 5.
630 2353 698 2361 -
727 2326 961 2377 Dextera
990 2335 1125 2373 mea.
1162 2319 1285 2388 (10.)
1336 2316 1625 2388 Quidquid
1678 2316 1811 2371 facis
1867 2332 1971 2385 pro

271 2415 530 2479 aeternis,
576 2413 809 2467 dextera
881 2413 1189 2479 operatur;
1236 2407 1283 2460 si
1335 2412 1388 2460 et
1444 2407 1557 2459 alio
1630 2404 1970 2469 intenderis,

271 2504 510 2559 sinistra
537 2518 595 2555 se
614 2498 955 2563 immiscuit;
1011 2501 1068 2551 et
1112 2496 1169 2550 in
1213 2512 1277 2550 ea
1338 2495 1647 2549 delectatus
1696 2493 1859 2565 quasi
1916 2493 1973 2546 in

271 2594 511 2649 dextera
538 2588 732 2661 perdis
753 2592 983 2642 aeterna.

349 2699 522 2751 Vens.
547 2699 596 2749 6.
631 2724 700 2735 -
728 2693 1038 2748 Adhzreat.
1063 2690 1269 2757 (Cass)
1310 2691 1492 2745 Mutus
1550 2688 1685 2743 ﬁam
1730 2689 1787 2742 in
1843 2688 1974 2742 lau-

276 2788 450 2843 dibus
482 2786 603 2853 Dei,
632 2783 785 2854 quod
815 2786 901 2835 est
929 2780 1240 2834 consolatio
1275 2779 1439 2833 ﬁetus
1483 2783 1541 2833 et
1587 2778 1971 2833 miseriarum.

276 2879 501 2943 Lingua
545 2888 679 2927 mea.
733 2868 925 2941 (AUG.)
996 2868 1291 2923 Canticum
1367 2868 1703 2935 Jerusalem,
1778 2866 1977 2937 lingua

279 2969 503 3032 nostra,
526 2962 810 3016 canticum
834 2957 1048 3023 saeculi,
1082 2956 1282 3026 lingua
1319 2956 1588 3012 barbara.
1655 2957 1841 3010 Mutus
1893 2959 1975 3009 est

285 3056 427 3118 Deo,
461 3051 560 3123 qui
590 3048 801 3104 oblitus
831 3051 915 3102 est
944 3046 1281 3100 Jerusalem.

360 3161 528 3212 Vens.
586 3161 639 3211 7.
692 3185 762 3194 —
843 3155 1043 3209 Memor
1091 3157 1219 3206 esto.
1274 3150 1485 3221 (Cass)
1528 3150 1787 3205 Secunda
1827 3165 1978 3221 pars,

283 3248 393 3305 ubi
439 3250 637 3301 contra
692 3243 885 3297 hostes
930 3240 1001 3295 ad
1045 3241 1229 3294 Deum
1290 3238 1356 3293 ﬁt
1411 3238 1721 3293 conversio.
1782 3240 1982 3293 Memor

287 3343 420 3403 esto,
478 3338 537 3389 in
590 3334 679 3387 die
733 3329 1215 3401 sequestrationis,
1255 3332 1320 3383 ut
1352 3328 1688 3398 puniantur.
1722 3329 1986 3382 Filiorum

291 3426 485 3483 Edam.
519 3422 709 3491 (AUG.)
765 3419 891 3474 Filii
944 3419 1140 3485 Edom,
1176 3418 1231 3471 id
1283 3422 1369 3471 est
1415 3416 1672 3484 Idumaei,
1735 3416 1985 3487 impedi-

292 3519 491 3570 mento
557 3512 792 3566 fuerunt
843 3505 1321 3561 remdiﬁcantibus
1370 3506 1714 3571 Jerusalem;
1769 3508 1879 3573 vel,
1928 3504 1989 3557 in

293 3600 679 3659 destructione
722 3596 1012 3667 conjuncti
1072 3593 1399 3664 Babylonis,
1452 3593 1605 3647 unde
1636 3594 1795 3659 dicit,
1848 3595 1992 3647 Filia

295 3692 593 3759 Babyloni:
652 3690 869 3741 misera.
927 3683 1100 3740 Edom
1176 3684 1455 3737 moraliter
1516 3687 1599 3736 est
1667 3682 1988 3747 carnalitas,

294 3796 429 3851 quas
489 3778 558 3832 ad
614 3775 843 3830 illicitos
918 3779 1107 3828 motus
1156 3788 1259 3826 nos
1312 3770 1548 3825 seducit.
1604 3771 1803 3824 Edom.
1861 3768 1990 3839 (10.)

297 3871 446 3924 Esau
496 3881 695 3920 omnes
771 3862 1057 3927 carnales;
1130 3860 1303 3915 Jacob
1388 3859 1747 3930 spirituales;
1809 3857 1994 3927 major

296 3955 544 4012 carnalis
572 3954 767 4019 homo,
798 3951 989 4005 minor
1027 3948 1360 4019 spiritualis,
1393 3948 1528 4018 quia
1556 3947 1715 4016 prius
1761 3946 1994 4017 quidem

298 4043 574 4110 animale,
625 4046 827 4111 postea
884 4038 1038 4109 quod
1098 4037 1413 4107 spirituale.
1473 4036 1684 4091 Omnes
1740 4036 1995 4089 carnales

298 4131 526 4189 inimici
555 4134 689 4184 sunt
718 4127 1128 4198 spiritualibus,
1160 4126 1313 4179 unde
1371 4124 1483 4179 ait:
1517 4127 1717 4179 Memor
1762 4130 1893 4192 esto,
1934 4123 1999 4176 li-

300 4224 446 4278 bera
475 4235 578 4274 nos
617 4218 687 4272 ab
742 4217 875 4270 illis.
931 4217 1245 4271 Exinanite.
1280 4212 1486 4283 (Cass)
1517 4216 1563 4267 Α
1621 4212 1997 4267 similitudine
2027 4202 2069 4255 ι)

302 4312 590 4375 cisterna,
621 4306 774 4361 unde
813 4305 861 4359 si
892 4320 1042 4375 aqua
1091 4302 1375 4369 hauritur,
1432 4303 1503 4356 ad
1559 4302 2001 4356 fundamentum

302 4397 669 4472 pervenitur.
704 4393 814 4449 Sed
845 4393 980 4465 quid
1012 4391 1243 4463 prodest
1272 4395 1328 4445 et
1353 4390 1747 4445 vitamtalibus
1774 4391 1999 4455 tollere,

307 4488 523 4561 quibus
586 4485 648 4539 in
721 4482 1097 4537 fundamento
1164 4480 1282 4550 (qui
1370 4483 1456 4533 est
1528 4478 1805 4549 Christus)
1890 4478 2005 4533 vita

307 4583 532 4634 interna
555 4574 676 4629 est?
705 4573 845 4627 dum
903 4572 1106 4641 putant
1132 4584 1339 4623 nocere
1370 4568 1528 4635 mali,
1569 4583 1807 4622 coronas
1844 4568 2002 4623 dant.

385 4686 553 4737 Vens.
587 4684 640 4737 8.
676 4709 745 4720 —
780 4679 950 4733 Filia.
986 4676 1187 4745 (AUG.)
1244 4676 1349 4729 Per
1395 4676 1805 4729 successionem
1862 4675 2007 4729 facta

311 4778 400 4829 est
433 4772 553 4825 ﬁlia
600 4766 904 4838 Babylonis
930 4766 1124 4820 civitas
1172 4766 1474 4833 malorum,
1528 4765 1674 4819 sicut
1722 4764 2003 4819 Ecclesia:

308 4840 627 4918 Jerusalem
681 4857 912 4924 scilicet,
960 4854 1155 4908 civitas
1213 4854 1498 4908 bonorum
1548 4870 1652 4923 per
1709 4853 2009 4907 successio-

311 4967 451 5007 nem
490 4949 608 5002 ﬁlia
669 4948 823 5002 Sion.
887 4944 1090 5015 (CASS.)
1150 4944 1299 4998 Filia
1354 4942 1643 5010 Babylonis
1680 4943 2000 4998 moraliter.

314 5042 458 5096 Caro
488 5044 590 5104 est,
622 5053 752 5108 quae
782 5033 1199 5101 confusionem,
1240 5036 1381 5099 etc.,
1414 5047 1582 5100 usque
1636 5031 1711 5085 ad
1767 5032 2010 5087 allidunt

314 5129 385 5183 ad
415 5132 636 5199 petram
670 5124 979 5189 Christum,
1014 5125 1076 5174 ut
1107 5120 1381 5175 confracti
1413 5120 1758 5189 dispereant.

388 5235 550 5288 Vens.
574 5235 625 5287 9.
658 5261 727 5273 —
746 5233 941 5286 Beatus
963 5230 1060 5297 qui
1080 5228 1301 5282 tenebit.
1338 5224 1529 5296 (Αυο.)
1558 5225 1740 5290 Quam
1768 5225 2010 5279 retribu-

312 5323 575 5378 tionem?
606 5328 669 5375 ut
700 5318 1008 5389 Babylonia
1051 5322 1216 5370 natos
1270 5315 1331 5369 in
1378 5314 1617 5380 mundo,
1652 5313 1790 5367 dum
1847 5313 2010 5384 parvi

316 5416 475 5481 sunt,
504 5415 806 5483 parentum
837 5415 893 5463 et
922 5406 1116 5461 saeculi
1145 5404 1380 5460 suffocat
1412 5402 1705 5458 erroribus
1735 5419 1748 5457 :
1801 5401 1881 5457 ita
1910 5402 2011 5474 qui

312 5503 438 5573 jam
460 5501 723 5571 juvenes,
756 5498 888 5553 data
913 5493 1206 5565 agnitione
1237 5491 1360 5561 Dei,
1386 5490 1650 5562 parvulos
1708 5490 2013 5563 Babylonis

2062 438 2171 493 bur
2193 437 2495 507 accipiant,
2524 435 2602 489 sic
2650 435 2870 489 facilius
2893 437 3219 505 vincuntur,
3271 439 3366 492 sed
3409 443 3465 493 et
3515 440 3760 509 majores

2064 526 2137 580 ad
2166 530 2390 597 petram
2421 524 2744 579 occidenda:
2776 529 2930 577 sunt.

2600 666 2911 721 PSALMUS
2934 666 3225 721 CXXXVII.

2135 793 2299 846 Vens.
2352 794 2399 845 l.
2442 820 2511 829 —
2564 791 2810 845 Psalmus
2836 793 2946 859 ipsi
2987 791 3184 845 David.
3228 790 3424 860 (Cass)
3471 792 3762 862 Captivos,

2065 881 2165 953 qui
2198 880 2448 948 ﬂeverat,
2483 878 2644 949 quasi
2676 878 3017 933 reasditicata
3057 880 3374 933 Jerusalem
3433 885 3488 934 et
3525 882 3759 951 templo,

2066 975 2124 1024 et
2153 968 2316 1040 quasi
2339 968 2588 1023 concivis
2626 967 2709 1021 illi
2738 967 2890 1037 parti
2920 967 3257 1035 Jerusalem,
3312 983 3439 1038 qua:
3484 983 3600 1021 non
3654 968 3766 1022 fuit

2066 1055 2305 1126 captiva,
2332 1055 2387 1110 id
2422 1060 2529 1123 est,
2562 1055 2801 1127 angelis,
2836 1056 3081 1121 exsultat
3109 1061 3164 1109 et
3202 1056 3398 1110 laudat
3448 1056 3635 1127 primo
3664 1057 3762 1111 be-

2066 1144 2271 1199 neﬁcia
2319 1144 2426 1198 sibi
2458 1144 2613 1198 data.
2663 1146 2734 1198 Ex
2789 1161 3033 1215 persona
3076 1144 3252 1215 igitur
3311 1144 3591 1212 Ecclesiae,
3633 1161 3764 1216 qua:

2069 1232 2131 1286 in
2185 1232 2580 1303 superioribus
2627 1238 2711 1287 est
2741 1250 2859 1305 spe,
2891 1238 3224 1305 exspectans
3261 1233 3341 1287 ibi
3389 1250 3509 1288 esse
3567 1233 3626 1287 in
3680 1250 3763 1301 re,

2069 1318 2169 1385 ait,
2199 1319 2505 1393 conﬁtebor.

2140 1408 2439 1475 Conﬁtebor
2462 1407 2582 1475 tibi,
2608 1408 2853 1461 Domine.
2874 1406 3089 1474 Primo,
3112 1408 3474 1463 commendat
3490 1408 3765 1463 beneﬁcia

2069 1495 2179 1549 sibi
2210 1497 2339 1550 data
2372 1512 2385 1549 :
2421 1496 2690 1561 secundo,
2724 1495 2861 1549 dicit
2900 1496 3187 1565 quomodo
3218 1496 3341 1550 haec
3366 1496 3437 1551 ad
3458 1513 3654 1551 omnes
3681 1498 3768 1552 di-

2070 1584 2339 1651 latentur,
2370 1584 2470 1650 ibi,
2512 1585 2877 1652 Conﬁteantur
2933 1584 3033 1637 tibi
3075 1587 3314 1653 Domine,
3366 1590 3472 1639 etc.
3524 1587 3587 1639 In
3644 1602 3769 1641 con-

2072 1678 2276 1743 spectu.
2338 1669 2529 1741 (AUGJ
2560 1672 2621 1725 In
2678 1672 2961 1725 laudando
3007 1688 3270 1741 propono
3326 1674 3468 1727 mihi
3513 1675 3768 1744 angelos,

2076 1762 2282 1832 quibus
2315 1760 2531 1831 zequari
2562 1760 2707 1814 sicut
2734 1776 2905 1823 nunc,
2933 1760 3010 1813 ita
3031 1764 3177 1829 post,
3202 1761 3478 1831 dignitate
3509 1767 3767 1832 expecto.

2080 1849 2147 1904 Hi
2179 1854 2369 1903 autem
2404 1849 2462 1902 in
2495 1849 2661 1903 laude
2694 1849 2793 1903 Dei
2826 1848 2968 1902 nihil
3001 1848 3152 1901 aliud
3188 1855 3538 1919 proponunt,
3596 1867 3771 1920 quam

2076 1936 2287 2007 ipsum.
2318 1939 2391 1991 In
2421 1941 2702 2006 conspectu
2723 1952 2859 2008 ergo
2904 1938 3235 2005 angelorum,
3296 1938 3356 1991 in
3403 1955 3469 1991 ea
3503 1939 3771 2008 puritate,

2076 2040 2191 2095 qua
2218 2030 2274 2079 te
2304 2025 2665 2095 conspiciunt
2695 2024 2910 2095 angeli,
2958 2030 3019 2079 ut
3042 2026 3098 2079 in
3127 2031 3181 2079 te
3213 2027 3335 2080 solo
3390 2026 3497 2080 sibi
3550 2027 3773 2097 acquie-

2079 2116 2256 2178 scant,
2290 2128 2395 2183 ego
2424 2114 2663 2167 Psallam
2696 2113 2815 2166 tibi.

2149 2202 2312 2254 Vens.
2375 2203 2426 2255 2.
2476 2231 2544 2240 —
2614 2202 2789 2270 Super
2864 2201 3266 2255 misericordia.
3329 2200 3455 2271 (10.)
3510 2204 3781 2258 Universm

2078 2291 2181 2344 viae
2212 2291 2425 2342 Domini
2472 2289 2845 2343 misericordia
2890 2294 2940 2343 et
2991 2291 3240 2343 veritas:
3294 2289 3419 2343 Non
3463 2296 3597 2345 sunt
3652 2292 3780 2346 alia:

2078 2378 2206 2445 viae,
2243 2377 2450 2448 quibus
2471 2378 2542 2431 ad
2571 2393 2674 2431 nos
2703 2378 2878 2444 venit,
2910 2377 3031 2431 Non
3058 2383 3191 2430 sunt
3246 2377 3389 2444 alias,
3444 2379 3651 2448 quibus
3704 2381 3774 2434 ad

2082 2482 2215 2519 eum
2240 2465 2568 2519 veniamus:
2631 2465 2733 2519 has
2780 2467 2894 2519 Deo
2952 2466 3280 2531 reddamus,
3337 2466 3781 2522 misericordiam

2084 2554 2145 2608 in
2168 2554 2576 2623 subveniendo,
2609 2554 2910 2608 veritatem
2948 2553 3008 2607 in
3034 2554 3361 2624 judicando.
3417 2557 3592 2625 Super
3629 2572 3781 2611 omne

2083 2658 2273 2697 nomen
2318 2648 2565 2697 sanctum
2624 2646 2795 2697 tuum.
2860 2642 3078 2713 (Cass.)
3157 2643 3253 2696 Vel
3315 2660 3488 2714 super
3568 2661 3778 2700 nomen

2092 2736 2351 2785 sanctum
2384 2735 2715 2799 tuum,cum
2747 2731 2909 2785 nobis
2930 2732 3155 2785 cultura
3182 2735 3281 2785 tua
3300 2732 3568 2787 innotuit.

2160 2822 2315 2875 Vens.
2372 2825 2423 2876 3.
2483 2850 2544 2860 —
2604 2823 2663 2875 1n
2710 2824 2915 2876 anima.
2975 2822 3039 2874 Et
3069 2820 3202 2891 quia
3256 2820 3317 2874 in
3364 2822 3555 2877 anima
3602 2827 3791 2894 potest

2011 2918 2051 2973 C
2088 2908 2213 2963 ﬁeri
2244 2909 2486 2963 carnalis
2516 2910 2939 2980 multiplicatio,
2971 2910 3146 2977 addit,
3175 2912 3430 2965 virtutem
3470 2911 3633 2980 quasi
3675 2928 3791 2966 non

2089 2998 2246 3053 aliud
2269 2997 2327 3052 in
2348 2998 2541 3052 anima
2561 3002 2714 3068 peto,
2747 2998 2853 3052 nisi
2879 2998 3167 3052 virtutem.

2159 3106 2317 3159 Vens.
2353 3106 2405 3160 4.
2460 3104 2946 3175 —Conﬁteantur.
3004 3104 3143 3176 (10.)
3200 3104 3457 3159 Secunda
3488 3121 3640 3175 pars,
3692 3104 3793 3159 ubi

2050 3212 2055 3217 '
2091 3193 2201 3248 dici
2234 3194 2524 3264 quomodo
2554 3194 2676 3247 haec
2717 3194 2868 3248 bona
2916 3193 2987 3248 ad
3046 3210 3246 3247 omnes
3305 3194 3419 3248 sint
3464 3194 3785 3250 dilatanda.

2093 3282 2265 3346 Quasi
2298 3298 2425 3336 meo
2452 3283 2752 3352 exemplo:
2797 3284 3183 3351 Conﬁteantur,
3237 3286 3343 3335 etc.
3393 3282 3587 3337 Omnia
3630 3283 3797 3336 verba

2093 3373 2200 3427 oris
2236 3372 2333 3425 tui.
2357 3369 2554 3440 (Aoc.)
2614 3370 2753 3435 Quae
2806 3370 2974 3425 modo
3028 3370 3245 3440 ubique
3275 3371 3523 3425 revelata
3554 3380 3709 3438 sunt,
3741 3374 3798 3425 et

2096 3460 2167 3514 ad
2198 3475 2395 3513 omnes
2423 3464 2621 3529 gentes
2652 3458 2845 3525 missa,
2879 3464 3013 3523 etc.,
3046 3474 3215 3529 usque
3253 3458 3327 3513 ad
3356 3463 3412 3512 et
3463 3458 3543 3513 ita
3586 3460 3795 3514 vellere

2097 3549 2327 3616 siccato,
2357 3548 2650 3602 audierunt
2683 3550 2864 3602 omnia
2890 3548 3075 3613 verba,
3124 3552 3228 3602 etc.

2170 3638 2331 3690 Vrsas.
2357 3640 2409 3689 5.
2444 3666 2508 3675 —
2530 3638 2735 3703 Magna
2760 3641 2838 3690 est
2864 3637 3063 3702 gloria.
3092 3635 3213 3705 (10.)
3247 3635 3303 3689 Si
3348 3635 3595 3690 humiles
3642 3640 3797 3704 sunt,

2096 3725 2204 3779 hoc
2231 3728 2427 3777 amant
2455 3729 2512 3777 et
2554 3728 2807 3789 cantant,
2840 3738 2976 3776 nam
3016 3722 3144 3775 sise
3172 3723 3503 3792 extulerint,
3558 3724 3801 3778 timeant

2101 3812 2254 3882 quod
2305 3810 2580 3881 sequitur,
2641 3811 2908 3875 Quoniam
2940 3811 3179 3864 excelsus
3227 3811 3514 3865 Dominus.
3556 3813 3803 3867 Humilia

2100 3901 2341 3968 respicit.
2402 3898 2597 3968 (Cass)
2630 3898 2755 3951 Non
2807 3903 2894 3952 est
2947 3898 3040 3952 hic
3069 3898 3321 3951 humana
3377 3899 3653 3968 conditio,
3702 3902 3802 3954 ubi

2101 3986 2334 4042 humilis
2363 3985 2689 4056 despicitur,
2742 3986 3019 4057 superbus
3072 3986 3401 4057 respicitur;
3454 3988 3553 4043 sed
3612 3989 3797 4043 Domi-

2104 4092 2213 4130 nus
2240 4074 2489 4130 humiles
2510 4074 2760 4145 respicit.

2177 4164 2310 4219 Alta
2340 4180 2373 4217 a
2398 4164 2551 4231 longe
2571 4164 2857 4230 cognoscit.
2886 4162 3066 4233 (Auc.)
3114 4163 3238 4217 Non
3267 4162 3376 4217 hoc
3434 4164 3551 4235 agit
3598 4180 3803 4236 super-

2107 4252 2236 4318 bus,
2268 4256 2401 4318 etc.,
2429 4267 2599 4321 usque
2652 4252 2725 4306 ad
2754 4253 3018 4323 lugentes
3046 4251 3200 4307 hunc
3263 4252 3598 4320 incolatum,
3648 4254 3805 4309 unde

2113 4340 2399 4395 subditur.

2185 4430 2344 4483 Vens.
2401 4433 2452 4483 7.
2492 4454 2561 4469 --
2599 4429 2662 4484 Si
2717 4430 3062 4484 ambulavero
3116 4431 3176 4483 in
3213 4430 3387 4485 medio
3413 4432 3807 4487 tribulationis.

2110 4517 2292 4573 Aliter
2312 4534 2429 4572 non
2459 4517 2725 4586 viviﬁcat,
2758 4518 2867 4572 nisi
2900 4521 2959 4572 in
2983 4518 3156 4573 medio
3187 4519 3579 4591 tribulationis,
3629 4521 3808 4589 unde,

2118 4608 2268 4661 Beati
2295 4608 2392 4675 qui
2420 4607 2623 4672 lugent,
2655 4621 2734 4660 vae
2773 4606 3098 4661 ridentibus.

2184 4694 2357 4765 Super
2429 4697 2590 4749 iram.
2644 4694 2776 4765 (10.)
2839 4696 2953 4749 Hoc
3012 4695 3225 4766 ipsum,
3282 4696 3437 4767 quod
3490 4696 3815 4753 irascuntur

2117 4784 2282 4847 mihi,
2312 4788 2407 4837 tua
2439 4788 2523 4837 est
2560 4783 2618 4836 in
2669 4783 2799 4837 illos
2838 4784 3278 4847 animadversio,
3333 4784 3393 4838 id
3440 4790 3527 4840 est
3564 4787 3809 4856 punitio.

2118 4873 2211 4926 Est
2240 4872 2395 4926 enim
2424 4872 2505 4926 eis
2561 4871 2726 4926 irasci
2772 4888 2960 4942 paena,
3021 4888 3127 4927 noc
3164 4876 3387 4928 tantum
3428 4874 3614 4942 culpa.
3668 4875 3814 4928 Dum

2117 4975 2254 5029 ergo
2280 4960 2388 5013 hoc
2434 4960 2742 5030 permittis,
2800 4976 2973 5030 super
3002 4977 3202 5015 omnes
3270 4961 3531 5017 vindicta:
3579 4978 3816 5017 manum

2119 5049 2397 5102 extendis.

2188 5140 2421 5190 Dextera
2451 5140 2563 5191 tua.
2597 5136 2721 5190 Non
2753 5135 2925 5190 habet
2959 5137 3106 5190 Deus
3149 5137 3443 5191 dexteram
3503 5140 3593 5193 vel
3647 5138 3817 5193 sinis-

2115 5228 2284 5290 tram,
2312 5225 2408 5279 sed
2438 5225 2667 5279 dextera
2700 5225 2797 5278 Dei
2829 5224 3041 5279 dicitur
3078 5224 3318 5279 felicitas
3377 5230 3617 5294 aeterna,
3679 5229 3820 5284 sini-

2117 5318 2232 5368 stra
2260 5313 2497 5367 felicitas
2525 5313 2877 5385 temporalis.
2922 5314 3243 5384 Aliquando
3293 5332 3436 5387 ergo
3470 5333 3588 5372 non
3644 5319 3826 5373 salvat

2118 5404 2181 5458 in
2210 5402 2439 5457 sinistra
2486 5408 2708 5459 sanctos
2760 5420 2911 5470 suos,
2946 5404 3049 5459 sed
3104 5420 3331 5476 semper
3380 5406 3561 5462 salvat
3607 5422 3705 5462 eos
3759 5407 3822 5463 in

2122 5493 2379 5548 dextera.
