4082 6184
321 225 456 278 1059

390 347 550 400 Vens.
590 346 643 398 8.

320 449 469 498 sum,
506 438 638 502 etc.,
669 447 838 502 usque
853 431 926 486 ad
944 432 1002 485 in
1025 447 1139 502 quo
1162 429 1449 501 principes
1474 429 1673 485 mundi
1721 434 2015 501 peccatum

319 538 436 577 non
465 521 700 589 invenit,
733 537 908 593 quare
939 520 1240 574 occideret.

835 661 1148 716 PSALMUS
1187 661 1500 716 CXXXVIII.

393 788 546 840 Vens.
583 790 628 840 l.
661 816 731 825 —
759 787 823 840 In
849 785 1010 854 ﬁnem
1031 785 1272 852 psalmus
1307 783 1502 838 David.
1535 781 1734 853 (Cass)
1757 782 2013 836 Psalmus

313 874 702 947 profunditate
729 873 1134 944 mysteriorum
1161 874 1387 942 plenus,
1434 876 1567 939 etc.,
1598 886 1768 940 usque
1825 871 1899 925 ad
1953 870 2010 924 in

319 963 614 1036 prophetis
656 961 891 1027 velatus,
946 962 1009 1015 in
1043 961 1352 1031 Evangelia
1411 959 1770 1014 manifestus.
1830 958 2011 1029 (Auc.)

315 1051 592 1124 Loquitur
621 1055 778 1105 totus
826 1050 1106 1118 Christus,
1166 1054 1444 1120 tanquam
1475 1065 1625 1102 unus
1683 1053 1739 1102 et
1791 1048 2014 1118 integer

314 1141 420 1203 vir,
452 1145 584 1206 etc.,
634 1154 804 1208 usque
829 1139 904 1192 ad
932 1139 1076 1192 sicut
1127 1137 1240 1192 duo
1293 1137 1352 1191 in
1386 1153 1554 1191 carne
1613 1153 1744 1190 una.
1770 1139 2011 1204 Domine,

308 1231 560 1300 probasti
575 1244 674 1282 me.
709 1227 909 1298 (Cass)
945 1226 1159 1296 Primo,
1185 1227 1254 1280 de
1278 1226 1483 1280 notitia
1513 1225 1634 1291 Dei,
1679 1231 1811 1294 etc.,
1837 1240 2013 1294 usque

315 1319 389 1372 ad
416 1322 642 1388 quarto,
675 1315 966 1387 quomodo
993 1315 1128 1369 mali
1151 1315 1203 1368 ei
1226 1331 1343 1368 non
1375 1319 1637 1380 noceant,
1661 1313 1760 1380 ibi,
1791 1314 1853 1369 Si
1880 1317 2013 1368 occi-

316 1408 484 1473 deris,
539 1407 707 1472 Deus,
762 1411 866 1458 etc.
923 1407 1164 1472 Domine,
1213 1404 1482 1472 probasti.
1541 1405 1730 1473 (Aura)
1769 1405 1893 1457 Jam
1951 1404 2009 1456 in

313 1496 630 1550 Jerusalem
652 1494 969 1556 restitutus,
1014 1499 1343 1560 etc.,usque
1363 1493 1438 1546 ad
1484 1492 1606 1546 118.30
1637 1497 1720 1546 est
1764 1508 2010 1562 persona

315 1583 490 1639 totius
511 1583 780 1637 humanae
802 1586 1021 1636 natura:
1052 1581 1407 1635 revertentis.

382 1675 552 1727 Vens.
604 1675 655 1726 3.
707 1700 775 1710 —
831 1671 1172 1725 Intellexisti.
1228 1671 1425 1738 (Cass)
1469 1669 1834 1724 Praescientia
1893 1669 2006 1722 dei.

312 1760 446 1816 tatis
475 1760 567 1814 hic
617 1758 956 1826 ostenditur,
1008 1763 1138 1823 etc.,
1170 1773 1338 1828 usque
1395 1759 1469 1812 ad
1522 1759 1658 1828 quia
1703 1759 1873 1812 homo
1921 1775 2008 1812 as-

311 1854 572 1918 sumptus
604 1847 814 1902 divinas
870 1846 1204 1900 substantia:
1267 1863 1379 1900 non
1411 1852 1601 1916 potest
1639 1847 1878 1918 mquari.
1934 1851 2010 1902 De

313 1938 482 2002 longe.
509 1937 709 2007 (AUG.)
736 1936 877 1990 Cum
911 1935 1094 1988 adhuc
1128 1934 1186 1988 in
1218 1936 1678 2005 peregrinatione
1703 1953 1850 2002 sum,
1905 1952 2007 1990 an-

311 2029 545 2095 tequam
578 2024 648 2078 ad
683 2023 929 2094 patriam
957 2023 1202 2090 veniam,
1237 2029 1299 2078 ut
1343 2024 1462 2078 tilio
1493 2025 1704 2078 minori
1746 2025 2009 2079 redeunti

313 2112 560 2167 occurrit
579 2116 754 2181 pater,
780 2111 912 2182 quia
941 2111 1219 2166 intellexit
1239 2113 1363 2183 ejus
1392 2113 1767 2183 cogitationes
1793 2113 1860 2167 de
1892 2114 2010 2167 Ion-

313 2201 550 2272 ginquo,
585 2201 722 2271 quia
776 2201 930 2270 apud
979 2217 1036 2254 se
1086 2201 1307 2254 dixerat
1358 2206 1613 2272 egestare
1669 2201 2004 2256 confectus:

313 2289 547 2357 Surgam
569 2295 620 2343 et
647 2289 733 2343 ibo
759 2288 834 2342 ad
847 2293 1062 2358 patrem
1091 2305 1284 2350 meum,

380 2377 641 2431 Semitam
689 2393 881 2444 meum,
945 2377 1159 2432 scilicet
1212 2378 1443 2444 malam,
1489 2394 1604 2450 qua
1633 2377 1726 2444 ivi,
1779 2382 2006 2449 patrem

313 2464 597 2518 deserens.

381 2555 449 2607 Et
479 2553 805 2619 funiculum.
862 2552 1060 2624 (Alias)
1095 2552 1360 2622 limitem,
1393 2570 1690 2625 quousque
1722 2555 1956 2624 perveni
1989 2572 2002 2609 :

307 2641 479 2712 longe
509 2641 744 2712 quidem
775 2641 976 2709 ieram,
1010 2643 1106 2697 sed
1140 2648 1199 2696 tu
1231 2641 1338 2698 ibi.
1381 2644 1450 2698 Ut
1481 2643 1870 2714 deprehensus
1922 2644 2007 2699 fu-

309 2729 520 2800 gitivus
551 2729 830 2801 loquitur,
863 2735 1138 2801 sequente
1173 2748 1230 2784 se
1260 2731 1508 2785 vindicta
1541 2731 1660 2786 Dei.

378 2819 534 2872 Vnus.
565 2820 618 2874 4.
649 2850 722 2858 -
761 2821 830 2874 Et
877 2835 1053 2875 omnes
1090 2821 1208 2874 vias
1240 2835 1384 2874 meas
1435 2837 1448 2874 :
1509 2833 1817 2892 antequam
1860 2820 2005 2875 irem

920 217 1318 276 WALAFRIDI
1357 219 1606 274 STRABI
1642 217 1841 274 FULD.
1883 216 2046 273 MON.
2084 215 2236 274 OPP.
2281 217 2458 273 PARS
2495 217 2540 272 I.
2580 245 2650 256 -—-
2687 212 3144 272 THEOLOGIGA.

703 374 724 382 ο
750 374 772 383 -
804 344 1098 399 Retribuet.
1132 341 1310 413 (Αυδ.)
1337 341 1496 405 Quod
1549 357 1656 412 ego
1707 357 1826 396 non
1881 357 2010 412 pos-
2044 343 2090 396 Α
2123 357 2276 410 num,
2295 343 2381 396 vel
2412 340 2471 395 in
2502 340 2874 411 profundum,
2907 344 2963 395 et
3001 340 3201 395 nolens
3249 338 3548 395 conﬁteri:
3608 340 3813 410 dicam,

3679 217 3811 270 1060

2125 430 2255 502 quis
2292 446 2384 485 me
2410 429 2604 484 videt?
2643 429 2811 497 Ades,
2841 434 2906 484 ut
2933 429 3201 484 vindices.
3244 429 3469 484 Invenit
3495 429 3814 496 consilium,

2123 518 2225 573 sed
2251 535 2329 573 stc
2363 523 2559 590 potero
2589 519 2786 589 fugere
2807 518 3035 573 iratum.

2196 609 2364 662 Vens.
2409 611 2459 662 9.
2494 637 2563 648 -
2594 608 2661 661 Si
2687 622 2965 676 sumpsero
2984 623 3210 676 pennas,
3267 607 3406 661 duas
3459 607 3577 660 alas
3627 606 3817 660 chari-

2124 697 2274 761 tutis,
2312 713 2453 767 quas
2476 695 2856 766 perdideram.

2192 787 2418 839 Pennas.
2447 785 2644 854 (Cass)
2699 785 2836 848 Quae
2887 800 3026 838 meae
3076 784 3394 856 potestatis,
3452 784 3514 838 in
3560 789 3644 838 est
3699 785 3815 838 efﬁ-

2122 873 2334 927 caciam
2364 873 2608 940 deitatis,
2642 890 2756 944 qua
2787 890 2990 944 corpus
3016 873 3086 928 de
3147 874 3406 944 sepulcro
3436 873 3657 927 levavit.
3711 875 3816 926 Has

2121 961 2366 1032 sumpsit
2395 961 2651 1028 diluculo,
2685 965 2816 1015 ante
2848 962 3060 1030 lucem,
3087 961 3140 1015 id
3181 967 3284 1028 est,
3317 966 3574 1032 tempore
3623 977 3817 1015 resur-

2123 1050 2449 1116 reclionis,:
2485 1055 2540 1103 et
2585 1050 2856 1104 habitavit
2901 1053 2961 1104 in
2990 1053 3247 1104 extremis
3303 1052 3493 1117 maris,
3545 1051 3653 1104 hoc
3711 1055 3815 1113 est,

2121 1155 2293 1209 super
2343 1138 2536 1192 saeculi
2587 1139 3009 1209 amplissimum
3063 1139 3253 1192 ﬁnem.
3283 1142 3355 1193 Et
3394 1139 3714 1195 habitacero
3761 1142 3820 1192 in

2119 1231 2393 1282 extremis.
2421 1229 2604 1296 (Auu.)
2639 1229 2842 1294 Mente,
2870 1227 2928 1282 in
2957 1227 3071 1282 ﬁne
3124 1227 3338 1292 saeculi,
3367 1232 3428 1282 ut
3469 1243 3587 1281 non
3639 1243 3819 1280 smu-

2119 1317 2238 1370 lum
2261 1331 2470 1381 amem,
2504 1316 2600 1369 sed
2635 1317 2757 1386 ejus
2787 1316 2986 1380 finem,
3021 1316 3082 1369 in
3129 1332 3246 1386 quo
3277 1316 3350 1370 sit
3370 1316 3514 1370 mihi
3558 1316 3813 1386 requies.

2117 1403 2224 1460 Sed
2253 1409 2310 1458 et
2339 1404 2459 1474 ipse
2492 1403 2626 1457 illuc
2655 1404 2831 1470 ducit,
2864 1406 3015 1459 unde
3035 1404 3244 1459 subdit.

2191 1495 2350 1549 Vens.
2391 1494 2472 1548 t0.
2519 1524 2587 1533 —
2615 1495 2828 1548 Etenim
2852 1495 2982 1548 illuc
3031 1509 3224 1549 manus
3249 1499 3368 1550 tua.
3435 1493 3822 1550 Considerans

2118 1587 2308 1636 autem
2335 1582 2818 1652 longinquitatem
2851 1583 2975 1648 viae,
3005 1583 3197 1636 subdit
3226 1602 3244 1636 :

2190 1672 2349 1725 Vens.
2401 1675 2484 1725 Η.
2539 1701 2607 1708 -
2642 1673 2708 1724 Et
2759 1671 2906 1724 dixit
2955 1672 3194 1737 forsitan
3254 1670 3480 1725 tenebrae
3533 1671 3816 1725 conculca-

2119 1759 2268 1826 bunt,
2298 1764 2403 1814 etc.
2437 1759 2702 1814 Abundat
2731 1758 3005 1830 iniquitas
3037 1759 3250 1827 saeculi,
3280 1775 3395 1830 qua
3423 1775 3629 1830 pennae
3675 1759 3814 1813 cha-

2117 1849 2302 1901 ritatis
2343 1848 2710 1918 refrigescere
2740 1854 2996 1917 possunt.
3033 1849 3098 1902 Et
3127 1848 3262 1917 quia
3291 1848 3351 1902 in
3380 1854 3548 1902 nocte
3604 1848 3815 1918 despe-

2117 1937 2236 1990 ravi
2266 1937 2507 1990 transire
2566 1953 2742 2005 mare,
2788 1952 2902 1990 nox
2934 1936 3076 1990 mihi
3105 1937 3252 1991 facta
3284 1941 3368 1990 est
3415 1936 3766 1990 illuminatio
3797 1952 3811 1988 :

2117 2025 2280 2078 Venit
2311 2026 2536 2090 mulier,
2570 2024 2852 2095 sapientia
2903 2025 3024 2092 Dei,
3059 2041 3185 2096 qua:
3215 2024 3568 2091 drachmam,
3601 2023 3702 2077 ubi
3729 2028 3812 2077 est

2117 2112 2308 2183 imago
2340 2113 2513 2183 regis,
2547 2113 2604 2166 id
2653 2117 2737 2167 est
2783 2113 3098 2179 hominem,
3129 2113 3455 2184 perdiderat
3491 2129 3504 2166 :
3557 2112 3816 2166 accendit

2116 2201 2186 2255 de
2217 2217 2274 2254 se
2331 2201 2647 2267 lucernam,
2697 2218 2825 2272 quae
2873 2202 2942 2256 de
2974 2202 3093 2255 luto
3116 2205 3221 2269 est,
3255 2201 3314 2256 id
3339 2205 3424 2256 est
3451 2216 3707 2266 carnem,
3756 2205 3813 2255 et

2117 2295 2280 2345 nocte
2302 2291 2625 2344 illuminata
2657 2289 2874 2344 invenit
2904 2290 3258 2345 drachmam.

2188 2381 2256 2434 Et
2281 2379 2444 2434 dixit.
2479 2380 2654 2448 (Αυρ.)
2690 2378 3028 2433 Deliberavi.

2186 2469 2434 2521 Forsitan
2466 2473 2532 2521 te.
2571 2467 2856 2522 Tenebras
2899 2466 3036 2521 dicit
3093 2466 3246 2519 illam
3315 2463 3648 2520 inferiorem
3677 2480 3811 2534 par-

2116 2561 2232 2610 tem
2295 2555 2586 2610 rationalis
2660 2560 2957 2618 creaturse,
3030 2553 3372 2608 contrariam
3425 2553 3808 2618 insistentem,

2117 2644 2328 2698 scilicet
2351 2644 2578 2714 iniquos
2607 2643 2870 2698 homines
2915 2643 2998 2696 vel
3031 2658 3283 2708 carnem,
3333 2641 3486 2695 unde
3518 2639 3717 2694 timet:
3749 2641 3814 2693 Et

2115 2739 2218 2799 est,
2258 2733 2519 2799 Tenebrae,
2554 2732 2611 2787 id
2653 2737 2738 2786 est
2776 2731 3014 2786 inferior
3067 2729 3361 2785 rationalis
3415 2733 3674 2784 creatura
3734 2729 3812 2782 si-

2115 2821 2354 2875 nistram
2383 2826 2586 2876 tenens
2609 2821 2778 2875 viam.

309 2921 424 2971 eas,
457 2910 514 2960 et
538 2906 850 2976 permisisti
883 2924 976 2962 me
1007 2907 1067 2962 in
1110 2909 1308 2962 labore
1351 2909 1457 2978 ire,
1507 2915 1568 2964 ut
1617 2909 1863 2964 redirem
1921 2909 2002 2963 si-
2035 2905 2075 2960 C
2184 2910 2636 2966 Conculcaverunt
2682 2925 2781 2962 me.
2855 2909 2972 2977 (10.)
3030 2910 3110 2962 Ita
3194 2906 3490 2970 timebam,
3554 2906 3651 2960 sed
3698 2921 3811 2959 nox

307 2994 523 3047 nollem
552 2994 836 3066 laborare,
864 2996 970 3050 hoc
1022 2996 1224 3051 fateor.
1286 2997 1426 3062 Quia
1471 3013 1578 3052 non
1621 3003 1699 3053 est
1729 2999 1883 3054 dolus
1944 3001 2002 3052 in

307 3083 497 3150 lingua
525 3099 674 3137 mea:
699 3083 822 3154 jam
849 3083 908 3138 in
940 3088 1036 3138 tua
1061 3085 1246 3157 gratia
1273 3085 1588 3156 justiﬁcati.

377 3172 540 3226 Vens.
574 3175 624 3225 5.
658 3203 726 3211 —
747 3174 1056 3230 Novissima
1072 3190 1217 3242 mea,
1239 3175 1467 3246 quando
1491 3191 1693 3246 porcos
1713 3175 1862 3246 pavi,
1887 3179 1938 3229 Α
1947 3193 2004 3230 n-

309 3259 487 3328 tiqua,
525 3259 756 3329 quando
783 3265 1005 3329 partem
1027 3261 1363 3315 substantias
1381 3261 1540 3331 petii,
1563 3263 1671 3316 hoc
1691 3263 2003 3316 secundum

308 3347 666 3416 parabolam.
703 3347 808 3402 Sed
848 3347 1106 3416 mystice,
1148 3350 1419 3417 Antiqua,
1453 3350 1681 3419 quando
1702 3367 1803 3420 per
1858 3351 2004 3404 anti-

309 3449 490 3504 quum
511 3438 774 3504 pecatum
804 3435 948 3505 lapsi
979 3453 1174 3490 sumus
1199 3453 1211 3490 :
1245 3438 1568 3505 Novissima,
1602 3454 1789 3508 poena,
1820 3455 2000 3509 quan-

308 3521 384 3576 do
415 3521 476 3574 in
501 3522 648 3577 hanc
675 3524 1085 3578 mortalitatem
1115 3525 1394 3594 venimus,
1421 3542 1550 3596 quae
1581 3531 1667 3581 est
1695 3526 1921 3594 ultima,
1956 3527 2002 3580 si

307 3610 498 3665 redire
529 3611 794 3665 volumus
833 3612 1090 3683 alioquin
1134 3618 1305 3668 restat
1335 3621 1570 3669 aeterna.
1602 3617 1872 3670 Formasti
1901 3633 2000 3682 me,

309 3698 382 3753 ad
404 3698 647 3766 labores,
672 3699 742 3754 ad
758 3715 901 3771 quos
919 3717 1116 3756 omnes
1137 3703 1256 3756 nati
1275 3719 1488 3757 sumus.
1513 3705 1773 3758 Posuisti.
1805 3702 2004 3774 (Alias)
2019 3697 2031 3713 ’

310 3786 566 3840 Gravasti
628 3802 884 3856 manum,
942 3787 1246 3855 vindicem,
1301 3795 1634 3860 gravantem
1691 3791 2005 3861 superbum

309 3873 638 3945 salubriter,
656 3875 913 3946 uterigat
931 3877 1233 3944 humilem,
1261 3877 1319 3930 in
1339 3881 1573 3948 gravata
1593 3894 1788 3932 manu.

381 3964 550 4018 Vens.
579 3967 630 4017 6.
666 3994 734 4004 —
756 3965 1049 4033 Mirabilis,
1085 3971 1142 4019 et
1188 3967 1784 4038 incomprehensibllis
1839 3969 2002 4024 mihi.

308 4051 483 4106 Facta
509 4056 588 4106 est
613 4054 860 4108 scientia.
904 4055 1028 4106 Non
1081 4058 1165 4107 est
1221 4055 1363 4108 mihi
1417 4054 1582 4110 facile
1630 4058 2006 4128 contemplari

2109 3000 2262 3065 facta
2316 3001 2394 3052 est
2440 2999 2774 3054 illuminatio
2802 2999 2859 3051 in
2888 2997 3099 3050 deliciis
3132 2997 3283 3062 meis,
3339 2994 3397 3048 id
3429 2997 3513 3048 est
3533 2993 3650 3047 illis
3681 2993 3809 3064 qui,

2109 3086 2272 3157 prius
2325 3103 2457 3154 uox,
2529 3085 2839 3140 illuminati
2890 3090 3061 3140 erunt
3111 3084 3170 3138 in
3225 3083 3463 3139 deliciis.
3532 3083 3676 3148 Quia
3732 3087 3804 3136 te.

2111 3179 2458 3232 Peccatores.
2503 3231 2516 3246 ,

2183 3267 2347 3319 Vens.
2406 3267 2495 3320 l2.
2556 3295 2624 3304 —
2684 3265 2799 3319 Non
2845 3263 3294 3328 obscurabuntur,
3329 3265 3458 3329 etc.,
3515 3264 3568 3313 et
3612 3275 3745 3329 nox,
3780 3275 3818 3314 a

2109 3353 2507 3426 peccatoribus
2566 3352 2926 3424 degentibus.
2959 3352 3116 3405 Sicut
3181 3349 3318 3416 dies,
3368 3348 3428 3402 id
3483 3353 3564 3402 est
3628 3347 3812 3400 sancti

2110 3444 2179 3499 de
2220 3441 2449 3497 Judaeis.
2528 3443 2685 3497 Sicut
2733 3441 2960 3495 tenebrae
3001 3440 3142 3508 ejus,
3190 3438 3278 3494 ita
3328 3443 3378 3490 et
3420 3438 3620 3503 lumen,
3671 3436 3816 3506 quia

2113 3536 2395 3602 quatenus
2425 3527 2702 3598 agnoscit,
2761 3531 2998 3580 eatenus
3040 3524 3300 3595 ignoscit.
3343 3523 3452 3578 Sed
3507 3523 3664 3576 unde
3703 3523 3819 3576 hoc

2113 3617 2296 3673 mihi?
2345 3619 2478 3686 quia
2530 3622 2590 3672 tu
2636 3615 2928 3686 possedisti
2976 3629 3126 3668 renes
3161 3627 3322 3667 meos.
3369 3612 3509 3678 Quia
3559 3611 3810 3664 tenebrae.

2115 3707 2303 3777 (Αυα.)
2356 3706 2464 3771 Qui
2521 3721 2639 3760 non
2698 3704 3004 3758 conﬁtetur
3066 3706 3315 3773 peccata,
3378 3717 3506 3753 suas
3552 3699 3821 3752 tenebrat

2114 3796 2409 3862 tenebras;
2467 3795 2565 3848 sed
2601 3794 2647 3846 si
2694 3792 3018 3858 conﬁtetur,
3083 3792 3232 3844 Deus
3284 3788 3593 3843 illuminat.
3652 3788 3817 3842 Sicut

2114 3884 2338 3938 tenebrae
2411 3883 2554 3952 ejus.
2619 3883 2835 3936 Nostrae
2873 3880 3074 3946 noctis,
3105 3879 3292 3946 idest,
3356 3879 3626 3932 humanae
3673 3877 3812 3930 vita:

2114 3971 2380 4038 miseriae,
2409 3975 2537 4038 etc.,
2565 3985 2734 4038 usque
2763 3968 2838 4022 ad
2857 3983 3031 4039 quem
3061 3968 3255 4021 lumen
3289 3981 3408 4020 non
3438 3963 3676 4018 extollit.

2194 4061 2356 4115 Vnus.
2394 4062 2477 4114 l3.
2518 4088 2587 4099 —
2640 4058 2778 4124 Quia
2827 4063 2885 4111 tu
2927 4055 3222 4126 possedisti
3260 4069 3412 4109 renes
3459 4068 3619 4107 meos.
3677 4052 3811 4121 (ID.)

309 4143 386 4205 te,
411 4155 583 4209 quem
605 4141 885 4211 superbus
919 4141 1146 4212 reliqui,
1182 4146 1246 4196 ut
1285 4143 1447 4213 prius
1469 4149 1590 4197 erat
1635 4161 1764 4199 cum
1822 4163 2005 4200 essem
2035 4193 2076 4216 η
2119 4148 2276 4203 Unde
2316 4148 2438 4202 haec
2495 4146 2814 4201 differentia
2861 4144 3006 4199 tibi?
3058 4144 3192 4216 quia
3225 4143 3466 4198 interior
3516 4157 3820 4212 possessor

311 4228 556 4298 apudte,
581 4229 810 4299 quando
859 4229 996 4296 dixi,
1053 4231 1124 4284 da
1184 4231 1325 4285 mihi
1366 4235 1588 4302 partem
1649 4233 2000 4289 substantiae.

309 4317 398 4371 Ex
427 4331 530 4382 me,
561 4314 622 4370 id
651 4321 734 4370 est
755 4332 823 4370 ex
851 4322 1084 4387 peccato
1115 4333 1260 4372 meo.

381 4405 701 4470 Confortata
737 4409 834 4471 est,
863 4404 1042 4476 (alias)
1097 4405 1355 4460 invaluit.
1409 4411 1480 4462 Et
1525 4424 1631 4463 non
1684 4415 1868 4478 potero
1919 4415 2007 4465 at-

310 4491 532 4562 tingere
553 4508 623 4546 ex
651 4507 759 4546 me.
781 4492 976 4563 (AUG.)
999 4493 1061 4547 In
1085 4494 1500 4564 Exodolegitur
1523 4498 1850 4566 Dominum,
1875 4505 2006 4566 etc.,

308 4594 479 4649 usque
503 4580 578 4635 ad
599 4585 654 4635 te
677 4597 792 4635 non
815 4581 982 4648 lateo,
1015 4583 1178 4652 cujus
1204 4583 1446 4638 limitem
1471 4585 1650 4639 vides.

381 4670 554 4724 Vnus.
589 4674 641 4723 7.
703 4699 771 4710 —
801 4669 912 4735 Quo
943 4670 1030 4724 ibo
1058 4673 1264 4740 spiritu
1295 4677 1383 4726 tuo
1405 4679 1428 4726 ?
1484 4672 1690 4744 (CASS.)
1749 4675 2009 4729 Secunda

313 4775 466 4830 pars,
498 4761 599 4814 ubi
622 4760 744 4832 jam
767 4760 1047 4816 deliberat
1085 4777 1204 4815 non
1232 4777 1354 4816 esse
1385 4762 1454 4816 ab
1484 4779 1552 4816 eo
1600 4763 2004 4834 fungiendum,

311 4849 409 4903 sed
442 4850 513 4904 ad
551 4865 706 4916 eum,
739 4847 810 4903 ab
857 4849 1002 4904 irato
1059 4849 1132 4903 ad
1157 4851 1466 4920 placatum,
1530 4852 1686 4921 quod
1713 4853 1824 4906 erit
1872 4869 2006 4923 per-

310 4938 522 5008 ipsum,
555 4954 670 5009 quo
700 4939 902 5009 plenus
931 4943 1018 4992 est
1054 4939 1306 4993 mundus
1331 4957 1344 4993 :
1365 4942 1605 5009 Spiritus
1631 4943 1770 4995 enim
1793 4944 2012 4996 Domini

307 5028 477 5096 replet
495 5028 696 5080 omnia.
732 5028 848 5092 Quo
876 5043 910 5080 a
938 5029 1084 5093 facie
1114 5031 1208 5080 tua
1231 5029 1486 5096 fugiam?
1517 5029 1684 5082 vertit
1715 5045 1772 5083 se
1799 5030 1904 5084 hac
1952 5035 2009 5084 et

310 5115 462 5178 illac,
495 5115 659 5186 quasi
688 5131 944 5186 quaerens
966 5116 1152 5170 locum
1187 5116 1358 5187 fugae.

384 5205 544 5258 Vens.
576 5207 628 5258 8.
659 5233 730 5245 —
758 5204 820 5260 Si
855 5204 1142 5259 ascendero
1180 5207 1239 5258 in
1277 5205 1485 5272 cxlum,
1521 5209 1578 5259 tu
1615 5207 1731 5261 illic
1778 5222 1850 5275 es,
1898 5211 2003 5262 etc.

311 5292 501 5362 (Auu.)
549 5291 606 5347 Si
658 5309 749 5347 me
785 5293 1063 5360 extulero,
1091 5293 1321 5348 invenio
1372 5309 1793 5364 repressorem;
1841 5295 1887 5350 si
1937 5297 2005 5351 de

312 5378 530 5450 justitia
576 5395 705 5434 mea
760 5381 1120 5451 superbiero,
1170 5384 1249 5436 Tu
1294 5383 1373 5436 ibi
1419 5397 1494 5448 es,
1546 5384 1709 5453 cujus
1759 5401 1890 5438 vere
1921 5390 2007 5440 est

303 5465 550 5536 justitia.
583 5469 649 5534 Si
677 5469 1014 5536 descendere,
1069 5470 1357 5541 peccando
1414 5486 1646 5540 venero,
1682 5472 1778 5528 Ad
1841 5472 2006 5540 infer-

2117 4253 2230 4291 uon
2256 4238 2442 4291 solum
2472 4252 2588 4301 cor,
2620 4235 2678 4290 id
2711 4240 2796 4289 est
2831 4234 3206 4305 cogitationes
3244 4236 3420 4300 tenet,
3467 4231 3564 4285 sed
3627 4234 3682 4284 et
3721 4246 3817 4282 re-

2117 4343 2236 4394 nes,
2261 4326 2319 4380 id
2343 4330 2428 4380 est
2459 4323 2869 4379 delectationes
2900 4341 2913 4378 :
2940 4327 3002 4376 ut
3045 4338 3164 4377 non
3209 4321 3452 4376 delectet
3481 4320 3576 4373 lux
3605 4319 3817 4386 noctis,

2116 4415 2215 4470 sed
2244 4416 2339 4469 lux
2361 4413 2658 4484 sapientiae
2678 4429 2814 4468 suae.

2188 4504 2346 4556 Vens.
2409 4503 2492 4556 14.
2547 4531 2616 4541 -—
2669 4499 2966 4569 Conﬁtebor
3016 4499 3141 4554 tibi.
3176 4497 3379 4568 (Cass)
3428 4495 3618 4549 Tertia
3655 4510 3812 4565 pars,

2116 4590 2215 4645 ubi
2245 4589 2400 4653 dicit,
2426 4589 2704 4644 revolauti
2730 4588 2799 4642 ad
2830 4588 3030 4651 Deum,
3068 4587 3182 4640 Deo
3225 4583 3609 4648 illuminante,
3645 4598 3815 4636 renes

2115 4678 2457 4750 possidente,
2532 4680 2747 4748 quanta
2806 4680 2894 4730 est
2917 4673 3220 4728 exsultatio
3281 4677 3336 4726 et
3384 4670 3810 4740 multiplicatio.

2115 4767 2319 4822 Anima
2366 4781 2484 4820 mea
2541 4769 2815 4834 cognoscet
2859 4765 3040 4818 nimis.
3097 4762 3288 4829 (Auu.)
3345 4760 3469 4814 lam
3524 4759 3816 4830 cognoscit

2115 4855 2308 4908 anima
2337 4870 2464 4908 mea
2489 4854 2651 4908 valde
2677 4873 2694 4907 :
2727 4857 2858 4907 ante
2893 4856 3015 4906 erat
3045 4851 3192 4905 mira
3215 4850 3440 4904 scientia
3471 4853 3566 4902 tua
3591 4864 3659 4901 ex
3705 4863 3810 4912 me,

2113 4958 2207 4997 nec
2237 4947 2478 5012 poteram
2497 4941 2571 4996 ad
2590 4957 2736 5009 eam;
2771 4941 2869 4995 sed
2901 4939 3070 4994 modo
3093 4953 3348 5009 possum,
3395 4936 3530 5008 quia
3583 4941 3810 4990 noctem

2113 5030 2476 5100 illuminasti,
2533 5046 2699 5084 renes
2761 5029 3087 5102 possedisti,
3136 5027 3204 5082 de
3276 5031 3437 5080 utero
3490 5024 3810 5095 suscepisti,

2115 5119 2171 5174 id
2207 5125 2312 5186 est,
2363 5119 2498 5191 quia
2545 5119 2704 5173 venit
2771 5116 2915 5172 mihi
2961 5116 3147 5188 gratia
3186 5120 3305 5182 tua,
3364 5117 3422 5169 et
3467 5112 3815 5166 illuminavit

2116 5224 2226 5264 me.

2183 5297 2347 5351 Vens.
2383 5298 2467 5352 15.
2501 5327 2570 5335 -
2599 5295 2716 5352 Non
2753 5298 2830 5348 est
2868 5293 3192 5348 occultatum
3222 5305 3279 5346 os
3325 5304 3498 5344 meum
3526 5305 3560 5343 a
3591 5293 3642 5342 te
3665 5287 3812 5357 quod

2113 5387 2296 5451 fecisti
2332 5387 2388 5439 in
2431 5385 2650 5439 occulto.
2683 5382 2802 5453 (Io.)
2835 5382 2909 5437 Os
2962 5381 3032 5435 ab
3063 5397 3205 5447 osse,
3229 5394 3346 5433 non
3377 5377 3446 5432 ab
3506 5392 3629 5446 ore,
3677 5383 3809 5443 etc.,

2116 5490 2285 5542 usque
2305 5473 2380 5527 ad
2415 5472 2569 5528 unde
2595 5470 2901 5542 Apostolus
2925 5487 2938 5525 ε
2973 5469 3143 5536 Quasi
3168 5469 3372 5537 tristes,
3401 5482 3607 5536 semper
3629 5471 3808 5521 autem
