4082 6184
234 227 359 281 1061

1380 220 1635 277 GLOSSA
1671 218 2073 277 ORDINARIA.
2113 249 2183 261 —
2222 220 2358 278 LIB.
2406 222 2649 277 PSALM.

3596 231 3731 284 1062

227 349 542 415 gaudentes.
577 343 807 416 (BASIL)
862 345 1078 398 lterum
1108 343 1176 397 de
1206 343 1566 413 praescientia
1608 343 1711 398 Dei
1733 343 1919 414 loqui-
1951 345 1998 399 Α
2108 346 2265 399 Vens.
2307 348 2359 401 3.
2395 375 2463 385 ——
2494 347 2603 411 Qui
2633 348 3019 412 cogitaverunt.
3076 348 3274 419 (CAss.)
3314 350 3572 414 Qualiter
3599 354 3739 408 mali

225 442 339 505 tur,
389 442 486 490 aut
539 434 734 488 omnia
785 433 939 487 illius
997 448 1205 486 arcana
1233 448 1352 486 esse
1402 432 1560 498 dicit,
1618 436 1717 487 aut
1767 432 1925 486 aliud

225 525 379 596 quod
405 524 560 590 dicit,
594 521 888 593 opiﬁcium
924 520 1187 577 videlicet
1224 525 1280 574 et
1309 520 1738 592 ﬁgurationem.
1778 521 1922 575 Sub-

227 617 433 668 stantia
481 628 599 666 mea
644 613 703 665 in
726 610 1081 677 inferioribus
1112 615 1284 664 terra.
1319 610 1500 679 (Αῠο.)
1558 611 1621 663 In
1652 625 1820 663 carne
1869 613 1925 663 et

226 707 421 757 tamen
460 717 520 755 os
549 717 668 754 non
697 699 846 753 cedit
865 698 1030 752 malis
1063 699 1235 769 hujus
1265 697 1572 765 inferioris,
1592 702 1723 766 etc.,
1754 713 1924 768 usque

227 790 301 845 ad
325 806 437 843 non
466 804 603 857 ergo
636 789 961 858 desperent.

293 879 464 931 Vens.
516 879 599 931 16.
634 907 702 914 —
731 877 1114 944 Imperfectum
1142 889 1317 928 meum
1364 874 1618 928 uiderunt
1645 875 1790 929 oculi
1820 876 1921 941 tui,

223 971 274 1021 et
298 969 356 1020 in
386 966 523 1019 libro
551 972 641 1020 tuo
687 979 885 1029 omnes,
930 967 1034 1017 etc.
1085 964 1208 1033 (lo.)
1272 963 1381 1027 Qui
1409 963 1706 1034 hucusque
1765 964 1923 1017 locu-

225 1061 317 1109 tus
376 1060 460 1109 est
506 1071 575 1107 ex
622 1069 869 1123 persona
921 1051 1192 1122 corporis,
1247 1052 1340 1106 hic
1391 1051 1511 1121 jam
1570 1051 1831 1123 loquitur
1858 1068 1923 1105 ex

225 1158 473 1213 persona
500 1141 719 1212 capitis.
782 1142 913 1193 Dies
962 1139 1367 1206 formabuntur.
1405 1137 1602 1209 (Alias)
1654 1142 1753 1193 Per
1782 1140 1925 1193 diem

223 1232 510 1286 errabant.
545 1231 672 1284 Dies
703 1230 794 1283 hic
829 1245 1065 1283 manens
1111 1230 1296 1282 adhuc
1325 1232 1447 1283 erat
1481 1229 1756 1298 Christus,
1789 1235 1921 1297 etc.,

224 1335 396 1389 usque
444 1320 518 1373 ad
549 1319 685 1389 quia
710 1318 845 1372 facti
891 1318 1131 1388 apostoli
1194 1317 1364 1371 duces
1419 1321 1477 1372 et
1514 1322 1770 1388 pastores
1819 1320 1923 1373 Ec-

227 1409 434 1463 clesiae.
468 1406 638 1471 Quasi
670 1406 875 1459 merito
916 1422 1021 1475 ego
1068 1405 1198 1459 illos
1227 1405 1560 1470 confortavi,
1596 1411 1726 1475 etc.,
1755 1422 1924 1475 usque

225 1499 300 1551 ad
358 1503 414 1551 et
458 1497 519 1550 in
549 1495 929 1566 promissione
960 1494 1176 1549 dictum
1208 1500 1294 1548 est
1338 1495 1615 1548 Abrahae:
1646 1496 1918 1564 Multipli-

2034 437 2461 504 persequuntur
2492 436 2840 506 exsequitur,
2878 436 3224 506 impugnant
3240 438 3393 492 enim
3433 439 3615 494 bonos
3636 443 3738 496 tri-

2032 521 2139 575 bus
2186 521 2396 591 modis,
2448 523 2660 577 scilicet
2701 523 2921 594 lingua,
2973 540 3147 578 manu
3205 531 3263 580 et
3308 527 3508 581 corde:
3563 533 3619 582 et
3669 530 3738 584 de

2033 610 2201 664 corde
2242 611 2559 681 praemittit,
2611 612 2826 681 dicens,
2886 615 2991 683 Qui
3026 615 3418 684 cogitaverunt,
3452 616 3617 686 quasi
3648 618 3734 671 di-

2032 702 2201 764 ceret,
2234 698 2499 769 Eripeme
2530 716 2563 753 a
2586 701 2798 771 populo
2840 702 3143 755 malorum.
3181 703 3365 774 (Auo.)
3396 704 3504 767 Qui
3536 705 3643 759 etsi
3672 705 3731 759 in

2032 785 2199 839 labiis
2228 787 2567 858 plerumque
2614 788 2764 843 bona
2811 789 3192 859 praetendant,
3220 796 3416 845 tamen
3444 794 3739 863 cogitave-

2034 880 2169 928 runt
2194 875 2559 947 iniquitatem
2581 877 2641 930 in
2664 879 2850 932 corde.

2106 964 2264 1018 Vens.
2324 967 2377 1019 4.
2435 995 2506 1007 -
2541 966 2841 1022 Acuerunt.
2881 966 3137 1031 Qualiter
3191 967 3252 1021 in
3300 968 3499 1039 lingua
3540 984 3737 1040 perse-

2033 1058 2309 1124 quuntur,
2359 1054 2624 1109 ostendit.

2105 1142 2256 1197 Sicut
2300 1146 2583 1211 serpentis.
2661 1144 2790 1213 (lo.)
2846 1145 2909 1197 In
2965 1149 3230 1213 serpente
3282 1148 3367 1198 est
3421 1146 3633 1199 astutia
3682 1151 3739 1199 et

2032 1228 2195 1283 dolus
2224 1230 2493 1285 nocendi:
2525 1230 2655 1285 ideo
2687 1237 2745 1285 et
2792 1231 2987 1302 serpit,
3022 1248 3139 1285 non
3187 1232 3404 1285 habens
3440 1233 3637 1302 pedes,
3671 1238 3739 1287 ut

2034 1333 2148 1371 non
2181 1318 2470 1387 audiatur,
2501 1334 2633 1372 cum
2663 1318 2855 1388 venit;
2910 1319 3054 1373 lenis
3083 1324 3168 1373 est
3219 1320 3343 1390 ejus
3380 1325 3611 1388 tractus,
3636 1322 3733 1376 sed

2032 1422 2151 1461 non
2172 1411 2398 1461 rectus:
2435 1407 2513 1461 sic
2547 1407 2684 1462 mali
2707 1413 2946 1478 serpunt
2973 1409 3045 1463 ad
3096 1409 3441 1475 nocendum,
3490 1410 3595 1463 sub
3623 1410 3735 1465 levi

2034 1500 2215 1549 tractu
2264 1497 2542 1550 habentes
2598 1497 2881 1551 occultum
2950 1513 3254 1564 venenum,
3310 1500 3465 1552 unde
3517 1499 3729 1564 subdit,

224 1587 357 1642 cabo
386 1600 559 1640 semen
610 1590 759 1639 tuum
810 1586 951 1638 sicut
1007 1585 1190 1638 stellas
1242 1584 1358 1639 cazli
1412 1588 1461 1638 et
1516 1586 1656 1638 sicut
1701 1599 1921 1639 arenam
1956 1623 1998 1678 Β
2038 1587 2311 1639 Venenum
2340 1585 2591 1653 aspidum
2617 1585 2715 1638 sub
2746 1585 2907 1639 labiis
2938 1600 3138 1640 eorum.

226 1690 398 1729 maris
406 1719 414 1728 .

301 1764 461 1815 Vens.
518 1764 601 1815 18.
650 1790 719 1801 -
767 1759 969 1815 Adhuc
1019 1774 1139 1813 sum
1188 1766 1378 1826 tecum,
1437 1765 1543 1814 etc.
1606 1759 1759 1814 Sicut
1798 1765 1927 1815 ante

226 1856 495 1914 mortem,
534 1849 688 1919 quod
717 1853 1065 1918 putaverunt
1112 1864 1170 1901 se
1200 1847 1395 1903 tulisse
1429 1847 1631 1902 Judaei.
1666 1850 1786 1916 Vel,
1820 1850 1928 1903 ad-

227 1942 353 2008 huc,
378 1939 432 1992 id
460 1944 557 2001 est,
585 1939 710 2007 ipsa
737 1942 937 2005 morte,
971 1936 1127 2007 quod
1158 1953 1277 1990 non
1323 1936 1547 1991 videtur
1576 1937 1645 1991 de
1675 1943 1922 1992 mortuo.

224 2028 349 2094 Vel,
382 2027 484 2080 etsi
522 2026 860 2081 resurrectio
893 2025 968 2078 sit
989 2025 1220 2094 signum
1248 2024 1496 2093 deitatis,
1524 2030 1717 2080 tamen
1750 2026 1927 2081 adhuc

222 2129 345 2168 sum
376 2116 634 2168 occultus
655 2113 937 2183 pluribus,
968 2120 1159 2182 tecum,
1192 2113 1251 2167 id
1279 2116 1383 2178 est,
1418 2117 1480 2166 ut
1510 2118 1599 2167 tu.
1703 2098 1771 2133 ’³⁸

302 2203 485 2274 (Αυα.)
544 2203 738 2257 Adhuc
767 2218 885 2256 sum
942 2208 1129 2256 tecum.
1166 2202 1431 2256 Nondum
1474 2218 1605 2256 cum
1637 2202 1773 2273 ipsis
1827 2220 1930 2274 per

225 2292 517 2358 notitiam,
559 2291 693 2361 quia
731 2290 987 2345 nondum
1042 2295 1381 2361 agnoscunt,
1440 2290 1577 2361 quia
1626 2307 1740 2345 non
1796 2308 1929 2346 mox

223 2385 363 2451 post
392 2380 866 2434 resurrectionem
920 2379 1208 2433 Christum
1240 2386 1620 2449 agnoverunt.
1653 2381 1772 2449 Vel,
1803 2386 1923 2434 toto

227 2471 343 2523 hoc
389 2474 644 2539 tempore
668 2472 858 2521 tecum
892 2483 1021 2521 sum
1052 2467 1110 2520 in
1142 2468 1359 2521 occulto
1390 2468 1461 2521 ad
1495 2469 1786 2522 dexteram
1827 2471 1928 2523 Pa-

227 2558 357 2625 tris,
413 2563 720 2629 antequam
756 2557 1040 2611 reveletur
1088 2556 1148 2609 in
1197 2572 1263 2610 ea
1291 2556 1546 2610 claritate
1598 2573 1712 2627 qua
1740 2562 1929 2614 ventu-

230 2663 330 2701 rus
362 2652 468 2701 est.

296 2737 459 2790 Vens.
516 2738 599 2789 l9.
634 2765 704 2774 -—-
756 2736 819 2787 Si
870 2733 1146 2801 occideris,
1205 2734 1375 2799 Deus,
1434 2739 1754 2803 peccatores,
1817 2738 1923 2789 etc.

231 2824 428 2894 (Cass)
460 2823 671 2887 Quarta
721 2838 853 2894 pars
899 2821 1188 2891 quomodo
1221 2837 1255 2874 a
1316 2822 1482 2875 malis
1511 2839 1626 2877 non
1654 2828 1928 2877 noceatur

2108 1674 2271 1727 Vens.
2307 1675 2357 1728 5.
2409 1702 2483 1713 -
2513 1673 2745 1727 Custodi
2798 1689 2897 1739 me,
2939 1676 3179 1728 Domine.
3236 1674 3431 1744 (Cass)
3466 1676 3543 1729 De
3600 1692 3736 1746 per-

2039 1762 2349 1827 secutione,
2405 1777 2532 1831 qua:
2593 1761 2659 1815 ﬁt
2731 1777 2928 1827 manu,
2985 1761 3041 1815 id
3112 1767 3214 1824 est,
3270 1778 3464 1832 opere,
3522 1764 3733 1819 subdit.

2039 1849 2268 1905 Custodi
2300 1865 2411 1915 me,
2439 1849 2574 1919 quia
2622 1864 2726 1920 per
2767 1850 2946 1903 multa
2978 1850 3140 1916 fallit,
3197 1866 3326 1920 quae
3358 1851 3559 1921 nequit
3588 1868 3735 1922 pree-

2040 1954 2257 1992 cavere.
2428 1926 2433 1931 ’

2111 2027 2272 2080 Vens.
2333 2028 2385 2079 9.
2418 2055 2487 2065 —
2532 2025 2781 2094 Superbi.
2833 2026 2988 2095 (Avo)
3042 2026 3156 2079 Hoc
3199 2027 3432 2081 nomine
3488 2028 3736 2082 breviter

2036 2118 2223 2168 totum
2268 2129 2471 2184 corpus
2515 2114 2727 2168 diaboli
2787 2114 3116 2185 explicavit:
3151 2115 3283 2169 inde
3341 2121 3426 2169 est
3478 2119 3631 2187 quod
3680 2122 3737 2171 et

2031 2202 2216 2271 justos
2246 2218 2305 2255 se
2329 2202 2528 2256 dicunt
2557 2207 2614 2256 et
2663 2202 2867 2256 nolunt
2904 2203 3192 2268 conﬁteri;
3230 2205 3417 2257 omnis
3459 2206 3737 2275 superbus

2039 2291 2211 2345 etiam
2243 2290 2469 2344 invidus
2499 2294 2602 2355 est,
2632 2289 2777 2344 sicut
2806 2290 3089 2359 diabolus,
3122 2292 3222 2361 qui
3254 2291 3458 2346 invidit
3484 2294 3732 2360 homini,

2038 2380 2191 2451 quod
2221 2379 2488 2450 perdidit.
2525 2379 2605 2433 Et
2637 2381 2795 2445 times
2844 2379 3275 2433 emtenderuntin
3321 2382 3589 2449 laqueum,
3624 2388 3731 2436 etc.

2041 2469 2199 2523 Unde
2227 2468 2425 2521 Isaias:
2485 2468 2688 2521 Vae'his
2735 2468 2832 2535 qui
2856 2468 3082 2521 trahunt
3106 2472 3328 2535 peccata
3370 2471 3509 2522 sicut
3535 2474 3730 2524 vestem

2038 2559 2270 2624 longam,
2322 2555 2458 2627 quia
2489 2555 2705 2609 addunt
2731 2560 2963 2626 peccata
3009 2556 3273 2625 peccatis,
3306 2560 3437 2622 etc.,
3460 2571 3630 2626 usque
3658 2559 3732 2612 ad

2039 2652 2097 2699 et
2128 2645 2388 2699 mittatur
2414 2644 2475 2698 in
2504 2644 2768 2698 tenebras
2795 2643 3121 2698 exteriores.

2109 2735 2269 2787 Vens.
2299 2737 2354 2787 7.
2382 2762 2449 2773 -
2482 2734 2623 2785 Dixi
2656 2732 2907 2786 Domino.
2938 2731 3066 2800 (11).)
3089 2731 3433 2801 Diapsalma.
3476 2732 3735 2789 Secunda

2038 2837 2188 2891 pars,
2224 2820 2377 2891 quod
2408 2819 2686 2874 auxilium
2740 2824 2937 2873 contra
2977 2820 3148 2887 mala,
3208 2820 3371 2890 quasi
3428 2820 3595 2887 dicat,
3648 2826 3737 2877 tot

230 2913 305 2968 ei.
365 2912 554 2982 (Αυο.)
600 2912 667 2965 Si
716 2910 997 2964 occideris.
1057 2909 1256 2964 Subdit
1314 2910 1450 2980 quid
1505 2911 1725 2966 interea
1781 2912 1925 2983 pati-
1957 2901 1999 2957 Ο
2040 2909 2229 2963 modis
2258 2909 2395 2963 mali
2436 2908 2802 2978 impugnant,
2832 2913 2887 2962 et
2929 2908 3080 2979 quod
3113 2912 3198 2962 est
3218 2909 3535 2965 remedium
3584 2911 3740 2966 inter

225 3005 343 3069 tur,
371 3006 502 3062 etc.,
530 3014 698 3068 usque
726 2998 801 3052 ad
824 2998 882 3051 in
909 2998 1125 3068 judicio
1156 2998 1305 3052 dicet
1351 3002 1574 3069 aperte:
1606 3001 1780 3055 Amen
1810 3001 1929 3056 dico

222 3090 398 3151 vobis,
426 3104 530 3142 non
568 3089 695 3142 novi
719 3102 830 3152 vos,
863 3086 1170 3141 disceditea
1196 3103 1298 3142 me.

304 3178 463 3231 Vens.
494 3180 583 3231 21.
607 3206 676 3216 -
705 3178 890 3231 Nonne
936 3178 1034 3245 qui
1061 3175 1288 3230 oderunt
1340 3180 1407 3241 te,
1441 3176 1688 3231 Domine.
1733 3178 1925 3246 Quasi,

231 3268 294 3322 Si
346 3265 623 3331 occideris,
665 3266 851 3320 Nonne
894 3266 991 3332 qui
1017 3264 1250 3319 oderunt
1292 3268 1345 3318 te
1372 3264 1636 3319 oderam?
1688 3267 1840 3333 Illos,
1873 3273 1931 3322 et

230 3370 339 3425 ego
372 3353 649 3407 occidam.

302 3441 489 3512 (Ana)
548 3441 721 3505 Quasi
804 3440 1057 3495 haeretici
1119 3455 1241 3493 non
1327 3438 1736 3511 intelligentes.
1796 3445 1927 3513 etc.,

231 3547 403 3599 usque
429 3530 504 3584 ad
533 3530 825 3601 quomodo
880 3545 1016 3600 ergo
1074 3528 1446 3599 permistione
1496 3545 1698 3584 eorum
1731 3536 1927 3586 conta-

232 3620 458 3673 minor?

300 3708 480 3763 Proba
524 3722 626 3773 me,
688 3707 933 3761 Domine.
991 3706 1132 3775 (Ιο.)
1192 3700 1497 3776 [Inousque
1546 3707 1615 3761 de
1646 3708 1928 3763 haereticis

231 3802 290 3850 et
313 3796 442 3850 aliis
495 3811 590 3849 eos
649 3794 1020 3865 sequentibus
1068 3793 1138 3847 ab
1174 3793 1418 3848 Ecclesia
1448 3796 1741 3864 separatis,
1776 3813 1929 3851 nunc

230 3884 405 3938 etiam
426 3884 546 3954 agit
581 3884 649 3938 de
682 3883 869 3948 malis,
915 3882 1003 3937 vel
1052 3882 1198 3936 ﬁctis
1247 3882 1357 3936 sibi
1402 3883 1741 3952 conjunctis,
1782 3901 1929 3955 quos

229 3971 450 4040 patitur
480 3969 741 4034 Ecclesia,
775 3974 832 4023 et
861 3968 1064 4039 gemit.
1100 3968 1269 4032 Quasi
1293 3968 1545 4022 haaretici
1574 3985 1654 4036 se,
1707 3976 1763 4024 et
1787 3971 1929 4026 alios

230 4063 519 4129 separant,
560 4064 691 4125 etc.,
750 4074 919 4127 usque
946 4057 1021 4112 ad
1074 4063 1135 4112 tu
1165 4073 1296 4112 vero
1347 4058 1513 4124 Deus,
1548 4059 1725 4113 Proba
1754 4075 1836 4114 me
1879 4066 1930 4114 et

228 4152 384 4203 scito.

772 4217 1082 4273 PSALMUS
1121 4216 1389 4271 CXXXIX.

306 4326 468 4379 Vens.
505 4328 551 4378 1.
615 4353 684 4364 -
726 4326 786 4378 In
828 4324 1000 4393 finem
1044 4324 1291 4379 Psalmus
1347 4323 1555 4378 David.
1620 4324 1743 4395 (Ιυ.)
1774 4326 1930 4380 Con-

230 4413 479 4486 questio,
512 4412 779 4482 gemitus,
813 4412 994 4466 oratio
1039 4411 1295 4481 corporis
1341 4411 1548 4466 Christi
1579 4412 1731 4467 inter
1751 4415 1931 4469 malos

228 4499 551 4562 constituti,
571 4499 830 4553 nondum
852 4499 1121 4553 habentis
1152 4499 1213 4552 in
1234 4515 1317 4567 re,
1344 4499 1443 4553 sed
1476 4499 1533 4552 in
1554 4515 1653 4569 spe
1684 4499 1926 4568 bonum,

226 4589 334 4643 ubi
357 4593 444 4642 est
471 4588 641 4658 plena
673 4587 992 4642 exsultatio.
1039 4588 1225 4642 Monet
1254 4592 1319 4641 ut
1346 4592 1542 4642 contra
1567 4589 1717 4643 mala
1739 4589 1932 4644 saeculi

230 4679 416 4731 Deum
448 4691 695 4729 oremus.

304 4766 473 4820 Vens.
515 4768 569 4818 2.
605 4765 871 4833 —Eripe
912 4780 1014 4831 me,
1047 4764 1296 4831 Domine,
1331 4764 1398 4818 ab
1431 4764 1663 4819 homine.
1729 4765 1929 4837 (CASS.)

228 4854 397 4910 Prius
428 4854 716 4924 proponit,
768 4853 866 4924 qui
922 4855 1133 4919 hostes,
1192 4869 1319 4923 quae
1350 4854 1500 4907 mala
1551 4858 1799 4920 movent,
1835 4871 1933 4925 op-

224 4958 459 5015 ponens
515 4942 596 4997 eis
643 4957 857 5012 preces.
916 4942 1195 5009 Secundo,
1261 4942 1397 4997 dicit
1452 4943 1603 5013 quod
1652 4943 1930 4998 auxilium

225 5033 442 5088 habeat
462 5036 659 5085 contra
698 5032 865 5097 mala,
918 5030 1014 5085 ibi.
1050 5032 1216 5086 Dixit
1246 5032 1506 5085 Domino:
1538 5031 1748 5099 Tertio,
1800 5048 1927 5101 quas

222 5123 349 5175 sint
376 5121 527 5174 mala
573 5119 939 5174 inimicorum
997 5121 1203 5190 aperit,
1256 5120 1356 5176 ibi.
1416 5121 1621 5189 Caput.
1682 5120 1931 5175 Ecclesia

221 5224 375 5279 ergo
417 5208 567 5263 inter
621 5209 802 5262 malos
852 5208 1140 5273 laborans,
1194 5209 1401 5262 clamat
1444 5208 1495 5261 A
1550 5210 1669 5261 uiro
1718 5210 1926 5276 iniquo.

222 5298 428 5369 (AUO.)
463 5296 701 5368 Iniquus
753 5301 837 5351 est
897 5296 997 5367 qui
1048 5302 1238 5366 nocet,
1287 5297 1438 5351 unde
1492 5312 1623 5351 cum
1668 5295 1925 5364 dixisset,

218 5387 320 5443 Ab
350 5388 559 5441 homine
602 5387 761 5453 malo,
793 5386 957 5457 quasi
986 5402 1300 5457 exponens,
1350 5383 1664 5455 subjunxit,
1698 5386 1748 5440 A
1802 5388 1929 5442 viro

220 5491 426 5545 iniquo
438 5517 453 5532 .

2039 3002 2122 3053 tot
2150 3002 2206 3052 et
2226 3003 2381 3051 tanta
2406 2997 2595 3051 mala?

2112 3088 2253 3140 Diei
2301 3087 2562 3140 Domino:
2642 3089 2782 3140 Deus
2835 3099 3006 3138 meus.
3067 3085 3273 3155 Magna
3345 3086 3575 3155 ﬁducia,
3631 3088 3737 3142 etsi

2039 3175 2297 3229 omnium
2318 3176 2482 3241 Deus,
2515 3173 2968 3244 proprie;tamen
2997 3188 3198 3226 eorum
3221 3174 3320 3243 qui
3352 3190 3418 3228 eo
3443 3174 3733 3230 fruuntur.

2110 3263 2355 3329 Exaudi,
2414 3264 2662 3328 Domine,
2732 3276 2910 3317 vocem
2956 3262 3352 3331 deprecationis
3410 3279 3554 3319 mea.
3608 3264 3735 3335 (Io.)

2038 3352 2155 3405 Vox
2181 3350 2482 3405 hominum
2515 3355 2569 3404 et
2617 3350 2811 3404 anima
2844 3366 3067 3419 eorum,
3127 3354 3255 3418 etc.,
3295 3365 3463 3420 usque
3517 3352 3592 3405 ad
3620 3366 3738 3405 non

2039 3444 2104 3494 ut
2155 3440 2419 3495 homines
2477 3439 2726 3506 Domini,
2780 3438 2880 3511 qui
2930 3443 3131 3493 emunt
3179 3439 3436 3505 saccello,
3490 3442 3552 3493 tu
3607 3456 3737 3494 san-

2038 3529 2235 3600 guine.

2108 3619 2267 3672 Vens.
2299 3619 2357 3673 8.
2415 3647 2485 3657 -—
2551 3618 2737 3671 Virtus
2787 3616 2982 3670 salutis
3029 3631 3157 3671 mea
3200 3616 3537 3671 obumbrasti
3564 3618 3742 3690 [super

2037 3711 2201 3776 caput
2238 3720 2431 3760 meum.
2479 3704 2753 3775 (ln.)|Qui
2790 3704 2889 3758 das
2929 3704 3079 3757 vires
3128 3705 3325 3758 salutis
3371 3720 3538 3771 mete,
3606 3711 3737 3773 etcz,

2036 3810 2207 3863 usque
2227 3794 2301 3848 ad
2330 3798 2840 3863 quantumcunque
2870 3792 3067 3845 saeviat
3094 3792 3294 3846 hostis.

2122 3884 2280 3936 Vens.
2306 3885 2357 3936 9.
2408 3911 2476 3920 —-
2519 3883 2640 3937 Non
2692 3880 2885 3933 tradas
2926 3895 3029 3947 me,
3062 3880 3310 3947 Domine,
3371 3897 3406 3934 a
3449 3880 3737 3937 desiderio.

2038 3972 2168 4043 (Ιο.)
2207 3970 2471 4024 Diabolus
2520 3967 2790 4039 proponit
2838 3968 3082 4033 lucrum,
3137 3973 3267 4035 etc.,
3323 3983 3493 4039 usque
3523 3971 3598 4024 ad
3630 3971 3740 4025 nisi

2040 4077 2109 4114 ex
2138 4065 2239 4113 tuo
2270 4056 2573 4113 desiderio.

1961 4175 2007 4231 Β
2116 4146 2275 4198 Vens.
2335 4145 2418 4197 10.
2472 4173 2564 4231 —H
2594 4142 2769 4231 caput
2815 4142 3092 4231 circuitus.
3157 4141 3357 4231 (Cass)
3390 4143 3733 4214 Diapsalma.

2045 4233 2233 4289 Tertia
2289 4248 2441 4303 pars,
2476 4229 2572 4284 ubi
2627 4228 2784 4289 dicit,
2826 4245 2956 4300 quae
3010 4229 3122 4284 sint
3163 4231 3316 4284 mala
3346 4230 3735 4288 inimicorum.

2041 4322 2226 4393 (Αυρ.)
2257 4320 2428 4386 Quasi
2471 4319 2641 4384 dicat,
2689 4318 2773 4373 Me
2830 4317 2976 4388 tegit
3004 4318 3208 4373 umbra
3254 4324 3374 4386 tua,
3404 4327 3536 4390 etc.,
3573 4336 3742 4390 usque

2039 4411 2113 4465 ad
2156 4410 2241 4464 vel
2312 4410 2382 4464 de
2427 4406 2739 4462 assertione
2791 4411 3155 4477 superantur.
3218 4409 3397 4463 Labor
3471 4411 3738 4466 labiorum

2037 4502 2280 4569 ipsorum
2332 4499 2533 4567 aperiet
2580 4512 2684 4551 eos.
2736 4495 2934 4567 (Cass)
2974 4496 3038 4550 Id
3068 4502 3173 4565 est,
3200 4497 3343 4551 falsa
3387 4503 3444 4552 et
3491 4501 3739 4555 mendax

2040 4586 2273 4641 assertio
2303 4602 2523 4652 eorum,
2565 4585 2786 4655 operiet
2814 4601 2932 4654 eos,
2963 4585 3100 4655 quia
3129 4586 3197 4640 de
3228 4603 3333 4641 sua
3386 4587 3527 4641 falsa
3557 4603 3738 4642 asser-

2039 4676 2194 4731 tione
2226 4677 2601 4745 superantur.

2110 4765 2272 4818 Vens.
2307 4767 2389 4818 11.
2422 4793 2489 4802 —-
2522 4762 2727 4819 Cadent
2756 4777 2919 4832 super
2964 4778 3070 4819 eos.
3094 4763 3285 4834 (Aoo.)
3331 4764 3426 4818 Vel
3461 4765 3740 4819 carbones

2038 4852 2187 4924 ignis
2216 4852 2277 4905 in
2302 4856 2476 4917 terra,
2498 4852 2647 4918 'etc.,
2697 4866 2866 4919 usque
2909 4851 2983 4904 ad
3011 4852 3166 4906 unde
3214 4852 3517 4922 Apostolus
3550 4869 3562 4907 :
3596 4854 3742 4908 Aliis

2036 4956 2221 4998 sumus
2241 4940 2374 4995 odor
2402 4944 2530 4995 vitae
2553 4943 2612 4994 in
2632 4942 2825 5008 vitam,
2859 4940 2987 4994 aliis
3034 4940 3167 4995 odor
3194 4941 3383 4995 mortis
3419 4943 3480 4996 in
3516 4948 3738 4997 mortem

2038 5032 2120 5101 (II
2164 5032 2290 5085 Cor.
2327 5029 2410 5099 ιι.)

2106 5121 2278 5174 Vens.
2316 5121 2400 5173 l2.
2456 5148 2522 5157 -—
2575 5119 2670 5173 Vir
2699 5117 2997 5184 linguosus.
3037 5117 3165 5188 (10.)
3203 5116 3471 5189 Quisquis
3499 5120 3619 5173 vult
3657 5121 3739 5175 di-

2034 5207 2167 5279 rigi,
2211 5212 2335 5268 etc.,
2375 5221 2545 5274 usque
2593 5205 2667 5259 ad
2708 5206 2778 5260 de
2820 5205 3196 5260 exterioribus
3242 5209 3568 5275 necessitas,
3617 5226 3737 5265 non

2035 5295 2317 5349 voluntas.
2361 5294 2651 5362 Injustum,
2713 5299 2845 5360 etc.,
2903 5296 2963 5348 in
2985 5296 3231 5349 interitu.
3293 5295 3450 5359 Quod
3520 5312 3639 5351 non
3673 5298 3740 5353 ﬁt

2034 5384 2216 5454 inopi,
2255 5382 2377 5453 qui,
2400 5382 2447 5435 si
2477 5382 2699 5453 capitur
2728 5382 2915 5450 malis,
2949 5399 3065 5437 non
3096 5388 3290 5438 tamen
3312 5384 3373 5438 in
3403 5385 3737 5453 interitum;

2036 5471 2289 5543 ﬂagellat
2335 5473 2485 5528 Deus
2513 5487 2744 5528 omnem
2798 5472 2982 5527 ﬁlium
3033 5487 3206 5544 quem
3233 5473 3462 5544 recipit.
3500 5476 3568 5530 Et
3604 5476 3738 5531 licet
