4082 6184
371 234 505 287 1063

974 228 1370 284 WALAFRIDI
1408 227 1658 283 STRABI
1696 225 1903 283 FULD.
1955 228 2121 284 MON.
2165 227 2317 284 OPP.
2360 228 2533 284 PARS
2568 228 2618 282 Ῑ.
2665 258 2735 268 -
2771 229 3234 287 THEOLOGICA.

3740 234 3871 287 1064

368 354 507 409 boni
538 352 712 408 modo
781 351 898 405 sint
949 351 1164 417 afﬂicti,
1223 356 1416 405 tamen
1466 351 1857 420 conﬁtebuntur
1915 350 2065 404 inter
2097 352 2144 405 A
2180 354 2338 407 mine.
2375 353 2585 425 (Cass)
2617 353 2772 408 Dicta
2800 353 3111 425 fragilitate
3137 354 3412 423 hominis,
3440 356 3511 411 ad
3544 356 3739 412 divina
3785 375 3873 412 re-

370 441 585 513 gravia,
640 441 797 511 quod
856 440 1227 494 laudabilius:
1277 442 1346 493 Et
1403 439 1745 506 habitabant,
1799 439 1928 494 ideo
1983 441 2062 494 nil

367 530 605 584 timetur
631 527 693 581 in
723 528 960 582 mundo.

438 620 600 672 Vens.
636 618 719 671 14.
752 647 820 655 -
856 618 1253 670 Verumtamen.
1292 615 1486 685 (Cass)
1529 614 1829 670 Conclusio
1857 616 2065 686 psalmi

365 706 468 760 ubi
498 704 638 759 dicit
691 704 842 775 quod
872 703 919 756 si
968 703 1104 757 boni
1132 703 1361 757 liberati
1421 703 1553 770 sint,
1611 709 1669 758 et
1716 704 1785 758 de
1815 704 2065 758 inimicis

368 792 658 859 vindicati,
706 807 821 845 nou
869 796 1062 845 tamen
1120 791 1229 846 sibi
1270 791 1428 859 dant,
1461 792 1559 846 sed
1591 793 1730 859 Deo,
1782 793 1951 855 unde,
2009 798 2067 848 et

368 882 709 939 habitabant
737 896 867 934 cum
884 896 973 935 eo.

433 969 774 1024 Habitabant
826 984 946 1023 cum
992 969 1147 1023 vultu
1198 972 1307 1023 tuo.
1370 968 1516 1033 Quia
1549 970 1753 1037 Deum,
1808 969 1954 1023 sicut
1982 972 2067 1024 est

369 1058 664 1115 videbunt.

970 1126 1287 1183 PSALMUS
1327 1128 1477 1184 CXL.

439 1236 602 1290 Vaas.
633 1237 686 1289 2.
716 1262 789 1273 —
816 1233 1110 1301 Dirigatur
1137 1236 1330 1288 oratio.
1386 1233 1588 1302 (Cass)
1646 1237 1834 1292 Oratio
1878 1235 1953 1290 sit
1981 1240 2067 1290 in-

370 1339 603 1389 censum,
638 1326 770 1391 etc.,
814 1337 983 1391 usque
1012 1322 1087 1375 ad
1117 1322 1213 1392 qui
1246 1322 1306 1375 in
1352 1321 1466 1376 ﬁne
1499 1322 1759 1392 poenitet.

441 1414 684 1468 Elevatio
734 1426 991 1464 manuum
1020 1425 1279 1477 mearum,
1331 1416 1437 1465 etc.
1488 1411 1671 1481 (Αυα.)
1709 1413 1823 1465 Hoc
1868 1412 1937 1466 de
1982 1428 2069 1466 ca-

364 1502 484 1573 pite
512 1516 713 1555 omnes
745 1499 1087 1569 intelligant,
1120 1503 1249 1566 etc.,
1282 1514 1450 1567 usque
1487 1500 1562 1553 ad
1599 1500 1789 1554 subdit
1827 1516 1895 1554 ex
1933 1516 2068 1554 voce

369 1590 644 1659 corporis.

443 1680 604 1733 Vsus.
656 1679 707 1731 3.
734 1706 807 1716 —-
834 1678 993 1740 Pone,
1047 1676 1287 1741 Domine,
1330 1674 1649 1728 custodiam.
1709 1675 1873 1740 Nota,
1916 1674 2071 1744 quod

370 1772 427 1822 et
452 1766 609 1822 cordi
639 1770 695 1820 et
725 1764 811 1818 ori
834 1763 976 1833 petit
997 1764 1235 1833 apponit
1259 1762 1610 1815 custodiam:
1641 1762 1855 1832 duplici
1876 1764 2067 1817 muni-

370 1857 527 1911 mine
558 1870 702 1925 opus
732 1857 836 1915 est,
901 1856 964 1904 ut
992 1867 1097 1904 nec
1142 1850 1408 1920 cogitatio
1464 1850 1663 1921 iniqua
1706 1851 1911 1921 sapiat,
1968 1867 2071 1905 nec

368 1961 543 2016 prava
572 1942 835 1995 voluntas
854 1940 914 1993 in
944 1939 1102 1992 fatua
1130 1939 1302 1991 verba
1335 1944 1623 2009 erumpat.

444 2033 673 2088 Ostium.
709 2028 894 2099 (Αυο.)
926 2030 971 2080 Α
1002 2026 1377 2081 similitudine
1408 2027 1561 2080 illius
1602 2027 1703 2098 qui
1732 2028 2071 2084 circumstat

374 2120 606 2185 ostium,
636 2134 709 2172 ne
738 2118 931 2183 intret,
962 2117 1049 2170 vel
1069 2120 1249 2181 exeat,
1284 2116 1375 2169 cui
1402 2132 1519 2170 non
1547 2116 1699 2172 licet.

445 2211 607 2263 Vens.
641 2208 693 2260 4.
732 2236 795 2247 --
853 2206 969 2260 Νοη
1026 2205 1276 2258 declines.
1324 2203 1523 2275 (Cass)
1569 2205 1769 2269 Quasi:
1825 2206 1908 2260 Ad
1966 2207 2071 2260 hoc

370 2314 521 2370 pone
547 2296 756 2351 ostium
784 2298 845 2348 ut
872 2310 985 2348 non
1009 2297 1333 2348 excusetur:
1370 2294 1524 2363 quod
1556 2310 1847 2349 summum
1871 2295 2071 2349 vitium

374 2387 705 2444 dominatur
732 2382 1083 2447 hominibus,
1118 2381 1268 2436 unde
1298 2381 1520 2436 tardius
1566 2383 1883 2451 pmnitent;
1920 2384 2070 2437 unde

371 2474 434 2529 in
481 2474 623 2528 libro
667 2488 915 2543 regum:
953 2471 1122 2537 Quasi
1169 2475 1445 2539 peccatum
1506 2472 1821 2525 hariolandi
1872 2477 1951 2526 est
1978 2488 2070 2527 re-

365 2577 616 2632 pugnare
660 2565 711 2614 et
739 2561 900 2628 quasi
926 2560 1095 2614 scelus
1142 2558 1469 2613 idololatriae
1517 2563 1597 2612 est
1652 2559 1791 2613 nolle
1842 2561 2066 2627 acquie-

371 2663 514 2703 scere
545 2648 601 2716 (Ι
618 2648 754 2713 Reg.
783 2646 897 2716 xv).

441 2736 540 2790 Ad
606 2734 946 2790 excusandas
1028 2736 1414 2788 excusationes.
1499 2733 1624 2803 (1ο.)
1703 2734 2067 2788 Consuetudo

2174 442 2364 495 media
2393 442 2668 513 confugit.

2247 531 2325 585 Ne
2359 532 2579 585 auferas
2610 548 2643 585 a
2695 531 2860 586 bonis
2890 532 3023 599 tuis,
3057 533 3151 587 sed
3186 550 3318 605 spes
3347 551 3475 589 mea
3513 552 3742 607 semper
3809 536 3881 590 sit

2173 616 2233 670 in
2254 622 2308 671 te
2334 635 2346 671 :
2381 624 2437 672 et
2461 618 2611 672 oculi
2642 619 2755 673 mei
2785 636 3013 690 semper
3042 620 3112 673 ad
3141 625 3198 675 te
3229 621 3551 676 intendant.
3574 624 3699 677 Non
3720 624 3879 676 enim

2175 706 2318 776 petit
2349 706 2454 761 iste
2483 712 2681 761 contra
2718 708 2825 762 hoc
2855 708 3008 778 quod
3059 709 3244 763 sancti
3283 711 3502 779 volunt,
3553 711 3767 766 scilicet
3807 711 3879 766 de

2174 795 2380 849 seaculo
2400 795 2545 865 eripi
2575 801 2633 849 et
2662 812 2781 850 esse
2812 813 2943 851 cum
2969 797 3212 852 Christo.

2244 884 2405 938 Vens.
2431 887 2485 939 9.
2528 915 2597 923 -—
2630 886 2863 940 Custodi
2911 901 2995 940 me
3044 903 3079 940 a
3130 887 3339 955 laqueo.
3397 888 3505 942 Per
3549 887 3789 959 laqueos
3821 892 3880 941 et

2175 973 2458 1039 scandala,
2487 973 2661 1027 totius
2688 974 2891 1028 mundi
2919 975 3069 1028 mala
3125 975 3373 1029 breviter
3426 979 3605 1030 notat.
3660 977 3873 1048 Laquei

2175 1066 2305 1114 sunt
2337 1061 2528 1115 blandi
2579 1078 2781 1130 nexus,
2824 1063 3012 1117 carnis
3062 1063 3375 1129 desideria;
3428 1065 3526 1118 sed
3577 1065 3717 1119 dum
3778 1082 3881 1135 per

2176 1149 2279 1203 hos
2305 1149 2566 1203 diabolus
2596 1166 2714 1205 non
2758 1151 3011 1222 proﬁcit,
3041 1152 3246 1206 nititur
3275 1153 3575 1220 scandalis,
3613 1170 3746 1225 quae
3777 1170 3883 1223 per

2176 1238 2466 1308 inquietos
2498 1244 2709 1293 movet.

2250 1327 2351 1380 Vel
2391 1327 2573 1381 aliter.
2628 1328 2692 1381 Et
2746 1327 2901 1399 dicit,
2966 1332 3278 1383 statuentes
3325 1329 3620 1400 laqueum,
3695 1346 3883 1400 perse-

2179 1419 2401 1468 cutores
2461 1415 2826 1469 manifestos:
2882 1421 3186 1487 operantes
3234 1421 3425 1470 autem
3485 1417 3879 1487 iniquitatem,

2179 1503 2602 1557 consentientes
2662 1503 2775 1557 illis
2825 1504 2978 1568 dicit,
3038 1505 3137 1575 qui
3190 1505 3399 1559 timore
3454 1506 3878 1576 persecutionis

2099 1624 2142 1679 Β
2181 1599 2474 1654 deﬁciunt.
2536 1602 2600 1654 Et
2645 1604 2729 1654 est
2764 1618 2777 1654 :
2815 1602 2894 1655 Ne
2942 1602 3167 1655 auferas
3196 1602 3453 1655 animam
3510 1618 3724 1667 meam,
3786 1603 3882 1657 sed

2180 1689 2394 1759 potius,
2426 1690 2648 1745 Custodi
2684 1706 2765 1743 me
2794 1706 2827 1743 a
2859 1692 3047 1760 laqueo
3102 1691 3534 1762 persecutionis,
3564 1707 3723 1760 quem
3755 1695 3871 1746 sta-

2182 1781 2400 1831 tuerunt
2446 1780 2601 1833 mihi.
2658 1778 2842 1850 (AUG.)
2894 1781 3010 1833 Hoc
3059 1780 3273 1833 faciunt
3324 1784 3735 1851 persecutores,
3780 1780 3885 1851 qui

2181 1881 2367 1919 escam
2396 1867 2525 1920 vitae
2582 1867 2753 1936 hujus
2811 1867 2974 1938 quasi
3028 1868 3087 1921 in
3150 1868 3469 1937 muscipula
3524 1873 3765 1937 ponunt.
3823 1865 3881 1921 Si

2181 1958 2335 2007 amat
2363 1955 2479 2009 avis
2508 1956 2657 2009 hanc
2706 1972 2912 2022 escam,
2958 1956 3015 2010 in
3051 1956 3432 2026 muscipulam
3490 1956 3683 2009 cadit:
3743 1955 3883 2026 quia

2180 2042 2386 2117 timore
2417 2044 2614 2096 mortis
2645 2045 3026 2113 persecutioni
3048 2045 3387 2100 succumbit.
3416 2044 3648 2099 Custodi
3702 2060 3807 2097 me.

2251 2132 2300 2185 Λ
2331 2132 2607 2186 scandatis
2653 2136 2992 2202 operantium
3038 2136 3406 2203 iniquitatem.
3442 2134 3503 2187 Id
3556 2137 3658 2199 est,
3717 2148 3880 2185 scan-

2180 2216 2309 2271 dalo
2340 2234 2538 2272 eorum
2578 2219 2697 2289 qui,
2730 2220 3134 2274 consentiendo
3159 2221 3289 2283 illis,
3345 2220 3658 2286 labuntur;
3693 2224 3755 2273 et
3804 2219 3881 2271 ita

2178 2304 2543 2377 iniquitatem
2603 2313 2933 2379 operantur.
2977 2309 3149 2372 Quasi
3202 2309 3385 2363 dicat:
3436 2308 3669 2364 Custodi
3712 2324 3805 2361 me
3848 2324 3878 2359 a

2178 2395 2655 2465 persecutoribus,
2692 2397 2793 2467 qui
2814 2401 3051 2463 terrent,
3085 2402 3140 2451 et
3165 2397 3359 2466 lapsis.

2253 2484 2418 2536 Vens.
2454 2487 2535 2537 10.
2570 2485 2875 2539 —Cadent
2905 2488 2963 2538 in
2999 2487 3280 2540 retiaculo.
3340 2488 3485 2556 Apta
3514 2484 3686 2539 verba
3724 2500 3878 2539 com-

2177 2570 2484 2643 parationi,
2516 2587 2645 2626 cum
2676 2572 2801 2626 istis
2832 2588 2949 2626 non
2988 2573 3108 2627 vult
3141 2572 3486 2628 combinari.

2250 2658 2465 2713 Cadent
2488 2658 2556 2712 de
2586 2659 2724 2712 vitio
2753 2660 2813 2713 in
2842 2660 3065 2726 vitium,
3098 2661 3197 2715 sed

2250 2747 2617 2813 Singulariter
2661 2761 2779 2800 sum
2806 2762 2898 2813 ego
2945 2746 3107 2801 donec
3129 2752 3419 2801 transeam.
3476 2746 3881 2816 Singulariter,

370 2821 818 2895 impudentium.
872 2825 935 2875 ut
986 2820 1346 2891 deprehensi,
1407 2819 1659 2888 primum
1713 2836 1818 2890 per
1875 2820 2066 2890 aliqua

2222 2834 2234 2888 ι
2264 2838 2350 2887 est
2373 2834 2508 2905 quia
2539 2850 2666 2888 cum
2700 2834 2958 2905 pessimis
3007 2852 3126 2889 non
3174 2835 3446 2889 ambulat.
3480 2835 3879 2905 Singulariter.

371 2911 515 2966 falsa
543 2914 832 2973 excusent,
876 2912 933 2963 et
974 2908 1106 2961 inde
1162 2906 1405 2961 convicti
1452 2908 1563 2961 alia
1593 2912 1880 2978 quaerunt,
1916 2914 2062 2962 tem-
2097 2904 2139 2960 C
2179 2924 2363 2993 (ΑΜ.)
2392 2904 2551 2978 idem
2572 2904 2721 2995 quod
2753 2922 2910 2993 dicit,
2936 2928 3067 2991 etc.,
3100 2939 3268 2992 usque
3294 2924 3370 2977 ad
3412 2923 3491 2977 sic
3541 2904 3595 2977 εί
3624 2924 3721 2977 alii
3774 2941 3881 2977 an-

372 3000 501 3071 pori
532 3001 619 3053 vel
673 2996 998 3053 necessitati
1028 2996 1163 3050 vitia
1195 2996 1566 3066 imputantes,
1597 3011 1669 3049 ne
1714 2996 1942 3066 quando
1971 3012 2070 3049 ve-

369 3087 525 3143 ritati
555 3087 779 3141 cedant.

443 3177 558 3231 Non
613 3173 1027 3229 communicabo.
1071 3172 1201 3242 (11).)
1254 3172 1370 3240 Vel,
1428 3171 1789 3225 combinabor.
1841 3171 2067 3226 Combi-

372 3262 494 3317 nati
524 3262 812 3328 dicuntur,
854 3260 1083 3331 quando
1121 3260 1234 3314 duo
1276 3260 1447 3313 simul
1498 3260 1771 3330 ligantur,
1819 3263 1883 3313 ut
1924 3258 2071 3313 alter

373 3351 619 3405 alterum
651 3349 945 3418 impediat,
999 3364 1073 3401 ne
1102 3347 1175 3401 sit
1217 3347 1352 3417 fuga
1384 3348 1579 3402 libera.
1612 3349 1738 3401 Non
1782 3347 2069 3401 combina-

372 3438 480 3491 bor
536 3438 605 3491 ad
660 3436 1094 3490 similitudinem
1148 3436 1359 3490 carnis.
1423 3437 1565 3488 Cum
1615 3436 1811 3489 electis.
1880 3436 2066 3505 (Αοο.)

372 3526 549 3579 Electi
580 3528 735 3591 sunt,
767 3524 868 3594 qui
906 3540 965 3577 se
985 3523 1323 3593 justificant,
1365 3528 1600 3577 caateros
1630 3523 1972 3592 despiciunt,
2005 3529 2069 3577 ut

372 3614 693 3668 Pharisaaus
740 3612 895 3683 (Luc.
932 3614 1115 3681 xvm);
1166 3617 1223 3665 et
1281 3615 1510 3681 peccata
1566 3611 1881 3665 defendunt
1940 3612 2067 3682 qui-

372 3699 593 3770 busque
620 3698 820 3753 modis.
853 3697 992 3751 Cum
1021 3697 1231 3751 talibus
1285 3713 1400 3750 non
1436 3696 1556 3750 vult
1601 3697 1709 3751 iste
1746 3698 2064 3765 combinari,

370 3788 433 3842 id
463 3792 546 3842 est
576 3787 800 3854 sociari,
826 3801 898 3840 ne
918 3785 1266 3856 impediatur
1291 3784 1361 3839 ab
1392 3785 1495 3840 eis.

441 3878 603 3931 Vens.
651 3879 704 3929 5.
760 3905 831 3915 ——
866 3876 1139 3944 Corripiet
1199 3890 1299 3928 me.
1358 3874 1556 3943 (Cass)
1596 3874 1854 3929 Secunda
1912 3891 2063 3945 pars,

367 3965 469 4021 ubi
497 3965 681 4020 ﬁdelis
711 3964 815 4018 iste
843 3963 965 4034 jam
998 3979 1028 4017 e
1051 3968 1249 4017 contra
1276 3979 1308 4015 a
1328 3962 1482 4033 justo
1505 3969 1804 4029 correctus,
1846 3964 2069 4033 spernit

367 4054 541 4108 falsos
588 4052 933 4119 laudatores,
986 4051 1152 4105 malis
1207 4050 1381 4105 verbo
1406 4056 1462 4105 et
1489 4051 1745 4105 moribus
1800 4052 2063 4123 profutu-

370 4157 487 4208 rus,
520 4140 580 4194 in
606 4156 720 4211 quo
752 4145 811 4193 et
837 4140 984 4209 petit
1014 4138 1307 4192 custodiri.

443 4230 625 4285 Oleum
683 4233 862 4283 autem
900 4231 1215 4298 peccatoris,
1272 4232 1376 4281 etc.
1429 4227 1555 4298 (lo.)
1608 4226 1842 4281 Dilectio
1887 4228 2063 4281 simu-

369 4318 508 4385 lata,
540 4332 670 4388 quae
699 4319 920 4371 mentes
947 4331 982 4368 a
1009 4315 1196 4385 rigore
1221 4315 1476 4368 veritatis
1515 4316 1735 4369 emollit
1762 4315 1832 4369 ad
1861 4317 2055 4369 noxia.

462 4407 638 4462 Vnus.
676 4407 728 4459 6.
760 4433 830 4446 —
882 4403 1119 4458 Iudices.
1179 4402 1359 4473 (Auc.)
1401 4406 1685 4470 Potentes,
1737 4403 1905 4465 docti,
1966 4403 2067 4475 qui

372 4496 442 4550 de
473 4495 729 4549 moribus
752 4492 1180 4564 judicant,etc.,
1213 4507 1382 4560 usque
1432 4492 1506 4546 ad
1536 4507 1707 4563 quem
1741 4507 1942 4546 omnes
1970 4508 2066 4546 co-

373 4584 519 4646 lunt,

445 4674 607 4726 Vens.
638 4675 691 4727 7.
733 4700 801 4709 —
830 4669 1097 4723 Audient.
1152 4668 1283 4740 (ῐυ.)
1338 4670 1489 4722 Aure
1544 4668 1903 4736 obedientiaa,
1951 4684 2068 4723 non

375 4760 522 4815 sicut
556 4760 757 4825 Adam,
815 4763 947 4827 etc.,
992 4773 1161 4826 usque
1200 4757 1275 4811 ad
1323 4757 1711 4811 maledictioui
1757 4758 2067 4828 proximos.

448 4847 773 4903 Crassitudo
824 4851 1004 4901 terra.
1062 4845 1187 4915 (Ιο.)
1242 4846 1383 4900 Sunt
1448 4861 1578 4915 qute
1635 4845 1767 4899 dam
1820 4850 2072 4900 contem-

374 4937 600 5009 ptibilia
628 4936 782 4991 unde
810 4940 1007 4989 tamen
1032 4941 1181 4990 terra
1209 4934 1415 5005 accipit
1442 4934 1877 5005 pinguedinem,
1935 4941 2065 5002 etc.,

372 5041 543 5095 usque
564 5023 638 5078 ad
668 5023 769 5094 qui
800 5028 934 5076 sunt
955 5037 1083 5076 ossa
1124 5026 1180 5075 et
1206 5022 1636 5075 ﬁrmamentum
1665 5019 1925 5075 ﬁdelium
1981 5022 2070 5076 vel

375 5111 531 5167 ﬁdei.

448 5201 610 5254 Vens.
687 5202 739 5253 8.
792 5228 861 5238 —
906 5198 1070 5252 Secus
1115 5198 1412 5263 infernum.
1472 5196 1598 5267 (11).)
1680 5198 1840 5253 Secus
1896 5198 2069 5263 infer-

373 5302 504 5341 num
535 5287 688 5353 dicit,
720 5303 854 5351 non,
898 5287 957 5340 in
980 5286 1238 5341 inferno:
1295 5285 1431 5356 quia
1463 5285 1568 5339 etsi
1593 5284 1887 5339 communi
1918 5288 2069 5339 sorte

376 5375 724 5443 moriuntur,
768 5390 888 5429 non
916 5378 1110 5428 tamen
1154 5372 1506 5427 descendunt
1557 5373 1619 5426 in
1658 5372 1949 5426 infernum
2007 5375 2069 5426 ut

378 5462 536 5530 mali,
563 5462 661 5517 sed
703 5463 821 5517 vita
865 5466 1080 5518 aeterna
1119 5461 1287 5516 datur
1336 5460 1466 5515 illis.
1518 5461 1663 5527 Quia
1720 5460 1795 5515 ad
1841 5466 1909 5526 te,
1964 5463 2069 5517 Do-

2180 3011 2347 3067 tiaui.

2271 3028 2347 3065 ιιι.

2230 3028 2564 3155 qTranseam.
2593 3100 2663 3154 Ut
2696 3099 2882 3154 viator
2909 3099 3081 3170 hujus
3112 3098 3336 3165 mundi,
3368 3098 3468 3170 qui
3514 3099 3676 3153 nulla
3724 3102 3888 3155 volu-

2176 3194 2331 3261 ptate
2361 3189 2603 3260 capitur.

2758 3312 3072 3367 PSALMUS
3114 3310 3285 3365 CXLI.

2244 3437 2404 3490 Vens.
2444 3439 2492 3488 1.
2528 3464 2595 3474 -
2624 3435 2927 3489 Intellectus
2970 3433 3169 3489 David.
3203 3434 3409 3501 (Cass)
3442 3433 3703 3487 Psalmus
3766 3435 3880 3490 iste

2174 3524 2412 3594 quintus
2440 3527 2525 3577 est
2548 3539 2750 3577 eorum
2773 3522 2875 3593 qui
2905 3522 3139 3575 nomine
3165 3523 3440 3575 orationis
3483 3521 3882 3590 intitulantur,

2177 3613 2270 3666 ubi
2296 3629 2409 3666 non
2447 3612 2559 3665 alia
2590 3611 2858 3665 dicuntur
2886 3627 3059 3681 quam
3085 3626 3216 3681 quae
3247 3610 3307 3663 in
3354 3610 3480 3664 aliis
3540 3610 3691 3665 dicta
3741 3618 3884 3666 sunt

2176 3701 2429 3771 psalmis,
2463 3700 2560 3754 sed
2609 3700 2832 3754 eadem.
2875 3699 3062 3769 (Auo.)
3095 3699 3240 3762 Quia
3283 3703 3474 3753 autem
3532 3700 3883 3769 repetitione

2172 3790 2508 3859 hujusmodi
2555 3789 2850 3842 communi
2901 3788 3224 3841 consulitur
3269 3788 3609 3855 inﬁrmitati,
3636 3804 3758 3841 non
3789 3806 3883 3844 su-

2170 3893 2454 3948 pervacue
2534 3877 2835 3941 iterantur,
2891 3880 2955 3929 ut
3008 3876 3250 3945 repetita
3313 3877 3520 3929 melius
3574 3879 3881 3933 memoria:

2172 3965 2675 4031 commendantur;
2731 3964 2883 4018 unde
2941 3964 3217 4033 scriptum
3251 3968 3334 4018 est
3388 3964 3447 4017 in
3505 3965 3877 4019 Proverbiis:

2176 4055 2484 4108 Thesaurus
2563 4052 2942 4107 desiderabilis
2991 4055 3283 4120 requiescit
3338 4055 3399 4105 in
3458 4067 3545 4106 ore
3598 4056 3876 4121 sapientis

2175 4142 2349 4212 (Prov.
2382 4140 2498 4211 xu),
2534 4141 2669 4211 quia
2701 4141 2948 4211 sapiens,
2984 4156 3113 4211 quae
3162 4139 3430 4203 audierit,
3465 4140 3681 4210 cogitat
3712 4156 3729 4204 ;
3793 4158 3881 4195 re-

2175 4230 2464 4286 tractando
2508 4230 2792 4296 ruminat;
2847 4229 2933 4282 vir
2985 4232 3179 4282 autem
3228 4229 3435 4283 stultus
3468 4229 3639 4298 glutit
3682 4228 3876 4296 illum,

2174 4318 2230 4373 id
2258 4322 2343 4372 est
2371 4333 2488 4371 non
2535 4318 2769 4387 cogitat,
2822 4315 3098 4370 oblivioni
3127 4316 3266 4383 dat;
3302 4321 3358 4370 et
3414 4317 3536 4370 hzec
3592 4322 3727 4370 sunt
3780 4319 3877 4372 illa

2173 4406 2391 4461 munda
2414 4405 2685 4460 animalia
2712 4406 2770 4459 in
2798 4406 2924 4476 lege
2955 4421 3085 4476 quae
3115 4405 3443 4470 ruminaut;
3478 4405 3583 4458 ista
3613 4404 3876 4459 immun-

2174 4495 2264 4549 da.
2310 4494 2485 4548 David
2509 4494 2734 4563 fugiens
2756 4494 2985 4548 Saulem
3017 4492 3078 4546 in
3108 4494 3382 4563 spelunca
3411 4492 3598 4560 latuit,
3630 4492 3702 4546 de
3760 4508 3875 4563 quo

2176 4586 2371 4636 tamen
2395 4580 2488 4635 hic
2513 4597 2628 4635 non
2651 4582 2863 4651 agitur,
2893 4580 2992 4634 sed
3020 4581 3089 4634 de
3121 4579 3462 4650 signiﬁcato.
3497 4579 3671 4632 David
3716 4580 3874 4633 enim

2177 4670 2463 4741 signiﬁcat
2518 4670 2826 4725 Christum.
2883 4670 3164 4739 Spelunca
3193 4685 3328 4722 vero
3356 4684 3605 4733 carnem,
3654 4668 3744 4724 vel
3777 4684 3880 4721 se-

2178 4759 2393 4820 culum,
2425 4757 2512 4812 vel
2568 4757 2916 4827 sepulcrum.
2978 4756 3157 4809 David
3214 4772 3370 4827 ergo,
3422 4756 3700 4821 Christus,
3745 4772 3874 4809 cum

2177 4845 2450 4901 membris
2483 4845 2544 4899 in
2582 4845 2811 4912 saeculo,
2843 4845 2929 4899 vel
2963 4843 3217 4898 Christus
3251 4844 3313 4899 in
3337 4859 3526 4906 carne,
3557 4845 3646 4898 vel
3678 4844 3738 4898 in
3790 4860 3875 4898 se-

2176 4935 2394 5007 pulcro.

2248 5024 2408 5076 Vens.
2440 5020 2577 5074 2.-
2619 5022 2753 5077 Voce
2792 5036 2911 5074 mea
2955 5020 3030 5074 ad
3059 5022 3343 5075 Dominum
3394 5021 3646 5074 clamavi.
3683 5020 3873 5074 Primo

2177 5110 2416 5182 ponitur
2436 5108 2620 5163 oratio
2641 5113 2842 5163 contra
2865 5108 3037 5174 mala,
3072 5108 3317 5161 secundo
3334 5108 3454 5177 agit
3471 5108 3541 5161 de
3564 5108 3682 5162 fine
3706 5109 3875 5161 malo-

2176 5213 2328 5263 rum,
2351 5196 2462 5250 ibi:
2491 5196 2737 5252 Clamavi
2752 5195 2826 5249 ad
2844 5201 2911 5263 te,
2938 5198 3176 5250 Domine.
3196 5195 3386 5249 Mouet
3401 5210 3539 5264 ergo
3563 5211 3668 5248 nos
3686 5210 3868 5249 orare.

2179 5286 2247 5339 Et
2290 5284 2351 5338 in
2381 5300 2630 5354 persona
2667 5283 2841 5339 totius
2896 5284 3124 5351 Christi,
3181 5282 3346 5353 quasi
3398 5283 3467 5337 de
3499 5283 3771 5352 spelunca
3798 5283 3867 5337 ad

2176 5374 2357 5428 Deum
2375 5372 2690 5439 clamantis,
2715 5372 2828 5426 ait:
2850 5374 3178 5441 Deprecatus
3199 5386 3337 5426 sum.
3373 5371 3569 5440 (Auc.)
3593 5372 3761 5436 Quod
3789 5371 3871 5425 di-

2177 5461 2255 5516 cit
2277 5463 2529 5527 clamavi,
2551 5462 2791 5531 exponit,
2815 5460 3137 5530 deprecatus
3155 5474 3293 5516 sum.
3314 5459 3487 5525 Quasi
3532 5459 3685 5515 dicat
3712 5475 3728 5515 :
3751 5460 3870 5515 Cla-
