4020 6184
226 277 364 331 1065

1344 270 1601 331 GLOSSA
1641 265 2046 329 Damasum.
2088 242 2156 312 '—
2193 273 2321 328 ΜΒ.
2369 271 2607 329 essm.

3594 280 3728 334 i086

223 413 354 451 mor
380 412 540 451 meus
569 396 894 467 deprecatio
916 400 1020 462 est,
1056 411 1170 451 non
1199 411 1482 462 murmur,
1504 410 1623 450 non
1656 394 1921 467 blasphe-
1952 399 1998 449 A
2037 394 2199 447 educi
2231 394 2505 461 animam,
2556 410 2684 463 quae
2731 393 2864 448 inde
2914 396 3093 449 multa
3141 397 3370 467 patitur,
3405 402 3535 463 etc.,
3565 414 3733 469 usque

221 502 359 539 mia.

294 576 458 628 Vens.
495 576 546 629 3.
581 603 649 614 —
683 576 743 628 In
764 578 1045 643 conspectu
1076 575 1213 643 ejus.
1260 576 1323 642 (Α
1338 575 1454 645 ua.)
1490 574 1762 628 Dominus
1795 572 1921 626 red-

219 662 452 716 diturus
481 671 586 728 est,
609 663 668 716 in
700 664 919 717 occulto
974 678 1073 715 ora
1102 678 1116 730 ;
1152 664 1302 716 unde
1334 664 1389 715 in
1456 661 1758 731 Evangelio
1793 677 1805 713 :
1845 662 1921 714 Tu

218 758 403 805 autem
461 767 580 804 cum
635 754 894 814 oraveris,
964 753 1113 803 intra
1161 753 1219 803 in
1273 751 1576 804 cubiculum
1633 755 1801 813 tuum,
1871 755 1920 802 et

215 842 405 894 clauso
465 843 601 894 ostio
645 855 741 893 ora
788 840 1014 893 Patrem
1071 844 1221 894 tuum
1275 843 1372 908 qui
1417 840 1563 893 videt
1610 842 1667 892 in
1699 840 1918 893 abscon-

218 929 387 994 dito.,
428 936 532 982 etc.
568 929 786 995 (Matth.
820 930 917 997 vr.)

286 1017 456 1070 Vens.
490 1024 543 1069 4.
596 1046 665 1055 -
692 1019 765 1070 Et
810 1021 869 1069 tu
914 1017 1228 1083 cognovisti.
1278 1017 1407 1086 (ῐυ.)
1462 1017 1577 1070 Hoc
1613 1016 1788 1084 addit,
1849 1032 1920 1069 ne

213 1104 544 1171 audientes,
576 1105 773 1170 defecit
820 1107 1047 1172 spiritus
1101 1120 1271 1169 meus,
1330 1109 1600 1174 putarent
1661 1121 1791 1158 eum
1819 1105 1917 1159 de-

208 1194 456 1262 jectum.
490 1196 568 1247 Ac
619 1193 666 1245 si
723 1193 936 1245 diceret
968 1210 980 1245 :
1008 1192 1061 1245 Si
1122 1193 1203 1245 illi
1234 1200 1437 1261 putant
1492 1210 1582 1247 me
1612 1194 1917 1264 dejectum,

215 1282 357 1351 quia
407 1282 640 1351 Spiritus
697 1298 861 1335 meus
916 1282 1141 1349 defecit,
1188 1288 1248 1335 tu
1307 1297 1398 1336 me
1454 1287 1701 1336 stantem
1739 1282 1916 1352 vides,

213 1370 388 1440 cujus
422 1370 669 1439 Spiritus
702 1386 791 1423 me
822 1369 1082 1424 viviﬁcat.

283 1460 543 1514 Semitas.
576 1458 835 1521 Iustitiae,
870 1474 1011 1528 quas
1042 1458 1124 1511 illi
1148 1474 1263 1511 non
1282 1457 1493 1512 vident.

284 1550 349 1602 In
376 1550 487 1600 via.
520 1547 705 1600 Multas
736 1546 862 1610 viae,
894 1547 1029 1616 quia
1078 1546 1256 1600 multa
1312 1551 1625 1617 praecepta:
1666 1563 1778 1600 una
1807 1547 1913 1612 via,

215 1636 353 1707 quia
382 1636 574 1688 omnia
608 1636 675 1688 ad
711 1651 909 1697 unum,
943 1635 997 1688 id
1031 1639 1116 1688 est
1158 1634 1519 1703 charitatem,
1556 1635 1912 1706 rediguntur.
1952 1674 1989 1727 Β

286 1724 455 1793 Anc.)
508 1721 587 1795 :ln
641 1727 753 1789 via,
806 1724 1118 1777 secundum
1204 1728 1399 1777 votum
1478 1740 1679 1778 eorum
1716 1728 1919 1793 ;juxta

214 1812 395 1876 viam,
453 1812 769 1866 secundum
822 1812 1139 1864 veritatem.
1183 1812 1439 1866 Christus
1484 1812 1639 1867 enim
1695 1818 1780 1866 est
1805 1812 1915 1880 via,

214 1902 313 1972 qui
360 1918 473 1955 non
505 1901 640 1953 sinit
670 1917 765 1969 eos
810 1901 1078 1970 laqueum
1110 1916 1323 1971 ponere
1352 1903 1410 1956 in
1437 1903 1549 1968 via,
1587 1906 1646 1955 ut
1699 1918 1814 1955 non
1847 1901 1921 1955 sit

215 1990 389 2043 nobis
418 2006 530 2060 quo
568 2006 806 2055 eamus;
866 1989 1002 2042 sinit
1053 1995 1244 2043 tamen
1295 2005 1506 2059 ponere
1554 1990 1717 2060 juxta
1747 1989 1916 2055 viam,

216 2094 287 2130 ne
320 2096 359 2130 a.
387 2079 475 2130 via
504 2077 875 2131 declinemus.

316 2167 486 2221 Vens.
545 2168 593 2219 ὅ.
651 2196 715 2205 -
763 2166 1182 2221 Considerabam
1224 2166 1298 2220 ad
1360 2166 1656 2220 dexteram.
1729 2166 1919 2235 (AUG.)

214 2254 403 2317 Quam
438 2253 569 2307 mali
606 2270 721 2307 non
752 2254 1020 2307 videbant
1050 2270 1063 2320 ;
1101 2265 1158 2308 et
1202 2255 1310 2308 hoc
1341 2260 1445 2320 est,
1479 2262 1529 2309 et
1550 2271 1655 2310 non
1680 2260 1797 2309 erat
1827 2257 1922 2323 qui

217 2348 574 2410 cognosceret.
610 2343 808 2411 (Cass)
870 2342 1009 2397 Cum
1072 2344 1224 2397 enim
1277 2344 1487 2413 pateris
1532 2343 1748 2409 omnia,
1792 2344 1920 2413 quis

221 2432 387 2486 novit
416 2431 552 2502 quid
602 2431 908 2485 attendas?
959 2432 1137 2502 (Αυα.)
1169 2431 1278 2496 Qui
1307 2433 1367 2485 in
1424 2434 1713 2486 dexteram
1745 2439 1920 2486 atten-

217 2521 324 2586 dit,
363 2521 515 2574 videt
549 2541 564 2586 ;
597 2520 696 2591 qui
727 2520 785 2573 in
817 2520 1125 2587 sinistram,
1161 2526 1488 2575 excascatnr.
1521 2521 1638 2587 Vel,
1676 2520 1919 2591 apostoli

219 2624 337 2661 non
359 2607 587 2660 stabant
642 2607 711 2660 ad
762 2606 1069 2673 dexteram,
1130 2609 1264 2678 quia
1318 2608 1532 2662 carnali
1564 2608 1766 2663 timore
1805 2608 1918 2662 dis-

222 2696 372 2766 persi
404 2700 556 2760 sunt,
592 2694 689 2748 sed
723 2711 828 2765 ego
857 2695 1100 2765 perstiti.

295 2786 466 2839 Periit
513 2786 671 2850 fuga.
728 2785 863 2837 Tam
926 2784 1179 2854 corporis
1228 2801 1400 2855 quam
1456 2786 1683 2839 mentis.
1717 2790 1787 2841 Et
1814 2803 1920 2840 non

220 2880 302 2929 est
326 2874 423 2942 qui
464 2876 731 2941 requirat.
790 2872 961 2942 (Cas)
1014 2872 1158 2937 Quia
1241 2876 1398 2927 nulla
1448 2880 1533 2927 est
1580 2876 1914 2943 consolatio,

2033 483 2107 536 ad
2134 484 2231 536 sed
2264 482 2559 552 corruptio
2594 485 2739 552 ejus,
2774 489 2830 536 et
2856 484 3114 549 tentatio,
3145 501 3337 539 carcer
3367 492 3469 537 est.

2647 624 2951 678 PSALMUS
2982 626 3174 679 CXLII.

2102 748 2348 801 Psalmus
2412 748 2601 802 David.
2664 750 2916 802 Psalmus
2969 749 3073 802 iste
3119 749 3395 820 septimus
3439 750 3730 819 paeniten-

2029 836 2274 898 tialium,
2319 836 2416 906 qui
2475 836 2604 888 ideo
2645 842 2777 890 sunt
2822 843 3061 906 septem,
3111 843 3172 891 nt
3237 838 3436 892 eadem
3487 855 3727 893 numero

2030 940 2143 995 quo
2171 924 2550 993 peccavimus,
2588 932 2811 994 peccata
2831 928 3134 980 diluamus.
3163 927 3360 998 (Cass)
3388 928 3545 981 Sicut
3572 929 3728 981 enim

2029 1013 2087 1066 in
2124 1014 2480 1067 hebdomada
2532 1014 2729 1067 mundi
2783 1014 2955 1085 hujus
3007 1031 3329 1085 peccamus,
3363 1016 3442 1069 ita
3486 1018 3590 1069 hoc
3622 1033 3729 1070 nu-

2028 1117 2188 1155 mero
2221 1102 2575 1172 psalmorum
2607 1104 2924 1157 remedium
2962 1105 3317 1174 pcenitentias
3346 1107 3587 1175 peccatis
3618 1122 3729 1176 op-

2030 1192 2279 1260 ponitur.
2324 1192 2387 1243 In
2428 1191 2637 1261 quibus
2694 1194 2947 1261 psalmus
2998 1193 3124 1245 talis
3171 1199 3259 1247 est
3298 1193 3501 1257 forma,
3536 1195 3671 1265 quia
3699 1213 3731 1249 a

2030 1278 2292 1348 lacrymis
2316 1279 2611 1349 incipitur,
2648 1286 2705 1334 et
2743 1281 2802 1333 in
2832 1281 3043 1349 gaudio
3083 1281 3213 1335 ﬁnis
3247 1287 3352 1348 est,
3394 1298 3467 1336 ne
3496 1282 3626 1354 quis
3658 1284 3729 1337 de

2026 1367 2192 1420 venia
2222 1368 2505 1438 desperet.
2540 1367 2727 1439 (Ana)
2751 1369 2907 1425 Sicut
2938 1370 3205 1424 Absalom
3230 1370 3427 1438 David,
3460 1370 3539 1424 sic
3557 1372 3728 1426 Judas

2030 1456 2339 1521 Christum,
2367 1458 2495 1511 falsi
2525 1459 2727 1513 fratres
2756 1475 2963 1529 corpus
2996 1459 3119 1529 ejus
3145 1479 3160 1527 ;
3192 1461 3278 1514 vel
3318 1460 3506 1514 illiciti
3540 1468 3729 1516 motus

2025 1548 2081 1597 et
2113 1547 2393 1614 operatio.

2119 1635 2273 1687 Vens.
2334 1638 2380 1687 l.
2431 1664 2501 1674 —
2577 1636 2802 1689 Domine
2849 1637 3074 1702 emaudi,
3147 1641 3251 1690 etc.
3320 1638 3491 1707 (Cas)
3533 1638 3725 1691 Primo

2028 1726 2219 1791 captat
2236 1723 2572 1793 exordium;
2624 1725 2874 1778 secundo
2931 1730 3123 1778 narrat
3154 1727 3305 1778 mala
3335 1742 3456 1791 sua,
3498 1732 3557 1779 et
3584 1725 3724 1796 quid

2028 1816 2224 1864 contra
2258 1812 2461 1881 egerit,
2492 1812 2589 1879 ibi,
2624 1816 2757 1881 quia
2799 1819 3106 1882 persecutus
3132 1819 3246 1879 est;
3294 1814 3462 1867 tertio
3494 1816 3729 1885 ponitur

2028 1899 2352 1969 deprecatio
2399 1901 2581 1954 causis
2632 1902 2989 1970 conﬁrmata,
3039 1903 3138 1965 ibi,
3189 1904 3438 1957 velociter
3477 1904 3725 1969 exaudi;

2028 1993 2235 2059 quarto
2314 1988 2546 2058 ponitur
2601 1989 2733 2043 laeta
2790 1991 3093 2056 conclusio,
3150 1990 3251 2057 ibi,
3314 1994 3544 2060 spiritus
3581 1997 3725 2046 tuus.

2031 2077 2216 2130 Monet
2244 2076 2312 2130 ad
2357 2077 2776 2146 paenitentiam,
2810 2084 2866 2132 et
2916 2080 3261 2147 orationem,
3304 2080 3376 2134 ad
3419 2081 3725 2134 orandum.

2028 2164 2094 2217 In
2145 2180 2390 2233 persona
2441 2164 2617 2218 totius
2663 2164 2872 2219 Christi
2922 2166 3097 2220 dicit:
3140 2167 3183 2221 0
3236 2168 3484 2231 Domine,
3526 2172 3632 2221 etc.
3668 2169 3729 2222 ιη

2026 2254 2255 2307 veritate
2282 2256 2394 2306 tua.
2432 2253 2630 2322 (Cass)
2664 2253 2787 2306 Non
2812 2257 2897 2307 est
2940 2254 3049 2307 hoc
3078 2259 3277 2308 contra
3319 2254 3725 2323 humilitatem,

2029 2357 2159 2411 quas
2178 2341 2407 2411 petebat
2461 2340 2686 2394 audiri:
2735 2340 2831 2394 sed
2882 2340 3089 2396 veritas
3137 2348 3195 2395 et
3236 2341 3459 2411 justitia
3488 2343 3589 2396 Dei
3622 2349 3728 2411 est,

2030 2447 2098 2483 ne
2148 2446 2279 2483 cum
2330 2435 2566 2499 rogante
2620 2430 2916 2500 disceptet,
2966 2447 3037 2484 ne
3084 2447 3217 2484 eum
3267 2431 3366 2501 qui
3405 2447 3462 2485 se
3493 2431 3729 2484 damnat

2020 2518 2280 2587 jndicet;
2337 2519 2489 2572 unde
2529 2518 2791 2572 subditur
2824 2535 2837 2573 :
2869 2523 2920 2573 et
2982 2534 3087 2573 non
3134 2522 3323 2584 intres,
3378 2535 3496 2573 non
3526 2519 3730 2590 petivit

2021 2608 2304 2677 justitiam
2331 2606 2557 2677 judicii.
2614 2607 2800 2678 (Ano.,
2842 2608 2997 2677 Cas.)
3043 2610 3105 2662 In
3138 2610 3364 2662 veritate
3400 2613 3515 2673 tua,
3542 2610 3601 2661 in
3632 2613 3728 2662 tua

2020 2698 2262 2766 justitia.
2296 2695 2688 2765 Veljustitiam
2732 2701 2790 2751 et
2818 2697 3114 2752 veritatem
3157 2697 3313 2763 dicit,
3387 2712 3515 2767 quas
3545 2696 3729 2767 parcit

2026 2784 2462 2854 paenitentibus,
2513 2788 2571 2838 et
2609 2801 2667 2839 se
2706 2785 3044 2839 damnantes
3100 2785 3366 2855 absolvit,
3417 2792 3475 2840 et
3519 2774 3727 2856 accipit

2026 2888 2129 2942 pro
2151 2872 2353 2926 eodem
2373 2875 2659 2927 veritatem
2717 2878 2768 2927 et
2811 2874 3121 2943 justitiam.
3162 2875 3226 2928 Et
3275 2878 3379 2940 est,
3412 2877 3469 2927 in
3497 2877 3727 2929 veritate

221 2962 323 3016 sed
368 2961 523 3015 solus
580 2960 652 3015 ad
710 2962 1033 3032 passionem
1086 2960 1316 3014 relictus
1371 2967 1472 3015 est.
1536 2964 1711 3017 Periit
1755 2966 1913 3031 fuga.
1949 2955 1988 3009 C
2031 2967 2143 3028 tua,
2188 2965 2240 3015 et
2289 2965 2384 3015 tua
2420 2962 2668 3031 justitia,
2716 2961 2770 3016 id
2839 2967 2923 3016 est
2989 2962 3301 3017 secundum
3340 2962 3623 3032 justitiam
3666 2968 3727 3018 et

224 3050 414 3120 (Avo.)
447 3049 896 3105 Circumclusum
927 3066 986 3104 se
1041 3049 1197 3105 dicit.
1247 3051 1417 3105 Periit
1444 3053 1602 3119 fuga,
1635 3052 1771 3123 quia
1799 3068 1917 3106 non

222 3139 374 3210 fugit
402 3139 619 3206 animo,
667 3154 876 3209 corpus
932 3138 1062 3193 licet
1118 3139 1444 3210 aliquando.
1501 3141 1919 3196 Circumclusus

226 3244 345 3282 non
376 3228 523 3299 fugit
552 3243 810 3298 corpore,
842 3227 977 3299 quia
998 3244 1113 3281 non
1146 3233 1348 3297 potest.
1380 3228 1600 3283 Fortius
1634 3246 1745 3282 non
1777 3230 1920 3300 fugit

225 3313 443 3383 mente,
474 3316 574 3386 qui
605 3331 720 3369 non
752 3316 891 3369 vult.
951 3318 1121 3369 Periit
1148 3319 1287 3385 fuga
1313 3318 1578 3370 concluso
1611 3318 1694 3371 vel
1745 3319 1917 3385 forti;

227 3406 365 3474 fuga
393 3405 649 3475 quidem,
700 3406 851 3458 unde
883 3404 1091 3457 dicitur
1147 3406 1206 3457 in
1264 3404 1608 3475 Evangelio:
1645 3407 1797 3461 Videt
1835 3408 1919 3461 lu-

228 3509 358 3562 pum
381 3495 674 3546 venientem
695 3497 744 3546 et
768 3495 916 3559 [πιθα
962 3494 1137 3559 (Joan.
1181 3497 1255 3559 Χ).
1321 3494 1423 3547 Ubi
1461 3494 1736 3549 Dominus
1765 3511 1921 3550 mer—

229 3581 522 3635 cenarium
597 3580 895 3649 vituperat.
980 3580 1088 3633 Sed
1148 3580 1259 3634 alia
1324 3586 1408 3634 est
1456 3582 1591 3653 fuga
1646 3584 1921 3654 corporis,

231 3684 401 3739 quam
457 3669 728 3722 Dominus
787 3671 1069 3740 permittit
1123 3672 1347 3725 dicens:
1408 3674 1469 3728 Si
1511 3690 1603 3727 vos
1660 3678 1926 3743 persecuti

223 3760 434 3825 fuerint
466 3761 522 3811 in
553 3775 661 3812 una
688 3761 926 3825 civitate,
958 3762 1137 3827 fugite
1165 3763 1225 3815 in
1257 3763 1423 3815 aliam
1457 3760 1673 3830 (Matth.
1724 3764 1809 3833 Χ).

308 3849 371 3900 Et
401 3862 508 3899 non
547 3853 622 3900 est
682 3850 778 3916 qui
833 3850 1080 3916 requirat
1120 3851 1379 3911 animam,
1420 3849 1705 3912 Quaeritur
1736 3850 1928 3904 anima

230 3939 332 3989 aut
379 3952 411 3987 a
460 3936 939 4004 persecutoribus,
987 3941 1088 3988 aut
1125 3952 1156 3988 a
1206 3935 1591 3990 dilectoribus.
1642 3936 1732 3991 Sic
1791 3937 1928 4008 fuga

227 4023 383 4094 perit
412 4022 633 4077 duobus
665 4024 871 4092 modis,
912 4030 967 4077 et
992 4041 1024 4077 a
1046 4030 1210 4094 capto
1237 4030 1291 4078 et
1317 4044 1346 4078 a
1379 4024 1529 4079 forti.

306 4114 461 4166 Vens.
523 4116 575 4166 6.
622 4142 691 4153 —
738 4115 1008 4167 Clamavi.
1072 4114 1239 4184 (Cas)
1300 4114 1556 4169 Secunda
1631 4131 1765 4184 pars
1834 4116 1929 4169 ubi

230 4200 353 4269 agit
378 4201 447 4254 de
477 4200 589 4255 ﬁne
621 4201 926 4255 malorum.
959 4203 1090 4270 Spes
1132 4218 1270 4255 mea.
1309 4202 1451 4265 Quia
1478 4208 1532 4256 te
1562 4219 1631 4257 ex
1662 4203 1929 4257 omnibus
1961 4240 2003 4292 υ

230 4289 404 4359 eligo.
430 4290 627 4343 Portio.
666 4289 967 4344 Humiliter
1015 4290 1153 4343 dicit
1198 4294 1255 4343 et
1304 4290 1688 4345 communiter
1716 4293 1929 4361 portio-

216 4394 370 4435 ,nem
402 4377 509 4431 sibi
540 4391 660 4431 esse
690 4378 750 4431 in
782 4383 934 4431 terra
980 4378 1319 4444 viventium,
1368 4394 1497 4432 cum
1560 4384 1672 4432 tota
1709 4380 1779 4433 sit
1812 4397 1932 4434 sua.

232 4467 354 4520 Hoc
384 4471 539 4536 patet
592 4482 654 4519 ex
691 4466 808 4520 *hoc
859 4467 1010 4537 quod
1063 4467 1270 4520 latroni
1328 4466 1467 4520 dixit
1499 4483 1511 4520 :
1544 4467 1716 4521 Hodie
1734 4484 1936 4523 mecum

229 4559 341 4608 eris
388 4556 448 4607 in
503 4555 810 4623 paradiso:
863 4556 961 4625 qui
1020 4559 1103 4608 est
1149 4559 1302 4608 terra
1330 4554 1642 4609 viventium
1697 4562 1935 4610 aeternu-

234 4644 389 4697 liter.

310 4732 471 4786 Vaas.
526 4736 578 4785 7.
637 4761 706 4772 —
762 4732 810 4785 A
860 4731 1303 4801 persequentibus
1358 4747 1456 4786 me.
1492 4731 1759 4786 Diabolus
1784 4733 1936 4787 enim

234 4836 343 4892 per
368 4838 501 4875 vasa
530 4837 651 4887 sua,
686 4820 739 4874 id
786 4825 870 4873 est
914 4836 1017 4890 per
1067 4820 1216 4873 ﬁlios
1272 4820 1623 4887 difﬁdentiae,
1655 4821 1775 4891 agit
1804 4837 1939 4891 per-

239 4910 596 4964 secutionem
623 4910 896 4979 corporis,
929 4914 989 4963 ut
1014 4910 1167 4963 intus
1197 4908 1296 4963 ﬁat
1320 4909 1504 4963 cordis
1538 4910 1723 4963 ruina.

311 5000 454 5052 Vens
507 5002 559 5053 8.
592 5028 662 5040 —
702 4999 853 5053 Educ
883 4998 949 5052 de
996 4999 1263 5064 custodia,
1313 5004 1417 5053 etc.
1459 4999 1643 5069 (Αυο.)
1705 5000 1779 5053 Ex
1810 5014 1913 5068 per

239 5104 381 5141 sona
439 5088 699 5141 ECCI63I¢£
765 5089 1029 5158 loquens,
1077 5086 1315 5157 exponit
1383 5087 1537 5141 unde
1592 5087 1939 5143 liberandus.

238 5176 393 5232 Alias
424 5175 735 5230 decarcere.
786 5176 932 5240 Quia
980 5176 1039 5230 in
1070 5176 1439 5246 corruptione
1488 5176 1641 5247 (qua:
1665 5182 1745 5229 est
1776 5191 1943 5245 paena

241 5262 520 5333 corporis)
552 5263 915 5332 angustiatur
952 5280 964 5319 :
1000 5269 1129 5333 post
1183 5280 1324 5334 quas
1362 5263 1651 5333 angustias
1685 5280 1741 5316 in
1773 5264 1942 5317 domo

247 5351 350 5406 Dei
380 5356 503 5405 tota
546 5352 659 5405 vita
691 5352 801 5406 erit
846 5352 1150 5414 confessio,
1204 5352 1257 5406 id
1310 5358 1394 5406 est
1422 5353 1545 5405 laus
1580 5352 1707 5418 Dei;
1771 5353 1944 5407 modo

240 5439 490 5510 impedit
544 5456 736 5494 carcer
793 5440 1076 5496 conﬁteri.
1137 5440 1237 5495 Hic
1286 5457 1476 5495 carcer
1538 5442 1626 5495 vel
1661 5445 1949 5511 spelunca

243 5529 500 5584 mundus
529 5532 716 5599 potest
766 5529 898 5597 dici,
961 5530 1059 5584 ubi
1117 5530 1315 5585 omnia
1366 5546 1555 5585 vana:
1601 5529 1755 5584 unde
1785 5535 1950 5602 rogat

569 5635 840 5699 PATROL.
897 5637 1107 5700 CXIII.

2026 3050 2320 3103 veritatem
2381 3066 2555 3121 quam
2644 3049 3055 3121 paenitentibus
3111 3057 3169 3105 et
3200 3068 3258 3106 se
3323 3051 3723 3106 accusantibus

2026 3136 2313 3207 indulges.

2100 3227 2258 3281 Vens.
2312 3229 2363 3281 2.
2398 3254 2468 3268 —
2505 3229 2575 3281 Et
2609 3242 2714 3282 non
2756 3229 2924 3282 intres
2972 3230 3031 3282 in
3071 3229 3362 3297 judicium.
3416 3228 3597 3300 (Avo.)
3629 3230 3721 3284 In-

2028 3318 2179 3368 trant
2209 3313 2269 3366 in
2298 3313 2581 3384 judicium
2622 3330 2752 3368 cum
2808 3315 3067 3381 Domino,
3123 3316 3223 3387 qui
3252 3332 3414 3370 suam
3439 3316 3723 3386 justitiam

2030 3400 2405 3468 constituunt,
2437 3402 2586 3471 quod
2622 3418 2734 3455 non
2766 3401 2871 3455 iste
2899 3402 3173 3469 humilis;
3221 3404 3373 3457 unde
3404 3405 3721 3475 propheta:

2032 3490 2175 3556 Quid
2224 3490 2389 3543 vultis
2419 3505 2622 3543 mecum
2668 3492 2727 3544 in
2750 3490 2962 3558 judicio
2993 3491 3306 3546 contendere
3331 3492 3359 3547 ?
3410 3495 3603 3549 Omnes
3646 3493 3729 3549 de-

2032 3579 2332 3646 reliquistis
2386 3593 2487 3642 me,
2536 3578 2671 3632 dicit
2718 3581 2994 3634 Dominus.
3043 3579 3180 3633 Cum
3234 3595 3385 3635 servo
3434 3586 3543 3636 tuo.
3568 3582 3730 3637 Indi-

2034 3682 2212 3737 gnum
2243 3671 2328 3719 est
2354 3682 2484 3719 cum
2531 3682 2711 3733 servo,
2754 3682 2824 3719 ne
2870 3667 3054 3720 dicam
3086 3683 3213 3721 cum
3243 3668 3426 3722 amico
3452 3686 3465 3723 :
3499 3676 3556 3724 et
3593 3670 3638 3723 si
3668 3676 3727 3724 tu

2036 3754 2176 3807 dicis
2223 3754 2489 3818 amicum,
2543 3770 2647 3824 ego
2700 3771 2946 3821 servum,
3001 3756 3274 3825 fugitivus
3304 3757 3497 3825 redeo,
3529 3775 3730 3829 pacem

2036 3858 2251 3912 quaero,
2282 3858 2387 3895 non
2406 3857 2525 3915 sum
2555 3842 2752 3908 dignus
2781 3845 2967 3896 vocari
3000 3844 3145 3911 ﬁlius
3174 3850 3318 3900 tuus.

2110 3931 2275 3983 Vens.
2316 3932 2366 3983 3.
2394 3958 2459 3969 —
2515 3932 2656 3997 Quia
2702 3934 3038 3999 persecutus.
3083 3932 3259 4000 (Cas)
3291 3932 3550 3987 Secunda
3578 3950 3731 4005 pars,

2039 4019 2135 4073 ubi
2166 4024 2251 4072 est
2288 4018 2539 4073 narratio
2572 4020 2854 4073 malorum
2887 4036 3015 4090 qua:
3055 4021 3290 4090 patitur,
3320 4027 3377 4077 et
3414 4023 3555 4094 quid
3595 4040 3731 4077 con-

2037 4113 2122 4161 tra
2162 4108 2359 4178 egerit.

2110 4198 2271 4250 Vens.
2297 4200 2346 4251 6.
2400 4226 2467 4235 —
2512 4198 2712 4251 Memor
2755 4197 2866 4263 fui.
2914 4196 3107 4265 (Ana)
3161 4200 3273 4253 Hoc
3330 4199 3528 4254 dicunt
3556 4216 3736 4255 mem-

2042 4286 2162 4349 bra,
2198 4292 2329 4351 etc,,
2387 4301 2557 4354 usque
2605 4286 2679 4339 ad
2709 4286 2806 4339 sed
2859 4302 2976 4340 non
3007 4303 3128 4342 esse
3177 4288 3413 4359 coepisti.
3444 4290 3740 4346 Meditatus

2041 4391 2182 4429 sum.
2229 4374 2372 4439 Quia
2400 4375 2602 4445 utique
2634 4374 2827 4428 omnia
2862 4375 3013 4429 bona
3042 4382 3191 4438 sunt,
3225 4377 3285 4431 in
3331 4393 3444 4449 quo
3475 4379 3737 4450 percipit,

2044 4463 2179 4534 quia
2206 4462 2487 4533 quidquid
2521 4462 2579 4515 in
2607 4479 2665 4515 se
2694 4463 2832 4517 boni
2864 4469 2970 4533 est,
2996 4481 3024 4517 a
3056 4466 3173 4518 Deo
3203 4471 3307 4519 est.
3341 4468 3402 4520 In
3431 4469 3597 4531 factis
3622 4484 3742 4521 ma-

2040 4569 2227 4606 nuum.
2264 4556 2339 4605 Ac
2397 4551 2443 4604 si
2489 4552 2639 4605 dicat
2672 4552 2953 4616 :Qnassivi
3007 4553 3067 4606 in
3120 4570 3293 4624 opere
3341 4555 3637 4622 artiﬁcem,
3686 4561 3744 4611 et

2044 4642 2103 4695 in
2138 4641 2380 4695 conditis
2411 4641 2681 4695 omnibus
2729 4642 3077 4697 conditorem
3102 4662 3120 4697 :
3163 4649 3425 4699 creatura
3473 4650 3571 4699 tua
3598 4645 3742 4700 facta

2047 4734 2130 4783 est
2161 4730 2305 4783 mihi
2326 4730 2734 4799 spectaculum.

2118 4820 2317 4872 Memor
2349 4820 2438 4884 fui
2467 4818 2697 4872 dierum.
2752 4818 2922 4888 (Cas)
2962 4819 3236 4874 Recolens
3292 4819 3397 4875 iste
3428 4820 3581 4891 quod
3613 4820 3748 4875 fecit

2048 4906 2252 4959 caelum
2294 4909 2349 4958 et
2372 4910 2604 4972 terram,
2657 4911 2715 4960 et
2764 4907 2917 4977 quod
2961 4908 3242 4962 benefecit
3297 4908 3571 4979 antiquis,
3601 4909 3743 4963 obli-

2049 4993 2283 5047 viscitur
2312 4993 2681 5047 miseriarum
2739 4994 2956 5048 mundi.
2997 4996 3060 5049 Et
3111 5011 3176 5049 ex
3218 4994 3307 5049 his
3338 5012 3467 5066 quas
3500 4997 3648 5051 Dens
3673 4997 3750 5051 fe-

2049 5082 2126 5135 cit
2154 5098 2212 5136 se
2234 5083 2580 5136 consolatur.

2124 5171 2278 5224 Vens.
2311 5175 2362 5224 7.
2391 5198 2465 5211 —
2508 5171 2783 5225 Velocitcr.
2830 5170 3035 5240 (Cass)
3093 5172 3279 5227 Tertia
3336 5189 3487 5243 pars,
3520 5173 3618 5228 ubi
3648 5190 3752 5244 po-

2054 5261 2212 5314 nitur
2238 5260 2561 5331 dcprecatio
2601 5261 2786 5314 causis
2842 5262 3197 5314 conﬁrmata.
3259 5262 3471 5327 Di-fecit
3499 5265 3749 5330 spiritus.

2055 5358 2241 5426 (Αυο.)
2274 5357 2513 5426 Impleat
2540 5372 2630 5409 me
2672 5360 2807 5409 tuus
2832 5356 3099 5426 Spiritus,
3130 5357 3267 5427 quia
3315 5358 3519 5411 defecit
3544 5374 3704 5413 meus
3738 5376 3751 5414 :

2049 5443 2168 5514 jam
2199 5459 2325 5497 sum
2374 5459 2595 5514 pauper
2625 5443 2853 5513 spiritu.
2889 5446 2952 5499 ln
2991 5462 3105 5515 quo
3162 5444 3316 5500 enim
3345 5446 3482 5500 vivit
3521 5447 3756 5519 spiritus

2063 5547 2217 5597 suus,
2274 5531 2369 5585 ille
2452 5531 2735 5602 superbus
2791 5537 2876 5587 est
2927 5532 3132 5604 spiritu
3184 5550 3308 5601 suo,
3363 5538 3421 5590 et
3468 5535 3759 5591 extollitur

3248 5647 3329 5705 34
