4082 6184
414 294 546 348 1067

1049 291 1439 347 WALAFRIDI
1478 291 1727 346 STRABI
1767 291 1962 348 FULD.
2005 291 2166 349 MON.
2209 293 2361 352 OPP.
2402 296 2580 352 PARS
2617 297 2658 351 Ι.
2699 326 2768 336 -
2807 296 3263 356 THEOLOGICA.

3779 305 3797 354 ί
3808 302 3904 357 068

407 420 603 471 contra
635 415 837 471 Deum.
867 414 1027 470 Unde
1060 413 1232 469 alibi:
1273 415 1502 480 Auferes
1543 415 1776 482 spiritus
1822 429 2022 482 eorum,
2055 419 2106 469 et
2141 419 2188 472 Α
2287 419 2449 475 Vens.
2523 424 2576 474 7.
2635 449 2708 462 —-
2756 422 2959 475 Emitte
3007 436 3246 476 manum.
3317 421 3495 493 (ΟΑε.)
3560 421 3648 476 Ad
3689 423 3914 478 Patrem

407 506 652 574 deﬁcient
689 504 855 574 (Psal.
879 505 1014 572 cm).
1063 505 1135 556 In
1180 504 1372 556 lacum.
1427 503 1526 557 Ille
1565 503 1858 557 descendit
1886 503 1946 557 in
1980 520 2105 574 pro—

407 594 668 657 fundum,
699 593 833 663 quia
861 593 1034 645 etiam
1059 591 1247 662 perdit
1284 591 1721 654 confessionem,
1747 595 1813 645 ut
1841 592 1938 662 qui
1969 608 2103 662 pro-

406 683 569 752 ponit
597 681 702 735 sibi
736 680 1022 734 licentiam
1049 679 1322 750 peccandi
1353 680 1474 734 sine
1506 695 1604 750 spe
1635 679 1839 746 venias,
1866 681 2102 734 habenis

403 769 721 840 iniquitatis
759 768 978 822 etfusis.
1017 768 1166 822 Talis
1188 783 1305 822 non
1351 767 1513 822 audit
1545 769 1723 822 Deum
1773 768 2098 822 dicentem:

407 859 805 912 Convertimini
881 857 956 912 ad
1045 873 1146 925 me,
1213 861 1269 912 et
1342 872 1436 924 ego
1517 862 1802 912 convertar
1880 857 1954 912 ad
2009 873 2101 912 vos

407 947 589 1014 (Zach.
616 946 654 1018 ι)
669 987 684 1002 .

474 1035 642 1089 Vens.
676 1037 728 1088 8.
772 1064 843 1074 —
897 1035 1074 1089 Mane.
1130 1034 1320 1105 (Cas.)
1371 1035 1505 1088 Post
1558 1039 1788 1089 noctem
1839 1039 2099 1106 peccato-

403 1136 554 1178 rum.
605 1122 796 1192 (Auc,)
842 1124 1000 1177 Mane
1048 1128 1151 1191 est,
1209 1139 1338 1177 cum
1386 1127 1616 1194 peccata
1660 1123 1940 1179 laxantur.
1990 1126 2099 1181 No-

404 1218 516 1267 tam
555 1214 647 1279 fac
693 1213 831 1267 mihi
872 1215 1039 1268 viam.
1089 1213 1202 1267 Hoc
1249 1212 1382 1267 fecit
1431 1213 1596 1278 Deus,
1647 1217 1780 1280 etc.,
1826 1228 1996 1283 usque
2028 1213 2102 1268 ad

401 1302 804 1372 perveniemus
834 1301 905 1356 ad
952 1303 1147 1356 lumen
1195 1317 1425 1373 purum,
1461 1301 1533 1355 ad
1572 1301 1818 1356 Verbum
1851 1301 1909 1356 in
1940 1301 2099 1372 prin—

400 1389 549 1461 cipio
570 1391 720 1461 apud
754 1391 952 1447 Deum.
1003 1393 1280 1447 Animam.
1316 1391 1496 1463 (Cas)
1541 1391 1613 1446 Ut
1659 1407 1756 1445 vas
1779 1393 1851 1445 ad
1881 1389 2098 1444 fontem

404 1478 566 1532 attuli
591 1495 604 1532 :
637 1478 812 1550 imple
845 1495 1002 1549 ergo.

473 1569 632 1622 Vens.
690 1570 769 1621 l0.
833 1597 900 1609 —
948 1570 1189 1638 Spiritus
1247 1573 1370 1622 tuus
1418 1567 1602 1621 bonus.
1666 1566 1838 1637 (ὼε.)
1887 1565 2098 1628 Quarta

401 1672 554 1727 pars,
602 1657 702 1711 ubi
745 1663 830 1711 est
876 1658 1008 1711 laeta
1063 1657 1368 1710 conclusio.
1423 1658 1644 1724 Propter
1692 1669 1882 1709 nomen
1923 1659 2093 1719 tuum,

405 1747 645 1811 Domine,
667 1746 966 1814 viviﬁcabis
997 1762 1078 1800 me
1107 1748 1164 1798 in
1193 1747 1450 1814 aequitate
1481 1750 1596 1799 tua.
1643 1743 1838 1799 Gratia
1880 1743 1979 1797 Dei
2005 1742 2098 1796 hic

403 1834 873 1888 commendatur:
908 1834 1043 1904 quia
1070 1849 1183 1886 non
1213 1849 1279 1886 ex
1322 1832 1563 1925 meritis,
1596 1831 1690 1886 sed
1741 1847 1807 1885 ex
1840 1830 2100 1900 nomine,

403 1922 558 1992 quod
605 1926 690 1975 est
735 1922 917 1988 Jesus,
967 1938 1025 1974 se
1073 1920 1420 1975 viviﬁcatuhi
1469 1920 1624 1988 dicit,
1691 1921 1789 1975 sed
1821 1936 1949 1974 cum
1995 1921 2102 1975 hoc

404 2011 587 2080 gratia
636 2009 924 2080 aequitatis
977 2008 1301 2076 miseretur,
1352 2008 1488 2080 quia
1534 2009 1667 2064 licet
1711 2009 1858 2063 Deus
1908 2009 2103 2063 omnia

405 2099 580 2168 gratis
607 2098 801 2166 faciat,
819 2097 1058 2168 justitiaa
1089 2103 1281 2152 tamen
1313 2099 1437 2168 ejus
1483 2102 1570 2152 est
1618 2097 1904 2169 supplices
1929 2097 2100 2168 justi-

403 2187 593 2257 ﬁcare,
627 2204 769 2259 quos
799 2190 1090 2242 daemones
1118 2187 1272 2241 videt
1301 2187 1601 2258 impetere.

982 2275 1292 2332 PSALMUS
1348 2276 1575 2330 CXLIII.

474 2365 644 2420 Vens.
717 2369 764 2420 l.
819 2395 887 2404 —
941 2366 1188 2419 Psalmus
1245 2363 1422 2418 David
1480 2364 1556 2417 ad
1619 2361 1854 2418 Goliam.
1919 2362 2100 2433 (Cas)

405 2454 603 2521 David,
676 2453 934 2509 Christus
1014 2458 1187 2520 totus,
1273 2457 1409 2522 etc.,
1489 2467 1659 2522 usque
1745 2452 1818 2506 ad
1891 2457 1948 2507 et
2025 2452 2102 2506 sic

309 2529 326 2548 '
402 2547 573 2613 caput
598 2542 719 2613 ejus
766 2541 960 2612 gladio
1009 2558 1111 2595 suo
1169 2541 1464 2595 inciditur.
1521 2570 1590 2580 —
1639 2540 1813 2595 David
1859 2541 2098 2608 Goliam,

402 2633 658 2687 Christus
717 2630 923 2685 occidit
994 2630 1310 2696 diabolum,
1363 2634 1493 2696 etc.,
1575 2644 1744 2698 usque
1798 2629 1872 2684 ad
1947 2630 2102 2685 unde

402 2720 779 2792 spiritualiter
816 2735 1061 2791 sequens
1111 2719 1389 2790 psalmus,
1449 2718 1696 2772 laudatio
1749 2717 2098 2773 intitulatur.

497 2810 837 2866 Benedictus.
909 2807 1076 2878 (Cas)
1158 2807 1544 2878 Triumphalis
1633 2806 1909 2877 psalmus,
1970 2814 2101 2876 etc.,

400 2914 569 2968 usque
597 2899 672 2952 ad
695 2913 933 2970 precans
985 2911 1084 2968 per
1132 2911 1264 2950 eum
1295 2894 1546 2960 liberari,
1605 2893 1706 2962 ibi,
1746 2896 1890 2950 Deus
1920 2897 2102 2950 canti-

402 3003 540 3042 eum.

471 3076 576 3142 Qui
605 3075 756 3129 docet
779 3089 970 3128 manus
1017 3087 1179 3128 meas.
1229 3072 1426 3143 (AUG.)
1457 3071 1519 3126 Id
1575 3075 1662 3126 est
1707 3069 1808 3142 qui
1851 3087 1953 3142 per
1973 3070 2099 3142 Spi-

401 3164 577 3218 ritum
618 3169 894 3228 sanctum,
929 3165 1060 3230 etc.,
1089 3177 1259 3232 usque
1279 3161 1354 3214 ad
1385 3160 1536 3231 quod
1566 3160 1846 3231 sequitur.
1873 3161 2098 3214 Miseri-

400 3252 588 3308 cordia
615 3267 754 3306 mea.
785 3250 956 3321 (Cas)
1009 3250 1152 3314 Quia
1198 3249 1488 3319 prolixum
1533 3253 1618 3303 est
1672 3248 1867 3302 multis
1902 3264 2099 3303 causas

403 3341 706 3410 explicare,
756 3339 1006 3392 breviter
1079 3337 1321 3407 singulis
1402 3337 1592 3392 verbis
1673 3336 1878 3406 tangit,
1963 3345 2096 3406 etc.,

400 3444 572 3496 usque
598 3429 672 3482 ad
700 3427 839 3497 quia
868 3443 998 3480 cum
1031 3427 1301 3496 despectu
1329 3431 1386 3480 et
1416 3427 1521 3480 sub
1553 3425 1934 3479 admiratione
1964 3424 2094 3478 sub-

403 3517 574 3580 ditur,
608 3516 830 3569 Domine
859 3513 995 3582 quid
1056 3519 1133 3568 est
1186 3514 1338 3568 homo
1394 3516 1548 3583 quia,
1605 3518 1711 3566 etc.
1774 3512 2096 3583 (Auc.)Mi-

401 3604 699 3660 sericordia
751 3617 890 3657 mea.
948 3602 1091 3666 Quia
1152 3607 1214 3656 tu
1271 3602 1370 3656 das
1441 3601 1582 3656 mihi
1643 3606 1708 3655 ut
1776 3601 2097 3655 misericors

403 3693 532 3759 sim,
583 3698 715 3760 etc.,
770 3707 939 3761 usque
989 3691 1064 3745 ad
1118 3690 1344 3746 dimitte
1401 3706 1558 3761 ergo,
1591 3695 1647 3744 et
1697 3689 1967 3757 dimitto;
2001 3690 2095 3760 da,

402 3787 461 3838 et
487 3783 579 3838 do.

469 3863 629 3928 Vens.
690 3872 742 3926 3.
797 3899 860 3910 -—
923 3869 1064 3935 Quia
1118 3869 1341 3938 reputas
1392 3867 1548 3922 eum?
1581 3866 1769 3939 (Auc.)
1827 3867 2094 3937 Magnum

401 3965 487 4015 est
528 3959 683 4031 quod
739 3959 889 4014 Deus
947 3957 1211 4022 aestimat,
1269 3961 1326 4010 et
1390 3957 1535 4010 tanti
1586 3956 1740 4023 facit,
1799 3960 1859 4009 ut
1891 3972 1994 4026 pro
2024 3971 2092 4009 eo

402 4051 606 4106 Filium
642 4048 885 4116 dederit,
943 4047 1036 4101 cui
1081 4047 1251 4100 etiam
1285 4045 1349 4099 ﬁt
1407 4047 1588 4116 panis,
1640 4045 1740 4114 qui
1797 4050 1884 4098 est
1931 4044 2094 4114 panis

399 4139 733 4208 angelorum
761 4152 774 4190 :
809 4152 924 4189 non
956 4134 1109 4189 enim
1132 4135 1211 4188 sic
1233 4135 1480 4188 aestimat
1511 4133 1807 4187 hominem
1838 4133 2007 4202 Deus,
2031 4137 2094 4187 ut

398 4229 596 4293 homo,
623 4226 726 4296 qui
753 4223 977 4278 charius
1007 4223 1144 4276 emit
1172 4238 1385 4293 equum
1421 4238 1593 4294 quam
1633 4220 1945 4277 hominem.

468 4323 630 4376 Vens.
653 4322 704 4375 4.
764 4348 834 4360 --
898 4318 1149 4373 Vanitati
1194 4319 1369 4372 simlis
1420 4319 1602 4381 factus
1657 4321 1735 4371 est
1767 4333 1780 4371 :
1811 4317 1926 4371 dies
1975 4317 2087 4387 ejus

397 4414 536 4467 sicut
565 4410 775 4464 umbra.
833 4407 963 4476 (Io.)
1013 4405 1251 4470 Quando
1307 4404 1481 4459 homo
1534 4405 1798 4460 conditus
1827 4409 1959 4472 gest,
1988 4421 2086 4458 ve-

397 4500 552 4554 ritati
583 4497 784 4552 similis
815 4496 994 4549 factus
1023 4499 1125 4558 est,
1164 4492 1402 4547 vanitati
1431 4494 1741 4563 peccando.
1774 4495 1929 4547 Vana
1957 4498 2090 4548 sunt

398 4589 593 4644 omnia
647 4585 993 4649 transitoria,
1051 4581 1478 4653 comparatione
1525 4597 1750 4652 semper
1804 4583 2088 4636 manentis

398 4677 669 4732 veritatis.
703 4675 874 4746 (Cas)
900 4674 1120 4727 Vanum
1153 4677 1255 4739 est,
1302 4670 1459 4742 quod
1503 4669 1572 4724 de
1613 4686 1717 4724 sua
1769 4670 2088 4725 substantia

395 4768 604 4824 cadens
631 4763 922 4818 vanescit:
969 4767 1033 4815 ut
1081 4759 1295 4825 fumus,
1343 4764 1408 4814 ut
1452 4759 1677 4814 umbra.
1728 4760 1810 4814 Ita
1855 4764 1909 4814 et
1967 4761 2086 4831 ipse

396 4859 570 4914 homo
610 4853 868 4918 tabescit,
924 4851 1078 4904 unde
1133 4849 1344 4916 subdit,
1395 4850 1517 4902 Dies
1561 4849 1698 4917 ejus,
1746 4848 1802 4903 id
1847 4854 1931 4902 est
1972 4849 2087 4903 vita

395 4949 519 5019 ejus
551 4943 796 5010 notoria,
852 4940 911 4995 id
970 4943 1054 4993 est
1097 4937 1444 5005 transitoria,
1506 4937 1586 4990 sic
1641 4936 1901 5008 praeterit
1943 4936 2084 4992 sicut

395 5037 622 5092 umbra.

466 5127 626 5178 Vens.
661 5124 713 5175 5.
763 5149 832 5160 —-
861 5119 1100 5180 Domine,
1134 5115 1366 5169 inclina.
1407 5113 1594 5185 (Auc.)
1628 5112 1871 5168 Humilis
1911 5113 2082 5168 David

394 5230 459 5268 ex
491 5227 734 5284 persona
783 5207 1066 5272 Ecclesiae,
1115 5205 1316 5276 plenus
1375 5203 1558 5274 gratia
1613 5219 1969 5273 prmsumens
2015 5203 2084 5258 de

399 5305 534 5368 Deo,
565 5314 827 5373 pugnans
852 5295 945 5351 hic
968 5295 1196 5348 invocat
1244 5291 1594 5362 adjutorium
1628 5291 1748 5346 Dei.
1798 5291 1991 5357 Quasi,
2023 5291 2084 5346 in

395 5391 547 5445 lucta
594 5403 810 5453 sumus,
887 5383 987 5438 sed
1033 5398 1103 5436 ne
1158 5380 1508 5436 deficiamus.
1568 5381 1810 5446 Domine,
1855 5380 2078 5434 inclina.

395 5476 566 5550 (Cas)
593 5478 830 5530 Domine.
879 5473 1033 5528 Idem
1066 5469 1270 5541 aperit,
1308 5474 1443 5539 etc.,
1499 5483 1668 5537 usque
1710 5467 1785 5522 ad
1814 5471 1872 5523 et
1898 5467 2084 5523 forma

397 5566 502 5623 Dei
525 5565 770 5620 formam
824 5559 973 5616 servi
1010 5557 1276 5628 suscepit.

2214 509 2385 564 verba
2441 510 2755 565 convertit:
2812 513 3012 564 Emitte
3063 527 3302 577 manum,
3345 511 3404 565 id
3443 515 3529 566 est
3579 512 3913 578 Christum;

2213 597 2280 652 de
2307 599 2418 652 alto
2472 599 2572 652 ubi
2617 615 2750 653 cum
2806 601 2990 664 Patre,
3039 604 3102 652 ut
3157 615 3391 654 carnem
3447 600 3671 654 induat.
3722 603 3914 670 (Acc.)

2214 686 2310 740 Vel
2338 687 2408 741 de
2441 687 2689 740 secundo
2718 686 2992 756 {adventu
3045 687 3163 758 agit
3213 689 3272 742 in
3329 704 3577 758 persona
3631 689 3912 744 Ecclesiae.

2211 775 2383 839 Quasi
2409 775 2592 830 dicat:
2640 777 2722 830 Ita
2753 775 2839 830 fac
2892 776 3085 830 modo.
3142 777 3354 831 Emitte
3399 793 3618 832 manum
3660 782 3816 832 tuam
3855 778 3917 832 de

2211 865 2342 932 alto,
2373 863 2427 918 id
2460 868 2544 917 est
2581 864 2867 919 Christum
2919 864 2988 918 de
3039 865 3179 918 caelo
3232 865 3304 919 ad
3351 865 3658 935 judicium.
3716 866 3917 920 Veniet

2211 953 2366 1007 enim
2399 953 2675 1008 Dominus
2727 952 2786 1006 in
2836 968 2971 1007 voce
3026 953 3240 1024 angeli,
3275 957 3332 1007 et
3389 955 3450 1008 in
3495 954 3631 1008 tuba
3691 955 3792 1009 Dei
3827 955 3917 1009 de~

2211 1042 2441 1096 scandet
2496 1042 2565 1095 de
2595 1042 2756 1096 coelo.
2792 1041 3003 1096 Deinde
3051 1058 3121 1096 ex
3174 1059 3419 1113 persona
3477 1043 3738 1098 Ecclesiae
3780 1045 3915 1098 sub-

2209 1131 2293 1186 dit
2324 1147 2340 1185 :
2388 1133 2552 1200 Eripe
2586 1145 2685 1194 me,
2720 1130 2952 1198 scilicet,
2996 1146 3100 1202 per
3151 1147 3278 1186 eam
3333 1147 3592 1186 manum.
3621 1135 3694 1188 Et
3719 1133 3914 1197 libera,

2209 1226 2343 1288 etc.,
2373 1225 2439 1274 ut
2462 1219 2523 1274 in
2556 1219 2766 1274 littera.

2280 1327 2446 1381 Vens.
2499 1327 2549 1381 9.
2593 1353 2667 1364 —
2709 1329 2871 1392 Deus,
2919 1327 3190 1380 canticum
3245 1341 3440 1381 novum
3503 1327 3738 1382 cantabo
3795 1329 3911 1382 tibi.

2212 1414 2372 1484 (Cas)
2399 1412 2663 1468 Secunda
2684 1429 2837 1482 pars,
2882 1413 2980 1468 ubi
3010 1413 3176 1485 quasi
3203 1413 3298 1468 ille
3329 1431 3503 1485 quem
3546 1415 3912 1485 precabatur,

2208 1503 2388 1557 victor
2424 1505 2482 1557 et
2536 1503 2823 1570 liberator,
2898 1502 3199 1569 venerit,ei
3255 1519 3312 1557 se
3359 1508 3587 1558 cantare
3642 1504 3703 1558 in
3761 1507 3917 1559 Novo

2207 1593 2564 1646 Testamento
2601 1596 2660 1645 et
2713 1591 2902 1645 Veteri
2955 1591 3284 1661 promittit:
3337 1598 3394 1646 et
3422 1593 3492 1647 ab
3545 1610 3614 1647 eo
3646 1601 3920 1665 precatur

2207 1681 2436 1735 liberari
2471 1680 2540 1734 ab
2560 1679 2648 1733 his
2679 1678 2777 1750 qui
2821 1679 3234 1734 beatitudinem
3293 1687 3499 1751 putant
3555 1682 3613 1736 in
3643 1683 3918 1747 terrenis,

2214 1771 2509 1826 Canticum.
2541 1769 2725 1838 (Αυθ.)
2761 1770 2875 1823 Hoc
2929 1769 3042 1822 alio
3071 1769 3304 1823 nomine
3364 1769 3647 1840 signiﬁcat
3697 1771 3916 1843 legem,

2212 1875 2384 1930 quam
2421 1874 2524 1930 per
2549 1858 2804 1929 quinque
2828 1858 3044 1928 lapides
3073 1858 3424 1926 significavit.

2285 1966 2444 2020 Vens.
2491 1967 2575 2020 l0.
2631 1995 2700 2004 —
2759 1964 2972 2020 Gladio.
3031 1966 3206 2034 (Αυα.)
3262 1965 3411 2030 Quas
3467 1965 3733 2036 superius
3771 1957 3916 2020 dix'it

2211 2071 2404 2126 aquas,
2446 2054 2634 2125 ipsum
2661 2052 2754 2107 hic
2795 2053 2932 2106 dicit
2980 2052 3274 2124 gladium;
3333 2054 3481 2108 unde
3517 2061 3570 2108 et
3599 2054 3690 2108 hic
3721 2055 3917 2109 subdit

2213 2144 2368 2215 quod
2394 2143 2520 2198 ibi:
2582 2145 2652 2197 Et
2680 2157 2803 2196 erue
2840 2157 2922 2196 me
2949 2142 3015 2196 de
3061 2158 3226 2196 manu
3297 2145 3532 2210 ﬁliorum
3585 2145 3910 2198 alienorum.

2210 2232 2468 2298 Maligna.
2536 2231 2613 2284 De
2663 2246 2820 2301 quo:
2883 2230 3101 2298 Lingua
3181 2246 3368 2285 eorum
3433 2231 3650 2298 gladius
3718 2238 3911 2286 acutus

2210 2321 2381 2388 (Psal.
2423 2317 2552 2390 LVI).
2591 2320 2686 2372 Est
2709 2325 2766 2372 et
2811 2318 3095 2388 benignus
3139 2318 3383 2388 gladius,
3428 2320 3496 2372 de
3545 2335 3656 2390 quo
3718 2320 3907 2374 Domi-

2212 2424 2319 2462 nus
2368 2407 2481 2461 ait:
2528 2446 2542 2460 .
2603 2409 2722 2463 Non
2775 2409 2900 2460 veni
2953 2422 3140 2476 pacem
3229 2409 3461 2473 mittere,
3526 2409 3622 2462 sed
3665 2409 3909 2477 gladium

2213 2497 2427 2568 (Matth.
2475 2495 2549 2566 x).
2611 2495 2712 2549 Hic
2757 2501 2841 2549 est
2898 2496 3118 2565 gladius
3195 2495 3282 2550 bis
3333 2501 3489 2550 actus
3551 2497 3742 2567 (Apoc.
3776 2499 3908 2566 xui},

2214 2591 2458 2656 utroque
2523 2583 2784 2638 acumine
2858 2590 3201 2654 praepotens,
3287 2585 3501 2638 scilicet
3585 2585 3800 2639 Veteris
3855 2592 3911 2638 et

2213 2675 2349 2729 Novi
2405 2673 2771 2739 Testamenti,
2823 2689 2940 2744 quo
3015 2673 3205 2727 omnis
3269 2673 3513 2744 putredo
3549 2691 3582 2728 a
3635 2675 3914 2729 membris

2213 2763 2418 2819 Christi
2445 2761 2812 2816 abscinditur.

2284 2870 2441 2922 Vens.
2479 2867 2560 2922 l2.
2605 2897 2672 2906 -—
2722 2867 2954 2933 Quorum
2999 2865 3125 2937 ﬁlii.
3160 2867 3278 2936 Hic,
3341 2867 3441 2938 qui
3493 2867 3605 2922 sint
3633 2868 3829 2932 alieni,
3861 2874 3919 2923 et

2134 2985 2174 3040 ρ
2216 2973 2346 3030 quae
2404 2957 2640 3011 illorum
2692 2955 2924 3010 dextera
2975 2956 3314 3026 iniquitatis,
3370 2962 3426 3010 et
3455 2957 3702 3028 qualiter
3736 2959 3918 3012 locuti

2210 3051 2344 3102 sunt
2396 3045 2726 3112 vanitatem,
2761 3044 3013 3116 exponit.
3074 3044 3256 3113 (AUG.)
3303 3045 3652 3100 Felicitatem
3711 3063 3917 3101 eorum

2208 3141 2528 3200 enumerat,
2555 3134 2678 3187 haec
2711 3138 2795 3188 est
2843 3133 3076 3187 dextera
3119 3149 3344 3200 eorum,
3389 3133 3510 3188 hac
3552 3141 3638 3188 est
3664 3136 3916 3202 vanitas,

2208 3240 2382 3296 quam
2439 3223 2771 3293 loquuntur,
2838 3222 2975 3276 dum
3038 3221 3160 3276 haec
3215 3221 3415 3276 dicunt
3471 3223 3914 3279 beatitudinem.

2209 3311 2400 3381 (Cass.)
2455 3310 2689 3376 Quorum
2739 3310 2863 3378 ﬁlii.
2923 3310 3040 3375 Vel,
3094 3309 3328 3380 mystice
3367 3310 3490 3364 haec
3544 3318 3790 3381 possunt
3822 3313 3919 3368 in-

2205 3398 2388 3469 telligi
2414 3398 2484 3451 ab
2505 3398 2603 3451 illo
2637 3398 2781 3464 loco,
2835 3401 2966 3464 etc.,
3023 3413 3193 3469 usque
3247 3398 3322 3452 ad
3373 3397 3472 3452 sed
3501 3398 3664 3452 novis
3695 3399 3916 3454 errori-

2203 3488 2310 3543 bus
2341 3487 2787 3558 pullulaverunt.

2275 3576 2440 3629 Filiae.
2470 3573 2664 3641 (Cass)
2719 3574 2855 3638 Quin
2911 3589 3029 3628 non
3077 3573 3291 3629 habent
3344 3573 3492 3628 vires
3545 3573 3906 3629 constantia.

2301 3664 2636 3733 Composita.
2696 3663 2820 3717 Non
2869 3667 3074 3717 natura
3130 3663 3401 3734 pulchras,
3461 3663 3560 3718 sed
3601 3663 3674 3718 ab
3708 3664 3913 3718 homi-

2203 3751 2373 3806 nibus
2401 3751 2751 3821 compositaa.
2786 3751 2881 3805 Hae
2911 3750 3045 3806 filim
3077 3756 3210 3805 sunt
3235 3752 3610 3822 cogitationes
3643 3754 3730 3806 vel
3763 3769 3912 3824 prm-

2201 3840 2514 3895 dicationes
2547 3857 2745 3895 eorum
2773 3840 2874 3911 qui
2922 3857 3039 3895 non
3069 3841 3281 3896 habent
3331 3859 3524 3897 veram
3572 3841 3906 3907 Ecclesiam,

2201 3930 2296 3985 sed
2323 3930 2780 3984 similitudinem.

2231 4018 2430 4092 (Vens.
2496 4039 2578 4092 l3.
2629 4065 2703 4080 —-
2767 4038 3176 4107 Promptuaria.
3233 4037 3415 4092 Corda
3462 4037 3700 4093 diversis
3729 4038 3908 4092 rebus

2198 4124 2390 4180 facta:
2449 4125 2599 4180 unde
2643 4125 2918 4197 pessimas
2990 4125 3370 4180 eructationes
3426 4127 3717 4189 exhalant,
3773 4143 3904 4198 quae

2195 4215 2390 4270 fetant.

2117 4280 2158 4332 Β
2269 4306 2357 4358 Ea:
2381 4304 2475 4358 hoc
2505 4305 2564 4358 in
2587 4303 2746 4358 illud.
2795 4303 3110 4371 Instabiles,
3162 4303 3299 4375 quia
3349 4321 3467 4359 non
3495 4303 3714 4358 habent
3741 4303 3896 4358 radi-

2199 4406 2321 4446 cem
2351 4391 2624 4446 veritatis.

2269 4499 2428 4553 Vens.
2472 4499 2556 4554 14,
2582 4498 2806 4554 -Ουεε
2835 4513 3016 4553 eorum
3059 4501 3264 4565 fetosz.
3312 4498 3397 4553 Ad
3457 4498 3729 4562 litteram,
3764 4497 3897 4570 quia

2196 4587 2316 4641 vult
2339 4603 2436 4640 eos
2461 4587 2758 4641 ostendere
2814 4587 3040 4640 caducis
3095 4587 3265 4641 rebus
3306 4587 3546 4641 haerere.
3606 4587 3782 4651 Quasi
3805 4588 3892 4642 di-

2196 4679 2286 4728 cat
2317 4691 2329 4728 :
2363 4675 2658 4729 Peculium
2696 4690 2896 4728 eorum
2951 4675 3219 4740 fetosum,
3277 4691 3408 4728 cum
3441 4676 3549 4747 ipsi
3581 4675 3698 4729 ﬁde
3726 4675 3890 4729 steri-

2194 4763 2500 4830 les;uude
2562 4763 2796 4833 mystice
2864 4763 3126 4834 discipuli
3185 4780 3407 4826 eorum,
3461 4764 3550 4818 hae
3597 4780 3733 4818 oves
3763 4770 3893 4817 sunt

2193 4850 2412 4920 fetosae,
2443 4851 2580 4922 quia
2630 4851 2741 4922 ipsi
2801 4851 2942 4905 alios
2992 4852 3185 4918 plures
3231 4852 3292 4906 in
3344 4868 3540 4907 errore
3588 4858 3888 4924 generant,

2191 4939 2266 4992 In
2284 4939 2601 5007 egressibus,
2639 4940 2760 4994 Non
2794 4939 2856 4993 in
2883 4939 3254 5009 ingressibus,
3296 4941 3432 5011 quia
3461 4946 3641 4995 totum
3675 4941 3887 4996 bonum

2193 5025 2346 5095 quod
2369 5025 2580 5080 habere
2607 5025 2893 5091 videntur,
2923 5026 2994 5079 ab
3016 5025 3098 5079 eis
3123 5025 3419 5096 egreditur
3457 5027 3572 5081 cito
3598 5027 3884 5098 perituris.

2191 5116 2374 5170 Boves.
2412 5115 2537 5168 Non
2580 5114 2780 5168 laboro
2812 5113 3009 5181 macri,
3057 5114 3154 5168 sed
3191 5115 3310 5169 otio
3367 5115 3632 5185 pingues,
3684 5120 3748 5169 ut
3804 5116 3888 5169 his

2191 5203 2291 5274 qui
2321 5202 2567 5257 affluunt
2594 5201 2825 5271 divitiis,
2878 5218 3011 5256 eum
3050 5201 3162 5273 ipsi
3213 5205 3328 5258 sint
3359 5221 3391 5257 a
3420 5204 3658 5258 veritate
3680 5205 3884 5275 jejuni.

2191 5291 2289 5346 Vel
2311 5292 2564 5362 mystice,
2615 5291 2806 5358 boves,
2850 5291 3109 5362 magistri
3153 5291 3397 5346 terrenis
3451 5291 3719 5346 afﬂuunt.
3771 5293 3884 5346 Ha-

2191 5383 2361 5436 ceriae.
2395 5381 2530 5445 Quae
2589 5379 2660 5434 de
2699 5381 2835 5435 solis
2877 5380 3026 5436 saxis
3062 5380 3124 5435 in
3179 5381 3363 5436 hortis
3403 5381 3503 5436 sed
3548 5382 3636 5437 vel
3663 5381 3882 5447 vineis;

2195 5485 2298 5524 nec
2323 5469 2447 5540 ipsa
2474 5468 2595 5524 ruit
2621 5468 2756 5536 illis,
2785 5469 2916 5524 ideo
2967 5469 3248 5541 prosperi.

2262 5556 2434 5627 (Cas)
2507 5557 2691 5627 Neque
2753 5559 3039 5628 transitus,
3123 5573 3296 5628 neque
3348 5557 3569 5625 clamor,
3621 5558 3877 5615 turbidus
