4082 6184
204 330 336 381 1069

1307 332 1560 389 GLOSSA
1599 334 2003 389 ORDINARIA.
2044 362 2117 375 —
2155 334 2285 389 LIB.
2336 334 2581 390 PSALM.

3566 340 3701 395 1070

195 451 567 523 interrumpit
598 452 848 523 quietem
874 469 1096 520 eorum,
1130 459 1261 520 etc.,
1284 471 1453 525 usque
1477 458 1551 510 ad
1576 473 1704 527 qua:
1732 458 1888 511 ducit
1916 458 1958 511 Α
1996 458 2237 511 videaris
2271 456 2448 528 (Prov.
2511 457 2703 527 xxvu).
2739 457 2843 512 Sed
2890 473 3006 512 non
3037 462 3124 513 est
3155 460 3505 530 arrogantia,
3565 463 3699 531 quia

193 541 263 594 ad
295 546 558 596 mortem.

267 631 425 684 Vens.
468 634 554 684 15.
596 661 665 670 —-
692 631 943 685 Beatum.
1001 633 1124 685 Non
1165 632 1299 685 inde
1354 634 1720 704 reprehendit
1759 634 1894 705 quia

189 717 280 771 his
311 719 626 785 abundant,
661 720 757 773 sed
792 721 926 791 quia
975 736 1080 789 pro
1110 721 1339 774 dextera
1380 722 1615 789 habent,
1672 723 1727 777 id
1784 728 1889 787 est,

190 824 298 878 pro
352 809 755 863 beatitudine:
818 814 873 863 et
920 810 1040 864 haec
1089 815 1175 863 est
1220 810 1440 863 vanitas
1500 827 1674 882 quam
1722 812 1893 864 locuti

190 902 345 950 sunt.
378 898 473 951 His
503 902 560 952 et
585 898 892 965 Abraham,
944 904 1001 952 et
1056 900 1227 962 Isaac,
1285 905 1343 952 et
1385 900 1577 965 Jacoh,
1637 900 1892 954 abunda-

191 985 292 1039 vit.
352 987 608 1040 Felicitas
665 992 721 1041 et
778 987 1026 1054 sinistra,
1080 987 1138 1041 id
1198 992 1283 1041 est
1341 988 1693 1058 temporalis,
1734 1004 1894 1043 mor-

196 1075 347 1128 talis.

760 1218 985 1273 PSALM
997 1219 1077 1273 US
1107 1218 1325 1273 CXLIV.

266 1342 429 1396 Veas.
468 1346 517 1396 t.
548 1373 617 1381 —
675 1343 946 1397 Laudatio
993 1346 1105 1413 ipsi
1157 1343 1354 1398 David.
1411 1345 1573 1413 (Cas)
1644 1344 1895 1399 Breviter

191 1429 457 1483 continet
485 1430 577 1484 hic
606 1431 861 1501 psalmus
890 1447 1019 1502 quas
1049 1433 1109 1485 in
1148 1432 1455 1504 Scripturis
1515 1433 1723 1487 divinis
1777 1434 1891 1487 late

193 1519 619 1586 diffunduntur,
647 1524 777 1587 etc.,
832 1536 1003 1591 usque
1039 1522 1114 1575 ad
1141 1538 1211 1576 ne
1248 1523 1377 1593 quis
1434 1524 1493 1577 in
1549 1523 1672 1593 ejus
1726 1523 1891 1578 laude

192 1623 387 1660 errare
414 1613 604 1677 posset
637 1623 650 1661 :

267 1696 454 1762 (Auo.)
507 1695 723 1767 Spiritu
779 1704 981 1752 sancto
1017 1698 1219 1769 implet
1269 1701 1416 1753 Deus
1458 1705 1700 1766 sanctos,
1757 1704 1888 1768 etc.,
1923 1743 1962 1796 Β

190 1799 367 1852 usque
385 1785 460 1837 ad
488 1785 731 1856 ideoque
773 1787 1006 1856 spiritus
1052 1789 1175 1858 ejus
1204 1788 1263 1841 in
1322 1789 1496 1842 servis
1530 1788 1644 1843 suis
1698 1788 1891 1844 laudet

191 1888 349 1939 eum,
376 1873 510 1944 quia
542 1875 765 1928 laudari
795 1892 854 1928 se
886 1876 1036 1930 facit.

266 1961 431 2027 (Cas)
458 1964 529 2016 Ut
562 1968 777 2033 septem
812 1964 1014 2036 psalmi
1045 1964 1419 2034 poenitentiae,
1450 1964 1528 2018 sic
1558 1968 1614 2018 et
1673 1969 1890 2036 septem

188 2050 447 2120 spiritus,
476 2051 639 2118 juxta
670 2052 809 2105 illud
841 2058 1258 2107 sacramentum
1291 2054 1444 2124 quod
1474 2054 1749 2124 praecepit
1778 2056 1892 2108 Do-

186 2138 387 2192 minus
419 2139 592 2210 Moysi
624 2139 683 2193 in
714 2140 1082 2195 tabernaculo
1116 2148 1334 2213 septem
1362 2142 1621 2197 lucernas
1653 2159 1890 2214 ponere,

184 2232 469 2296 perpetuo
495 2227 709 2281 lumine
734 2228 1007 2283 lucentes.

265 2318 538 2371 Emaltabo
570 2323 637 2373 te.
674 2319 843 2387 (Cas)
879 2319 1068 2373 Primo
1111 2319 1388 2390 propheta
1444 2320 1729 2392 promittit
1768 2320 1895 2375 inti-

189 2405 377 2459 nitam
412 2406 638 2461 laudem
665 2424 679 2473 ;
707 2408 976 2468 secundo,
1013 2424 1209 2461 omnes
1241 2409 1591 2479 perfecturos
1624 2409 1721 2463 Dei
1764 2410 1894 2463 lau-

192 2494 327 2547 dem
361 2510 566 2547 novem
597 2496 784 2549 modis
814 2495 969 2562 dicit,
1006 2496 1107 2564 ibi,
1139 2496 1425 2553 Generatio
1472 2504 1521 2552 et
1576 2500 1888 2565 generatio;

188 2582 384 2650 tertio,
412 2582 611 2636 eadem
643 2584 813 2637 latius
844 2584 1104 2655 explicat,
1129 2586 1230 2655 ibi,
1260 2589 1562 2641 miseratur.

265 2673 328 2725 In
351 2673 601 2726 sacculum
649 2674 849 2727 seaculi.
894 2674 1060 2743 (Cas)
1111 2674 1216 2738 Qui
1264 2675 1355 2728 hic
1387 2691 1500 2728 non
1554 2676 1775 2746 incipit,
1833 2675 1892 2730 in

193 2760 389 2814 futuro
420 2766 610 2814 mutus
636 2762 760 2814 erit.

263 2850 438 2903 Vens.
490 2851 542 2903 2.
603 2880 669 2890 -—
726 2852 830 2905 Per
873 2852 1115 2919 singulos
1163 2852 1297 2920 dies,
1349 2856 1453 2906 etc.
1503 2853 1626 2925 (Ιο.)
1653 2853 1761 2918 Qui
1800 2853 1894 2909 hic

190 2954 296 3008 per
338 2937 593 3008 singulos
624 2938 765 3005 dies,
798 2940 857 2993 in
904 2946 1121 2995 aeterno
1152 2941 1242 2995 die
1295 2941 1609 2996 merebitur
1660 2943 1892 2998 laudare

191 3028 464 3080 continua
498 3028 889 3082 exsultatione.

262 3117 449 3186 (Αυα.)
486 3117 773 3170 Benedicit
829 3133 981 3171 nunc
1010 3133 1110 3187 per
1161 3119 1403 3186 singulos
1434 3118 1571 3184 dies,
1626 3124 1709 3188 ut,
1758 3136 1888 3174 cum

191 3204 415 3257 venerit
445 3220 590 3257 unus
630 3204 753 3257 sine
795 3204 935 3258 fines
958 3205 1099 3270 dies,
1124 3212 1215 3258 eat
1264 3222 1327 3259 ex
1358 3206 1524 3260 laude
1558 3207 1615 3260 in
1638 3207 1887 3274 laudem,

190 3291 341 3345 sicut
362 3307 428 3345 ex
455 3292 662 3346 virtute
698 3292 759 3346 in
790 3294 1079 3348 virtutem.
1141 3295 1207 3348 In
1236 3296 1489 3349 saeculum
1518 3299 1567 3349 et
1622 3296 1679 3348 in
1724 3310 1889 3349 saecu—

194 3380 305 3434 lum
355 3382 559 3435 saeculi.
612 3382 779 3451 (Cas)
838 3384 915 3436 De
973 3399 1085 3453 qua
1124 3382 1294 3437 laude
1341 3383 1524 3437 alibi:
1589 3386 1650 3439 In
1694 3385 1890 3439 secula

196 3471 509 3524 saeculorum
572 3471 875 3525 laudabunt
946 3473 1114 3539 (Psal.
1175 3473 1422 3541 xxxvni),
1475 3472 1612 3543 quia
1663 3489 1892 3543 semper

199 3561 471 3613 amabunt
497 3575 669 3630 quem
707 3576 934 3631 semper
960 3560 1254 3626 videbunt,
1310 3561 1446 3633 quia
1473 3562 1693 3616 visione
1744 3562 1889 3616 nihil

198 3642 609 3698 delectabilius.

265 3732 428 3788 Vens.
488 3735 538 3787 3.
599 3763 668 3772 —
721 3734 913 3788 Nimis.
974 3733 1139 3802 (Cas)
1198 3734 1319 3787 Uno
1375 3734 1548 3789 verbo
1598 3734 1755 3789 dedit
1804 3751 1892 3789 co-

192 3821 378 3891 gitare
413 3821 561 3891 quod
589 3837 706 3875 non
736 3826 924 3892 potest
953 3822 1079 3893 capi
1110 3821 1276 3893 plene
1302 3838 1315 3876 :
1350 3827 1405 3877 et
1438 3823 1564 3877 ideo
1591 3839 1888 3894 nunquam

191 3926 379 3963 cesses
411 3926 443 3962 a
463 3909 747 3964 laudibus.

269 4000 429 4052 Vsus.
484 3999 538 4052 4.
596 4029 664 4038 -—
720 4000 1003 4055 Generatio
1061 4003 1113 4053 et
1180 4002 1473 4068 generatio.
1552 4000 1734 4069 (ΟΑε.)
1793 4000 1890 4055 Se-

191 4088 407 4155 cundo,
433 4104 631 4142 omnes
661 4089 1014 4159 perfecturos
1044 4089 1274 4143 laudem
1323 4090 1420 4143 Dei
1451 4105 1655 4143 novem
1707 4090 1890 4143 modis

188 4176 503 4246 promittit.
539 4177 713 4246 Opera
747 4182 859 4231 tua.
892 4177 1082 4247 (Αεα.)
1114 4176 1172 4231 Si
1195 4177 1254 4230 in
1286 4178 1686 4248 magnitudine
1742 4178 1887 4232 defi-

2010 547 2186 599 Dcum
2220 546 2279 599 in
2308 550 2383 610 te,
2411 562 2529 599 non
2552 551 2605 599 te
2638 546 2855 600 laudas.

2072 635 2234 687 Vens.
2269 638 2320 687 6.
2355 665 2423 674 —
2459 638 2528 688 Et
2556 637 2825 688 virtutem.
2882 635 2939 691 Si
2982 652 3099 690 non
3150 636 3484 705 minaretur,
3546 639 3702 692 nulla

2002 728 2149 775 esset
2178 723 2449 788 corectio;
2492 723 2538 776 si
2572 739 2702 777 vero
2737 740 2853 777 non
2911 724 3285 791 blandiretur,
3346 729 3506 781 nulla
3554 733 3701 781 esset

2002 811 2341 865 exhortatio.
2382 814 2474 866 Est
2502 812 2693 882 itaque
2727 814 2985 868 amabilis
3042 818 3098 867 et
3152 814 3445 869 terribilis.
3501 816 3701 870 Dicent

2002 917 2138 969 ergo
2160 901 2425 955 virtutem
2451 901 2869 970 disciplinantis
2926 908 2983 956 et
3034 903 3348 974 punientis,
3380 904 3425 957 si
3481 906 3699 975 praedi-

2001 994 2131 1043 cant
2159 1005 2402 1060 regnum
2454 996 2752 1054 internum,
2808 1008 2924 1045 non
2953 996 3147 1046 tacent
3176 993 3370 1064 ignem
3398 998 3696 1049 aeternum.

2074 1080 2243 1135 Vens.
2285 1083 2335 1134 7.
2372 1109 2437 1118 —
2488 1080 2802 1133 Memoriam
2850 1080 3202 1135 abundantiae
3248 1082 3541 1135 suavitatis
3596 1086 3701 1134 tua."

2001 1168 2337 1222 eructabunt.
2391 1166 2577 1238 (AUG.)
2614 1169 2738 1238 Ipse
2770 1184 2872 1240 per
2919 1170 3304 1224 abundantem
3363 1170 3699 1224 suavitatem

2001 1272 2161 1311 suam
2196 1256 2359 1327 prius
2397 1273 2620 1310 memor
2656 1257 2837 1311 nostri
2882 1261 2987 1325 est,
3046 1274 3153 1312 nos
3182 1258 3462 1328 vocando,
3514 1258 3702 1329 gratia

2003 1361 2104 1399 sua
2131 1361 2235 1398 nos
2268 1345 2697 1414 prtrveniendo,
2732 1345 2863 1400 inde
2898 1363 3001 1400 nos
3034 1347 3179 1417 ejus,

2071 1433 2411 1489 Eructabunt
2437 1434 2594 1497 dicit,
2634 1451 2748 1488 non
2777 1436 3222 1491 manducabunt.

2074 1520 2257 1591 (Ασα.)
2299 1523 2593 1576 Manducat
2624 1523 2723 1592 qui
2758 1523 2943 1589 discit,
2972 1527 3191 1578 eructat
3219 1523 3319 1595 qui
3346 1523 3524 1595 {docet
3548 1541 3561 1580 :
3590 1524 3699 1579 hoc

2002 1613 2194 1663 tamen
2225 1616 2445 1664 eructat
2486 1611 2636 1681 quod
2667 1611 2988 1665 manducet.
3052 1614 3181 1666 Haec
3211 1613 3514 1681 memoria,
3563 1614 3700 1684 quia

2003 1698 2164 1751 valde
2196 1698 2378 1752 dulcis
2421 1698 2819 1752 manducanda
2874 1704 2958 1753 est
2987 1706 3044 1754 et
3090 1701 3413 1756 eructanda.
3444 1700 3533 1756 Sic
3562 1717 3699 1772 ergo

2002 1786 2286 1840 manduca
2320 1792 2381 1840 ut
2412 1792 2652 1841 eructes.

2073 1876 2234 1929 Vens.
2267 1879 2318 1930 8.
2362 1907 2427 1916 —
2472 1878 2764 1931 Miserator
2817 1882 2868 1931 et
2912 1879 3234 1932 misericors.
3293 1877 3457 1949 (Cas)
3507 1879 3697 1933 Tertio

2001 1963 2170 2017 latius
2252 1964 2498 2034 explicat
2561 1983 2689 2036 quze
2749 1967 2996 2021 secundo
3054 1966 3306 2020 breviter
3370 1968 3693 2037 proposuit.

2001 2052 2170 2115 Quasi
2204 2069 2216 2105 :
2252 2054 2448 2107 Merito
2477 2054 2532 2107 in
2564 2054 2652 2107 his
2701 2054 3039 2123 laudabunt,
3072 2055 3208 2125 quia
3235 2042 3542 2121 miserator,
3577 2060 3689 2114 etc.

2004 2142 2197 2194 Partes
2228 2140 2412 2194 laudis
2444 2147 2739 2212 ponuntur
2767 2143 2879 2209 hic,
2927 2159 3053 2213 qua?
3099 2142 3381 2214 superius,
3433 2143 3528 2196 sed
3581 2158 3700 2196 non

2004 2229 2244 2301 singulae
2273 2234 2512 2299 possunt
2552 2230 2826 2300 explicari
2858 2247 2870 2285 :
2898 2231 3026 2301 quis
3052 2231 3205 2285 enim
3266 2247 3441 2302 Opera
3486 2231 3573 2285 vel
3604 2248 3699 2301 po-

2001 2320 2242 2372 tentiam
2303 2319 2426 2389 ejus
2484 2319 2652 2389 plene
2693 2318 3032 2390 explicaret?
3085 2320 3275 2389 (AUG.)
3323 2321 3613 2373 Miserator
3650 2325 3699 2374 et

1999 2408 2323 2461 misericors.
2372 2407 2589 2471 Quibus
2629 2424 2754 2462 eam
2800 2407 3025 2461 veniam
3082 2407 3257 2461 dedit.
3313 2409 3551 2462 Patiens.
3604 2407 3699 2461 His

2001 2496 2208 2566 quibus
2240 2496 2495 2550 nondum
2520 2496 2696 2565 dedit,
2727 2496 2825 2549 sed
2855 2499 3139 2566 exspectat
3168 2500 3232 2550 ut
3256 2496 3369 2550 det.

2072 2584 2230 2636 Vens.
2266 2587 2317 2637 9.
2356 2614 2425 2624 —
2469 2583 2636 2655 (Cas)
2697 2586 3086 2640 Miserationes.
3135 2584 3220 2639 Ab
3276 2584 3546 2652 operibus
3609 2585 3697 2639 in-

2002 2671 2160 2741 cipit,
2200 2676 2265 2725 ut
2318 2672 2619 2727 miserator
2659 2672 2879 2727 dicatur
2936 2674 3073 2727 dum
3114 2674 3378 2727 cadentes
3426 2674 3693 2728 restituit.

2001 2762 2329 2827 Misericors,
2392 2765 2617 2823 natura,
2667 2762 2839 2816 etiam
2866 2761 3003 2816 dum
3061 2766 3239 2816 creat.
3298 2764 3537 2829 Patiens,
3588 2763 3698 2817 hoc

2003 2850 2178 2903 sumit
2206 2850 2275 2903 de
2319 2850 2568 2904 secundo
2599 2851 2722 2904 loco
2776 2849 2984 2918 laudis,
3016 2851 3232 2905 scilicet
3289 2852 3358 2907 de
3416 2851 3697 2922 potentia,

2002 2955 2177 3009 quam
2252 2939 2466 3004 laudat,
2528 2956 2643 2994 non
2711 2940 2867 3011 quod
2915 2949 3095 2995 terras
3140 2939 3456 3011 suspendit,
3516 2938 3700 2994 maria

1920 3020 1960 3073 C
1999 3027 2267 3093 coercuit,
2303 3027 2482 3081 stellis
2507 3028 2677 3082 caelos
2707 3027 2981 3098 depinxit,
3030 3033 3161 3095 etc.,
3219 3028 3317 3083 sed
3363 3028 3500 3099 quia
3555 3028 3697 3083 tole-

1997 3121 2086 3170 rat
2108 3119 2437 3186 peccantes;
2474 3121 2537 3170 ut
2560 3122 2986 3171 convertantur.
3019 3119 3091 3173 Et
3144 3120 3516 3171 miserationes
3554 3116 3693 3186 ejus.

2000 3206 2189 3275 (AUG.)
2217 3205 2275 3259 Si
2309 3204 2464 3259 enim
2504 3206 2670 3259 tollas
2719 3221 2892 3276 opera
2941 3210 3040 3259 tua
3090 3206 3257 3271 mala,
3293 3210 3349 3260 et
3390 3221 3505 3260 non
3542 3204 3601 3258 in
3640 3210 3696 3259 te

1998 3296 2291 3348 remaneat
2325 3293 2436 3348 nisi
2461 3309 2637 3364 opera
2662 3293 2804 3364 ejus,
2860 3309 2976 3347 non
2996 3298 3053 3347 te
3112 3293 3361 3347 dimittet
3403 3293 3695 3347 miseratio

1999 3383 2121 3451 ejus
2155 3399 2167 3435 :
2202 3382 2477 3451 siyautem
2519 3386 2581 3436 tu
2612 3399 2727 3436 non
2757 3382 3008 3436 dimittas
3034 3399 3207 3453 opera
3234 3386 3353 3450 tua,
3415 3382 3523 3436 erit
3572 3383 3697 3452 ejus

1998 3471 2269 3525 severitas
2300 3470 2358 3524 in
2390 3487 2563 3541 opera
2588 3475 2707 3533 tua,
2766 3486 2895 3525 cum
2927 3470 3065 3525 dicit
3095 3486 3108 3525 :
3140 3472 3237 3538 Ite,
3277 3470 3576 3538 maledicti,
3636 3473 3696 3525 in

1996 3562 2175 3627 ignem
2206 3564 2463 3614 aternum
2497 3559 2717 3628 (Matth.
2748 3565 2892 3621 xxv).

2068 3649 2236 3703 Vens.
2281 3648 2371 3701 10.
2436 3677 2505 3686 —-
2562 3647 2931 3711 Conﬁteantur
3010 3647 3127 3713 tibi,
3200 3648 3433 3713 Domine,
3513 3649 3696 3701 omnia

1998 3752 2167 3806 opera
2197 3742 2308 3790 tua.
2353 3733 2543 3805 (AUG.)
2599 3735 2855 3788 Laudent
2884 3734 3027 3787 sicut
3058 3750 3122 3787 ea
3151 3750 3280 3804 qua:
3336 3749 3453 3787 non
3480 3733 3694 3786 habent

2000 3839 2227 3877 sensum
2264 3821 2554 3888 laudandi,
2589 3822 2686 3891 qui
2709 3826 2843 3874 sunt
2872 3820 3111 3874 materia
3140 3820 3324 3874 laudis
3358 3820 3528 3891 :quia
3556 3820 3695 3873 dum

1999 3912 2267 3983 inquiris,
2298 3909 2521 3964 invenis
2559 3925 2829 3978 magnam
2864 3909 2978 3963 vim
2997 3909 3056 3962 in
3087 3908 3187 3973 eis,
3234 3924 3363 3978 qua:
3396 3926 3427 3962 a
3448 3909 3584 3962 Deo.

2070 4003 2140 4054 Et
2184 4002 2362 4054 sancti
2400 4001 2498 4053 tui.
2563 3998 2731 4068 (Cas)
2783 3998 2963 4052 Omne
3037 3996 3187 4067 quod
3251 4001 3337 4050 est
3391 3995 3697 4050 confitetur

1997 4088 2085 4142 vel
2111 4104 2212 4158 per
2241 4104 2320 4153 se,
2361 4087 2446 4141 vel
2479 4103 2581 4158 per
2619 4086 2923 4140 rationales
2968 4089 3277 4140 creaturas.
3339 4085 3436 4139 Vel
3495 4084 3691 4152 sancti,

1999 4177 2057 4231 id
2089 4182 2193 4243 est,
2226 4176 2418 4247 angeli
2467 4181 2524 4229 et
2562 4175 2842 4229 homines.
2902 4176 3015 4230 Hoc
3053 4175 3121 4229 de
3167 4173 3464 4228 sanctitate
3495 4191 3512 4226 :
3573 4172 3696 4243 ipsa

187 4266 398 4331 cimus,
460 4267 545 4319 vel
604 4266 671 4319 de
738 4266 1003 4336 operibus
1059 4266 1359 4320 laudemus
1414 4271 1769 4337 operantem,
1818 4268 1887 4322 de
1925 4279 1966 4332 ι]
2006 4271 2091 4321 est
2134 4264 2287 4319 enim
2335 4263 2601 4318 sanctitas
2656 4263 2778 4329 Dei,
2823 4267 2886 4317 ut
2936 4262 2990 4317 ei
3036 4262 3214 4316 sancti
3267 4261 3512 4317 debeant
3564 4276 3697 4315 con-

186 4353 441 4408 conditis
483 4355 857 4420 conditorem,
916 4355 985 4409 de
1045 4355 1318 4409 creaturis
1348 4360 1685 4410 creatorem.
1725 4357 1889 4427 (Cas)

189 4445 414 4499 Novem
437 4447 570 4496 sunt
599 4460 774 4514 opera
809 4460 821 4497 :
854 4444 1123 4514 potentia,
1177 4444 1623 4515 magniﬁcentia,
1684 4446 1891 4501 sancti-

187 4539 307 4600 tas,
361 4530 667 4597 mirabilia,
723 4532 921 4596 virtus,
972 4532 1317 4587 terribilium
1374 4533 1734 4603 magnitudo,
1777 4551 1892 4589 me-

190 4618 406 4686 moria,
480 4620 726 4690 justitia,
787 4637 915 4691 quae
973 4625 1101 4691 post
1156 4621 1623 4691 explicabuntur:
1684 4638 1748 4676 ex
1806 4623 1894 4677 his

187 4706 364 4780 quasi
418 4708 552 4760 locis
599 4712 655 4761 et
704 4707 1019 4761 seminibus
1073 4708 1258 4762 omnis
1318 4709 1440 4762 laus
1498 4708 1760 4778 trahitur,
1821 4712 1893 4765 ad

187 4809 373 4866 quem
416 4794 652 4848 modum
678 4794 872 4848 omnia
920 4800 1261 4865 argumenta
1283 4796 1351 4850 de
1389 4795 1673 4866 paucitate
1734 4797 1894 4850 loco-

182 4899 329 4938 rum
362 4888 690 4937 sumuntur.
725 4886 795 4938 Et
833 4886 1131 4952 potentiam
1162 4888 1329 4939 tuam.
1359 4884 1546 4955 (Ana)
1587 4886 1711 4939 Non
1741 4884 1895 4939 enim

182 4987 377 5043 opera
451 4971 842 5040 laudant,nisi
898 4977 964 5025 ut
1018 4972 1285 5026 virtutem
1344 4974 1636 5044 operantis
1667 4989 1895 5027 annun-

181 5063 362 5116 tient.
423 5059 532 5113 Sed
581 5060 815 5131 quidam
873 5061 1204 5130 eloquentes
1259 5066 1580 5115 creaturam
1638 5062 1891 5127 laudant,

178 5148 471 5205 creatoris
531 5147 709 5202 obliti.
776 5148 963 5203 Sancti
1028 5165 1163 5203 vero
1215 5150 1560 5216 laudatores,
1625 5149 1670 5203 si
1722 5165 1896 5219 opera

181 5242 416 5304 amant,
460 5242 515 5290 et
567 5237 801 5291 laudant
857 5237 1040 5308 magis
1097 5242 1501 5308 operatorem:
1559 5241 1615 5292 et
1660 5242 1896 5308 propter

178 5329 319 5385 haec
350 5326 515 5379 illum
547 5330 761 5379 amant.
795 5325 851 5380 Si
893 5325 956 5379 in
985 5325 1156 5379 rebus
1184 5326 1346 5379 factis
1405 5327 1649 5380 sentitur
1704 5326 1895 5396 aliqua

176 5413 436 5489 species,
483 5413 723 5480 utilitas,
755 5414 954 5480 virtus,
1015 5419 1071 5467 et
1120 5414 1390 5468 laudatur
1438 5414 1621 5484 magis
1680 5413 1740 5467 in
1796 5414 1894 5467 illo

177 5503 295 5579 qui
331 5502 483 5557 fecit.
516 5502 575 5556 Si
606 5518 781 5573 opera
830 5502 1048 5568 laudas,
1089 5506 1144 5556 et
1171 5506 1225 5556 te
1257 5502 1356 5573 qui
1387 5517 1447 5555 es
1476 5502 1576 5556 Dei
1612 5519 1773 5572 opus.
1828 5502 1897 5556 Et

179 5591 454 5653 occurrit
490 5591 633 5646 illud
669 5604 683 5646 :
734 5593 853 5648 Non
886 5595 934 5646 te
986 5590 1169 5646 laudet
1209 5604 1266 5646 os
1298 5594 1468 5658 tuum,
1508 5606 1573 5645 ne
1630 5606 1894 5659 arrogans

2021 4354 2169 4407 iteri.

2000 4357 2233 4496 matis.
2270 4444 2354 4496 ll.
2400 4470 2458 4481 —
2506 4442 2754 4495 Gloriam
2800 4443 2975 4507 regni.
3038 4440 3167 4508 (Ιο.)
3201 4440 3279 4493 De
3339 4436 3696 4493 mirabilibus

2001 4544 2136 4599 ergo
2159 4529 2425 4583 sumitur.
2460 4528 2630 4593 Quasi
2662 4546 2675 4583 :
2711 4529 2891 4593 Quam
2923 4528 3203 4583 mirabilis
3229 4527 3382 4582 enim
3408 4528 3508 4599 qui
3566 4526 3699 4582 fecit

2001 4618 2208 4672 coelum
2238 4616 2301 4673 et
2317 4622 2550 4687 terram,
2585 4623 2641 4673 et
2670 4617 2907 4672 diversis
2937 4617 3103 4671 bonis
3129 4615 3408 4687 implevit.

2072 4707 2232 4760 Vens.
2288 4709 2372 4760 l2.
2434 4737 2501 4745 —
2535 4709 2601 4761 Ut
2655 4710 2859 4760 notam.
2906 4708 3025 4772 (10.)
3082 4706 3159 4759 De
3212 4704 3421 4757 virtute
3479 4702 3698 4757 terribi-

2002 4794 2146 4849 lium
2174 4795 2281 4849 hoc
2312 4795 2577 4861 sumitur,
2637 4799 2767 4863 etc,
2798 4809 2966 4862 usque
3011 4792 3084 4846 ad
3127 4792 3218 4847 cui
3256 4791 3563 4863 magniﬁco
3613 4792 3697 4846 nil

2002 4888 2389 4954 comparatur.

2076 4973 2233 5026 Vens.
2272 4974 2361 5027 l3.
2401 5001 2469 5041 έ-
2521 4973 2765 5037 Regnum
2799 4973 2968 5035 tuum,
3010 4972 3117 5023 etc.
3179 4966 3300 5038 (ln.)
3355 4967 3572 5023 Laudat
3627 4968 3698 5023 de

2003 5060 2387 5131 perpetuitate
2427 5065 2483 5113 et
2510 5057 2923 5114 dominationis
2950 5057 3170 5111 effectu.
3196 5058 3262 5111 Et
3293 5058 3540 5112 sumitur
3592 5057 3700 5112 hoc

2002 5149 2071 5203 de
2106 5147 2500 5218 magnitudine
2533 5148 2615 5202 :si
2648 5163 2923 5217 magnum
2955 5151 3039 5201 est
3059 5146 3369 5217 adtempus
3392 5146 3697 5218 imperare,

2002 5238 2189 5305 majus
2212 5242 2296 5290 est
2327 5235 2733 5290 dominationis
2760 5235 3074 5289 terminum
3103 5249 3219 5288 non
3244 5234 3473 5289 habere.

2072 5326 2275 5379 Fidelis
2341 5327 2596 5379 Dominus
2653 5326 2713 5377 in
2759 5325 3024 5378 omnibus.
3096 5322 3218 5395 (ιο.)
3265 5323 3342 5376 De
3385 5321 3702 5377 abundanti

2003 5414 2281 5467 suavitate
2362 5413 2467 5467 hoc
2551 5412 2828 5478 sumitur;
2892 5412 3046 5467 unde
3121 5427 3329 5483 supra:
3389 5413 3702 5466 Memoriam

2002 5501 2354 5555 abundantiae
2402 5503 2692 5556 suavitatis
2751 5506 2873 5555 tum.
2950 5501 3184 5567 Fidelis,
3232 5499 3371 5571 quia
3426 5500 3703 5555 adventus

2003 5590 2155 5646 dona
2201 5589 2523 5661 complevit.
2578 5589 2664 5645 Ad
2715 5588 3124 5647 abundantiam
3194 5603 3425 5661 quoque
3455 5588 3704 5660 pertinet
