4082 6184
459 308 589 362 1071

1071 301 1468 357 WALAFRIDI
1509 299 1751 356 STRABI
1794 298 1989 355 FULD.
2037 298 2195 354 NON.
2236 297 2384 356 OPP.
2428 299 2610 356 PARS
2650 298 2690 355 Ι.
2733 330 2799 339 -—
2838 298 3288 354 TllEOl.OGlCA.

3820 301 3946 354 1072

449 433 606 506 quod
645 433 853 488 allevat
881 435 1130 494 ruentes,
1171 429 1343 498 erigit
1374 427 1580 490 elisos;
1628 426 1782 480 unde
1831 426 2150 480 recordatio
2190 429 2236 479 Α
2267 425 2564 497 quaeritur,
2595 441 2628 478 a
2659 441 2794 496 quo,
2829 424 2920 478 cui
2951 423 3058 479 hoc
3087 423 3448 478 consulitur?
3474 422 3534 479 Si
3582 422 3800 478 dicitur
3827 439 3951 476 caro

446 521 738 574 suavitatis
769 519 1029 576 habetur.
1075 524 1129 570 et
1161 517 1220 569 in
1249 517 1509 570 laudibus
1538 516 1661 585 ejus
1691 520 1999 568 eructatur.

516 611 684 664 Vens.
752 609 852 662 li.-
887 639 952 646 —
1008 608 1110 672 Qui
1163 610 1444 660 corruunt.
1505 604 1674 673 (ὼε.)
1706 607 1750 658 Α
1805 603 1968 656 malis
2001 602 2140 671 suis,

449 714 589 768 quos
613 713 810 751 omnes
831 697 1040 748 allevat
1084 695 1248 747 Deus.
1309 693 1423 758 Vel,
1455 692 1524 745 ab
1565 691 1652 745 his
1707 691 2138 762 temporalibus,

447 787 593 839 sicut
621 785 818 849 sancti,
878 782 1083 843 utJob,
1129 783 1227 852 qui
1280 780 1337 833 in
1387 780 1593 833 saeculo
1629 779 1845 850 aliquid
1896 779 2144 849 perdunt

447 880 504 928 et
555 873 759 942 objecti
818 872 983 937 ﬁunt,
1045 870 1368 923 decidentes
1421 874 1588 921 sunt:
1645 869 1739 921 sed
1793 867 1894 920 hos
1945 883 2141 920 omnes

445 961 764 1024 conﬁrmat,
800 959 934 1029 quia
963 958 1173 1027 septies
1217 958 1366 1011 cadit
1392 958 1578 1026 justus
1608 961 1666 1009 et
1721 955 1996 1025 resurgit;
2038 953 2143 1006 im-

445 1049 525 1120 pii
559 1055 748 1102 autem
776 1048 1144 1100 inﬁrmantur
1175 1046 1234 1098 in
1268 1046 1432 1098 malis
1464 1047 1650 1108 (Prov.
1692 1044 1856 1112 xx1v).

513 1138 592 1190 Et
611 1139 771 1202 erigit
800 1150 977 1189 omnes
1011 1137 1167 1188 elisos
1199 1175 1212 1187 .
1258 1134 1457 1203 (AUG.)
1509 1132 1590 1186 Ad
1647 1148 1706 1186 se
1761 1131 2136 1202 pertinentes,

445 1225 580 1296 quia
610 1223 867 1295 superbis
906 1223 1135 1276 resistit.

516 1315 676 1366 Vens.
715 1315 797 1366 15.
831 1341 902 1352 -
928 1313 1082 1367 Oculi
1134 1313 1369 1365 omnium
1396 1313 1455 1364 in
1505 1315 1552 1363 te
1597 1315 1837 1379 sperant.
1894 1309 2140 1362 Domine.

447 1402 579 1472 (10.)
636 1403 713 1454 De
761 1402 986 1470 justitia
1037 1401 1208 1453 latius
1257 1400 1395 1469 agit,
1453 1404 1516 1452 ut
1565 1399 1665 1468 qui
1719 1396 2143 1450 misericordem

445 1490 624 1556 audit,
668 1490 885 1560 justum
945 1489 1178 1543 timeat:
1223 1493 1278 1541 et
1312 1487 1549 1556 justitiie
1597 1491 1680 1540 est
1729 1491 1792 1540 ut
1850 1489 2144 1555 sperantes

447 1579 612 1632 satiet
675 1577 1047 1647 corporaliter
1129 1577 1215 1629 vel
1267 1575 1657 1645 spiritualiter.
1747 1575 1867 1627 Non
1919 1588 2144 1642 semper

447 1667 598 1719 enim
645 1665 830 1719 danda
885 1671 968 1718 est
1028 1680 1174 1728 esca,
1207 1671 1301 1717 sed
1362 1663 1420 1715 in
1468 1669 1726 1732 tempore
1771 1665 2137 1732 opportuno:

449 1754 644 1807 multis
698 1753 849 1806 enim
918 1752 1247 1821 petentibus
1276 1750 1580 1803 salubriter
1627 1750 1906 1804 differtur.
1956 1752 2024 1803 Et
2085 1755 2143 1801 tu

447 1843 547 1896 das
603 1857 775 1895 escam
821 1842 1037 1893 illorum
1090 1842 1147 1892 in
1213 1845 1444 1906 tempore
1490 1844 1808 1908 Opportuno.
1872 1839 2000 1909 (l0.)
2040 1839 2146 1891 Dat

449 1947 584 2000 ergo
638 1930 890 1982 medicus
933 1945 1085 1996 aegro
1113 1928 1275 1997 quod
1326 1929 1612 1996 convenit,
1669 1932 1796 1995 elc.,
1855 1943 2024 1995 uSquo
2070 1925 2144 1979 ad

447 2017 786 2073 benedicens
818 2018 992 2069 Deum
1024 2017 1078 2068 in
1115 2015 1267 2068 omni
1295 2021 1574 2084 tempore.

521 2107 679 2158 Vens.
713 2108 794 2158 16.
828 2135 894 2143 -
943 2108 1141 2173 Aperis
1175 2111 1230 2158 tu
1261 2120 1499 2158 manum.
1552 2105 1676 2172 (10.)
1715 2103 1826 2157 Etsi
1881 2119 1997 2157 non
2045 2103 2144 2158 das

451 2193 778 2264 aliquando,
835 2192 936 2246 das
978 2200 1171 2246 tamen
1223 2199 1588 2263 Opportune:
1643 2192 1836 2247 differs
1887 2191 2140 2262 quidem,

450 2297 564 2335 non
595 2281 798 2333 aufers.

522 2371 690 2423 Vens.
733 2373 815 2422 Π.
850 2400 914 2408 -
947 2369 1157 2422 Justus.
1190 2370 1353 2438 (ὼς.)
1401 2371 1529 2438 Ipso
1580 2369 1815 2422 nomine
1855 2368 2140 2438 justitiam

449 2458 650 2526 aperit,
687 2464 746 2508 ut
777 2456 1072 2510 manifeste
1120 2457 1453 2512 ostendatur
1493 2456 1585 2510 hic
1634 2457 1756 2509 laus
1813 2457 1883 2510 de
1922 2458 2143 2526 justitia

450 2562 590 2598 esse.
632 2547 741 2598 Viae
766 2553 896 2598 sunt
927 2545 1326 2614 dispositiones
1376 2554 1431 2596 et
1471 2546 1811 2612 voluntates,
1842 2561 1969 2616 quae
2019 2562 2141 2600 oni-

449 2649 551 2687 nes
575 2635 769 2702 justas,
803 2634 974 2686 etiam
1008 2634 1052 2686 si
1087 2635 1360 2686 verberat.

509 2722 644 2774 Il'iis
701 2723 836 2782 suis,
885 2732 936 2773 et
1018 2727 1236 2774 Sanctus
1293 2723 1349 2774 in
1407 2721 1652 2775 omnibus
1702 2722 1950 2790 operibus
2005 2725 2141 2778 suis.

447 2809 752 2863 Sciendum
801 2809 952 2878 quod
1023 2811 1131 2864 Via:
1191 2810 1255 2863 ad
1333 2810 1769 2878 dispositionem
1829 2813 2140 2881 pertinent,

446 2914 619 2967 opera
651 2897 718 2950 ad
745 2897 1006 2951 eﬁectum
1041 2914 1054 2950 :
1090 2897 1209 2951 haec
1249 2898 1563 2951 secundum
1603 2914 1724 2956 nos
1785 2899 2139 2962 dividuntur,

449 2986 552 3040 Sed
596 2987 743 3055 apud
793 2986 976 3051 illum,
1036 2986 1143 3040 hoc
1191 2993 1274 3039 est
1312 2988 1474 3052 velle,
1527 2987 1676 3056 quod
1728 2987 1954 3040 facere:
2008 2989 2141 3058 quia
2172 2993 2214 3048 C

450 3089 516 3126 ex
549 3074 674 3144 ejus
705 3075 992 3127 voluntate
1023 3090 1108 3126 res
1139 3075 1350 3128 habent
1380 3090 1520 3127 esse.

517 3163 679 3215 Vens.
722 3166 809 3216 18.
849 3191 914 3202 -
963 3164 1132 3231 Prope
1193 3169 1270 3216 est
1317 3163 1560 3216 omnibus
1606 3162 1979 3216 invocantibus
2006 3177 2140 3215 eum.

446 3252 618 3322 (αλδ.)
643 3251 947 3322 Propitius,
981 3253 1079 3322 qui
1105 3253 1336 3322 ubique,
1363 3260 1420 3305 et
1449 3252 1552 3305 hoc
1593 3252 1661 3306 de
1691 3251 1924 3322 justitia.

518 3341 675 3393 Vens.
720 3343 804 3405 l9,
854 3368 922 3380 —
982 3342 1318 3394 Voluntatcm
1370 3343 1674 3395 timentium
1707 3355 1761 3394 se
1786 3343 1972 3406 faciet.
2018 3339 2138 3409 (10.)

447 3429 748 3482 Concludit
777 3429 848 3482 de
869 3429 1090 3497 justitia
1121 3447 1136 3482 :
1168 3446 1399 3500 aequum
1437 3435 1520 3484 est
1553 3429 1707 3483 enim
1744 3435 1800 3484 et
1839 3429 2140 3500 diligentes

446 3518 732 3573 custodire
759 3523 816 3572 et
839 3523 1159 3588 peccatores
1199 3520 1454 3590 perdere.

521 3608 678 3660 Vens.
711 3609 800 3661 2t.
843 3637 910 3646 —
938 3607 1355 3662 Laudationem.
1391 3606 1566 3678 (Cas)
1609 3607 1892 3678 Expositis
1949 3606 2139 3660 omni-

447 3696 569 3759 bus,
600 3695 860 3766 sequitur
900 3694 1089 3749 brevis
1142 3697 1452 3763 conclusio,
1485 3713 1600 3768 qua
1640 3695 1935 3750 concludit
1984 3696 2138 3767 quod

445 3801 560 3839 non
595 3789 781 3854 potest
800 3784 1097 3853 explicari.

1011 3923 1321 3979 PSALMlJS
1374 3923 1563 3978 CXLV.

514 4049 678 4102 Vens.
722 4052 764 4102 ι.
796 4077 870 4089 -
919 4050 1176 4102 Alleluia.
1229 4048 1398 4114 (ΟΜ.)
1453 4047 1566 4101 Vox
1617 4048 1742 4107 ista,
1798 4049 1962 4119 quasi
2015 4065 2139 4102 mu-

441 4137 582 4191 sicas
616 4136 899 4200 salutaris,
928 4141 1203 4205 tanquam
1240 4135 1541 4189 harmonia
1570 4137 1834 4202 cmlestis,
1854 4153 1982 4206 qua»
2022 4153 2133 4189 non

440 4227 622 4280 solum
651 4225 934 4290 homines,
981 4224 1077 4276 sed
1110 4225 1278 4277 etiam
1332 4223 1566 4293 angelos
1605 4224 1862 4289 delectat,
1909 4225 2131 4278 laudem

443 4309 541 4361 Dei
574 4310 920 4379 exprimens.
957 4309 1091 4372 Qua:
1115 4325 1365 4378 congrue
1407 4309 1540 4364 huic
1593 4311 1814 4381 psalmo
1875 4316 2130 4381 praescri-

439 4395 611 4462 bitur,
647 4397 741 4449 ubi
768 4397 863 4464 .vir
884 4398 1072 4468 justus
1120 4398 1451 4452 exhortatur
1493 4399 1742 4454 animam
1783 4400 1852 4454 ad
1907 4402 2132 4455 laudem

443 4484 540 4538 Dei
571 4502 584 4538 ε
610 4485 746 4556 quia
774 4485 834 4539 in
858 4485 1108 4540 adversis
1133 4487 1462 4556 aliquando,
1516 4488 1651 4541 velit
1681 4489 1842 4554 nolit,
1907 4495 2132 4560 pertur-

437 4571 607 4626 batur
636 4575 841 4627 anima.
875 4575 1032 4628 Unde
1091 4591 1301 4646 supra:
1359 4579 1540 4640 Quare
1589 4575 1765 4631 tristis
1819 4593 1895 4637 es.
1947 4581 2132 4632 anima

437 4676 576 4726 mea,
640 4668 718 4715 ct‘
781 4678 949 4731 quare
1049 4665 1335 4718 conturbas
1390 4666 1509 4718 me?
1571 4665 1677 4718 Sed
1779 4672 1840 4719 ut
1913 4670 2135 4720 auferat

439 4749 492 4802 ei
536 4749 1052 4819 perturbationem,
1117 4751 1374 4822 suggerit
1441 4752 1717 4822 gaudium
1784 4754 1852 4807 de
1915 4770 2033 4824 spe,
2085 4754 2131 4808 si

432 4854 550 4892 non
580 4837 640 4891 in
667 4855 725 4892 re
760 4855 772 4892 :
814 4839 985 4907 Spera
1019 4842 1075 4893 in
1111 4843 1232 4907 Deo,
1265 4846 1396 4906 etc.,
1429 4841 1622 4911 (Ano.)
1665 4843 1791 4894 Hinc
1820 4859 1916 4912 spe
1943 4849 2130 4896 erecta

434 4926 627 4980 anima
686 4927 867 4981 Deum
921 4927 1116 4982 laudat
1163 4928 1279 4983 hic.
1341 4929 1514 4999 (Cas)
1549 4930 1759 4998 Primo,
1810 4929 1917 4983 sibi
1966 4930 2130 5000 quasi

434 5014 702 5068 omnibus
778 5016 1023 5070 consulit
1068 5016 1322 5083 laudare,
1357 5033 1425 5070 ne
1475 5017 1534 5070 in
1585 5017 1745 5070 vanis
1801 5023 2029 5084 oretur;
2073 5024 2131 5072 et

433 5103 598 5174 quasi
672 5104 1031 5176 acquiescens
1078 5105 1335 5172 consilio,
1386 5105 1589 5159 asserit
1643 5121 1701 5159 se
1758 5107 2126 5160 laudaturum

429 5192 505 5244 ibi
537 5191 636 5245 ubi
676 5192 889 5261 poterit
909 5193 1095 5263 plene.
1130 5192 1416 5262 Secundo,
1438 5193 1582 5246 alios
1611 5201 1805 5247 monet
1833 5212 1946 5247 non
1995 5210 2121 5264 spe-

431 5295 556 5332 rare
593 5279 652 5332 in
691 5279 946 5345 homine,
978 5279 1058 5333 ibi
1094 5281 1312 5336 :Nolite
1351 5281 1638 5342 conlidere.
1699 5281 1910 5346 Tertio,
1961 5281 2127 5336 docet

429 5383 657 5420 omnem
733 5383 891 5437 spem
956 5367 1015 5421 in
1093 5367 1498 5439 Omnipotente
1575 5369 1916 5439 ponendam,
2000 5369 2122 5424 ibi:

429 5455 640 5515 Beatus,
672 5459 774 5507 etc.

497 5541 658 5595 Vens.
730 5544 781 5594 2.
844 5571 904 5582 -
959 5543 1153 5598 Lauda
1205 5547 1389 5598 anima
1448 5559 1585 5610 mea,
1646 5546 1956 5600 Dominum.
2009 5545 2117 5600 Sed

2257 516 2555 568 consulere
2613 515 2841 581 animai,
2873 530 2991 567 non
3022 513 3243 567 videtur
3270 512 3378 567 hoc
3407 529 3528 567 esse
3566 528 3794 577 verum,
3828 528 3953 565 cum

2251 620 2285 656 a
2340 603 2564 657 meliori
2619 608 2737 656 eta
2781 602 3032 670 digniori
3093 603 3271 656 soleat
3324 601 3584 655 inferiori
3643 601 3772 654 dari
3819 616 3953 653 cun-

2251 692 2481 746 silium:
2561 708 2692 745 caro
2751 697 2943 744 autem
3001 690 3238 744 inferior
3287 697 3373 744 est
3451 691 3664 744 anima.
3749 689 3954 743 Anima

2251 780 2428 846 enim,
2461 781 2593 832 licet
2631 779 2947 848 vituperata
2971 778 3106 849 quia
3137 778 3444 848 peccatrix,
3501 783 3699 831 tamen
3749 778 3954 830 melior

2248 869 2458 924 dicitur
2490 884 2590 939 per
2621 873 2883 920 naturam
2914 883 3152 937 corpore
3179 866 3407 920 laudato
3440 867 3497 919 in
3550 882 3656 919 suo
3717 882 3948 935 genere,

2249 957 2386 1028 quia
2413 957 2723 1027 spiritualis
2755 963 2955 1010 natura
2971 961 3206 1026 praestat
3235 972 3494 1025 corpore,
3527 970 3704 1025 quam
3735 962 3948 1018 movet,

2250 1045 2419 1116 regit,
2473 1045 2774 1112 sensiticat,
2838 1045 3035 1116 capit:
3090 1051 3146 1098 et
3174 1045 3293 1114 ipsa
3325 1044 3568 1107 inﬁnita,
3624 1043 3818 1096 vicina
3871 1048 3950 1096 est

2251 1136 2584 1188 substantiae
2628 1135 2744 1188 Dei.
2778 1135 2867 1190 Sic
2915 1150 3140 1198 aurum,
3198 1133 3586 1202 vituperatum
3636 1131 3778 1202 quia
3834 1147 3951 1183 sor-

2252 1223 2472 1288 didum,
2515 1228 2722 1293 praeest
2768 1222 3004 1293 plumbo
3037 1221 3096 1274 in
3126 1219 3375 1290 puritate
3423 1219 3677 1272 laudatio
3707 1203 3835 1271 :"sic
3897 1223 3949 1270 et

2254 1312 2437 1366 malus
2467 1311 2640 1364 homo
2687 1311 2906 1381 optimo
2937 1325 3106 1379 equo.
3167 1309 3289 1362 Non
3344 1308 3513 1361 datur
3569 1323 3710 1376 ergo
3760 1306 3946 1360 consi-

2254 1403 2391 1454 lium
2427 1401 2634 1453 animus
2665 1415 2914 1462 acarne,
2947 1395 3234 1468 'quamvis
3282 1396 3496 1450 domita
3545 1397 3712 1450 valde
3755 1402 3818 1448 et
3860 1412 3945 1465 pa-

2252 1493 2374 1541 cata
2406 1504 2418 1542 :
2451 1504 2581 1558 qum
2612 1493 2801 1540 tamen
2829 1493 3054 1540 mortua
3084 1493 3169 1539 est
3190 1492 3426 1554 propter
3455 1489 3774 1553 peccatum.
3845 1483 3951 1536 Nec

2252 1577 2423 1630 etiam
2449 1592 2578 1629 caro
2610 1575 2866 1628 mortalis
2893 1575 3208 1628 immortali
3256 1573 3504 1626 consulit
3549 1572 3784 1638 animae,
3820 1574 3953 1642 quia

2252 1665 2646 1735 semperinfra
2686 1665 2934 1717 animam
2967 1669 3078 1728 est;
3113 1663 3207 1716 sed
3251 1662 3512 1732 superior
3533 1677 3662 1730 pars
3717 1662 3954 1727 animae,

2253 1755 2462 1807 scilicet
2494 1770 2675 1818 mens,
2743 1768 2870 1823 qum
2898 1753 3110 1821 cogitat
3137 1752 3473 1821 sapientiam
3524 1750 3800 1816 divinam,
3873 1749 3956 1802 illi

2252 1843 2539 1896 inhaerens
2570 1848 2626 1895 et
2665 1841 2720 1894 in
2772 1842 2926 1894 illam
2959 1841 3265 1910 suspirans,
3325 1838 3482 1892 videt
3528 1841 3810 1908 quasdam
3867 1838 3956 1890 sui

2253 1937 2440 2000 partes
2476 1929 2796 2000 perturbari
2831 1929 3078 1982 motibus
3128 1927 3343 1994 saeculi,
3401 1927 3714 1996 cupiditate
3771 1932 3956 1979 terre-

2254 2035 2457 2072 norum
2481 2019 2549 2072 ad
2581 2019 2861 2072 exteriora
2909 2017 3030 2087 rapi
3065 2034 3078 2071 :
3134 2018 3287 2070 unde
3344 2015 3414 2069 ad
3447 2015 3724 2068 interiora
3778 2020 3838 2067 et
3867 2031 3953 2066 sn-

2253 2107 2476 2176 periura
2512 2113 2737 2160 revocat
2767 2122 2912 2160 eam.
2947 2106 3017 2159 Se
3050 2121 3186 2174 ergo
3240 2105 3553 2156 secundum
3608 2103 3947 2155 sensualita-

2251 2200 2366 2248 tem
2411 2196 2716 2248 exhortans
2773 2195 2955 2247 dicit:
2990 2192 3183 2246 Lauda
3223 2197 3409 2245 animo
3433 2207 3568 2254 mea,
3631 2192 3941 2244 Dominum.

2251 2283 2398 2346 Quid
2431 2283 2584 2336 enim
2619 2281 2719 2334 tibi
2753 2281 2936 2350 placet
2965 2280 3023 2333 in
3056 2281 3162 2334 hoc
3192 2279 3436 2332 saeculo?
3470 2278 3652 2332 Divisa
3711 2294 3820 2348 per
3868 2282 3945 2330 tot

2251 2373 2586 2424 smeulorum
2629 2386 2821 2423 rerum
2860 2386 3103 2434 umores,
3136 2368 3337 2437 collige
3390 2373 3439 2420 te
3479 2367 3546 2420 ad
3597 2373 3940 2419 auctorem:

2252 2460 2343 2512 hic
2375 2459 2477 2512 tibi
2534 2476 2635 2529 pax
2688 2465 2742 2511 et
2791 2459 3079 2511 securitas.
3139 2456 3348 2509 Deinde
3401 2457 3708 2525 respondet
3755 2456 3943 2508 anima

2255 2549 2449 2614 menti,
2502 2548 2666 2618 quasi
2709 2549 2799 2600 hic
2849 2552 3201 2617 praegravata
3230 2560 3347 2598 non
3401 2546 3594 2598 valens
3648 2543 3942 2602 desistere.

2253 2641 2316 2688 ut
2359 2635 2599 2704 dignum
2655 2641 2762 2688 est.
2817 2634 3076 2687 Laudabo
3100 2636 3155 2686 in
3183 2635 3318 2686 vita.
3357 2631 3453 2685 llic
3502 2632 3557 2685 in
3611 2636 3797 2684 morte
3825 2635 3944 2683 lau-

2252 2723 2396 2777 dabo
2450 2723 2715 2787 tenuiter,
2780 2723 2914 2792 quia
2993 2737 3200 2791 corpus
3268 2726 3536 2791 aggrarat
3608 2723 3854 2772 animam
3905 2724 3949 2770 et

2254 2816 2465 2865 terrena
2515 2812 2842 2864 inhabitatio
2891 2826 3102 2864 sensum
3143 2809 3404 2878 deprimit
3475 2809 3647 2861 multa
3694 2811 3952 2875 cogitan-

2252 2905 2353 2953 tem
2385 2899 2538 2968 (Sep.
2583 2903 2656 2966 ix)
2681 2915 2694 2963 ;
2721 2898 2811 2951 hie
2834 2915 2962 2968 spes
2990 2899 3187 2966 pascit.
3213 2898 3335 2950 'vita
3367 2897 3422 2949 in
3455 2897 3664 2950 futuro.

2321 2989 2384 3041 1n
2425 2991 2540 3041 vita
2595 3004 2729 3040 mea.
2764 2987 2889 3056 (Cas
2924 2987 2945 3056 )
2987 2986 3126 3039 Cum
3161 2986 3211 3037 ei
3261 2984 3505 3055 perfecte
3559 2984 3874 3052 iuhmsero,
3921 3000 3952 3036 a

2251 3093 2366 3146 quo
2399 3077 2672 3146 separari,
2703 3080 2767 3129 ut
2800 3076 2970 3128 modo
2992 3074 3076 3140 ﬁt,
3129 3090 3283 3127 mors
3313 3079 3396 3126 est
3425 3087 3438 3126 :
3486 3073 3583 3126 sed
3630 3088 3762 3143 spes
3809 3089 3950 3126 con-

2251 3164 2482 3228 solatur,
2507 3166 2565 3218 in
2591 3181 2702 3235 qua
2719 3163 3144 3234 quodammodo
3178 3161 3369 3215 vivens
3402 3162 3608 3214 laudat.

2324 3251 2603 3318 Quandiu.
2672 3254 2793 3306 Non
2847 3251 2996 3322 quod
3042 3250 3351 3320 aliquando
3395 3265 3510 3303 non
3563 3248 3655 3314 sit,
3700 3250 3845 3320 quia
3893 3251 3951 3303 in

2249 3347 2532 3394 aeternum
2574 3341 2700 3408 erit,
2735 3345 2790 3394 et
2819 3341 2948 3394 ideo
2974 3356 3105 3393 vere
3127 3340 3246 3392 diu.

2320 3431 2484 3484 Vens.
2544 3434 2596 3484 3.
2647 3460 2713 3468 —
2761 3431 2932 3484 Nolite
2978 3428 3258 3497 confidere,
3311 3431 3416 3486 etc.
3451 3426 3622 3494 (Cas)
3680 3425 3951 3480 Secunda

2248 3535 2402 3590 pars.
2440 3520 2577 3573 Dato
2608 3518 2844 3572 consilio
2866 3522 2921 3571 ct
2974 3518 3283 3582 afﬁrmato,
3342 3515 3438 3569 ubi
3486 3517 3650 3584 plene
3711 3515 3949 3569 laudare

2248 3607 2477 3676 poterit,
2511 3605 2674 3676 quasi
2715 3606 2884 3674 longe
2919 3612 3193 3670 remotos,
3235 3609 3289 3658 et
3335 3603 3564 3656 interim
3593 3603 3735 3656 dum
3799 3606 3950 3656 mala

2247 3701 2382 3749 sunt
2412 3694 2637 3766 (quibus
2665 3693 2928 3748 turbatur
2956 3695 3190 3759 anima),
3225 3698 3418 3746 monet
3449 3708 3560 3745 non
3593 3707 3831 3760 sperare
3893 3693 3949 3746 in

2245 3783 2498 3849 homine,
2529 3783 2625 3837 sed
2662 3783 2720 3836 in
2739 3783 2872 3838 Deo.
2899 3781 3086 3852 Utro.)
3127 3782 3222 3835 Vel
3277 3780 3440 3852 quasi
3473 3782 3530 3833 in
3581 3779 3696 3832 ﬁne
3751 3781 3946 3834 saeculi

2247 3878 2439 3925 mente
2471 3871 2730 3942 positus:
2765 3870 2874 3922 cito
2932 3869 3184 3923 ﬁnienda
3223 3869 3387 3922 docet
3425 3884 3541 3920 non
3589 3883 3791 3922 amare
3844 3885 3945 3938 pro

2247 3960 2505 4026 aeternis;
2539 3959 2699 4031 quasi
2730 3965 2788 4013 et
2819 3975 2946 4013 meo
2978 3959 3262 4029 exemplo,
3307 3958 3470 4012 nolite
3489 3955 3782 4023 conﬁdere,
3836 3964 3943 4011 etc.

2247 4050 2472 4120 Inﬁlzis
2503 4051 2802 4103 hominum.
2833 4048 2953 4119 (l0.)
2984 4047 3044 4100 In
3075 4063 3191 4100 uno
3223 4046 3342 4100 ﬁlio
3367 4046 3618 4100 hominis
3649 4050 3737 4100 est
3769 4048 3935 4100 salus.

2245 4143 2302 4192 et
2335 4137 2393 4190 in
2425 4137 2548 4207 ipso
2579 4143 2823 4207 sperate.
2860 4137 2983 4190 Non
3034 4135 3170 4206 quia
3198 4135 3350 4189 ﬁlius
3370 4134 3620 4188 hominis
3676 4140 3787 4202 est,
3848 4134 3939 4188 sed

2245 4226 2375 4296 quia
2413 4225 2583 4279 Filius
2617 4225 2715 4280 Dei
2741 4230 2843 4278 est.
2879 4225 3000 4278 Non
3029 4229 3266 4294 propter
3296 4223 3434 4278 illud
3489 4221 3647 4294 quod
3688 4224 3939 4293 suscepit

2245 4329 2310 4366 ex
2345 4320 2417 4377 te,
2449 4314 2542 4366 sed
2576 4320 2811 4384 propter
2844 4312 2984 4366 illud
3005 4312 3158 4383 quod
3185 4311 3428 4365 servavit
3455 4311 3513 4365 in
3543 4327 3628 4366 se.

2317 4402 2481 4456 Vens.
2517 4403 2568 4456 4.
2603 4433 2670 4442 -
2722 4403 2912 4457 Exibit
2967 4404 3197 4471 spiritus
3252 4400 3388 4470 ejus,
3421 4406 3528 4454 etc.
3553 4400 3724 4467 (Cas)
3776 4401 3935 4455 Prius

2245 4489 2482 4544 mundat
2505 4491 2676 4544 corda
2693 4491 3052 4561 prohibendo
3081 4506 3115 4543 a
3137 4490 3341 4558 noxiis,
3373 4495 3435 4543 ut
3475 4493 3607 4559 post
3660 4489 3934 4543 salutaria

2243 4576 2504 4632 intendat
2525 4578 2810 4632 monendo
2837 4577 3110 4632 salubria.

2316 4666 2476 4721 Vens.
2525 4669 2576 4720 5.
2625 4695 2694 4705 —
2738 4668 2934 4720 Beatus
2971 4667 3126 4734 cujus
3184 4667 3327 4719 Deus
3356 4665 3538 4719 Jacob.
3575 4666 3742 4733 (Cas)
3803 4667 3930 4719 Ter-

2241 4752 2320 4806 tia
2355 4769 2506 4823 pars,
2540 4753 2638 4807 ubi
2665 4754 2830 4808 docet
2863 4759 3041 4808 totam
3073 4770 3233 4824 spem
3287 4754 3344 4807 in
3384 4753 3778 4824 Omnipotenti
3830 4770 3929 4824 po-

2241 4844 2509 4906 nendam,
2545 4857 2717 4912 quem
2761 4858 2826 4895 ex
2875 4841 3035 4895 factis
3081 4842 3348 4896 describit
3379 4847 3443 4894 ut
3492 4841 3788 4911 gentilitas
3817 4849 3929 4896 tam

2237 4929 2570 4999 frequenter
2598 4929 2857 4983 convicta
2877 4929 3148 4999 quiescat.
3179 4928 3368 4998 (Aoc.)
3423 4929 3677 4983 Remotis
3725 4931 3927 4993 noxiis,

2237 5017 2401 5071 docet
2425 5017 2577 5088 quod
2608 5018 2807 5072 salutis
2839 5025 2944 5082 est,
2971 5017 3184 5071 scilicet
3206 5018 3264 5070 in
3289 5034 3404 5088 quo
3430 5019 3784 5088 sperandum
3841 5020 3928 5072 sit.

2236 5105 2485 5174 Adjutor
2528 5106 2646 5174 ejus
2685 5121 2804 5176 spes
2851 5106 2987 5174 ejus.
3042 5105 3214 5176 (Cas)
3260 5106 3445 5176 Ipsius
3491 5106 3664 5161 Iacob
3704 5107 3789 5160 sic
3827 5107 3926 5180 fuit

2235 5195 2480 5264 adjutor,
2534 5201 2667 5260 etc.,
2733 5210 2900 5262 usque
2950 5194 3025 5248 ad
3074 5194 3129 5248 id
3180 5199 3283 5259 est,
3334 5195 3506 5265 hujus
3562 5195 3682 5249 veri
3733 5196 3921 5254 Iacob.

2236 5282 2380 5335 sicut
2409 5282 2582 5336 illius.

2307 5372 2462 5424 Vens.
2505 5373 2556 5424 6.
2601 5399 2671 5410 -ο
2720 5374 2824 5440 Qui
2863 5373 2993 5438 fecit
3039 5373 3225 5426 acetum
3249 5374 3301 5425 et
3357 5377 3572 5426 terram.
3609 5372 3736 5442 (l0.)
3788 5374 3912 5438 Qui:

2233 5465 2290 5512 et
2313 5459 2625 5514 cultoribus
2663 5459 2994 5514 daemonum
3032 5477 3159 5531 spes
3187 5465 3274 5516 est
3329 5461 3388 5515 in
3421 5461 3527 5516 deo
3554 5477 3682 5528 suo,
3743 5463 3910 5517 deter-

2233 5547 2415 5602 minat
2445 5547 2502 5601 in
2533 5563 2647 5619 quo
2668 5547 2839 5604 debet
2863 5564 2986 5604 esse
3007 5564 3157 5619 spes,
3191 5549 3250 5603 id
3279 5553 3364 5604 est
3382 5549 3441 5604 in
3463 5549 3707 5618 Christo,
3739 5558 3801 5607 et
3823 5553 3910 5606 hoc
