4082 6184
165 292 295 344 1073

1271 289 1525 346 GLOSSA
1560 291 1966 348 OBDINAIIIA.
2012 321 2078 331 --
2121 293 2248 346 LIB.
2297 293 2535 346 PSALM.

3531 299 3665 352 1074-

155 429 335 484 usque
373 413 433 468 in
481 413 653 468 tinem
698 413 901 484 psalmi
959 413 1227 481 ostendit,
1290 414 1660 470 describendo
1726 431 1856 488 eum
1889 416 1932 468 A
1971 416 2225 480 Qualiter
2273 417 2661 472 Samaritanus
2718 416 2814 472 ille
2871 417 2970 487 qui
3016 418 3390 472 descendebat
3419 436 3453 473 a
3503 421 3665 475 Jeru-

154 519 254 574 per
281 503 496 557 omnia.
561 504 756 558 Omnia
807 519 926 573 quos
956 508 1011 557 in
1040 507 1116 557 eis
1166 509 1307 558 sunt.
1346 505 1423 558 Ne
1455 521 1624 574 quem
1677 504 1855 558 alium

1967 503 2142 558 salem
2176 505 2232 558 in
2253 505 2476 559 Jericho
2515 507 2646 563 (Luc
2700 507 2778 568 x).
2835 505 3065 575 quando
3121 507 3263 560 vidit
3304 509 3662 561 vulneratum

153 597 318 662 putes
343 597 683 653 creatorem.
716 593 800 646 vel
833 592 1345 646 minutissimarum
1391 609 1579 646 rerum
1611 592 1855 646 existere
1956 592 2243 662 jacentem
2278 593 2334 646 in
2361 593 2586 657 itinere,
2619 593 2906 664 colligavit
2936 595 3170 647 vulnera
3197 597 3338 663 ejus.
3383 599 3660 650 Caeterum

154 685 486 734 creatorem.

224 770 384 823 Vens.
441 773 502 825 7.
558 798 628 810 -
683 770 790 836 Qui
854 770 1088 825 custodit
1146 775 1424 824 veritatem
1480 773 1538 824 in
1581 771 1853 824 saeculum.

156 857 332 926 (ωε.)
365 857 643 921 Christus,
703 859 917 928 quiest
972 858 1196 916 \eritas.
1243 859 1428 910 omnis
1459 858 1630 911 homo
1688 874 1854 911 men-

154 945 279 999 dax.
304 948 456 1000 Facit
476 945 769 1012 judicium.
809 947 935 999 Haec
979 946 1091 1000 duo
1121 947 1189 999 ad
1211 946 1494 1016 justitiam
1544 946 1854 1015 pertinent.

155 1033 412 1088 Christus
463 1035 636 1102 judex
711 1034 962 1088 vindicat
1020 1035 1305 1104 patientes
1354 1041 1593 1104 propter
1648 1051 1859 1088 nomen

154 1138 345 1187 suum,
378 1127 434 1176 et
463 1123 558 1176 dat
602 1139 788 1176 escam
826 1123 1198 1193 diligentibus
1229 1141 1306 1177 se.
1341 1125 1609 1191 Injuriam
1639 1126 1859 1192 patien—

153 1212 313 1266 tibus.
351 1211 534 1282 (Auc.)
571 1213 692 1266 Non
724 1212 912 1266 omnis
967 1213 1228 1266 molestia
1276 1219 1363 1265 est
1421 1213 1646 1281 injuria.
1696 1212 1858 1276 Quod

144 1300 278 1370 jure
303 1301 517 1370 pateris
548 1317 660 1354 non
685 1306 768 1354 est
795 1300 1026 1370 injuria,
1062 1307 1122 1354 ut
1179 1301 1330 1372 quod
1375 1301 1589 1365 patitur
1633 1302 1773 1353 latro
1804 1306 1860 1354 et

155 1388 414 1442 scelerati
468 1389 584 1443 alii.
645 1389 813 1444 Aliud
845 1405 983 1458 ergo
1037 1394 1123 1443 est.
1175 1389 1291 1458 pati
1338 1389 1633 1458 injuriam,
1698 1389 1857 1442 aliud

153 1477 519 1548 supplicium.
553 1478 907 1549 Supplicium
957 1477 1109 1531 enim
1153 1478 1283 1548 jure
1329 1477 1458 1548 quis
1489 1477 1725 1547 patitur,
1769 1476 1855 1530 in-

146 1565 306 1636 juria
327 1571 518 1620 autem
537 1566 655 1636 juri
677 1566 958 1620 contraria
991 1571 1093 1620 est.

1963 687 2032 734 de
2060 682 2147 735 his
2213 682 2309 752 qui
2350 698 2459 736 non
2505 682 2860 735 obtriverunt
2898 698 3012 744 cor,
3047 682 3254 736 dicitur
3305 701 3401 753 per
3428 686 3657 739 Isaiam:

1965 772 2084 825 Non
2108 776 2186 825 est
2229 771 2504 838 malagma
2534 771 2825 837 imponere,
2871 786 3038 838 neque
3085 772 3275 835 oleum,
3328 788 3494 840 neque
3537 776 3662 828 alli-

1963 865 2190 923 gaturus
2244 860 2368 912 fisa.
2429 875 2465 920 ι,
2524 859 2815 912 secundum
2871 860 3045 924 LXX).
3119 859 3501 927 Alligamenta
3561 861 3661 915 Dei

1965 953 2098 1000 sunt
2141 947 2483 1016 temporalia
2535 954 2905 1011 sacramenta,
2942 948 3152 1016 quibus
3189 947 3418 1000 interim
3459 963 3659 1000 conso-

1967 1035 2236 1088 lationem
2272 1034 2574 1099 habemus;
2606 1051 2736 1105 qua:
2779 1041 2912 1087 tunc
2959 1035 3335 1088 detrahentur
3385 1052 3516 1090 cum
3555 1036 3664 1089 erit

1965 1125 2214 1196 perfecta
2243 1125 2470 1177 sanitas.

2041 1213 2198 1266 Vens.
2230 1212 2281 1264 4.
2313 1241 2382 1250 -—-
2437 1211 2546 1276 Qui
2574 1217 2820 1264 numerat
2874 1211 3275 1266 multitudinem
3307 1213 3588 1266 stellarum
3612 1217 3662 1266 et

1964 1300 2206 1354 omnibus
2270 1303 2344 1352 eis
2419 1302 2641 1353 nomina
2710 1305 2880 1354 vocat.
2947 1300 3115 1368 (Cas)
3176 1301 3296 1354 Non
3356 1301 3542 1354 aliena
3604 1306 3666 1354 ut

1967 1388 2236 1458 astrologi
2297 1387 2395 1459 qui
2447 1389 2641 1442 Jovem
2702 1393 2759 1442 et
2827 1389 3098 1442 Venerem
3162 1388 3479 1443 nominant.
3542 1390 3662 1453 Vel,

1963 1476 2172 1546 typice,
2205 1476 2274 1530 de
2303 1477 2533 1542 sanctis,
2561 1477 2695 1545 quia
2716 1477 2922 1547 cuique
2952 1477 3250 1547 proprium
3288 1478 3499 1531 donum
3536 1478 3665 1544 dat;

1967 1566 2075 1626 vel,
2107 1581 2305 1618 omnes
2351 1565 2563 1618 suntin
2615 1564 3024 1630 familiaritate,
3072 1583 3100 1618 a
3140 1565 3515 1619 similitudine
3551 1568 3666 1619 Do-

227 1655 396 1708 γωδ.
438 1657 490 1709 8.
526 1685 594 1694 -—
652 1656 913 1709 Dominus
963 1655 1124 1709 solvit
1153 1654 1496 1723 compeditos.
1533 1655 1704 1724 (Casu)
1750 1655 1859 1708 Hoc
1891 1695 1928 1749 Β
1970 1653 2132 1718 mini,
2162 1653 2260 1724 qui
2293 1653 2640 1706 famulorum
2674 1669 2908 1706 suorum
2940 1653 3176 1707 nomina
3207 1655 3377 1708 novit.

155 1743 228 1797 ad
261 1743 675 1797 abundantiam
709 1743 1024 1797 suavitatis.

227 1833 485 1886 Dominus
523 1833 688 1898 erigit
711 1832 893 1886 elisos.
950 1831 1104 1896 Quos
1159 1831 1420 1886 diabolus
1451 1830 1629 1898 elidit,
1674 1829 1863 1885 Domi-

164 1935 274 1973 nus
305 1919 493 1990 erigit.

235 2009 438 2075 Diligit
457 2014 658 2078 justas.
718 2009 844 2078 (Cas
873 2007 889 2077 )
920 2008 1074 2072 Quos
1132 2009 1278 2061 locat
1308 2007 1367 2062 in
1427 2011 1642 2061 aeterna
1690 2006 1862 2061 beati-

154 2097 383 2151 tudine.

266 2186 425 2240 Veas.
471 2189 522 2241 9.
556 2215 624 2227 -
657 2187 930 2255 Pupillum
986 2192 1037 2240 et
1088 2186 1313 2239 viduam
1341 2187 1617 2254 suscipiet.
1669 2185 1899 2260 (Αυα.)⁸

157 2273 365 2329 Omnis
423 2274 664 2328 Ecclesia
721 2275 981 2342 gentium
1045 2273 1356 2328 adventitia
1401 2279 1485 2327 est
1539 2273 1609 2327 ad
1651 2279 1862 2343 patres,

156 2377 281 2415 non
312 2378 499 2426 carne,
527 2363 623 2416 sed
663 2363 963 2428 imitando,
998 2362 1134 2416 lilia.

233 2452 443 2518 Pupilli
487 2457 619 2504 sunt
652 2467 851 2504 omnes
892 2450 950 2504 in
1003 2450 1486 2520 peregrinatione,
1544 2449 1754 2520 quibus
1784 2456 1867 2502 est

153 2537 368 2590 absens
426 2543 616 2606 pater;
699 2543 754 2590 et
812 2537 999 2591 omnis
1061 2537 1244 2590 ﬁdelis
1295 2537 1491 2590 anima
1563 2541 1649 2590 est
1696 2535 1867 2589 vidua

159 2643 377 2696 sponsi»
413 2627 675 2680 absente:
724 2629 876 2679 unde
918 2632 976 2679 et
1027 2625 1209 2697 magis
1240 2631 1463 2696 patrem
1508 2629 1564 2678 et
1591 2640 1862 2694 sponsum

162 2714 515 2778 desiderant,
549 2716 734 2768 ethos
787 2715 1034 2786 protegit
1076 2717 1221 2768 Deus
1253 2729 1367 2767 non
1412 2714 1586 2777 visus,
1637 2713 1733 2767 sed
1767 2713 1864 2766 de-

166 2802 469 2856 sideratus.

236 2892 404 2946 Vens.
451 2894 534 2946 tO.
594 2921 664 2933 —
715 2892 979 2958 Regnubit
1037 2893 1292 2944 Dominus
1337 2892 1398 2943 in
1435 2892 1649 2944 saecula.
1688 2890 1867 2955 (Cas)

165 2978 288 3033 Hoc
318 2987 406 3033 est
432 2980 503 3034 de
531 2980 979 3049 magniﬁcentia.

239 3069 526 3139 Regnabit
554 3070 613 3123 in
645 3069 828 3131 nobis,
879 3085 1006 3122 cum
1062 3069 1235 3122 corda
1287 3073 1480 3120 nostra
1513 3073 1680 3119 erunt
1714 3067 1768 3119 in
1803 3083 1869 3118 eo

165 3156 356 3223 ﬁrma,
387 3159 540 3229 quod
570 3174 685 3213 non
718 3157 908 3212 modo.

735 3296 1042 3351 PSALMI'S
1082 3297 1303 3350 CXLVI.

243 3421 406 3474 Vsus.
437 3424 484 3474 el.
515 3451 582 3461 —
621 3422 884 3475 Alleluia.
927 3420 1108 3489 (Ana)
1141 3420 1238 3472 Hic
1270 3419 1407 3472 item
1450 3418 1530 3471 ait
1587 3419 1655 3472 de
1702 3419 1870 3474 laude

173 3509 294 3573 Dei,
328 3509 426 3562 ubi
455 3509 730 3579 propheta
767 3514 958 3562 mouet
999 3509 1231 3561 laudare
1276 3508 1640 3576 colligentem
1675 3509 1867 3562 Israel.

245 3597 489 3652 Laudate
559 3601 860 3652 Dominum.
921 3598 1094 3665 (Cas)
1184 3597 1372 3650 Primo
1429 3597 1676 3650 ostendit
1728 3614 1872 3667 quos

171 3687 427 3756 colligat,
459 3691 516 3739 et
542 3685 854 3756 quomodo.
891 3685 1174 3748 Secundo,
1210 3690 1336 3754 post
1369 3685 1662 3752 praedicta,
1704 3685 1869 3755 quasi

164 3775 362 3828 adhuc
394 3775 674 3827 haerentes
705 3779 760 3826 et
801 3773 1004 3826 dubios
1039 3773 1313 3842 increpat,
1357 3773 1662 3825 ostendens
1721 3774 1871 3826 unde

162 3863 399 3934 possint
436 3863 668 3917 laudare
729 3865 930 3926 Deum,
983 3861 1194 3914 scilicet
1249 3862 1293 3914 si
1351 3862 1564 3914 fuerint
1607 3862 1870 3924 humiles,

165 3952 275 4018 ibi,
336 3953 634 4006 Pracinite.
693 3981 759 3991 —
818 3951 1062 4006 Laudate
1128 3951 1427 4004 Dominum.
1498 3952 1684 4019 (Αυσ.)
1764 3952 1875 4003 lloc

165 4041 388 4096 dicitur
447 4039 714 4092 omnibus
768 4040 1052 4108 gentibus.
1128 4039 1190 4092 Et
1248 4038 1407 4107 quasi
1482 4053 1872 4107 quaereremus

164 4127 428 4198 qualiter
455 4126 835 4191 laudabimus,
879 4127 1060 4180 laudis
1114 4142 1341 4178 causam
1375 4125 1584 4190 attulit,
1619 4128 1872 4195 quoniam

167 4217 347 4269 bonus
375 4219 454 4268 est
479 4216 742 4283 psalmus.
775 4215 942 4281 (Cas)
979 4215 1039 4267 In
1073 4214 1240 4266 laude
1277 4212 1374 4266 Dei
1429 4213 1548 4282 ipse
1593 4220 1752 4266 actus
1787 4220 1871 4267 est

165 4319 396 4358 merces
426 4318 554 4372 quas
612 4303 670 4356 in
729 4304 918 4356 futuro
977 4301 1115 4366 erit;
1154 4301 1282 4354 ideo
1341 4301 1677 4367 laudandus,
1737 4301 1871 4373 quia

161 4392 443 4456 mditicat,
476 4391 572 4456 sic,
601 4392 736 4462 quia
787 4391 971 4459 disper
1001 4393 1143 4443 tones
1175 4391 1364 4454 Israel,
1401 4388 1456 4442 id
1487 4395 1571 4442 est
1593 4389 1869 4455 tidelium,

158 4481 243 4536 de
267 4485 390 4532 toto
414 4480 628 4533 mundo
659 4479 717 4532 in
751 4480 862 4532 line
897 4480 1088 4532 seculi
1135 4478 1482 4545 congregabit
1508 4478 1576 4529 ad
1606 4494 1868 4545 regnum.

162 4570 244 4623 Et
274 4573 362 4620 est
389 4567 480 4620 hic
503 4567 626 4620 laus
657 4567 727 4620 de
749 4567 910 4621 factis
941 4566 1319 4621 mirabilibus.
1372 4565 1566 4635 (Αυο.)
1614 4566 1740 4618 Haec
1790 4574 1876 4617 est

159 4663 299 4712 tota
332 4672 546 4709 merces
588 4655 969 4720 laudantium,
1001 4660 1132 4721 etc.,
1181 4671 1350 4724 usque
1403 4655 1477 4707 ad
1511 4655 1682 4707 modo
1706 4669 1872 4707 exer-

157 4760 413 4801 ceamur
437 4744 496 4798 in
529 4745 633 4799 hac
663 4745 832 4798 laude
863 4745 1149 4798 bonorum
1179 4759 1443 4813 operum.

247 4835 353 4888 Deo
379 4838 562 4887 nostra
590 4836 661 4886 sit
699 4833 968 4901 jucunda,
1004 4837 1108 4886 etc.
1155 4833 1277 4887 Non
1324 4838 1408 4884 est
1461 4831 1594 4886 satis
1630 4830 1873 4900 psallere

152 4922 241 4978 ad
276 4921 384 4976 hoc
439 4927 502 4976 ut
558 4923 680 4975 laus
739 4923 851 4975 Deo
887 4923 1127 4992 placeat,
1175 4921 1271 4976 sed
1325 4937 1470 4989 opus
1519 4924 1604 4973 est
1665 4922 1727 4972 ut
1772 4935 1874 4988 per

155 5011 311 5065 vita
332 5023 565 5079 quoque
589 5009 930 5063 munditiem
961 5009 1042 5062 illi
1076 5009 1418 5078 placeamus.

242 5099 415 5151 Vens.
459 5099 513 5152 2.
546 5128 611 5138 —
673 5098 971 5161 Aidiﬁcans
1001 5098 1310 5151 Jerusalem
1357 5097 1639 5150 Dominus.
1689 5096 1873 5164 (Acc.)

149 5185 299 5251 Vel,
359 5185 578 5254 accepit
625 5187 921 5239 Jerusalem
977 5186 1303 5254 generalem
1364 5183 1683 5247 Ecclesiam,
1741 5187 1871 5246 etc.,

149 5287 351 5342 usque
375 5271 450 5325 ad
480 5287 650 5342 quem
685 5273 849 5326 Pater
904 5271 1059 5325 misit
1086 5271 1156 5325 ad
1187 5269 1575 5341 captivitatem
1623 5273 1874 5322 nostram

150 5360 577 5420 redimendam
603 5359 786 5430 pretio
818 5359 1132 5430 sanguinis.

243 5450 436 5503 Vnus.
470 5452 517 5502 3.
547 5477 618 5487 —
647 5451 715 5502 Et
759 5450 972 5514 alligat.
1014 5451 1060 5502 Α
1081 5445 1457 5502 similitudine
1485 5445 1713 5510 medici,
1741 5451 1872 5512 etc.,

141 5551 354 5609 usque
401 5535 476 5590 ad
531 5542 586 5590 et
641 5535 922 5592 Dominus
975 5536 1172 5607 alligat
1225 5536 1614 5591 contritiones.
1670 5535 1875 5604 (illum)

2038 1741 2205 1794 Vsus.
2242 1744 2293 1794 5.
2318 1770 2384 1780 —
2414 1739 2712 1809 Sapientia
2733 1741 2870 1807 eius,
2901 1746 3004 1794 etc.
3049 1742 3237 1811 (Acc.)
3265 1743 3450 1812 Ipsam
3505 1757 3665 1795 men-

1967 1845 2178 1896 suram,
2216 1835 2272 1880 et
2302 1844 2606 1881 numerum
2641 1834 2697 1880 et
2727 1829 2968 1898 pondus,
3023 1837 3154 1894 etc.,
3206 1845 3373 1898 usque
3418 1830 3491 1883 ad
3537 1831 3666 1883 vide

1969 1917 2104 1988 quid
2132 1916 2412 1987 sequitur,
2444 1917 2740 1970 humilians
2770 1920 2946 1969 autem
2970 1923 3172 1984 peccat.

2039 2024 2208 2076 Vnus.
2273 2025 2323 2076 6.
2387 2053 2453 2061 —
2515 2023 2822 2076 Humilians
2869 2029 3049 2076 autem
3104 2027 3424 2092 peccatores.
3482 2022 3666 2093 (Ana)

1970 2112 2078 2177 Qui
2108 2113 2262 2165 enim
2324 2111 2757 2180 reprehendunt
2806 2111 3212 2180 intelligibilia,
3248 2111 3375 2165 ideo
3417 2111 3672 2165 sentiunt

1971 2208 2219 2263 terrena,
2253 2199 2322 2252 de
2377 2199 2486 2252 Deo
2517 2199 2854 2268 incorporeo
2910 2201 3285 2268 corporaliter
3332 2199 3671 2270 cogitantes.

1974 2290 2104 2344 Haec
2143 2288 2274 2343 facit
2325 2288 2412 2342 his
2467 2287 2564 2358 qui
2613 2289 2809 2340 volunt
2860 2287 3095 2341 irridere
3146 2289 3328 2358 legem
3363 2291 3669 2357 antequam

1974 2385 2228 2440 noscant,
2262 2377 2405 2443 Quia
2436 2393 2575 2446 ergo
2611 2391 2881 2444 magnum
2930 2380 3014 2428 est
3045 2376 3319 2444 prolicere
3352 2374 3419 2428 ad
3455 2373 3674 2427 intelli-

1974 2467 2171 2538 gibilia
2202 2472 2256 2519 et
2285 2465 2627 2534 spiritualia,
2686 2465 2864 2517 simus
2907 2464 3209 2528 mansueti,
3271 2463 3564 2534 pulsemus
3618 2465 3675 2516 et

1977 2556 2249 2610 faciamus
2283 2553 2434 2625 quod
2477 2555 2756 2624 sequitur.

2047 2664 2206 2716 Vens.
2240 2666 2292 2714 7.
2347 2691 2411 2701 —
2466 2663 2766 2714 Prwcinite.
2809 2658 2900 2712 Sic
2941 2657 3304 2729 pervenietur
3353 2656 3418 2709 ad
3461 2655 3671 2709 intelli-

1977 2753 2251 2822 gentiam,
2301 2748 2379 2803 sic
2437 2748 2626 2817 imago
2697 2749 2809 2802 Deo
2869 2745 3293 2800 reformabitur.
3372 2745 3671 2799 Prazcinite.

1980 2839 2150 2908 lC.\s.)
2177 2838 2457 2897 Secundo,
2513 2853 2578 2890 ex
2633 2835 2921 2906 pragdictis
2953 2833 3116 2905 quasi
3154 2833 3338 2886 adhuc
3390 2832 3672 2884 haerentes

1979 2928 2234 2996 increpat
2261 2932 2316 2980 et
2369 2926 2629 2996 impellit,
2665 2924 2970 2978 ostendens
3004 2924 3154 2976 unde
3209 2921 3431 2991 possint
3460 2919 3676 2974 intelli—

1977 3033 2128 3087 gere,
2165 3017 2207 3068 si
2256 3013 2500 3067 humiles
2550 3019 2606 3066 et
2652 3030 2764 3066 non
2797 3012 3046 3083 superbi.
3084 3011 3284 3076 Quasi:
3313 3013 3375 3066 Et
3407 3015 3467 3064 ut
3509 3009 3674 3064 intel-

1980 3105 2153 3174 ligei'e
2177 3103 2428 3169 valeatis,
2458 3104 2755 3172 pi'zcinile,
2791 3107 2893 3155 etc.

2051 3210 2210 3264 Vens.
2267 3211 2317 3262 8.
2369 3237 2437 3248 --
2490 3207 2593 3272 Qui
2639 3209 2814 3276 operit
2887 3208 3100 3261 cadum.
3158 3206 3331 3276 (ολδ.)
3407 3205 3679 3258 Memorat

1979 3314 2152 3368 opera
2184 3313 2285 3367 per
2322 3313 2449 3366 qum
2481 3301 2726 3364 potestas
2756 3295 3092 3348 ostenditur.
3118 3293 3198 3346 Ad
3225 3293 3330 3346 hoc
3352 3291 3505 3346 enim
3528 3308 3677 3363 qum-

1977 3387 2109 3441 dam
2143 3386 2382 3439 obscura
2428 3384 2486 3436 in
2534 3382 2838 3453 Scripturis
2870 3382 3048 3435 voluit
3107 3397 3250 3445 esse,
3291 3385 3352 3434 ut
3403 3381 3679 3434 haberent

1979 3474 2124 3528 εωκί
2160 3475 2256 3528 Dei
2323 3472 2462 3543 quid
2494 3471 2927 3540 interpretando
2959 3470 3270 3523 iniluerent
3309 3485 3481 3539 super
3511 3484 3677 3522 aures

1979 3561 2561 3623 etcordaliominum,
2599 3559 3006 3629 excipientium
3057 3558 3126 3612 de
3163 3557 3410 3611 nubibus
3460 3557 3555 3610 Dei
3589 3573 3672 3609 sa-

1981 3652 2172 3722 ginem
2208 3649 2417 3702 laetitiae
2446 3648 2778 3718 spiritualis.

2051 3741 2312 3792 Servituti
2344 3738 2636 3790 hominum.
2673 3733 3166 3797 Prmdicatoribus,
3202 3732 3300 3802 qui
3349 3731 3676 3785 hominibus

1981 3827 2254 3878 serviunt.
2336 3825 2492 3878 Unde
2552 3824 2857 3890 Apostolus
2919 3822 3028 3874 ait:
3086 3823 3189 3876 Nos
3249 3826 3427 3872 autem
3499 3835 3676 3873 servos

1981 3920 2183 3968 vestros
2211 3929 2308 3980 per
2333 3914 2511 3964 Jesum
2543 3911 2824 3963 Christum
2885 3909 2956 3977 (II
2987 3911 3104 3963 Cor.
3141 3909 3234 3976 iv).
3291 3908 3353 3960 Hi
3393 3907 3678 3961 seminant

1983 3999 2304 4072 spiritualia
2347 4006 2403 4052 et
2433 3997 2718 4068 recipiunt
2766 3997 2837 4050 ab
2893 3997 3116 4050 exc-(Isis
3171 3995 3352 4050 seculi
3397 3997 3582 4061 fenum
3626 4000 3677 4048 et

1983 4091 2221 4153 herbam,
2255 4087 2311 4141 id
2339 4092 2424 4141 est
2453 4086 2809 4157 temporalia.

2057 4196 2210 4247 Vens.
2235 4195 2284 4247 9.
2322 4224 2383 4232 —
2415 4195 2482 4246 Et
2525 4193 2666 4262 pulli
2691 4206 2988 4258 corvorum.
3028 4190 3164 4257 (Avo
3203 4188 3224 4256 )
3255 4185 3459 4243 Omnia
3495 4186 3672 4252 enim,

1983 4297 2108 4352 quae
2149 4280 2354 4334 dantur
2384 4279 2639 4334 Ecclesia:
2663 4295 2696 4332 a
2721 4278 3012 4339 divitibus,
3045 4277 3238 4330 fenum
3271 4281 3422 4328 sunt.

2054 4372 2173 4441 (In)
2205 4369 2405 4436 Judaei,
2448 4370 2545 4440 qui
2577 4386 2637 4422 se
2685 4370 2836 4422 solos
2885 4369 3086 4438 justos,
3145 4381 3315 4420 omne
3347 4368 3545 4434 gentes
3589 4364 3673 4417 di-

1983 4460 2185 4513 cebant
2233 4463 2573 4528 peccatotes.
2607 4458 2673 4510 Et
2725 4473 2852 4511 vere
2907 4461 3091 4526 patres
3125 4453 3301 4507 nostri
3355 4454 3518 4518 corvi,
3573 4467 3677 4505 nos

1985 4553 2174 4600 autem
2207 4561 2323 4598 non
2371 4545 2451 4598 sic
2508 4560 2899 4610 remanemus:
2937 4550 3128 4596 tamen
3171 4549 3320 4595 recte
3353 4541 3494 4611 pulli
3543 4556 3664 4594 cor-

1988 4651 2184 4688 verum
2213 4633 2458 4688 dicimur
2484 4638 2539 4686 et
2567 4649 2785 4686 sumus.
2847 4632 3058 4685 Corvus
3097 4645 3212 4683 non
3265 4629 3509 4695 invocat,
3574 4643 3677 4681 nos

1987 4739 2116 4776 vero
2156 4721 2373 4776 dimissi
2433 4720 2784 4774 invocamus.
2839 4718 3007 4786 (Cas)
3054 4717 3201 4772 Pulli
3249 4732 3542 4770 corvorum
3586 4716 3675 4769 di-

1985 4814 2192 4864 cuntur
2224 4826 2350 4864 rore
2384 4808 2532 4863 vesci
2589 4814 2645 4862 et
2691 4807 2969 4881 benelicio
3008 4807 3212 4870 astatis,
3268 4805 3534 4875 ignorant
3576 4820 3678 4873 pa-

1985 4905 2177 4952 ternas
2195 4914 2370 4964 escas,
2404 4897 2458 4951 id
2487 4903 2571 4950 est
2601 4896 2805 4949 fetores
2833 4895 3207 4948 cadaverum:
3257 4893 3336 4948 sic
3363 4892 3465 4946 lilii
3498 4908 3678 4962 paga-

1986 5002 2190 5041 norum
2218 4986 2574 5050 innocentes,
2599 4985 2697 5055 qui
2720 4983 3003 5037 invocant.

2056 5095 2214 5147 Vens.
2265 5095 2347 5146 10.
2377 5122 2446 5132 --
2504 5093 2565 5146 In
2617 5091 2766 5144 tibiis
2806 5091 2932 5143 viri.
3007 5089 3067 5140 lu
3112 5085 3433 5154 composito
3483 5085 3678 5138 habitu

1985 5179 2426 5251 praesumptuosi
2465 5185 2523 5232 et
2569 5179 2814 5232 audacis.
2853 5179 2960 5230 Per
3002 5176 3184 5228 virum
3227 5175 3381 5228 enim
3407 5173 3680 5227 audacem

1986 5275 2462 5340 praasumptorem
2492 5272 2668 5321 notat.
2705 5268 2767 5320 In
2800 5265 2952 5319 tibiis
3005 5269 3240 5318 notatur
3292 5263 3544 5316 incessus
3590 5261 3681 5315 in-

1985 5357 2356 5427 compositus,
2405 5358 2463 5409 in
2515 5355 2665 5408 tibiis
2706 5357 2832 5408 viri.
2869 5353 2988 5414 Vel,
3030 5351 3343 5404 secundum
3374 5350 3544 5402 aliam
3589 5350 3681 5403 lit-

1985 5449 2187 5512 teram,
2241 5447 2299 5498 in
2353 5444 2715 5498 tabernaculis
2745 5444 2873 5508 viri,
2925 5441 2980 5494 id
3029 5444 3114 5493 est
3157 5440 3215 5492 in
3269 5438 3683 5492 conventiculis

1987 5533 2411 5599 hereticorum,
2463 5531 2852 5602 beneplacitum
2895 5532 2999 5585 erit
3041 5531 3109 5584 ei.
3169 5529 3311 5584 Nota
3359 5527 3513 5600 quod
3564 5542 3684 5582 non
