4082 6184
389 249 525 302 1οῗ5

1049 244 1448 301 WALAFBIDI
1484 245 1729 303 STRABI
1761 248 1966 304 FULD.
1991 247 2159 306 MON.
2183 249 2335 308 OPP.
2370 250 2545 306 PARS
2574 250 2616 306 Ι.
2657 279 2725 290 -
2755 248 3217 307 THEOLOGICA.

3752 257 3887 309 10711

387 368 470 424 ait
497 367 559 424 in
587 367 970 423 tabernaculis
1003 367 1126 436 Dei,
1167 367 1265 422 sed
1317 365 1448 435 uiri,
1500 383 1606 440 per
1643 368 1752 424 hoc
1781 369 2089 442 designans
2122 373 2160 427 A
2202 371 2341 427 dum
2371 376 2535 427 vocat
2564 372 2634 438 ad
2692 372 3114 444 poenitentiam,
3167 374 3415 430 nebulam
3464 377 3604 430 sicut
3661 379 3892 432 cinerem

387 457 680 513 audaciam
719 457 1141 512 haereticorum.

455 546 617 600 Vsas.
656 549 740 601 11.
771 576 841 586 —-
895 547 1075 615 Super
1127 546 1392 614 timentes,
1452 548 1564 600 etc.
1632 546 1814 617 (Αυσ.)
1871 544 2087 600 Timori

387 651 548 705 spem
574 635 886 706 conjunxit,
936 633 1072 706 quia
1120 650 1240 690 non
1294 635 1444 689 valet
1472 634 1645 689 timor
1697 635 1822 690 sine
1871 652 1972 706 spe
1994 650 2088 690 ve-

387 724 724 779 nianJudas
773 723 928 778 enim
985 723 1211 790 timens,
1249 723 1349 778 sed
1404 724 1734 795 desperans,
1789 725 1992 796 laqueo
2027 741 2085 779 se

387 812 700 884 suspendit.
754 812 862 877 Qui
893 828 1028 883 ergo
1085 811 1250 868 timet
1303 814 1505 880 Deum,
1555 819 1746 883 speret
1784 816 1841 868 et
1887 814 1947 868 in
1993 830 2083 868 eo.

388 899 643 956 Placabis
667 905 858 954 autem
902 900 950 954 si
980 915 1174 971 speres
1201 899 1273 970 .in
1298 900 1688 955 misericordia
1738 902 1881 973 ejus,
1914 906 2087 973 atque

387 989 457 1044 de
485 993 693 1044 caetero
722 989 802 1043 ita
839 1005 1074 1059 peccare
1092 1004 1310 1056 caveas,
1341 994 1408 1044 ut
1435 989 1504 1045 de
1526 990 1832 1060 praeteritis
1882 990 2086 1062 depre-

387 1078 530 1132 ceris
561 1083 622 1132 ut
639 1078 742 1134 tibi
768 1078 1160 1133 dimittantur.

957 1219 1270 1274 PSALMUS
1309 1219 1550 1274 CXLVII.

482 1353 648 1407 Vens.
685 1355 769 1407 l2.
819 1381 891 1394 --
919 1352 1178 1406 Alleluia.
1233 1351 1488 1406 Psalmus
1518 1350 1625 1406 iste
1671 1351 1806 1407 facit
1833 1366 2088 1405 amorem

389 1441 598 1497 futurae
625 1440 959 1496 Jerusalem.
989 1438 1188 1510 Aggaei
1218 1442 1275 1493 et
1303 1439 1589 1494 Zachariae
1619 1439 1848 1505 dicitur,
1899 1438 1999 1510 qui
2028 1438 2087 1492 in

390 1530 716 1601 captivitate
765 1527 1188 1599 reparationem
1218 1528 1535 1582 Jerusalem
1573 1528 2084 1597 prophetaverunt,

2195 464 2427 531 spargit.

2269 551 2385 618 llo.)
2434 550 2696 607 Nebulam
2736 553 2875 606 sicut
2933 553 3162 606 cinerem
3196 554 3431 621 spargit,
3486 557 3593 607 etc.
3625 552 3787 608 Cinis
3824 555 3894 608 ad

2196 639 2594 710 paenitentiam
2625 639 2896 709 pertinet,
2932 645 3061 707 etc.,
3092 656 3261 710 usque
3290 641 3364 694 ad
3392 646 3447 695 et
3467 641 3569 712 qui
3594 643 3900 712 praedesti-

2195 727 2352 782 navit
2384 733 2442 784 et
2465 728 2531 782 ad
2573 728 2970 798 pamitentiam
3002 729 3240 783 vocavit.
3273 729 3360 783 Ad
3405 729 3689 785 litteram:
3719 731 3901 801 Spar-

2198 815 2279 887 git
2311 818 2459 871 Deus
2515 817 2704 870 nivem
2740 817 2904 887 quasi
2935 817 3141 884 lanam,
3195 818 3464 872 nebulam
3519 824 3584 873 ut
3618 819 3897 884 cinerem,

2195 905 2525 974 crystallum
2573 905 2710 959 facit
2767 910 2831 960 ut
2873 905 3056 960 frusta
3103 905 3334 961 candidi
3381 907 3564 978 panis.
3595 910 3692 963 Est
3740 909 3898 964 enim

2196 994 2522 1063 crystallum
2556 995 2770 1064 species
2800 994 3065 1066 quaedam
3105 995 3163 1050 in
3185 996 3418 1051 modum
3442 995 3593 1065 vitri,
3623 997 3726 1051 sed
3758 1013 3899 1051 can-

2197 1081 2329 1136 dida
2359 1086 2470 1138 est:
2507 1083 2715 1138 dicitur
2741 1088 2933 1138 autem
2963 1100 3084 1138 esse
3116 1084 3212 1138 nix
3244 1085 3424 1156 glacie
3474 1086 3745 1141 indurata
3800 1101 3902 1157 per

2198 1172 2410 1226 multos
2438 1187 2637 1238 annos,
2667 1176 2727 1225 ut
2757 1173 2964 1227 resolvi
2990 1189 3107 1228 non
3127 1174 3324 1244 possit.

2271 1261 2609 1328 Crystallum
2662 1276 2838 1324 suam,
2875 1265 2980 1316 etc.
3038 1261 3100 1316 Id
3155 1267 3241 1316 est
3276 1262 3609 1329 obstinatos,
3637 1262 3759 1335 :qui
3792 1279 3900 1318 non

2199 1347 2363 1402 facile
2394 1352 2456 1402 ut
2485 1348 2580 1402 nix
2601 1349 2918 1403 solvuntur.

2270 1437 2432 1491 Vnus.
2488 1440 2572 1492 17.
2615 1439 2886 1492 -——Mittit
2938 1439 3076 1492 sicut
3125 1438 3406 1507 buccellas,
3460 1444 3567 1494 etc.
3630 1440 3815 1495 Alias.
3849 1445 3904 1493 ut

2195 1526 2382 1591 frusta
2422 1525 2613 1594 panis,
2646 1529 2708 1579 ut
2740 1529 2974 1595 pascant
3002 1525 3169 1600 alios,
3230 1533 3294 1582 ut
3339 1528 3656 1598 praedicent
3697 1531 3905 1582 verita-

390 1635 540 1691 qum,
587 1623 650 1672 ut
676 1617 948 1673 Jeremias
995 1616 1280 1687 praedixit,
1328 1620 1461 1686 post
1502 1616 1865 1686 septuaginta
1908 1632 2088 1670 annos
2120 1654 2159 1707 Β
2199 1617 2340 1707 tem,
2371 1630 2544 1684 quam
2575 1614 2940 1685 impugnant.
2975 1615 3206 1682 Omnes,
3239 1621 3407 1685 unus}
3436 1617 3629 1686 panis;
3667 1617 3906 1686 singuli,

389 1707 538 1763 facta
569 1713 676 1774 est,
709 1707 768 1761 id
799 1711 903 1768 est,
934 1709 1066 1775 post
1092 1704 1513 1759 volubilitatem
1565 1705 1742 1758 totius
1787 1705 2084 1776 temporis,

391 1796 546 1868 quod
579 1799 796 1866 septem
821 1793 1023 1848 diebus
1044 1792 1254 1862 agitur.
1378 1861 1388 1876 ς

461 1884 674 1950 Lauda,
727 1882 1056 1938 Jerusalem.
1110 1880 1308 1952 (Ossa)
1348 1883 1520 1935 Totus
1573 1880 1663 1934 hic
1693 1882 1948 1950 psalmus
1993 1897 2090 1951 po-

391 1972 633 2027 tentiam
663 1969 765 2024 Dei
788 1968 1082 2040 praadicat.
1116 1967 1330 2036 Primo,
1365 1968 1502 2022 dicit
1530 1968 1681 2022 bona
1697 1968 1903 2024 futurae
1926 1970 2088 2024 Jeru-

393 2061 594 2125 salem,
647 2058 914 2126 secundo,
947 2056 1084 2111 dicit
1141 2073 1268 2128 qum
1316 2057 1464 2111 bona
1497 2056 1588 2111 hic
1619 2058 1828 2112 dantur
1859 2059 2088 2124 sanctis,

392 2148 473 2203 ibi
493 2148 640 2213 τρυε
659 2148 876 2201 emittit.
898 2144 1090 2216 (Ana)
1113 2145 1176 2199 In
1198 2146 1521 2216 captivitate
1538 2146 1724 2200 adhuc
1748 2148 2089 2201 constitutus

391 2237 694 2308 propheta,
728 2239 860 2300 etc.,
891 2249 1060 2303 usque
1085 2234 1160 2287 ad
1189 2234 1287 2304 qui
1308 2234 1628 2288 audivimus
1651 2235 1728 2288 sic
1742 2240 2087 2292 ructantem.

462 2326 626 2379 Vnus.
674 2326 758 2379 13.
809 2353 878 2363 -
909 2324 1268 2390 Confortavit
1324 2338 1473 2377 seras
1508 2329 1794 2392 portarum
1848 2329 2085 2380 tuarum.

393 2411 576 2483 (Αυθ.)
608 2413 749 2467 Nota
779 2411 1029 2466 clausam
1065 2425 1187 2463 esse
1211 2410 1453 2480 januam
1495 2410 1756 2464 admissis
1786 2411 2090 2480 prudenti-

389 2502 517 2568 bus,
552 2505 606 2555 et
637 2499 878 2554 exclusis
909 2497 1081 2553 fatuis
1111 2497 1450 2568 virginibus,
1494 2503 1558 2552 ut
1589 2515 1755 2552 nemo
1780 2500 1902 2570 jam
1930 2505 2093 2555 exeat

387 2591 473 2643 vel
497 2589 690 2643 intret.
721 2589 785 2642 Et
804 2601 1056 2657 congrue
1085 2590 1214 2656 post
1242 2586 1426 2640 laudis
1480 2586 1940 2641 admonitionem
1963 2587 2094 2641 sub-

389 2677 472 2733 dit
504 2677 575 2732 de
631 2676 836 2730 clausis
868 2674 1085 2746 januis:
1147 2675 1339 2728 clausa
1369 2675 1522 2729 enim
1549 2675 1727 2746 janua
1775 2677 2089 2730 Jerusalem

392 2783 588 2821 secure
620 2765 838 2834 laudat,
885 2764 1020 2834 quia
1066 2779 1237 2818 nemo
1285 2764 1423 2818 exiit
1468 2765 1620 2818 unde
1667 2763 1884 2832 doleat;
1919 2782 2090 2820 nemo

389 2857 567 2911 intrat
590 2825 761 2927 quiem
793 2854 1011 2919 timeat,
1045 2853 1197 2907 unde
1228 2853 1341 2908 sint
1361 2855 1646 2909 scandala.

2198 1689 2407 1769 frusta;
2443 1703 2622 1757 unde:
2655 1705 2818 1758 Multi
2869 1719 3009 1757 unus
3057 1707 3217 1774 panis
3271 1721 3456 1760 sumus
3487 1708 3545 1759 in
3600 1707 3834 1761 Christo
3866 1708 3912 1775 (Ι

2199 1792 2320 1846 Cor.
2380 1791 2456 1862 x).
2489 1793 2700 1846 Paulus
2756 1793 3086 1863 crystallum
3143 1793 3270 1859 fuit,
3307 1793 3485 1848 durus
3532 1799 3590 1848 et
3641 1795 3904 1849 nitidus:

2201 1880 2398 1948 durus,
2453 1880 2589 1952 quia
2616 1884 2949 1951 persecutus
2982 1880 3322 1948 Ecclesiam;
3380 1882 3619 1950 nitidus,
3653 1884 3799 1954 quia
3845 1884 3906 1938 in

2199 1966 2325 2038 lege
2354 1967 2594 2038 peritus.
2630 1970 2783 2023 Hanc
2833 1973 3036 2024 autem
3084 1971 3230 2024 Deus
3261 1970 3450 2038 solvit,
3502 1975 3559 2024 et
3591 1970 3778 2024 factus
3823 1975 3910 2024 est

2199 2055 2386 2126 panis,
2411 2056 2508 2127 qui
2538 2056 2836 2112 veritatem
2856 2057 3062 2112 docuit.
3101 2057 3210 2112 Sed
3243 2057 3355 2110 nisi
3385 2060 3580 2124 solvat,

2269 2147 2416 2199 Ante
2439 2147 2637 2211 faciem
2680 2147 2794 2216 ejus
2849 2150 2949 2202 Dei
3000 2149 3122 2217 quis
3164 2148 3490 2202 sustinebit?
3542 2147 3722 2212 Alias,
3773 2148 3903 2202 sub-

2199 2231 2378 2286 sistet.
2409 2232 2602 2303 (AUG.)
2648 2233 2848 2304 Frigus
2900 2239 3003 2300 est,
3037 2235 3136 2306 qui
3165 2235 3394 2301 deserit,
3426 2251 3539 2290 non
3568 2239 3759 2302 vocat,
3793 2251 3904 2289 non

2198 2319 2449 2375 infundit
2497 2321 2771 2390 gratiam:
2800 2327 2855 2377 et
2882 2321 3010 2393 quis
3057 2323 3202 2378 alius
3233 2323 3450 2378 solvet?
3487 2323 3710 2379 Nullus.
3749 2325 3901 2378 Unde

2199 2411 2539 2479 Apostolus:
2569 2412 2702 2477 Quis
2729 2427 2811 2466 me
2839 2412 3092 2467 liberabit
3122 2412 3188 2466 de
3215 2429 3432 2482 corpore
3461 2416 3651 2466 mortis
3703 2414 3903 2481 hujus?

2202 2496 2371 2568 (Rom.
2406 2498 2530 2570 vn.)
2591 2499 2762 2564 Quasi
2812 2499 2990 2554 dicat:
3026 2500 3310 2570 Frigesco,
3343 2501 3535 2555 nullus
3568 2500 3762 2567 solvit,
3795 2499 3908 2554 nisi

2202 2586 2384 2656 gratia
2410 2586 2513 2641 Dei
2540 2590 2753 2642 emittat
2781 2588 3000 2642 verbum
3029 2603 3204 2643 suum.

2276 2675 2434 2729 Vens.
2489 2679 2572 2731 18.
2614 2706 2685 2717 —-
2725 2677 2944 2731 Emittet
2995 2678 3217 2732 verbum
3262 2692 3440 2743 suum,
3484 2681 3535 2731 et
3586 2677 3910 2746 liquefaciet

2201 2777 2339 2817 eam.
2376 2763 2574 2833 (Casa)
2605 2765 2789 2819 Verbo
2820 2781 3072 2836 namque
3104 2765 3206 2819 Dei
3239 2765 3520 2830 veniente,
3567 2781 3669 2818 nec
3698 2765 3907 2835 frigus,

2204 2867 2310 2906 nec
2355 2852 2689 2918 obscuritas,
2735 2869 2839 2907 nec
2895 2852 3107 2907 duritia
3138 2854 3436 2924 desperare
3485 2858 3690 2924 potest.
3741 2854 3910 2908 Salu-

461 2947 622 3000 Veas.
658 2945 743 2998 14.
777 2975 842 2984 -
881 2943 1062 3012 Adipe
1089 2945 1375 3009 frumenti.
1409 2945 1529 3012 lln.)
1559 2945 1708 2997 Pane
1732 2942 1832 3014 qui
1858 2943 1928 2997 de
1950 2944 2088 2997 coelo
2121 2937 2160 2992 C
2196 2939 2556 2995 briter'enim
2587 2941 2915 3012 liqueﬁunt,
2940 2947 2996 2995 et
3027 2942 3244 2997 ﬂuenta
3297 2943 3610 3012 spiritualis
3636 2943 3910 2997 beneficii

391 3032 709 3088 descendit:
735 3030 794 3084 in
843 3031 1061 3085 mundo
1093 3047 1261 3084 carne
1295 3031 1517 3085 clausus
1548 3037 1651 3098 est,
1681 3032 1802 3085 sola
1856 3031 1966 3086 ﬁde
1994 3048 2090 3086 co-

390 3121 602 3193 gnitus,
626 3126 763 3175 tunc
793 3119 1078 3174 videbitur
1110 3119 1255 3174 sicut
1275 3125 1378 3174 est.

463 3210 623 3263 Vens.
664 3212 748 3263 15.
802 3237 871 3249 -
902 3209 1012 3274 Qui
1049 3211 1248 3262 emittit
1297 3209 1570 3278 eloquium
1601 3224 1797 3284 suum.
1830 3208 2093 3264 Secunda

391 3313 524 3369 pars
553 3296 746 3352 subdit
773 3313 904 3368 qua:
937 3313 1176 3350 munera
1213 3296 1306 3350 hic
1334 3297 1546 3351 dantur
1579 3297 1793 3362 electis,
1824 3314 1928 3369 per
1961 3315 2090 3369 qua:

393 3385 597 3438 veritas
630 3384 807 3438 futuri
836 3390 1022 3454 potest
1042 3385 1293 3455 agnosci.

471 3475 664 3528 Terre.
697 3472 879 3542 (Auc.)
921 3473 991 3525 Ut
1012 3472 1072 3526 in
1126 3477 1281 3526 terra
1328 3475 1723 3543 cognoscatur.
1789 3472 1905 3527 Nisi
1937 3474 2092 3528 enim

397 3561 624 3616 mittere
653 3560 892 3615 verbum
921 3565 1111 3627 terrm,
1166 3577 1276 3630 qua
1308 3577 1613 3632 gravamur
1642 3566 1698 3615 et
1738 3561 2094 3632 impedimur

394 3667 427 3704 a
455 3649 662 3718 reditu,
694 3649 768 3702 ad
797 3648 1025 3720 adipem
1056 3648 1334 3704 frumenti
1372 3649 1672 3704 satiantem
1714 3666 1828 3704 non
1868 3651 2092 3706 levare-

391 3755 542 3794 mur.
571 3741 632 3794 ln
663 3744 816 3793 terra
843 3739 1021 3806 enim,
1069 3739 1171 3794 ubi
1229 3739 1556 3794 laboramus
1601 3740 1754 3807 fessi,
1811 3740 2086 3811 languidi,

391 3827 563 3900 pigri,
610 3827 825 3898 frigidi,
892 3827 1106 3883 scilicet
1159 3827 1223 3881 in
1269 3843 1482 3895 eremo,
1537 3844 1655 3882 non
1706 3829 1935 3895 deserit,
1993 3830 2088 3883 sed

393 3931 606 3971 manna
630 3919 728 3986 qui
748 3917 950 3972 emittit
978 3917 1267 3985 eloquium,
1298 3921 1406 3972 etc.

468 4005 726 4062 Velociter
754 4006 946 4060 currit.
982 4005 1166 4073 (AUG.,
1225 4004 1404 4075 Cass.)
1434 4005 1531 4058 Vel
1577 4005 1847 4075 usqueén
1877 4004 2088 4058 veloci-

392 4097 590 4160 tatem,
637 4092 696 4147 id
727 4097 831 4160 est,
891 4108 926 4146 a
956 4093 1089 4160 Deo,
1122 4097 1185 4147 ut
1239 4092 1312 4146 sit
1338 4092 1461 4162 ipsa
1495 4093 1758 4148 velocitas
1806 4109 1920 4164 quo
1976 4092 2090 4146 ele-

391 4181 537 4235 ctius
565 4181 650 4234 vel
686 4179 1008 4250 expressius
1027 4180 1139 4234 dici
1167 4196 1286 4234 non
1315 4181 1520 4251 potuit.

463 4270 588 4324 Non
637 4269 714 4323 ait
753 4269 914 4323 velox
971 4270 1230 4337 verbum,
1291 4270 1455 4323 velox
1507 4269 1581 4324 sit
1631 4270 1945 4336 velocitate,
1979 4287 2092 4341 qua

390 4359 518 4429 plus
550 4358 635 4412 vel
691 4357 880 4412 minus
910 4355 1244 4428 participat:
1303 4357 1399 4411 sed
1429 4357 1552 4428 ipsa
1605 4358 1924 4425 velocitate,
1983 4375 2097 4429 qua

390 4450 597 4501 castera
627 4445 894 4501 dicuntur
948 4446 1184 4512 velocia,
1236 4445 1379 4499 nihil
1428 4452 1514 4500 est
1543 4447 1808 4500 velocius.
1861 4447 1927 4500 Et
1955 4446 2096 4502 item

390 4535 546 4606 quod
572 4535 735 4588 velox
767 4535 870 4600 est,
901 4531 976 4602 [ut
1005 4549 1186 4604 equus
1215 4533 1387 4588 alicui
1415 4539 1519 4599 est,
1555 4551 1672 4590 non
1729 4534 1968 4605 ubique:
1997 4553 2092 4589 ve-

390 4621 587 4676 locitas
615 4638 748 4676 vero
799 4621 922 4692 ipsa
975 4621 1184 4692 ubique
1237 4626 1342 4691 est,
1399 4637 1519 4676 non
1565 4626 1650 4677 est
1694 4622 1754 4676 in
1783 4625 1977 4693 lparte.
2012 4623 2094 4678 Ad

388 4711 628 4766 verbum
672 4710 772 4765 Dei
824 4709 1076 4779 pertinet
1102 4726 1219 4764 non
1248 4726 1369 4764 esse
1401 4710 1459 4763 iu
1489 4717 1668 4781 parte,
1709 4711 1926 4782 ubique
1971 4728 2094 4766 esse

389 4816 494 4871 per
515 4799 789 4870 seipsum.
820 4799 950 4853 Hinc
1001 4804 1087 4852 est
1131 4798 1431 4870 sapientia,
1485 4814 1605 4867 qua
1642 4802 1866 4868 attingit
1915 4816 1948 4853 a
1989 4803 2095 4869 ﬁne

386 4903 557 4958 usque
602 4888 678 4942 ad
701 4886 862 4958 ﬁnem
891 4890 1128 4955 fortiter,
1183 4903 1301 4941 non
1327 4891 1520 4941 tamen
1556 4893 1720 4942 motu
1767 4887 1952 4954 locali,
1995 4888 2092 4942 sed

387 4976 813 5033 immobilitate.
854 4975 962 5030 Sed
1012 4980 1070 5029 et
1122 4976 1192 5030 de
1244 4974 1541 5046 sapientiae.
1587 4975 1794 5046 spiritu
1860 4975 2088 5041 dicitur,

387 5072 540 5121 actus
592 5066 826 5128 mobilis.
871 5068 1067 5131 certus,
1123 5063 1597 5132 incoinquinatus;
1653 5064 1763 5117 hoc
1816 5063 1951 5117 facit
2001 5079 2092 5117 ve-

387 5155 604 5220 locitas,
635 5158 703 5209 ut
733 5157 790 5207 et
815 5153 1027 5224 ubique
1040 5169 1268 5223 semper
1298 5151 1392 5221 sit,
1423 5156 1480 5206 et
1509 5167 1794 5224 nusquam
1835 5151 2090 5205 inclausa

389 5247 668 5298 teneatur.
719 5243 828 5298 Sed
875 5242 1004 5314 quis
1034 5242 1141 5296 ista
1189 5241 1400 5296 sufficit
1426 5240 1721 5311 cogitare?
1778 5241 1871 5295 Est
1894 5245 2088 5295 tamen

387 5347 514 5402 spes
543 5331 610 5386 ad
658 5331 1000 5402 capiendum
1029 5330 1290 5395 verbum,
1325 5329 1462 5402 quia
1503 5327 1929 5400 praedestinavit
1959 5344 2082 5383 nos.

463 5420 622 5474 Vaas.
654 5421 743 5474 16.
815 5449 885 5460 —
923 5421 1029 5490 Qui
1073 5419 1174 5474 dat
1220 5419 1419 5487 niuem,
1476 5421 1582 5472 etc.
1647 5417 1837 5486 (Αυσ.)
1874 5419 2082 5472 Terrie.

389 5506 748 5579 Frigescente
808 5508 964 5564 enim
1004 5506 1315 5585 teneritate,
1373 5510 1504 5574 etc.,
1541 5521 1712 5576 usque
1755 5505 1832 5561 ad
1885 5509 1943 5562 et
1978 5505 2086 5562 hos

2197 3030 2561 3100 profundunt
2592 3031 2721 3084 aliis
2774 3031 2932 3086 unde
2990 3031 3205 3100 bibant,
3251 3031 3417 3103 juxta
3470 3031 3642 3085 illud:
3707 3035 3910 3088 Omnes

2196 3120 2437 3174 sitientes
2471 3122 2647 3173 venite
2674 3119 2749 3173 ad
2773 3134 2946 3187 aquas
2967 3121 3094 3186 (lsa.
3129 3121 3235 3187 Lv).

2268 3206 2428 3260 Vens.
2465 3209 2553 3264 16.
2580 3236 2650 3247 -
2675 3209 2903 3263 Jacob...
2939 3209 3127 3263 Israel.
3173 3208 3354 3279 (Αος.)
3387 3209 3484 3262 Vel
3532 3207 3684 3262 idem
3729 3207 3913 3278 signi-

2199 3293 2406 3348 ficatur
2434 3311 2536 3365 per
2573 3297 2766 3362 Israel,
2796 3301 2926 3362 etc.,
2958 3311 3126 3367 usque
3157 3297 3231 3350 ad
3269 3297 3406 3367 quia
3452 3313 3569 3350 non
3617 3297 3730 3351 fuit
3781 3297 3914 3350 mis-

2199 3398 2294 3436 sus
2353 3385 2465 3438 nisi
2532 3383 2608 3437 ad
2665 3399 2783 3438 oves
2875 3399 2994 3453 qua:
3067 3385 3347 3456 perierunt
3417 3385 3588 3440 Israel
3668 3384 3912 3452 (Matth.

2197 3474 2312 3537 xv).

2267 3559 2487 3614 Judicia
2539 3576 2664 3616 sua.
2729 3559 2858 3632 (10.)
2912 3560 3198 3616 Judicium
3255 3561 3506 3632 incipite
3576 3561 3755 3615 domo
3789 3563 3911 3626 Dei,

2199 3651 2328 3713 etc.,
2361 3663 2529 3718 usque
2557 3650 2631 3704 ad
2671 3655 2784 3704 tres
2819 3649 2957 3703 alios
3015 3650 3263 3720 psalmos
3309 3650 3494 3704 laudis
3525 3650 3910 3722 subjungens,

2200 3739 2263 3789 ut
2291 3734 2350 3789 in
2380 3736 2484 3790 hoc
2515 3753 2688 3808 opere
2713 3738 2922 3808 gratias
2951 3737 3243 3792 Trinitatis
3279 3738 3530 3808 eluceat.

2730 3912 3045 3968 PSALMUS
3093 3913 3360 3968 CXLVIII.

2270 4087 2429 4142 Vsas.
2475 4090 2530 4144 1.
2584 4119 2654 4129 --
2710 4089 2957 4144 Laudate
3005 4090 3296 4144 Dominum
3332 4089 3399 4144 de
3445 4091 3615 4146 caelis.
3691 4092 3902 4161 (Casa)

2201 4177 2309 4230 Per
2337 4192 2650 4246 paucorum
2697 4178 3305 4232 commemorationem
3352 4178 3681 4234 universam
3740 4197 3900 4236 crea-

2202 4271 2390 4320 turam
2419 4265 2685 4320 hortatur
2734 4266 2968 4320 laudare
3020 4268 3220 4320 Deum.
3267 4267 3408 4322 Sunt
3461 4268 3731 4338 quaedam
3770 4286 3902 4340 quas

2205 4353 2418 4408 habent
2445 4353 2706 4424 spiritum
2762 4353 3036 4410 laudandi
3088 4356 3264 4410 Deum
3298 4355 3359 4409 in
3413 4371 3482 4409 eo
3542 4356 3752 4411 affectu
3792 4375 3905 4429 quo

2203 4442 2386 4512 placet
2417 4442 2496 4496 eis
2549 4443 2726 4498 Deus:
2769 4443 3033 4514 quaedam
3091 4459 3209 4498 non
3256 4444 3470 4499 habent
3521 4444 3902 4511 intellectum,

2205 4533 2303 4586 sed
2334 4531 2470 4603 quia
2494 4532 2619 4604 ipsa
2636 4532 2786 4587 bona
2816 4537 2950 4587 sunt
2989 4533 3050 4586 in
3076 4533 3275 4588 ordine
3300 4549 3422 4602 suo,
3455 4539 3513 4589 et
3540 4535 3612 4589 ad
3643 4536 3901 4606 pulchri-

2203 4619 2462 4675 tudinem
2515 4620 2903 4676 universitatis
2955 4621 3305 4689 referuntur,
3352 4639 3458 4694 per
3504 4640 3564 4677 se
3610 4640 3732 4680 non
3790 4626 3903 4680 lau-

2202 4710 2362 4775 dant,
2389 4709 2487 4764 sed
2517 4709 2588 4763 ab
2618 4709 2756 4780 ipsis
2784 4726 2889 4780 per
2926 4710 3284 4765 attendentes
3312 4727 3379 4765 ea
3419 4711 3690 4767 laudatur
3719 4714 3898 4768 Deus:

2203 4803 2260 4852 et
2287 4798 2366 4852 ita
2391 4797 2813 4868 quodammodo
2846 4798 3097 4864 laudant,
3129 4799 3265 4869 quia
3290 4798 3360 4853 de
3406 4798 3520 4853 illis
3558 4800 3820 4871 nascitur
3843 4801 3898 4854 in

2201 4885 2364 4940 nobis
2385 4887 2508 4940 laus
2539 4886 2660 4952 Dei,
2686 4886 2753 4940 ad
2781 4901 2956 4957 quam
2987 4903 3090 4941 nos
3118 4887 3210 4941 hic
3237 4891 3428 4942 monet
3459 4888 3762 4958 propheta.

2272 4975 2438 5030 Vaas.
2472 4979 2523 5029 5.
2576 5004 2646 5014 —-
2679 4976 2820 5042 Quia
2868 4977 2985 5044 ipse
3034 4976 3200 5041 dixit,
3229 4981 3280 5030 et
3318 4978 3473 5042 facta
3512 4981 3658 5030 sunt.
3695 4977 3894 5048 (Cass)

2202 5064 2315 5118 Hoc
2339 5067 2541 5118 contra
2594 5063 2724 5117 illos
2771 5063 2872 5134 qui
2921 5063 3116 5118 dicunt
3166 5064 3446 5119 mundum
3498 5064 3613 5119 Deo
3660 5072 3892 5120 coaeter-

2201 5167 2370 5210 num:
2402 5151 2686 5223 sequitur:
2745 5155 2865 5220 Ipse
2901 5152 3202 5206 mandavit.
3237 5153 3418 5208 Verbo
3450 5169 3574 5221 suo,
3608 5159 3666 5208 et
3711 5160 3894 5209 creata

2200 5245 2352 5296 sunt.
2384 5241 2548 5295 Prius
2579 5239 2745 5310 dixit,
2800 5243 2974 5307 facta,
3007 5245 3204 5311 postea
3235 5249 3435 5296 creata.
3482 5243 3686 5296 Facere
3740 5243 3891 5297 enim

2198 5332 2254 5383 et
2295 5344 2400 5383 nos
2428 5344 2750 5400 possumus,
2811 5329 2909 5384 sed
2963 5346 3077 5384 non
3123 5346 3336 5386 creare.
3379 5331 3506 5402 Ipse
3546 5347 3686 5402 ergo
3741 5334 3891 5388 solus

2196 5420 2371 5485 creat,
2435 5417 2591 5490 quod
2631 5422 2720 5474 est
2759 5418 3061 5491 proprium
3107 5418 3362 5476 Deitatis.
3420 5420 3566 5490 Laus
3620 5436 3690 5476 ex
3751 5437 3886 5493 ope-

2197 5504 2376 5562 ribus.
