4020 6184
196 285 341 337 1077

1330 284 1581 343 GLOSSA
1625 275 2031 344 0RDINARIA.
2073 320 2140 330 -
2182 292 2310 347 LIB.
2353 291 2595 346 PSALM.

3572 298 3707 351 1078

263 409 435 463 Vens.
473 411 526 464 6.
560 437 630 450 —
678 409 910 465 Statuit.
958 410 1033 464 Ex
1078 410 1333 481 potentia
1360 409 1728 483 omnipotens
1788 415 1891 482 est,
1922 414 1971 468 Α
2009 414 2106 469 sed
2131 414 2465 469 charissima
2487 414 2675 468 unitas
2695 431 2708 481 ;
2728 418 2863 469 tunc
2887 414 3187 470 exsultatio
3208 416 3317 471 erit
3340 416 3410 472 de
3432 420 3605 489 tymp:
3631 435 3704 474 no

187 498 362 567 cujus
393 514 571 568 opera
589 514 709 553 non
730 503 1045 553 mutantur.

263 590 333 643 In
364 590 618 644 secutum
643 594 693 643 et
722 591 781 642 in
821 591 1073 643 saeculum
1125 590 1327 644 seculi.
1366 591 1545 660 (Cas)
1577 590 1643 644 Et
1681 590 1729 644 si
1784 608 1895 647 c03-

187 678 317 731 lum
348 694 587 744 novum,
646 680 761 732 Deo
801 684 995 731 tamen
1019 678 1163 732 bene
1193 684 1402 732 statuta
1446 680 1731 747 dicuntur,
1767 698 1895 752 qua:

186 772 487 822 novantur
514 783 619 838 per
657 767 946 822 Christum
972 772 1028 822 et
1081 769 1381 821 meliorata
1407 774 1768 839 permanent.
1833 772 1897 824 Et

185 859 275 908 est
297 856 398 909 hic
417 857 542 910 laus
572 873 603 909 a
624 856 899 926 potentia.

262 945 440 998 Vens.
472 949 525 998 '7.
570 973 642 986 —
673 945 920 999 Laudate
951 946 1251 999 Dominam.
1303 945 1563 1000 Secunda
1616 962 1769 1016 pars,
1795 946 1895 1001 ubi

186 1032 552 1087 enumeratis
578 1033 923 1097 caelestibus,
958 1032 1253 1086 descendit
1278 1033 1347 1087 ad
1380 1034 1681 1087 terrestria.
1746 1035 1893 1089 Con-

183 1138 395 1175 versus
424 1136 562 1190 ergo
592 1121 661 1175 ad
720 1121 838 1188 illa,
880 1126 1155 1191 tanquam
1203 1121 1507 1175 exhortans
1553 1138 1655 1175 nos
1704 1128 1764 1176 ut
1792 1140 1894 1176 eo-

182 1225 323 1263 rum
361 1208 816 1263 consideratione
874 1209 1175 1263 laudemus
1234 1211 1438 1275 Deum,
1472 1227 1600 1281 quae
1630 1211 1893 1264 conside-

181 1303 313 1351 rata
346 1297 643 1369 aperiunt
670 1298 902 1352 laudem
948 1298 1069 1363 Dei,
1094 1298 1171 1351 ait
1203 1314 1216 1352 :
1261 1299 1303 1354 Ο
1346 1315 1443 1353 vos
1487 1300 1586 1370 qui
1618 1300 1687 1353 de
1718 1303 1888 1356 terra.

178 1388 383 1443 Omnes
435 1387 643 1457 abyssi.
702 1389 886 1455 (Auo.)
944 1386 1305 1443 Profunditas
1378 1403 1681 1455 aquarum,
1759 1393 1889 1453 etc.,

176 1491 361 1544 usque
410 1476 485 1530 ad
536 1476 655 1544 ipsa
697 1490 854 1545 ergo,
906 1475 966 1530 id
999 1480 1099 1543 est,
1139 1492 1241 1529 nos
1272 1476 1730 1530 consideratione
1786 1493 1891 1531 eo-

179 1580 319 1621 rum
350 1565 617 1619 hortatur
644 1563 898 1618 laudare.

2009 506 2066 556 et
2091 504 2383 572 psalterio,
2414 520 2527 557 non
2552 503 2734 574 ipsius
2766 509 2939 557 actus.

2075 592 2237 646 Vaas.
2287 593 2338 645 4.
2398 623 2459 632 -
2516 594 2657 658 Quia
2709 593 3098 661 beneplaritum
3149 597 3226 647 est
3266 594 3515 649 Domino.
3576 594 3700 667 (In;

2005 680 2070 733 In
2100 680 2285 750 prima
2314 680 2636 735 conditione
2687 697 2876 735 rerum
2910 682 3150 752 legimus
3200 683 3391 736 omnia
3424 684 3700 753 placuisse

2008 769 2141 833 Deo,
2167 776 2297 835 etc.,
2324 785 2493 840 usque
2512 769 2586 822 ad
2604 770 2690 823 vel
2714 786 2837 822 cum
2872 786 3069 839 parem
3094 771 3311 840 angelis
3345 771 3531 828 faciet.

2077 859 2241 911 Vens.
2286 861 2336 911 5.
2372 888 2437 897 —-
2463 859 2832 912 Emsultabunt
2859 860 3053 912 sancti.
3081 858 3215 928 (1ο.)
3244 859 3502 913 Secunda
3542 877 3694 930 pars,

2003 945 2103 999 ubi
2143 944 2259 1015 agit
2287 944 2357 999 de
2395 944 2617 1014 gaudiis
2677 949 3004 997 sanctorum
3036 951 3092 997 et
3126 950 3422 1015 potestate.
3475 948 3687 1001 Gloria.

2005 1035 2097 1087 Est
2125 1033 2409 1087 bonorum
2437 1039 2665 1087 actuum
2727 1033 2995 1103 frequens
3026 1034 3299 1101 laudatio,
3352 1034 3421 1088 de
3478 1035 3687 1105 quibus

1998 1122 2138 1193 justi
2163 1124 2433 1175 lzetantur
2460 1121 2518 1175 in
2539 1122 2839 1182 cubilibus,
2880 1122 2933 1174 id
2961 1125 3047 1175 est
3076 1122 3135 1176 in
3166 1122 3532 1189 conscientia,
3565 1123 3693 1177 ideo

2002 1211 2136 1282 quia
2161 1210 2373 1265 habent
2409 1215 2525 1264 tam
2571 1211 2787 1265 bonum
2824 1211 3149 1275 Dominum,
3188 1212 3287 1281 qui
3338 1212 3431 1265 dat
3464 1228 3697 1281 peccan-

2000 1300 2155 1354 tibus
2187 1300 2431 1370 gratiam
2464 1305 2521 1353 et
2558 1299 2619 1352 in
2650 1298 2867 1352 meritis
2900 1299 3072 1353 vitam
3127 1304 3422 1354 aeternam.
3483 1302 3695 1355 Fatuus

2000 1392 2158 1440 extra
2188 1388 2247 1441 in
2281 1388 2486 1441 fabulis
2517 1387 2819 1441 hominum
2854 1388 3105 1454 laztatur;
3147 1388 3352 1441 sanctis
3377 1388 3467 1442 hic
3494 1390 3693 1443 modus

2000 1476 2194 1547 gaudii
2228 1482 2328 1544 est,
2361 1482 2423 1529 ut
2476 1477 2547 1529 ad
2602 1477 2763 1529 illum
2814 1477 3133 1530 referantur
3164 1477 3314 1531 bona
3365 1478 3465 1548 qui
3512 1478 3686 1533 dedit.

2077 1566 2233 1619 Vnus.
2279 1568 2326 1619 6.
2360 1596 2427 1604 ——
2479 1566 2873 1620 Exaltationes.
2903 1566 3034 1635 (lo.)
3092 1565 3283 1618 Virtus
3319 1566 3418 1619 Dei
3469 1570 3525 1619 et
3577 1583 3685 1636 po-

256 1655 421 1707 Vaas.
472 1656 525 1707 8.
569 1681 639 1692 —
687 1653 813 1719 Qua
860 1654 1078 1719 faciunt
1130 1652 1352 1707 verbum
1384 1654 1521 1722 ejus.
1602 1656 1720 1709 Hoc
1756 1655 1884 1710 ideo
1917 1693 1959 1747 Β
1998 1654 2178 1708 tentia
2214 1654 2559 1725 praedicatur
2589 1652 2647 1706 in
2678 1654 2862 1722 gloria
2892 1658 3240 1739 sanctorum.
3294 1655 3356 1707 In
3382 1655 3683 1722 cubilibus,

177 1743 324 1815 quia
353 1742 539 1795 visum
572 1741 678 1795 fuit
711 1740 1052 1812 quibusdam
1091 1744 1243 1812 quod
1279 1744 1427 1797 Deus
1459 1743 1758 1812 superiora
1789 1759 1883 1796 re-

179 1835 371 1902 geret,
401 1831 499 1885 sed
554 1831 675 1885 hac
730 1830 1003 1885 inferiora
1057 1830 1389 1899 despiceret,
1452 1832 1552 1885 sed
1596 1848 1628 1885 a
1664 1831 1886 1885 casibus

180 1924 557 1991 regerentur;
611 1917 707 1972 sed
731 1920 787 1971 et
834 1917 958 1972 haec
980 1917 1102 1989 agit
1132 1919 1298 1985 Deus,
1332 1923 1388 1973 et
1415 1918 1477 1973 in
1506 1918 1596 1974 his
1627 1918 1884 1973 minimis

174 2009 474 2074 laudatur,
506 2012 564 2061 et
584 2007 815 2062 alleluia
834 2012 1113 2062 cantatur.

249 2098 419 2152 Vens.
470 2099 554 2152 t3.
604 2126 675 2136 —
726 2098 1019 2163 Confessio.
1080 2096 1255 2166 (Cas)
1317 2096 1500 2167 Supra
1552 2096 1695 2151 dixit
1724 2096 1883 2167 prius

173 2187 251 2242 de
284 2185 452 2251 ccelo,
479 2188 677 2257 postea
698 2184 767 2239 de
812 2188 997 2250 terra;
1040 2184 1133 2238 hic
1193 2184 1262 2238 de
1294 2185 1567 2239 omnibus
1595 2184 1787 2238 simul.
1815 2186 1880 2239 Et

1996 1741 2059 1795 in
2109 1742 2345 1796 diversis
2402 1742 2788 1796 mansionibus
2844 1746 2928 1795 est
2983 1736 3538 1812 gloria‘sanctorum.
3610 1746 3686 1799 De

1996 1831 2202 1901 quibus
2266 1831 2557 1885 Dominus.
2616 1832 2685 1884 In
2764 1831 2917 1885 domo
2982 1834 3163 1886 Patris
3236 1836 3339 1886 mei
3385 1836 3683 1888 mansiones

1993 1921 2175 1974 multa:
2195 1924 2341 1974 sunt.
2366 1920 2554 1986 (Joan.
2580 1921 2710 1986 xw.)

2063 2010 2125 2063 In
2153 2013 2386 2075 gutture.
2422 2007 2529 2071 Qui
2562 2008 2623 2061 in
2654 2008 2822 2061 corde
2854 2012 2911 2060 et
2941 2006 3000 2060 in
3029 2008 3229 2079 lingua
3265 2024 3381 2062 non
3413 2008 3685 2063 desinunt

1990 2095 2223 2149 laudare
2255 2112 2407 2157 eum,
2438 2112 2471 2148 a
2502 2112 2616 2165 quo
2646 2101 2863 2149 aeterna
2889 2096 3123 2149 habent.

2062 2184 2275 2238 Gladii.
2302 2186 2641 2238 Potestatem
2669 2183 2826 2237 verbi
2872 2184 2973 2237 Dei
3002 2183 3363 2254 accipientes,
3395 2201 3524 2239 cum
3574 2186 3682 2239 Do-

173 2274 391 2344 accipit
418 2289 521 2345 per
573 2273 781 2327 coelum
829 2272 1023 2327 omnia
1055 2273 1371 2343 superiora,
1420 2278 1477 2328 et
1507 2289 1610 2343 per
1666 2277 1879 2328 terram
1990 2272 2147 2327 mino
2170 2272 2530 2343 judicabant,
2582 2272 2845 2326 sedentes
2894 2287 3066 2341 super
3123 2272 3423 2326 duodecim
3486 2273 3682 2339 sedes;

176 2363 383 2418 omnia
433 2361 723 2417 inferiora.
779 2359 971 2431 (Aec.)
1023 2362 1295 2425 Confessio
1347 2362 1464 2431 ejus
1504 2377 1668 2431 super
1690 2362 1880 2417 cazlum
1989 2366 2045 2416 et
2069 2366 2204 2416 tunc
2236 2377 2364 2415 vere
2398 2362 2497 2415 ﬁet
2525 2361 2767 2415 vindicta
2796 2365 2845 2413 et
2869 2361 3165 2429 increpatio
3195 2363 3251 2413 in
3272 2363 3512 2430 pepulis,
3550 2366 3683 2416 tunc

173 2458 229 2508 et
253 2458 476 2508 terram.
510 2452 677 2505 Illum
725 2449 921 2504 omnia
959 2450 1305 2504 conﬁtentur
1332 2450 1392 2503 in
1413 2466 1471 2504 se
1499 2451 1587 2504 vel
1617 2450 1678 2505 in
1717 2450 1876 2519 aliis;
1987 2465 2150 2521 reges
2178 2455 2348 2504 terrae
2380 2449 2715 2520 ligabuntur
2746 2465 2758 2501 :
2789 2448 2940 2502 unde
2972 2465 3075 2501 nos
3096 2448 3169 2501 sit
3216 2448 3463 2502 liberum
3505 2450 3677 2504 exire.

172 2540 549 2613 pulchritudo
603 2539 862 2593 omnium
912 2555 1018 2593 vox
1051 2543 1135 2592 est
1178 2538 1576 2592 conﬁtentium
1606 2538 1666 2592 in
1699 2544 1878 2592 atten-
1988 2540 2052 2593 Et
2082 2539 2299 2593 nobiles
2329 2540 2513 2592 ferent
2539 2538 2724 2592 ferrea
2756 2537 3001 2603 vincula,
3035 2542 3097 2590 ut
3125 2537 3319 2607 gravia
3348 2538 3417 2591 ad
3450 2543 3683 2607 portan-

177 2630 448 2685 dentibus
482 2645 571 2688 ea.
601 2628 661 2682 id
691 2632 792 2694 est,
854 2628 1210 2682 attendentes
1239 2628 1473 2682 laudent
1517 2643 1669 2694 eum,
1722 2632 1778 2681 et
1806 2627 1876 2682 de
1987 2627 2146 2693 dum,
2182 2632 2238 2681 et
2268 2644 2395 2698 quas
2420 2643 2535 2681 non
2558 2631 2798 2697 possunt
2828 2625 3019 2696 rumpi
3054 2642 3066 2679 :
3091 2630 3146 2679 et
3175 2625 3253 2679 sic
3273 2627 3370 2680 ﬁet
3395 2627 3677 2696 judicium

180 2718 427 2773 terrenis
450 2722 508 2772 et
558 2718 629 2771 de
684 2716 1025 2784 caelestibus,
1082 2732 1195 2787 quo
1221 2732 1335 2771 non
1361 2720 1447 2771 est
1499 2716 1716 2787 aliquid
1748 2732 1876 2770 me—
1982 2717 2391 2789 conscriptum,
2439 2716 2495 2771 id
2543 2720 2627 2769 est
2683 2716 2753 2769 ab
2810 2714 3029 2785 angelis
3080 2715 3542 2785 comprobatum.
3603 2717 3681 2769 De

181 2807 312 2861 lius.
1983 2823 2097 2877 quo
2149 2806 2497 2877 Apostolus:
2558 2806 2784 2861 Nescitis
2834 2806 2963 2872 quia
3003 2805 3217 2870 angelos
3264 2804 3681 2871 judicabimus?

254 2897 417 2950 Vsus.
453 2896 536 2948 14.
567 2922 637 2935 —
694 2894 980 2948 Emaltavit
1016 2908 1181 2947 cornu
1204 2894 1397 2963 populi
1440 2894 1549 2948 sui.
1585 2891 1710 2963 (Ιυ.)
1735 2893 1873 2947 Ecce
1981 2895 2026 2965 (ι
2069 2896 2187 2950 Cor.
2238 2894 2337 2964 Vl.)
2396 2895 2461 2947 Et
2520 2909 2591 2947 ne
2644 2898 2812 2962 putes
2870 2892 3018 2946 solos
3068 2892 3356 2962 apostolos
3420 2893 3679 2963 judicare

178 2983 336 3055 quod
366 2981 730 3054 prophetavit
759 2985 1001 3052 Aggaaus
1027 2985 1081 3035 et
1110 2981 1425 3035 Zacharias.
1466 2980 1627 3036 Modo
1660 2980 1877 3035 humile
1910 2974 1950 3029 C
1985 2982 2165 3047 addit,
2197 2984 2376 3051 gloria
2405 2983 2534 3047 haec,
2585 2981 2803 3035 scilicet
2827 2984 3079 3051 potestas
3102 2980 3325 3051 judicii,
3376 2986 3463 3036 est
3492 2980 3677 3036 omni-

180 3079 263 3127 est
291 3072 351 3126 in
400 3070 863 3125 tribulationibus
893 3085 1074 3124 cornu
1105 3068 1303 3141 populi
1334 3068 1443 3137 sui,
1472 3070 1570 3125 sed
1612 3085 1744 3124 cum
1781 3086 1876 3124 ve-

179 3161 335 3216 nerit
366 3159 666 3226 Dominus,
698 3158 1061 3213 exaltabitur.

737 3282 1051 3338 PSALMUS
1082 3282 1304 3338 CXLIX.

252 3409 411 3463 Vnus.
440 3412 489 3463 1.
533 3437 605 3447 -
651 3406 914 3463 Alleluia.
951 3408 1128 3475 (Cas)
1189 3410 1323 3463 Post
1344 3422 1545 3462 omnes
1575 3413 1865 3464 creaturas

180 3514 321 3569 quas
351 3498 412 3552 in
444 3496 789 3569 praecedenti
844 3498 1067 3569 psalmo
1124 3497 1351 3551 monuit
1406 3497 1638 3552 laudare
1672 3500 1872 3568 Deum,

182 3602 247 3640 eo
281 3586 435 3657 quod
466 3586 536 3640 ab
566 3586 691 3656 ipso
715 3589 917 3639 creatae
953 3588 1107 3651 sunt,
1144 3584 1235 3639 hic
1272 3585 1541 3656 proprius
1574 3591 1630 3639 et
1655 3588 1873 3656 specia-

178 3674 290 3729 lius
312 3674 483 3729 Israel
513 3675 715 3728 invitat
743 3673 813 3728 ad
869 3689 1084 3727 novum
1128 3674 1414 3728 canticum
1472 3690 1579 3745 pro
1625 3676 1874 3731 novitate

174 3762 284 3818 sibi
315 3763 479 3829 facta,
514 3779 643 3833 quae
703 3762 1019 3817 mirabilior
1047 3767 1131 3816 est
1160 3761 1259 3816 Dei
1288 3762 1546 3832 operatio
1577 3777 1590 3816 :
1624 3762 1742 3817 haec
1790 3769 1876 3819 est

174 3852 552 3908 sanctiﬁcatio
606 3854 798 3920 Israel,
849 3867 955 3922 per
1000 3866 1175 3923 quam
1233 3850 1302 3905 de
1334 3850 1511 3906 veteri
1557 3850 1737 3905 factus
1790 3857 1875 3907 est

175 3958 286 3997 nov
297 3958 379 3996 αδ.

247 4033 477 4087 Cantate
524 4031 766 4098 Domino,
827 4033 932 4084 etc.
957 4028 1136 4100 (Cas)
1188 4028 1380 4084 Primo
1435 4028 1633 4083 multis
1691 4030 1873 4084 modis

182 4124 386 4174 monet
410 4119 643 4174 laudare
673 4135 869 4190 regem
917 4118 1018 4189 qui
1048 4118 1129 4173 eis
1158 4118 1470 4173 benevolus
1512 4123 1567 4173 et
1614 4117 1874 4174 benﬁcus

175 4208 439 4263 Secunda
470 4208 589 4279 agit
610 4207 681 4262 de
711 4207 938 4279 gaudiis
970 4212 1317 4266 sanctorum.
1350 4207 1451 4275 ibi,
1480 4208 1867 4264 Exsultabunt.

178 4300 371 4366 (Anth)
404 4296 512 4360 Qui
569 4298 690 4351 vult
720 4302 949 4351 cantare
990 4298 1095 4351 hoc
1122 4294 1428 4362 canticum,
1462 4294 1661 4365 diligat
1707 4300 1871 4351 aster-

178 4403 277 4453 na,
305 4392 365 4440 ut
393 4387 492 4441 ﬁat
531 4403 731 4441 novus.
782 4388 953 4442 Vetus
992 4386 1149 4441 enim
1180 4386 1354 4440 homo
1393 4389 1555 4438 vetus
1590 4386 1875 4442 canticum

172 4478 371 4530 cantat
421 4476 490 4530 de
535 4476 794 4530 terrenis.
848 4477 1033 4531 Novus
1087 4476 1263 4530 homo
1319 4489 1535 4527 novum
1590 4478 1778 4529 cantat
1807 4476 1877 4531 de

172 4564 599 4635 spiritualibus;
634 4564 920 4620 canticum
944 4564 1157 4619 scilicet
1188 4562 1360 4634 pacis,
1402 4561 1719 4617 eanticcum
1750 4564 1877 4619 cha-

184 4658 374 4713 ritatis
403 4663 460 4713 et
482 4657 879 4728 jucunditatis.
931 4656 1201 4729 Quisquis
1228 4654 1384 4709 enim
1429 4654 1691 4727 sequitur
1720 4662 1874 4712 vete-

175 4764 302 4801 rem
335 4747 779 4814 animositatem,
833 4763 949 4802 non
978 4763 1187 4802 novam
1241 4749 1603 4815 charitatem,
1662 4763 1873 4801 novum

174 4835 467 4890 canticum
502 4851 615 4889 non
648 4840 857 4889 cantat.

250 4924 399 4979 Laus
436 4925 551 4992 ejus
580 4927 639 4978 in
690 4926 958 4980 Ecclesia.
993 4923 1172 4995 (Cas)
1223 4924 1321 4979 Hic
1356 4924 1456 4981 ubi
1492 4928 1549 4980 et
1580 4941 1612 4979 a
1664 4923 1875 4995 quibus

176 5013 399 5069 cantari
425 5013 594 5068 debat
613 5013 719 5067 hoc
757 5013 1043 5067 canticum
1070 5012 1437 5069 determinat.

250 5103 412 5157 Vens.
444 5105 499 5156 2.
548 5132 618 5143 —
671 5104 735 5158 In
770 5118 894 5171 rege
938 5118 1053 5158 suo.
1109 5104 1237 5170 (Io.)
1284 5103 1346 5157 Id
1379 5107 1480 5168 est,
1535 5101 1595 5156 in
1656 5102 1876 5157 Christo

180 5190 286 5263 qui
317 5195 404 5245 est
433 5207 531 5245 rex
563 5196 619 5246 et
650 5191 932 5245 sacerdos.
972 5190 1159 5259 (Auo.)
1202 5191 1271 5245 Ut
1312 5206 1406 5245 rex
1458 5190 1738 5261 pugnavit
1771 5207 1875 5261 pro

178 5279 347 5335 nobis
400 5279 470 5334 de
527 5295 711 5346 cruce,
744 5278 1038 5335 diabolum
1067 5278 1296 5334 vincens
1329 5296 1343 5334 :
1387 5283 1447 5332 ut
1501 5279 1783 5341 sacerdos,
1818 5294 1876 5332 se

178 5385 287 5441 pro
316 5368 481 5423 nobis
512 5369 742 5434 obtulit,
776 5368 922 5423 nihil
946 5368 1239 5423 inveniens
1269 5368 1329 5423 in
1360 5367 1686 5423 hominibus
1723 5368 1875 5439 quod

174 5473 287 5531 pro
308 5458 390 5511 eis
422 5456 667 5513 offerret.

258 5547 420 5601 Vens.
475 5549 525 5601 3.
583 5575 652 5588 —
692 5548 757 5603 In
794 5547 971 5602 choro.
1025 5545 1163 5617 (10.)
1194 5545 1337 5612 Quia
1368 5546 1524 5601 nulla
1572 5544 1871 5616 dispersio,

1984 3071 2092 3125 bus
2121 3072 2329 3125 sanctis
2376 3071 2519 3141 ejus,
2566 3070 2628 3125 id
2682 3075 2767 3125 est
2813 3069 3095 3142 perfectis,
3145 3069 3244 3141 qui
3296 3086 3401 3141 pro
3457 3070 3678 3125 Christo

1987 3159 2183 3213 omnia
2211 3163 2437 3213 terrena
2469 3157 2843 3229 reliquerunt.

2058 3250 2236 3315 (Αεα.)
2268 3248 2641 3303 Εωαιιαιίοηεε
2664 3250 2762 3302 Dei
2795 3249 2853 3301 in
2899 3251 3137 3314 gutture.
3180 3246 3271 3301 Sic
3291 3246 3445 3301 enim
3475 3245 3677 3301 laetan-

1984 3342 2077 3391 tur
2105 3336 2166 3391 in
2195 3335 2478 3390 cubilibus
2507 3340 2563 3389 et
2582 3334 2864 3405 faucibus,
2887 3335 2940 3389 id
2974 3339 3057 3388 est
3084 3334 3147 3388 in
3176 3334 3345 3389 corde
3374 3338 3430 3389 et
3460 3334 3675 3405 lingua,

1985 3430 2049 3480 ut
2076 3442 2196 3479 non
2227 3424 2334 3479 sibi
2364 3425 2620 3479 tribuant
2649 3424 2801 3494 quod
2830 3423 2966 3477 boni
2994 3428 3147 3489 sunt,
3174 3423 3272 3476 sed
3303 3425 3437 3490 Deo,
3487 3439 3521 3476 a
3564 3439 3679 3494 quo

1985 3519 2326 3586 acceperunt
2354 3513 2508 3586 quod
2546 3518 2701 3580 sunt,
2734 3518 2790 3568 et
2825 3517 3058 3585 sperant
3102 3512 3161 3567 id
3217 3512 3371 3583 quod
3420 3512 3680 3567 nondum

1984 3608 2135 3659 sunt.

2056 3694 2215 3747 Vnus.
2249 3695 2301 3746 8.
2331 3722 2401 3731 —
2430 3691 2524 3746 Ad
2560 3689 2888 3757 alligandos.
2948 3689 3042 3743 His
3099 3688 3339 3743 vinculis
3390 3688 3680 3743 mandato-

1984 3796 2111 3834 rum
2167 3785 2223 3835 et
2254 3784 2673 3850 praeceptorum
2725 3778 3135 3848 Dei,ligantur
3184 3776 3443 3846 gentium
3496 3792 3677 3845 reges,

1982 3868 2206 3922 nobiles
2232 3868 2446 3935 surculi,
2479 3866 2551 3921 ab
2581 3866 2827 3919 inﬁrmis
2858 3870 2914 3919 et
2954 3864 3479 3934 contemptibilibus
3509 3864 3680 3934 hujus

1983 3956 2207 4023 mundi,
2240 3972 2386 4027 quos
2416 3954 2589 4025 elegit
2619 3953 2894 4007 Dominus
2945 3958 3010 4006 ut
3049 3952 3219 4006 fortia
3267 3968 3512 4023 quaeque
3540 3968 3677 4005 con-

1982 4042 2285 4109 funderet;
2329 4041 2599 4113 ipsosque
2629 4038 2892 4110 implevit
2941 4038 3161 4110 Spiritu
3187 4042 3406 4108 sancto,
3441 4043 3498 4093 et
3523 4038 3680 4093 dedit

1983 4131 2063 4185 eis
2089 4131 2331 4186 frameas
2360 4130 2449 4185 bis
2490 4134 2703 4197 acutas,
2760 4132 2822 4183 ut
2870 4128 2942 4183 ad
2993 4127 3201 4184 Christi
3258 4127 3525 4182 timorem
3581 4143 3680 4182 no-

1984 4219 2189 4274 bilium
2260 4218 2433 4275 corda
2510 4222 2924 4284 converterent,
2984 4222 3053 4285 et,
3096 4215 3355 4271 saeculari
3380 4215 3677 4270 nobilitate

1984 4312 2330 4379 contempta,
2376 4310 2777 4379 paupertatem
2838 4306 3117 4378 eligerent
3144 4310 3202 4361 et
3228 4304 3588 4360 nobilitatem
3620 4302 3677 4356 in

1986 4397 2231 4454 Christo.
2262 4396 2453 4452 Voluit
2509 4396 2664 4451 enim
2702 4396 2971 4467 prodesse
3017 4392 3352 4467 imperatori
3397 4392 3466 4448 de
3495 4391 3677 4464 pisca-

1984 4492 2129 4552 tore,
2157 4501 2271 4540 non
2302 4485 2571 4557 piscatori
2595 4485 2665 4540 de
2694 4485 3061 4556 imperatore.

2055 4574 2236 4645 (Ana)
2295 4576 2404 4630 Per
2447 4576 2551 4630 hos
2584 4574 2727 4645 ligat
2782 4589 2947 4645 reges
2994 4582 3053 4627 et
3095 4572 3315 4631 nobiles
3343 4571 3407 4628 in
3435 4567 3678 4627 vinculis

1984 4663 2199 4733 ferreis,
2222 4679 2293 4719 ne
2323 4663 2807 4736 progrederentur
2834 4663 2904 4717 ad
2960 4661 3177 4716 illicita.

2614 4836 2735 4891 PSA
2747 4837 2832 4891 LM
2844 4835 2924 4891 US
2953 4834 3057 4889 CL.

2055 5015 2219 5069 Vnas.
2272 5017 2319 5069 1.
2381 5044 2449 5053 -
2504 5012 2750 5069 Laudate
2792 5012 3103 5066 Dominum.
3157 5011 3327 5081 (ΕΑΒ.)
3388 5012 3465 5064 De
3511 5010 3677 5064 laude

1984 5102 2084 5157 Dei
2114 5101 2175 5157 in
2218 5101 2428 5156 sanctis
2462 5101 2602 5172 ejus,
2663 5100 2763 5171 qui
2792 5098 3097 5170 gloriﬁcati
3125 5100 3245 5154 sine
3278 5100 3391 5153 ﬁne
3424 5099 3674 5153 laudant.

1985 5192 2243 5245 Monetur
2272 5190 2465 5244 civitas
2515 5189 2635 5257 Dei,
2668 5189 2883 5243 scilicet
2919 5188 3107 5242 unitas
3163 5190 3423 5242 omnium
3454 5191 3676 5240 sancto-

1984 5296 2135 5345 rum,
2169 5294 2267 5333 ore
2294 5283 2350 5332 et
2399 5277 2592 5331 animo
2645 5282 2893 5332 cantare.
2942 5279 3005 5331 lu
3056 5278 3162 5333 hoc
3193 5278 3421 5330 culmen
3490 5275 3678 5329 omnis

1986 5367 2305 5439 psalmodia
2336 5366 2687 5437 perducitur,
2718 5382 2847 5438 que
2905 5366 3150 5437 nuptiali
3206 5366 3506 5429 dulcedine
3551 5380 3680 5419 can-

1983 5462 2155 5513 tatur.

2056 5545 2303 5600 Laudate
2332 5560 2452 5599 eum
2489 5546 2549 5599 in
2589 5546 2953 5615 ﬁrmamento.
3016 5545 3200 5617 (Auo.)
3243 5544 3433 5600 Virtus
3477 5548 3561 5599 est
3620 5544 3677 5598 in
