4082 6184
353 275 488 330 1079

972 270 1371 326 WAIAFRIDI
1409 267 1656 325 STRABI
1693 269 1890 326 FULD.
1932 267 2097 324 NON.
2138 263 2299 321 OPP.
2333 263 2510 321 PARS
2546 265 2588 320 Ι.
2618 292 2686 305 -
2723 263 3179 320 THEOLOGICA.

3709 261 3841 316 1080

349 395 734 458 ﬁrmamento,
765 396 896 458 etc,,
935 407 1104 462 usque
1131 392 1208 447 ad
1235 391 1335 462 qui
1362 390 1606 445 invicem
1636 406 1694 445 se
1745 389 2040 444 honorau-
2067 391 2114 444 Α
2153 386 2346 441 omnia
2371 387 2441 442 de
2489 385 2820 441 hominibus
2874 385 3179 456 acciperes,
3229 386 3297 440 ad
3340 385 3592 440 hominis
3640 402 3705 440 os
3751 401 3848 440 νε-

348 487 456 550 tes,
489 481 626 536 dant
657 481 880 535 laudem
915 481 1045 534 Deo.

427 571 607 642 (ὼε.)
667 570 882 634 Quibus
955 568 1234 640 propheta
1304 569 1366 622 in
1440 567 1723 639 principio
1801 566 2048 620 formam

356 659 799 714 conversationis
851 658 1120 725 ostendit,
1145 657 1268 728 jam
1341 651 1400 711 in
1441 657 1538 711 illa
1589 657 1902 710 Jerusalem
1958 670 2044 707 re-

357 748 556 818 ceptis,
591 745 802 801 dicitiu
830 746 910 799 eis
944 747 1289 800 laudandum
1322 762 1444 800 esse
1479 747 1676 812 Deum,
1721 745 1822 815 qui
1853 742 2050 796 omnia

357 836 528 891 dedit.
560 837 623 889 1n
649 838 1004 904 ﬁrmamento,
1049 835 1185 905 quia
1235 841 1420 889 morte
1451 851 1552 888 sua
1574 834 1861 888 diabolum
1894 831 2045 896 vicit,

357 929 415 980 et
434 924 726 978 credentes
765 923 836 977 ad
877 923 1085 977 caelum
1144 922 1434 994 perduxit.
1492 923 1552 975 lu
1606 919 1912 974 virtutibus
1963 917 2050 971 vel

354 1011 764 1086 potentatibus,
790 1011 926 1082 quia
951 1011 1147 1065 omnia
1176 1011 1429 1080 subjecta
1459 1010 1698 1079 pedibus
1749 1009 1898 1078 ejus.

429 1101 590 1154 Vaas.
633 1103 685 1152 2.
720 1130 788 1140 —
838 1099 1138 1156 Secundum
1184 1099 1585 1153 multitudinem
1649 1095 2050 1164 magnitudinis

357 1192 493 1259 ejus.
526 1189 823 1254 Quomodo
852 1189 976 1254 hoc,
1024 1204 1153 1242 cum
1207 1187 1618 1257 magnitudinis
1647 1187 1771 1256 ejus
1815 1199 1930 1238 non
1969 1187 2054 1236 est

359 1279 528 1334 linis?
555 1279 649 1332 sed
679 1277 1078 1348 spiritualibus
1111 1282 1168 1330 et
1199 1277 1405 1330 sanctis
1439 1275 1651 1330 dicitur
1680 1274 1898 1328 hoc..Et
1921 1288 2052 1326 cum

361 1383 476 1422 nou
509 1367 583 1421 sit
627 1366 758 1421 ﬁnis
785 1365 1219 1436 magnitudinis,
1269 1365 1580 1418 secundum
1614 1379 1739 1416 eam
1771 1363 2050 1416 laudatur.

363 1457 530 1521 Deus,
565 1471 695 1510 cum
718 1456 839 1508 sine
873 1455 985 1509 line
1007 1455 1291 1509 laudetur.
1319 1453 1618 1518 Quomodo
1641 1457 1829 1506 autem
1855 1451 2052 1504 debeat

361 1545 599 1612 laudari,
636 1560 738 1615 per
785 1543 1188 1598 similitudines
1245 1544 1514 1614 mysticas
1564 1557 1744 1612 usque
1779 1541 1846 1594 ad
1879 1540 2053 1593 linem

362 1633 563 1704 psalmi
593 1632 766 1686 dicit:
807 1633 958 1687 Tuba
983 1635 1282 1700 concrepet
1334 1631 1478 1697 regi,
1527 1631 1845 1698 psalterium
1893 1632 2057 1681 canat

367 1724 479 1776 Deo
505 1739 517 1775 :
561 1723 779 1776 cithara
807 1737 937 1775 cum
968 1721 1202 1792 reliquis
1233 1735 1463 1790 sponso.
1499 1719 1656 1772 Tuba
1711 1718 1864 1772 enim
1893 1717 2055 1770 terri-

364 1810 512 1877 bilis,
546 1811 631 1863 vel
654 1810 714 1864 iu
736 1810 886 1870 bello
935 1809 1202 1874 sumitur,
1237 1809 1343 1872 vel,
1378 1807 1438 1861 in
1465 1806 1805 1861 adventibus
1856 1821 2058 1876 regum

363 1903 702 1970 apparatur;
734 1897 1067 1968 psalterium
1109 1914 1138 1950 a
1171 1913 1420 1962 summo,
1451 1897 1670 1950 cithara
1691 1895 1761 1948 ab
1805 1895 1922 1948 imo
1973 1910 2058 1946 so-

366 1992 466 2042 nat
493 2003 507 2042 :
534 1987 656 2041 hanc
685 1987 900 2049 omnia,
951 1985 1215 2040 humanis
1270 1985 1488 2039 actibus
1544 1988 1871 2054 comparata
1913 1983 2060 2053 ﬁgu-

367 2075 561 2129 raliter
579 2075 655 2128 ibi
684 2074 954 2128 dicuntur
982 2073 1180 2128 laudes
1207 2073 1306 2127 Dei
1329 2088 1652 2144 personare.

436 2165 596 2218 Vens.
663 2163 716 2218 4.
776 2191 850 2204 -
896 2164 959 2218 In
1010 2162 1224 2216 chordis
1263 2167 1313 2216 et
1341 2177 1564 2229 organo.
1595 2159 1771 2230 (Cas)
1819 2159 2061 2216 Chordas

369 2251 534 2323 ponit
562 2267 665 2321 pro
696 2251 856 2305 omni
885 2251 1267 2305 instrumento
1285 2250 1522 2315 musico,
1545 2248 1699 2320 quod
1720 2247 2063 2302 chordarum

372 2340 635 2394 tensione
684 2345 892 2394 sonat:
943 2340 1222 2408 Organum
1280 2343 1366 2392 est
1414 2337 1578 2409 quasi
1633 2336 1810 2391 turris
1861 2335 2068 2390 ﬁstulis

373 2428 611 2485 diversis
640 2428 932 2494 fabricata,
973 2429 1113 2482 ﬂatu
1170 2427 1397 2482 follium
1454 2441 1690 2496 sonans;
1737 2429 1795 2480 et
1852 2430 1914 2478 ut
1945 2425 2067 2478 haec

1919 2600 2088 2608 .—.—__

2156 476 2241 528 nit
2267 491 2280 529 :
2305 480 2364 529 et
2395 491 2684 545 exponens
2710 473 2847 546 quid
2877 474 2949 528 sit
2980 474 3210 528 laudare
3243 477 3300 528 in
3332 473 3550 529 chordis
3575 478 3628 528 et
3646 488 3851 541 organo

2158 563 2369 617 subdit.

2229 659 2474 714 Laudate
2537 674 2656 713 eum
2689 661 2746 713 in
2803 659 3082 727 cymbalis,
3136 664 3240 713 etc.
3275 657 3537 727 Cymbala
3566 659 3715 714 bene
3768 674 3856 712 so-

2160 750 2355 802 nantia
2384 749 2535 802 labia
2565 758 2754 801 nostra
2787 754 2919 801 sunt
2960 763 3086 818 quas
3129 748 3289 802 cordi
3341 749 3618 802 concinna
3649 748 3710 800 in
3733 748 3854 800 lau-

2159 837 2327 892 dibus
2372 837 2472 892 Dei
2525 837 2671 891 bene
2723 841 2948 902 sonant,
3001 835 3062 890 in
3126 837 3335 908 quibus
3407 841 3492 890 est
3536 836 3856 890 similitudo

2159 925 2573 996 cymbalorum,
2633 931 2690 979 et
2734 925 3090 980 harmoniam
3120 925 3385 991 reddunt,
3443 931 3499 979 et
3551 925 3684 979 ideo
3717 925 3860 978 bene

2160 1015 2309 1068 inter
2341 1013 2557 1068 musica
2587 1015 2972 1068 instrumenta
3003 1019 3170 1070 sunt.
3205 1013 3378 1084 (Cas)
3412 1014 3684 1084 Cymbala
3715 1013 3862 1067 bene

2160 1103 2466 1157 tinuientia
2537 1109 2673 1157 sunt
2729 1119 2795 1157 ex
2863 1103 3153 1172 permistis
3221 1103 3466 1156 metallis
3504 1102 3862 1173 parvissima

2162 1191 2390 1263 phialae,
2423 1207 2553 1262 quas
2581 1196 2811 1246 acutum
2844 1207 3046 1245 sonum
3069 1191 3335 1245 reddunt.
3369 1190 3475 1245 Sed
3508 1191 3647 1262 quia
3667 1191 3866 1244 omnia

2163 1279 2538 1350 spiritualiter
2560 1279 2805 1350 intelligi
2833 1279 2976 1345 vult,
3006 1284 3140 1350 apto
3172 1278 3284 1333 line
3314 1279 3600 1333 concludit
3627 1293 3646 1331 :

2236 1386 2396 1440 Vens.
2422 1388 2474 1440 6.
2521 1415 2588 1425 —-
2619 1387 2801 1442 Omnis
2831 1388 3083 1456 spiritus,
3135 1385 3423 1456 angelicus
3466 1390 3523 1440 et
3553 1385 3867 1450 humanus,

2166 1475 2348 1529 laudet
2382 1477 2688 1529 Dominum.
2738 1475 2862 1530 Non
2903 1491 3034 1528 caro
3059 1479 3116 1528 et
3165 1475 3418 1545 sanguis,
3474 1489 3588 1526 non
3635 1471 3871 1527 habitus

2167 1564 2406 1617 saeculi:
2467 1564 2562 1617 sed
2596 1563 2748 1633 quod
2802 1569 2888 1618 est
2932 1563 2992 1616 in
3027 1567 3230 1616 natura
3284 1577 3478 1615 rerum
3536 1560 3871 1625 sublimius,

2167 1653 2322 1722 quod
2349 1652 2598 1706 cmlestia
2629 1652 2796 1722 sapit,
2823 1655 3039 1706 aiterna
3088 1650 3258 1722 capit.
3296 1650 3484 1704 Brevis
3529 1654 3585 1703 et
3615 1648 3873 1718 perfecta

2168 1741 2426 1802 scientia,
2453 1745 2513 1793 ut
2557 1741 2735 1794 Deum
2768 1739 3146 1810 spiritualiter
3170 1739 3366 1792 omnia
3406 1738 3662 1804 laudent,
3695 1737 3754 1789 in
3784 1736 3876 1789 bis

2166 1829 2340 1883 totius
2371 1829 2601 1882 musica:
2625 1828 2895 1898 perfectio
2925 1833 3028 1882 est.
3067 1829 3154 1882 Est
3187 1827 3342 1880 enim
3373 1828 3540 1880 ilatus
3594 1826 3652 1879 in
3707 1824 3871 1886 tuba,

2167 1919 2363 1990 pulsus
2385 1919 2444 1971 in
2461 1918 2678 1972 cithara
2704 1923 2761 1972 et
2785 1918 2845 1971 in
2871 1917 3165 1989 cymbalis,
3196 1931 3302 1969 vox
3330 1915 3388 1968 in
3428 1915 3623 1968 choro.
3653 1913 3878 1978 Quibus

2169 2007 2400 2061 musicis
2475 2007 2870 2060 instrumentis
2943 2005 3300 2075 signiﬁcatur
3366 2003 3680 2074 spiritualis
3741 2003 3875 2056 har-

2169 2095 2384 2159 monia,
2443 2111 2573 2166 qna:
2629 2111 2748 2149 non
2795 2093 3049 2159 auribus,
3103 2092 3199 2147 sed
3243 2108 3387 2163 pura
3427 2097 3620 2145 mente
3670 2091 3872 2144 adver-

2168 2183 2334 2237 titur.
2377 2235 2398 2248 ρ

2241 2279 2436 2348 (Αυο.)
2455 2279 2584 2334 Tria
2613 2284 2748 2334 sunt
2775 2295 3006 2350 genera,
3041 2283 3172 2342 etc.,
3198 2292 3367 2346 usque
3384 2275 3458 2330 ad
3480 2276 3609 2330 vita:
3631 2279 3870 2329 aeterne

2172 2385 2276 2423 vox
2303 2375 2388 2423 est
2415 2385 2430 2423 :
2465 2371 2652 2426 Omnis
2679 2371 2909 2439 spiritus
2938 2367 3120 2422 laudet
3156 2367 3468 2422 Dominum.

1477 2656 1809 2796 LIBER
1890 2715 2778 2794 PROVERBIORUM

1541 2877 1708 2942 Quem
1740 2876 1951 2930 Hebraei
1984 2877 2149 2930 MisLa
2181 2861 2380 2945 (ηὸξτθω)
2413 2875 2712 2944 appellant.

852 3110 911 3164 Β.
955 3108 1348 3165 HIERONYMI
1389 3107 1721 3164 EPISTOLA
1763 3107 1846 3162 ET
1885 3068 2254 3161 PROLOGUS
2295 3105 2566 3160 DUPLEX
2607 3105 2964 3208 DE\LIBRIS
2995 3104 3407 3160 SALOMONIS.

1314 3243 1505 3324 (Vide
1545 3244 1722 3308 inter
1759 3245 1910 3326 ejus
1947 3241 2186 3324 Opera,
2220 3247 2387 3304 tom.
2435 3241 2484 3319 Ι,
2530 3241 2613 3305 lll
2655 3247 2722 3305 et
2752 3241 2954 3323 Vlll.)

949 3515 1170 3570 CAPUT
1213 3515 1500 3570 PRIMUM.

455 3654 624 3709 Vens.
664 3659 712 3710 l.
753 3683 804 3694 —
862 3655 1136 3712 Purabolw
1167 3657 1486 3712 Salomonis.
1547 3657 1869 3711 Notandum
1921 3659 2072 3727 quod

383 3744 613 3814 vulgata
639 3743 813 3797 editio
841 3743 1158 3813 paraboles,
1193 3761 1320 3815 qua
1357 3746 1624 3799 llebraice
1655 3747 1804 3801 mislc
1849 3731 2072 3816 (ﬁtﬁt-2).

386 3833 576 3888 Grmce
631 3851 911 3906 παροιμιας
964 3837 1281 3904 par-crinitis,
1328 3833 1388 3888 id
1418 3839 1523 3902 est,
1567 3835 1868 3904 proverbia
1907 3835 2077 3902 dicit;

386 3921 479 3976 sed
505 3921 639 3975 satis
668 3921 954 3976 convenit.
981 3922 1118 3987 Qua:
1147 3922 1301 3976 enim
1328 3923 1616 3993 parabolae.
1645 3923 1802 3994 (quia
1856 3924 2075 3977 occulta

385 4015 537 4076 sunt)
561 4016 980 4080 nuncupantur,
1022 4010 1194 4064 etiam
1238 4011 1540 4080 proverbia
1572 4015 1703 4081 jure
1752 4016 2026 4066 vocantur
2060 4029 2071 4064 :

385 4098 519 4169 quia
545 4097 682 4152 talia
709 4103 866 4166 sunt,
916 4114 1042 4168 quae
1073 4115 1221 4169 stupe
1242 4098 1300 4152 in
1332 4115 1430 4152 ore
1461 4100 1909 4169 colloquentium
1953 4115 2078 4153 ver-

387 4186 501 4241 sari
527 4202 591 4240 ac
645 4186 922 4240 memoria
982 4186 1191 4240 debent
1237 4186 1492 4241 retineri.
1547 4189 1725 4242 Etiam
1779 4188 2081 4256 proverbia

385 4275 728 4345 plerumque
752 4280 869 4328 tam
909 4274 1147 4328 obscura
1185 4279 1318 4328 sunt
1367 4280 1428 4329 ut
1457 4277 1743 4346 parabolas
1789 4278 1933 4330 bene
1993 4277 2080 4330 di-

388 4369 624 4430 cantur;
655 4361 848 4416 unde:
906 4365 1028 4417 Ilzc
1075 4365 1134 4416 in
1164 4364 1464 4432 proverbiis
1507 4365 1711 4418 locutus
1759 4378 1878 4418 sum
1931 4365 2082 4419 vobis

391 4451 577 4506 (Joan.
641 4453 734 4516 vi),
768 4455 874 4504 etc.
934 4449 1370 4504 Proverbiorum
1431 4451 1592 4516 liber,
1623 4468 1740 4506 non
1784 4457 1845 4506 ut
1868 4452 2081 4522 simpli-

390 4556 484 4595 res
514 4540 886 4605 arbitrantur,
927 4540 1178 4608 patentia
1208 4540 1379 4593 habet
1421 4545 1705 4611 praecepta
1764 4541 1858 4596 sed
1921 4542 2084 4612 quasi

393 4629 450 4680 in
481 4631 636 4680 terra
658 4642 886 4688 aurum,
936 4628 996 4680 in
1026 4642 1171 4680 nuce
1215 4628 1473 4692 nucleus,
1522 4627 1583 4681 iu
1639 4627 1873 4682 hirsutis
1903 4636 2083 4683 casta-

394 4731 633 4769 nearum
681 4715 964 4784 operculis
1014 4715 1378 4768 absconditus
1443 4716 1660 4770 fructus
1723 4716 2080 4785 inquiritur:

393 4803 472 4857 ita
497 4803 557 4857 in
599 4801 679 4856 eis
709 4802 933 4856 divinus
993 4819 1190 4856 sensus
1219 4803 1390 4856 altius
1421 4808 1503 4856 est
1543 4803 1937 4873 inquirendos.
1974 4807 2085 4860 Pa—
2116 4803 2156 4857 ι)

392 4892 606 4946 rabula:
653 4891 974 4946 Salomonis
1025 4891 1336 4946 secundum
1388 4891 1720 4946 Hebraicam
1793 4894 2085 4948 veritatem

393 4982 678 5036 translatas
707 4980 777 5034 ab
819 4972 1079 5046 Eusebio,
1121 4981 1466 5051 Hieronymo
1494 4984 1828 5050 presbytero
1859 4986 2087 5052 petente

394 5069 720 5125 Chromatio
753 5073 808 5124 et
841 5068 1141 5123 Heliodoro
1173 5067 1494 5139 episcopis;
1545 5066 1814 5141 παράϐολη
1877 5068 2085 5134 Grece,

392 5157 588 5213 Latine
615 5156 1218 5228 similitudines;quod
1271 5155 1610 5211 vocabulum
1643 5156 1769 5210 ideo
1815 5157 2087 5211 Salomon

388 5245 524 5299 huic
552 5245 713 5316 operi
745 5245 1039 5316 imposuit,
1073 5250 1137 5299 ut
1180 5244 1474 5314 nonjuxta
1505 5243 1756 5298 litteram
1798 5243 2084 5316 intelliga-

389 5349 517 5387 mus
546 5350 674 5405 quaa
713 5333 850 5388 dicit
903 5350 916 5388 :
949 5333 1008 5388 in
1062 5349 1178 5405 quo
1213 5333 1516 5387 Dominum
1550 5332 1871 5403 parabolice
1902 5333 2084 5387 turbis

387 5422 713 5476 locuturum
759 5421 1060 5491 signiﬁcat,
1104 5421 1252 5475 sicut
1279 5427 1337 5475 et
1365 5421 1598 5476 nomine
1631 5437 1733 5474 suo
1767 5437 1946 5490 regno
1982 5437 2080 5489 pa-

385 5509 568 5577 ciﬁco,
617 5525 864 5583 regnum
909 5510 1117 5567 Christi
1159 5514 1217 5566 et
1257 5510 1556 5578 Ecclesiae;
1588 5509 1658 5566 de
1701 5526 1815 5582 quo
1894 5511 2083 5566 Multi-

2103 3519 2143 3571 (ἶ
2179 3515 2478 3584 plicabitur
2514 3517 2628 3584 ejus
2682 3517 2994 3583 imperium,
3026 3519 3075 3568 et
3103 3517 3260 3580 regni
3288 3515 3404 3582 ejus
3460 3529 3568 3566 non
3597 3513 3702 3566 erit
3733 3515 3890 3578 ﬁnis.

2187 3605 2364 3672 Super
2392 3605 2583 3657 solium
2644 3603 2846 3668 David,
2901 3608 2951 3656 et
3005 3618 3170 3672 super
3220 3618 3444 3670 regnum
3502 3604 3616 3670 ejus
3681 3601 3897 3654 sedebit

2186 3692 2336 3754 (Luc.
2392 3692 2450 3756 ι).
2503 3690 2660 3745 Sicut
2697 3692 2897 3760 templi
2941 3691 3362 3744 constructione
3411 3695 3467 3742 et
3497 3689 3894 3753 dedicatione,

2187 3780 2623 3833 aediﬁcationem
2685 3780 2942 3832 Ecclesiae
2995 3779 3052 3831 in
3115 3787 3373 3847 tempore
3426 3777 3896 3842 resurrectionis,

2187 3870 2318 3938 Ipse
2373 3868 2543 3922 etiam
2592 3867 2843 3922 Cbrisius
2922 3867 3072 3921 ﬁlius
3131 3866 3328 3930 David,
3396 3881 3491 3918 rex
3574 3864 3902 3932 spiritualis

2188 3957 2385 4025 Israel,
2438 3957 2750 4010 secundum
2808 3956 3198 4010 testimonium
3228 3955 3432 4020 turba»,
3463 3970 3593 4023 qua:
3637 3953 3902 4007 occurrit

2189 4044 2242 4100 ei
2267 4061 2396 4099 cum
2421 4046 2594 4100 ramis
2655 4045 2977 4116 palmarum
3035 4052 3092 4098 et
3149 4043 3413 4098 laudibus
3464 4043 3684 4112 (Matth.
3745 4043 3889 4108 xxi).

2189 4133 2332 4199 Quid
2363 4140 2556 4188 autem
2584 4133 2840 4188 utilitatis
2895 4133 3160 4196 habeant;
3192 4133 3250 4185 in
3303 4131 3468 4184 titulo
3508 4137 3896 4197 monstratur,

2188 4239 2318 4276 cum
2350 4222 2555 4276 dicitur
2588 4239 2601 4276 :
2636 4223 2725 4276 Ad
2751 4222 3024 4276 scientiam
3057 4223 3385 4290 sapientiam
3414 4226 3464 4274 ei
3502 4220 3900 4288 disciplinam;

2191 4311 2248 4365 id
2306 4317 2404 4373 est,
2457 4311 2743 4382 quomodo
2801 4316 2952 4364 recte
2986 4309 3217 4364 credere
3265 4315 3322 4363 et
3367 4309 3553 4362 vivere
3601 4315 3898 4379 oporteat,

2194 4415 2480 4470 quemque
2511 4416 2626 4470 quo
2659 4399 3036 4453 intentionem
3073 4397 3258 4452 cordis
3285 4396 3556 4467 dirigere.

2267 4505 2426 4557 VERS.
2481 4506 2529 4556 2.
2591 4533 2650 4543 —
2700 4503 2791 4558 Ad
2841 4503 3197 4572 intelligenda
3251 4502 3413 4555 verba
3456 4500 3790 4570 prudentiae.
3837 4503 3897 4556 Id

2195 4597 2297 4659 est,
2350 4609 2464 4645 non
2491 4593 2680 4646 solum
2712 4592 3071 4662 sapientiam,
3125 4606 3298 4662 quam
3321 4594 3725 4660 perceperunt,
3773 4606 3900 4642 am-

2196 4681 2534 4749 plectantur,
2574 4687 2629 4733 et
2672 4680 3010 4749 disciplinas,
3076 4678 3350 4732 virtutum
3408 4677 3743 4745 inserviant,
3799 4678 3902 4732 sed

2195 4769 2365 4822 etiam
2392 4769 2563 4822 verba
2594 4769 2934 4838 prudentiae,
2965 4767 3175 4840 quibus
3215 4767 3541 4838 proﬁciant,
3572 4768 3902 4821 auscultent

2197 4863 2253 4911 et
2274 4857 2512 4911 solerter
2539 4858 2881 4928 intelligant.

2268 4963 2426 5016 Vens.
2483 4964 2534 5016 5.
2563 4993 2631 5002 —
2659 4963 2902 5017 Audiens
2931 4964 3168 5032 sapiens,
3220 4962 3541 5031 sapientior.
3593 4960 3842 5016 Pulchre
3869 4977 3900 5014 ε.

2197 5051 2474 5120 sapientia
2529 5049 2749 5120 incipit,
2784 5049 2921 5122 quia
2962 5050 3193 5120 optione
3232 5049 3338 5103 sibi
3372 5049 3505 5104 data
3553 5047 3899 5119 sapientiam

2197 5138 2360 5209 petiit
2388 5142 2446 5192 et
2475 5137 2708 5206 accepit.

2263 5244 2509 5300 Audiens
2564 5245 2803 5312 sapiens,
2891 5245 3208 5313 sapientior.
3263 5242 3525 5299 Ostendit
3598 5243 3898 5297 neminem

2195 5338 2312 5387 tam
2343 5333 2662 5402 sapientem
2706 5332 2768 5386 in
2789 5333 2895 5387 hac
2921 5332 3058 5398 vita,
3079 5332 3181 5403 qui
3222 5347 3337 5386 non
3368 5332 3548 5403 possit
3577 5332 3900 5401 sapientior

2195 5438 2316 5476 esse
2353 5421 2526 5475 etiam
2558 5421 2726 5476 dictis
2756 5421 3068 5476 minorum.
3131 5421 3364 5482 Audivit
3396 5421 3592 5490 regina
3623 5421 3772 5476 Saba
3800 5420 3898 5474 Sa-

2190 5510 2483 5566 lomouem
2514 5510 2705 5566 minor
2732 5510 3034 5582 majorem,
3079 5514 3138 5566 et
3161 5508 3474 5581 sapientior
3496 5508 3688 5564 rediit.
3717 5508 3896 5564 Audi-
