4020 6184
206 295 340 348 1081

1336 274 1606 346 GLOSSA
1644 276 2053 347 Damnum.
2093 323 2162 333 —
2203 294 2333 350 LIB.
2376 295 2576 351 ruov.

3578 298 3707 351 1082

196 417 277 471 vit
308 418 525 488 Moyses
553 431 815 471 socerum
867 418 1047 471 multo
1101 414 1453 481 inferiorem,
1500 418 1561 469 et
1590 412 1906 485 sapientior
1944 418 2005 493 Ap
2088 417 2274 489 (ΗΑΒ.)
2306 419 2596 490 Sapientia
2626 418 2841 490 quippe
2874 420 2973 473 Dei
3005 418 3264 474 Christus
3312 422 3420 485 est,
3454 423 3583 488 etc.,
3619 435 3709 475 us.

197 506 389 560 factus
421 511 526 560 est.

267 596 343 649 Et
376 595 701 661 intelligens.
735 594 879 656 (Ras.
914 595 974 647 in
1003 595 1184 658 Prov.,
1218 598 1358 647 tom.
1391 591 1477 662 V.)
1526 592 1703 646 Nemo
1735 591 1909 662 jactet

196 698 256 735 se
290 682 366 735 de
408 698 511 736 sua
573 682 826 744 scientia,
878 688 1013 751 etc.,
1058 697 1225 750 usque
1260 681 1334 735 ad
1385 681 1452 735 ad
1506 682 1794 735 sciendam
1828 696 1911 733 sa-

195 771 481 841 pientiam
515 777 570 825 et
598 772 982 841 disciplinam,
1026 776 1134 824 etc.

272 860 439 913 Vens.
465 864 514 913 7.
548 890 608 900 -—
649 863 835 914 Timor
886 859 1128 913 Domini.
1183 860 1304 925 (ln.)
1366 859 1485 911 Duo
1516 863 1649 912 sunt
1677 857 1911 910 timores

203 947 465 1010 Domini,
497 952 628 1013 etc.,
682 962 852 1016 usque
907 947 982 1000 ad
1015 948 1260 1018 Uterque
1309 947 1369 1001 in
1429 948 1620 1001 futuro
1671 948 1913 1002 cessabit

201 1037 460 1090 charitas
483 1052 780 1106 nunquam
804 1035 1041 1089 excidet.

278 1126 457 1177 Vnus.
497 1127 549 1179 8.
582 1153 652 1164 -—
695 1126 868 1190 Ausi,
915 1124 998 1191 ﬁli
1049 1124 1145 1188 mi,
1194 1123 1571 1191 disciplinam.
1620 1124 1743 1193 (ἰυ.)
1770 1125 1913 1178 Hac—

202 1219 381 1268 tenus
438 1213 890 1282 proverbialiter,
949 1217 1079 1280 etc.,
1112 1227 1280 1280 usque
1334 1212 1409 1265 ad
1452 1213 1603 1283 apud
1642 1213 1914 1267 Hebraeos

202 1301 370 1356 enim
400 1301 654 1371 spiritus,
690 1302 789 1373 qui
818 1300 1061 1372 gratiam
1095 1306 1349 1370 praestat,
1398 1317 1608 1372 genere
1635 1301 1913 1356 feminino

206 1390 429 1443 dicitur
440 1432 452 1444 .

268 1480 437 1533 Vens.
492 1481 544 1533 9.
588 1508 655 1518 —
698 1478 958 1533 Addetur
1005 1480 1208 1547 gratia.
1272 1478 1366 1533 llis
1413 1478 1515 1549 qui
1574 1479 1760 1548 legem
1813 1480 1916 1531 Do-

206 1568 361 1622 mini
389 1567 707 1634 serVabant,
739 1573 870 1634 etc.,
917 1583 1083 1637 usque
1112 1567 1186 1622 ad
1229 1582 1331 1638 pro
1363 1568 1549 1638 gratia
1578 1574 1745 1622 rectae
1778 1583 1913 1637 ope-

206 1654 475 1709 rationis.

275 1746 355 1798 Et
385 1750 598 1812 torques
640 1745 771 1798 collo
818 1749 926 1810 tuo,
980 1749 1083 1798 etc.
1153 1745 1360 1814 Fulgor
1408 1743 1674 1814 perfectae
1716 1758 1914 1812 opera-

204 1832 405 1899 tionis,
436 1849 563 1903 que
587 1833 1049 1903 praedicationem
1079 1837 1230 1904 (quae
1249 1850 1351 1903 per
1375 1834 1584 1886 collum
1605 1831 1910 1902 procedit,)

206 1920 516 1974 conﬁrmet
546 1921 895 1975 indeticienti
936 1922 1213 1975 virtutum
1257 1921 1627 1974 connexione.

276 2010 435 2064 Vens.
491 2012 574 2063 lO.
624 2038 698 2051 —
751 2011 863 2064 Fili
913 2012 1008 2063 mi.
1074 2010 1294 2064 Atfectu
1370 2011 1549 2080 patris
1603 2008 1915 2079 alloquitur

210 2096 422 2162 ﬁlium,
457 2096 773 2158 blandiens,
807 2113 878 2150 ne
902 2097 1223 2167 acquiescat
1254 2098 1664 2168 peccatoribus.

285 2186 451 2240 Veas.
492 2188 576 2239 ll.
624 2215 693 2224 —
722 2185 1062 2239 lnsidiemur.
1096 2186 1285 2256 (ΗΑΒ.)
1319 2188 1412 2240 Vel
1465 2186 1811 2257 generaliter
1845 2185 1915 2239 de

215 2273 555 2338 latronibus,
580 2272 680 2344 qui
708 2273 1113 2327 innocentibus
1153 2276 1386 2329 insidias
1417 2281 1639 2345 parant.
1670 2276 1761 2328 Vel
1794 2290 1918 2345 spe-

213 2361 439 2416 cialiter
472 2363 540 2415 de
570 2362 684 2415 illis
722 2363 822 2432 qui
854 2362 981 2416 vitae
1035 2369 1326 2417 auctorem
1386 2364 1506 2417 neci
1535 2363 1914 2417 tradiderunt.

213 2450 464 2519 (Si-asa.)
518 2450 661 2505 Cum
709 2451 1057 2519 generaliter
1106 2450 1176 2504 ad
1236 2466 1434 2503 omnes
1482 2450 1581 2520 qui
1639 2449 1917 2517 sanguine

217 2536 573 2591 insidiantur
594 2538 698 2591 hoc
729 2538 1036 2607 pertineat,
1056 2545 1187 2606 etc.,
1215 2553 1386 2607 usque
1416 2540 1491 2591 ad
1529 2544 1587 2592 et
1633 2553 1693 2591 se
1729 2539 1919 2607 potius

219 2627 622 2696 prmsumendo
662 2626 971 2697 perimunt.

291 2717 561 2770 Insontem
586 2718 823 2781 frustra.
883 2715 989 2779 Qui
1020 2722 1316 2786 peccatum
1376 2731 1487 2769 non
1534 2716 1683 2782 fecit,
1720 2731 1823 2769 nec
1844 2715 1922 2768 in-

221 2808 426 2857 ventus
447 2809 532 2858 est
561 2803 723 2858 dolus
753 2804 810 2857 in
841 2820 940 2857 ore
964 2804 1108 2874 ejus.

296 2893 461 2947 Vens.
501 2895 583 2946 12.
640 2922 708 2933 —-
743 2893 1120 2959 Deglutiamus
1158 2908 1296 2957 eum,
1343 2896 1485 2948 sicut
1530 2895 1778 2959 infernus
1836 2894 1917 2946 vi-

219 2986 446 3036 ventem.
510 2981 945 3051 Exstinguamus
1001 2982 1340 3035 memoriam
1401 2982 1675 3035 virtutum
1732 2987 1788 3035 et
1817 2983 1918 3035 do-
1953 2991 1992 3043 υ

222 3071 419 3123 ctrinae
465 3070 639 3136 illius,
702 3077 763 3123 ut
815 3070 986 3125 etiam
1044 3070 1196 3124 inter
1235 3086 1341 3123 nos
1386 3070 1589 3123 vixisse
1646 3086 1761 3123 non
1794 3085 1914 3123 me—

226 3174 505 3223 moretur.

297 3257 459 3311 Veas.
498 3258 595 3310 13.Δ
635 3285 704 3297 -
762 3257 981 3312 Omnem
1033 3259 1328 3327 pretiosam
1372 3256 1733 3311 substantiam
1761 3272 1921 3326 repe-

225 3347 444 3399 riemus.
502 3344 790 3407 Homines,
847 3345 1083 3412 scilicet,
1136 3346 1285 3415 quod
1319 3345 1540 3400 Christo
1564 3346 1921 3399 adhaerentes

227 3434 513 3497 videbant,
559 3450 701 3504 quos
751 3434 1025 3502 putabant
1068 3434 1137 3487 ab
1186 3436 1313 3503 ejus
1359 3450 1553 3488 amore
1575 3439 1629 3486 et
1649 3434 1922 3487 comitatu

231 3539 521 3577 secernere
568 3522 613 3575 si
665 3538 798 3576 eum
844 3522 1188 3586 occiderent,
1239 3528 1296 3575 et
1354 3522 1552 3591 spoliis
1598 3523 1802 3576 talium
1830 3523 1924 3575 do-

228 3626 351 3664 mos
409 3628 539 3665 suas
588 3612 829 3682 replere,
909 3612 966 3665 id
1038 3617 1121 3665 est
1199 3627 1401 3664 eorum
1461 3610 1762 3666 animabus
1820 3628 1923 3665 sua

227 3701 637 3754 conventicula.

297 3789 456 3842 Vens.
523 3790 607 3843 14.
668 3819 737 3829 -
783 3789 992 3842 Sortem
1038 3793 1190 3843 mitte
1218 3789 1511 3842 nobiscum.
1571 3789 1646 3842 De
1686 3788 1925 3841 latroni-

223 3877 329 3930 bus
359 3878 707 3946 generaliter
737 3884 909 3947 patet,
951 3877 1086 3947 quia
1138 3878 1325 3942 sociis,
1361 3894 1506 3947 quos
1555 3877 1925 3947 conquirunt,

223 3965 435 4036 prada:
468 3965 790 4034 portionem
822 3968 1204 4035 promittunt;
1240 3966 1335 4019 sed
1359 3972 1415 4019 et
1445 3965 1649 4020 Christi
1670 3981 1928 4035 persecu-

225 4059 403 4120 tores,
430 4068 804 4123 quoscunque
841 4053 949 4107 sibi
998 4058 1285 4123 poterant,
1333 4053 1743 4123 adjungebant,
1784 4068 1927 4122 quos

224 4157 359 4195 eum
392 4141 552 4211 sequi
614 4141 898 4209 videbant,
939 4150 1099 4196 extra
1152 4158 1497 4212 synagogam
1535 4141 1836 4207 faciebant,
1871 4141 1926 4195 id

225 4236 332 4293 est,
364 4245 467 4283 sua
495 4230 902 4283 communione
926 4231 1247 4300 privabant.

284 4320 447 4372 Vens.
488 4321 570 4373 l6.
607 4349 676 4359 —
707 4320 799 4373 Ad
843 4321 1053 4373 malum
1104 4325 1349 4374 currunt.
1384 4320 1507 4374 Non
1557 4319 1738 4373 solum
1772 4318 1921 4389 quod

224 4408 452 4472 facturi,
486 4408 584 4461 sed
610 4408 762 4478 quod
805 4424 909 4478 pro
954 4407 1113 4462 factis
1158 4408 1399 4478 passuri.
1438 4409 1575 4462 Nam
1610 4412 1825 4477 quanto
1858 4406 1924 4459 ad

222 4497 446 4550 facinus
480 4497 840 4566 implendum
865 4502 1190 4567 properant,
1240 4502 1400 4551 tanto
1450 4496 1521 4550 ad
1553 4511 1778 4566 pinnam
1825 4511 1926 4565 pro

222 4582 478 4635 facinore
509 4584 865 4638 tolerandam
884 4584 1299 4654 propinquant.

296 4670 463 4725 Vens.
528 4675 610 4725 l7.
664 4701 734 4713 -—
786 4674 1031 4727 Frustra.
1083 4672 1267 4741 (ΗΑΒ)
1321 4673 1538 4727 Caetera
1596 4673 1664 4726 de
1699 4671 1931 4726 insidia-

226 4760 451 4814 toribus
481 4760 689 4814 Christi
720 4762 1064 4831 specialiter,
1088 4767 1218 4829 etc.,
1246 4776 1415 4830 usque
1454 4762 1527 4815 ad
1576 4760 1635 4814 in
1665 4759 1930 4831 pauperi-

225 4849 335 4903 bus
364 4849 521 4902 enim
555 4849 696 4903 nihil
722 4850 891 4903 habet
922 4866 1127 4903 causae.

300 4938 463 4992 Vens.
514 4940 602 4992 20.
634 4968 699 4979 —
755 4941 1059 5008 Sapientia.
1117 4940 1417 5009 Hucusque
1481 4939 1928 5008 persecutiones,

227 5042 373 5097 quas
426 5026 649 5080 Christo
726 5027 909 5081 Judaei
985 5027 1267 5093 intulere;
1323 5027 1456 5081 hinc
1499 5044 1589 5096 ea,
1668 5045 1795 5099 quae
1828 5044 1930 5097 per

225 5115 519 5184 apostolos
548 5114 1009 5185 persecutoribus
1061 5114 1274 5168 eisdem
1321 5120 1452 5185 post
1494 5114 1812 5185 passionem
1844 5115 1927 5167 lo-

227 5204 444 5275 quitur.
478 5205 783 5274 Sapientia,
814 5204 871 5258 id
921 5209 1007 5257 est
1057 5204 1333 5266 Christus.
1383 5204 1639 5275 loquitur
1667 5205 1830 5269 foris,
1869 5202 1927 5256 id

226 5292 399 5346 estin
459 5293 584 5347 luce
638 5294 854 5364 palam,
915 5297 978 5346 ut
1030 5292 1229 5347 relicta
1286 5292 1530 5346 infantia
1559 5291 1674 5346 sint
1704 5291 1928 5362 parvuli

228 5381 465 5435 malitia.

2017 521 2119 573 que
2139 507 2212 559 ad
2242 506 2507 578 cuiquam
2543 508 2813 560 dicereut.

2088 596 2257 647 Foris.
2294 594 2417 665 (ln.)
2458 600 2684 665 Aperte,
2730 599 2858 665 post
2912 595 3410 665 resurrectionem,
3453 601 3583 664 etc.,
3615 613 3704 652 us-

2019 698 2120 751 que
2143 684 2217 737 ad
2250 700 2261 737 :
2287 687 2344 737 in
2361 685 2543 752 platea
2565 700 2739 739 vocem
2759 685 2897 753 ejus.
3058 678 3061 681 ’

2090 774 2151 834 In
2201 774 2396 841 plateis
2435 773 2532 826 dat
2596 789 2772 827 vocem
2815 788 2987 836 suam,
3031 777 3131 826 etc.
3172 773 3306 837 Quae
3339 780 3468 827 ante
3502 790 3716 844 paucos

2020 862 2312 930 docuerat,
2345 863 2639 915 manifeste
2671 863 2995 933 replicabat,
3059 863 3211 916 unde
3246 878 3258 915 :
3320 863 3445 929 Quae
3476 864 3595 917 dico
3626 880 3716 918 vo-

2022 951 2101 1005 bis
2128 953 2186 1004 in
2217 951 2465 1017 tenebris,
2497 951 2631 1005 dicit
2656 954 2713 1005 in
2743 953 2935 1007 lucem.

2094 1041 2266 1093 Vens.
2300 1043 2388 1094 2t.
2422 1071 2491 1080 —
2521 1042 2582 1094 In
2620 1043 2796 1109 capite
2849 1044 3132 1094 turbarum
3159 1042 3423 1106 clamitat,
3450 1043 3554 1094 etc.
3589 1039 3714 1110 (ῐο.)

2023 1128 2163 1193 Quia
2193 1128 2363 1183 etiam
2394 1129 2763 1200 principibus,
2798 1128 2898 1199 qui
2930 1129 2981 1182 ei
3025 1128 3409 1199 praevaluisse,
3445 1134 3507 1181 ut
3534 1128 3714 1182 cruci-

2022 1217 2313 1286 figeretur,
2356 1218 2717 1281 videbantur,
2762 1224 2984 1271 reatum
3016 1217 3337 1278 homicidii,
3386 1217 3541 1288 quod
3594 1232 3716 1286 per-

2024 1311 2333 1376 petrarent,
2389 1309 2577 1378 palam
2630 1307 2939 1361 reducebat
2967 1306 3037 1361 ad
3092 1306 3449 1373 memoriam,
3506 1320 3716 1377 eosque

2024 1394 2092 1447 ad
2119 1395 2468 1465 paenitentia!
2485 1396 2798 1449 remedium
2830 1395 3081 1449 vocabat.

2092 1486 2154 1539 In
2208 1485 2420 1549 foribus
2498 1490 2783 1553 portarum
2857 1485 3026 1538 urbis.
3088 1483 3209 1553 (10.)
3288 1484 3428 1537 Urbs
3462 1482 3711 1544 Domini,

2026 1573 2266 1625 Ecclesia
2312 1589 2377 1626 ex
2426 1579 2669 1643 utroque
2720 1575 2930 1644 populo
2983 1573 3254 1638 adunata,
3288 1578 3417 1638 etc.,
3450 1587 3618 1642 usque
3642 1572 3715 1625 ad

2024 1662 2267 1732 gratiam
2333 1678 2497 1715 suam
2556 1661 2989 1726 revocabat;ita
3030 1668 3109 1725 ut,
3172 1662 3317 1714 sicut
3364 1662 3537 1715 Lucas
3588 1660 3711 1715 ait:

2024 1752 2196 1805 Multa
2229 1753 2387 1805 turba
2411 1752 2747 1806 sacerdotum
2785 1751 3019 1805 obediret
3054 1751 3183 1820 ﬁdei
3207 1753 3356 1811 (Act.
3390 1757 3494 1804 vn.

2099 1842 2259 1894 Vens.
2320 1844 2408 1893 22.
2462 1871 2527 1880 —
2583 1843 2882 1909 Usquequo.
2928 1842 3072 1895 Jam.
3121 1839 3411 1893 Christum
3459 1838 3517 1892 in
3548 1854 3716 1892 carne

2024 1928 2240 1981 vidistis
2275 1927 2546 1981 miracula
2568 1929 2892 1993 facientem,
2943 1944 3117 1999 quem
3175 1926 3468 1996 sprevistis
3504 1925 3715 1979 :modo

2026 2017 2112 2069 vel
2152 2017 2549 2070 resuscitatum
2583 2034 2615 2070 a
2670 2024 2852 2071 morte
2910 2017 3148 2087 diligite,
3182 2021 3237 2070 et
3283 2015 3533 2070 dimittet
3563 2014 3719 2085 quod

2024 2105 2317 2175 peccastis.

2096 2194 2338 2247 Parvuli.
2387 2192 2572 2263 (ΗΑΒ.)
2634 2193 2857 2247 Parvuli
2932 2193 3202 2246 dicuntur
3279 2207 3450 2245 sensu
3506 2189 3722 2244 tardio-

2026 2299 2134 2348 res,
2166 2288 2297 2348 etc.,
2336 2298 2504 2351 usque
2535 2281 2608 2335 ad
2648 2298 2777 2352 quae
2825 2280 2976 2334 filius
3017 2282 3134 2353 ipse
3177 2280 3409 2334 veniens
3455 2277 3723 2349 perfectis
3770 2348 3773 2351 _

2027 2387 2194 2424 sensu
2224 2371 2518 2425 contulit?

2121 2461 2283 2514 Vens.
2346 2462 2429 2514 23.
2518 2489 2587 2500 —
2642 2460 3046 2515 Convrrtimini.
3121 2456 3410 2526 Sapientia
3461 2456 3722 2510 hortatur

2027 2549 2280 2603 converti
2310 2550 2378 2602 ad
2416 2549 2613 2613 Deum,
2647 2554 2703 2601 et
2729 2548 2944 2618 profert
2967 2546 3252 2618 spiritum.

2100 2638 2191 2692 Ad
2221 2640 2609 2692 correctionem.
2671 2638 2779 2691 Per
2831 2636 3115 2706 apostolos
3178 2634 3402 2689 Judaeos
3461 2631 3717 2702 corripit,

2031 2731 2086 2780 et
2112 2728 2201 2780 vel
2265 2731 2392 2797 post
2448 2727 2836 2780 ascensionem
2894 2730 2951 2779 et
3000 2722 3474 2778 resurrectionem
3527 2726 3725 2775 monet

2030 2816 2298 2869 converﬁ.

2131 2905 2288 2957 Vens.
2352 2905 2440 2957 26.
2495 2932 2565 2944 -
2656 2906 2760 2969 Ego
2818 2917 3045 2970 quoque.
3133 2900 3256 2971 (Ιυ.)
3331 2898 3609 2954 Similiter
3664 2897 3721 2951 in

2033 2993 2271 3063 psalmo,
2321 2998 2450 3059 etc.,
2482 3007 2651 3061 usque
2679 2991 2753 3044 ad
2792 2991 2952 3062 quasi
2990 2989 3131 3045 nihil
3161 2992 3614 3044 contemnerent.

2103 3083 2263 3135 Vicus.
2320 3084 2407 3135 ‘27.
2486 3109 2547 3122 —
2618 3082 2747 3135 Cum
2798 3082 3024 3133 irruerit
3081 3080 3365 3148 repentina
3416 3077 3720 3131 calamitas.

2031 3170 2397 3227 Obsidionem
2425 3171 2736 3224 Jerusalem
2768 3168 3013 3222 subitam
3047 3173 3102 3222 et
3122 3166 3608 3237 expugnationem
3640 3171 3724 3217 to-

2032 3260 2145 3313 tius
2169 3259 2477 3329 provinciaa
2508 3275 2538 3311 a
2570 3257 2840 3311 Romanis
2866 3258 3069 3310 factam
3127 3256 3281 3310 dicit.
3343 3255 3419 3309 De
3451 3269 3584 3324 qua,
3623 3254 3721 3308 Vi-

2033 3348 2162 3403 dens
2192 3350 2462 3402 civitatem
2491 3349 2642 3415 ﬂevit
2669 3361 2830 3415 super
2854 3362 2969 3399 eam
3000 3347 3156 3412 (Luc.
3200 3344 3332 3413 xu).

2106 3438 2334 3507 Quando
2377 3440 2578 3490 venerit
2624 3451 2786 3505 super
2814 3451 2923 3490 ros.
2976 3436 3160 3506 (ΗΑΒ.)
3221 3435 3408 3487 Potest
3462 3432 3584 3486 haec
3612 3434 3728 3484 tota

2036 3526 2309 3579 correctio
2356 3524 2675 3596 sapientiae,
2737 3529 2869 3590 etc.,
2918 3539 3086 3593 usque
3138 3523 3212 3576 ad
3255 3520 3407 3593 quod
3445 3519 3602 3574 enim
3647 3534 3730 3573 se-

2036 3614 2251 3685 quitur.

2111 3703 2271 3756 Veas.
2311 3703 2399 3755 28.
2420 3731 2486 3739 -
2513 3702 2674 3754 Mane
2696 3702 3017 3766 consurgent
3067 3703 3118 3751 et
3172 3713 3279 3751 non
3327 3698 3599 3751 invenient
3628 3710 3728 3761 me,

2037 3795 2264 3860 tempus
2290 3788 2491 3857 judicii
2520 3788 2821 3858 significit,
2881 3803 2994 3855 quo
3026 3784 3120 3837 alii
3173 3785 3232 3838 in
3289 3785 3487 3850 vitam,
3540 3783 3638 3836 alii
3669 3782 3729 3835 in

2038 3877 2416 3949 approbrium
2441 3881 2742 3945 resurgent
2760 3875 3196 3943 sempiternum.

2110 3965 2462 4020 lnvocabunt.
2506 3963 2628 4017 Non
2653 3965 2923 4030 leguntur
2958 3960 3143 4014 Judaei
3175 3959 3234 4012 in
3284 3957 3581 4012 obsidione
3616 3958 3733 4011 Do—

2040 4056 2258 4108 minum
2314 4054 2599 4107 invocasse
2633 4067 2646 4104 :
2680 4050 2784 4104 etsi
2814 4049 2912 4119 qui
2964 4049 3389 4114 invocaverunt,
3426 4047 3562 4118 quia
3601 4063 3731 4099 vere

2041 4160 2150 4197 non
2181 4142 2591 4213 pcenituerunt,
2623 4139 2872 4193 exauditi
2908 4154 3022 4192 non
3054 4144 3206 4193 sunt.

2109 4233 2265 4285 Vens.
2324 4234 2410 4285 29.
2473 4230 2818 4282 —E:cosam
2878 4228 3199 4281 habuerunt.
3231 4228 3421 4281 Justus
3502 4230 3735 4279 econtra

2034 4322 2275 4387 lniquos,
2312 4319 2521 4389 inquit,
2562 4319 2684 4371 odio
2724 4316 2911 4383 habui,
2946 4324 2993 4371 et
3020 4318 3185 4383 legem
3214 4322 3363 4369 tuam
3395 4314 3585 4368 dilexi.

2112 4409 2270 4463 Vens.
2308 4411 2393 4462 31.
2427 4438 2492 4447 -
2519 4406 2798 4463 Comedent
2844 4408 3035 4472 igitur.
3072 4406 3193 4470 llo.)
3250 4404 3392 4467 Quia
3425 4403 3544 4456 vias
3575 4418 3732 4457 meas

2039 4496 2263 4567 ingredi
2291 4497 2619 4557 noluerunt,
2653 4503 2783 4560 etc.,
2814 4510 2982 4562 usque
3012 4494 3085 4547 ad
3118 4499 3168 4547 et
3199 4493 3324 4546 bene
3353 4493 3454 4546 tibi
3499 4494 3623 4545 erit.

2136 4586 2371 4652 Suisque
2447 4584 2686 4637 consiliis
2768 4582 3189 4637 saturabu-ntur.
3247 4598 3271 4622 ι
3304 4580 3522 4644 Quibus
3578 4579 3736 4633 dice-

2038 4675 2337 4738 baut,elc.,
2367 4690 2535 4741 usque
2564 4673 2637 4725 ad
2668 4678 2854 4741 potest
2884 4670 3084 4739 accipi.

2109 4764 2269 4815 Vens.
2303 4765 2389 4814 32.
2419 4790 2489 4801 —
2535 4762 2780 4814 Aversio.
2839 4758 3070 4811 Aversio
3124 4762 3180 4810 et
3229 4755 3579 4835 prosperitas
3609 4771 3738 4826 per-

2037 4851 2140 4915 dit,
2189 4866 2317 4903 cum
2350 4866 2381 4903 a
2429 4849 2635 4903 timore
2682 4846 2990 4901 conditoris
3048 4861 3277 4899 aversus
3358 4845 3604 4899 animus.
3634 4844 3739 4912 [ira

2039 4940 2291 5010 ejusdem
2318 4936 2625 4992 conditoris
2669 4937 2727 4990 in
2781 4935 2888 5001 his,
2953 4950 3080 5005 quae
3114 4939 3323 5004 peccat,
3380 4933 3523 4986 nihil
3565 4932 3735 4985 susti-

2040 5044 2175 5081 nere
2212 5028 2433 5081 videtur
2464 5025 2706 5080 adversi.
2760 5024 2867 5079 Sed
2919 5028 2983 5077 ut
3023 5025 3129 5077 Joh
3160 5022 3276 5076 ait:
3327 5025 3537 5093 Ducunt
3567 5023 3624 5075 in
3653 5021 3739 5075 bo—

2037 5120 2123 5171 nis
2154 5117 2267 5170 dies
2304 5130 2446 5181 suos,
2466 5120 2517 5169 et
2538 5117 2595 5167 in
2615 5118 2813 5182 puncto
2840 5112 2914 5165 ad
2943 5114 3220 5179 infernum
3279 5110 3625 5164 descendunt.

2110 5207 2483 5260 Pin-culorum.
2526 5203 2727 5267 Sensu,
2763 5202 2913 5255 unde
2944 5217 3140 5271 supra,
3182 5205 3310 5268 etc.,
3343 5215 3511 5269 usque
3536 5199 3611 5253 ad
3640 5198 3738 5253 sed

2037 5292 2174 5363 quia
2195 5296 2478 5356 avertunt,
2512 5308 2570 5344 se
2598 5290 2965 5345 interficiunt.

2112 5384 2280 5437 VEBS.
2314 5385 2399 5437 33.
2464 5411 2520 5420 —
2580 5381 2685 5446 Qui
2726 5386 2904 5436 autem
2943 5395 3024 5435 me
3076 5379 3337 5446 audierit,
3395 5379 3596 5447 absque
3626 5382 3735 5433 ter-

301 5551 328 5577 ·
357 5542 612 5607 Quorum
638 5559 820 5614 usque
858 5543 931 5599 ad
960 5544 1134 5599 linem
1166 5543 1299 5599 libri
1325 5543 1677 5615 principium
1706 5550 1765 5600 et
1792 5545 1967 5601 tinem
1998 5550 2220 5600 tantum
2254 5544 2476 5609 damus,
2510 5545 2630 5599 loca
2664 5545 2893 5600 Rabano
2924 5544 3194 5599 ascrihas.
