4082 6184
354 271 488 326 1083

1000 268 1393 324 WALAFRlDl
1433 267 1683 324 STRABI
1725 269 1922 326 FULD.
1963 267 2126 326 MON.
2163 265 2320 324 OPP.
2364 268 2539 326 PARS
2574 269 2618 324 l.
2659 297 2727 308 -
2766 267 3222 326 THEOLOGICA.

3717 274 3842 326 1084

333 408 456 448 rore
482 393 796 462 requiescet,
829 396 934 448 etc.
969 394 1161 448 Potest
1195 393 1256 448 in
1284 393 1406 449 haec
1435 392 1551 448 vita
1581 391 1852 463 intelligi,
1884 396 1942 448 et
1969 391 2030 447 in
2061 394 2106 446 Α
2218 393 2378 448 Vens.
2425 396 2514 448 21.
2571 422 2640 432 —
2685 392 2790 460 Qui
2825 393 2988 448 enim.
3040 392 3140 448 Hic
3185 392 3355 448 rectis
3396 392 3589 464 jungit
3618 394 3844 466 simpli-

335 481 548 549 futura,
582 485 713 550 etc.,
744 496 913 553 usque
935 482 1010 536 ad
1037 481 1473 537 resurrectionis
1522 482 1793 553 quiescet.

1081 625 1305 682 CAPUT
1336 628 1384 681 II
1399 669 1412 683 .

403 751 563 804 Vens.
602 753 648 804 l.
678 779 746 790 —
776 748 884 804 Fili
907 751 1003 804 mi.
1041 751 1162 805 Duo
1200 750 1292 804 hic
1317 755 1497 817 notat,
1530 751 1874 822 sapientiam
1904 770 2026 810 esse

333 839 402 893 de
431 838 770 905 caelestibus,
800 839 1171 908 prudentiam
1199 840 1269 894 de
1301 839 1686 895 saecularibus.

401 926 713 980 Abscondit
763 928 1036 982 mandata
1069 929 1169 982 Dei
1226 945 1403 999 penes
1459 945 1537 994 se,
1581 933 1712 996 etc.,
1764 946 1934 1000 usque
1961 933 2036 988 ad

337 1016 498 1084 quasi
530 1031 727 1068 semen
774 1031 934 1068 secus
983 1015 1134 1068 viam
1185 1016 1462 1085 jactatum
1515 1017 1775 1071 volucres
1808 1017 2030 1070 tollant.

400 1105 559 1157 Vens.
589 1107 642 1158 2.
669 1134 740 1144 —
768 1105 979 1158 Audiat
1004 1107 1352 1174 sapientiam.
1376 1105 1546 1160 Audit
1572 1122 1690 1160 non
1713 1122 1872 1170 aure,
1896 1109 2030 1172 etc.,

331 1207 501 1260 usque
529 1193 604 1247 ad
629 1192 737 1246 hoc
767 1198 852 1247 est
879 1193 1034 1254 enim
1061 1193 1212 1264 quod
1244 1193 1532 1264 sequitur:

399 1282 613 1335 Inclina
659 1297 765 1336 cor.
817 1282 1052 1347 Inclina,
1109 1282 1371 1349 humilia,
1416 1283 1651 1350 munda,
1685 1286 1818 1353 etc.,
1864 1297 2033 1352 usque

331 1368 406 1422 ad
438 1375 495 1424 et
523 1370 786 1424 revelasti
813 1387 878 1424 ea
904 1371 1238 1426 humilibus.

401 1461 463 1516 Si
486 1461 627 1515 enim
675 1462 1004 1528 sapientiam
1043 1461 1394 1515 invocaveris.
1453 1461 1740 1527 lnvocare,
1775 1465 1910 1526 etc.,
1947 1475 2034 1514 us-

332 1564 436 1618 que
460 1550 535 1602 ad
563 1565 666 1602 nec
695 1549 941 1602 liberum
972 1548 1138 1602 debet
1169 1549 1362 1602 abesse
1415 1549 1742 1603 arbitrium.

2147 497 2255 543 ces,
2326 486 2460 548 etc.,
2529 497 2698 551 usque
2761 482 2835 536 ad
2899 497 3030 553 quas
3103 497 3234 536 cum
3301 481 3523 536 Christo
3573 481 3636 536 in
3692 484 3846 538 caelis

2145 572 2368 638 regnat,
2395 568 2755 638 perveniunt.

2217 659 2378 713 Vens.
2403 661 2492 712 22.
2525 686 2594 698 -
2625 660 2806 728 lmpii.
2841 659 2920 712 De
2950 657 3063 712 illis
3097 657 3306 714 dicitur
3336 659 3678 729 specialiter,
3712 667 3841 725 etc.,

2142 762 2311 817 usque
2341 747 2416 800 ad
2443 747 2512 802 de
2562 747 2676 801 ﬁne
2720 748 3030 817 bonorum,
3089 750 3187 816 qui
3239 753 3418 803 autem
3445 763 3527 802 me
3577 747 3841 816 audierit,

2141 838 2343 907 absque
2373 842 2574 892 terrore
2601 839 2855 905 quiescet.

2816 978 3042 1034 CAPUT
3076 977 3171 1034 Ill.

2208 1106 2318 1161 Fili
2345 1106 2439 1171 mi,
2470 1121 2553 1160 ne.
2583 1105 2758 1159 Docet
2798 1103 3204 1158 misericordia:
3241 1104 3511 1174 operibus
3561 1103 3839 1158 insisten-

2140 1194 2300 1256 dum,
2332 1198 2464 1264 etc.,
2492 1208 2660 1262 usque
2712 1192 2787 1246 ad
2813 1197 2980 1246 ornat
3005 1192 3226 1247 actibus
3275 1192 3465 1262 bonis,
3516 1209 3697 1265 quem
3747 1193 3841 1248 in-

2139 1283 2328 1338 struit.

2212 1373 2379 1426 Vens.
2415 1373 2468 1426 2.
2503 1402 2570 1412 —
2598 1373 2812 1439 Pacem,
2844 1370 3020 1432 idest,
3048 1373 3256 1425 statum
3292 1371 3689 1438 beatitudinis,
3709 1374 3843 1440 etc.,

2139 1476 2308 1530 uSque
2328 1461 2403 1515 ad
2441 1459 2614 1532 longo
2645 1465 2904 1530 tempore
2930 1459 2991 1514 in
3014 1459 3168 1530 pacis
3201 1459 3392 1530 quiete
3437 1459 3673 1513 viveret.

2212 1549 2372 1603 Vens.
2431 1552 2482 1604 3.
2535 1577 2608 1590 —
2659 1549 3034 1604 Misericordia
3081 1552 3133 1602 et
3183 1551 3404 1602 veritas.
3452 1548 3539 1602 Ab
3595 1563 3698 1601 ore
3743 1550 3843 1600 tuo

401 1639 562 1692 Vens.
591 1639 644 1692 4.
679 1668 744 1678 -
775 1641 844 1692 Et
872 1640 1012 1692 sicut
1068 1639 1366 1693 thesauros.
1409 1637 1518 1702 Qui
1575 1637 1872 1692 thesauros
1898 1636 2028 1692 effo—
2063 1676 2102 1729 Β
2140 1653 2435 1709 nunquam
2461 1637 2609 1692 absit
2637 1636 2844 1691 veritas
2904 1637 3161 1702 dicenda,
3219 1652 3512 1706 nunquam
3570 1636 3638 1690 ab
3667 1651 3846 1706 opere

331 1725 434 1791 dit,
469 1731 600 1793 etc.,
630 1741 800 1796 usque
829 1727 902 1780 ad
929 1742 1032 1780 nec
1065 1726 1337 1797 quiescat,
1396 1726 1580 1781 donec
1608 1725 1880 1781 inveniat.

402 1814 565 1868 Vens.
741 1844 810 1853 —
864 1816 1008 1867 Tunc
1060 1815 1346 1880 intelliges.
1403 1815 1692 1868 Timorem
1747 1814 2026 1869 amicabi-

329 1902 466 1968 lem,
499 1907 630 1969 etc.,
663 1917 832 1971 usque
865 1903 938 1956 ad
968 1902 1065 1956 sed
1098 1903 1268 1956 etiam
1303 1903 1600 1958 scientiam
1647 1903 1835 1973 ipsius
1883 1902 2027 1958 divi-

332 1989 528 2044 nitatis
556 1990 708 2060 (qua:
738 1996 1013 2061 perpetuo
1041 1991 1273 2046 beatum
1318 1991 1472 2058 facit)
1502 1991 1776 2046 invenies.

404 2079 574 2132 Vens.
605 2082 654 2133 6.
690 2109 759 2119 —
799 2082 941 2147 Quia
985 2081 1251 2135 Dominus
1273 2081 1388 2135 dat.
1422 2081 1674 2151 Respicit
1723 2080 1816 2136 hic
1858 2079 2031 2135 versi-

333 2167 496 2220 culus
523 2167 595 2221 ab
651 2167 760 2222 hoc
787 2169 941 2238 quod
995 2185 1167 2239 supra
1225 2169 1489 2224 dixerat:
1551 2171 1614 2226 Si
1637 2172 1780 2224 enim
1805 2172 2028 2239 sapien-

338 2259 473 2312 tiam
488 2260 842 2326 invocaveris,
867 2263 972 2312 etc.

402 2345 534 2399 Ideo
551 2362 799 2418 namque
830 2345 1132 2418 sapientia,
1147 2350 1276 2416 etc.,
1310 2347 1566 2418 usquead
1595 2348 1695 2403 sed
1719 2364 1752 2402 a
1785 2348 2028 2402 Domino

335 2433 520 2488 datur.

413 2525 616 2578 Emore.
654 2526 884 2578 zEterna
923 2524 1027 2579 ﬁlii
1061 2524 1378 2588 nativitate,
1413 2525 1482 2580 de
1513 2540 1629 2595 qua
1685 2524 1824 2579 alibi
1859 2541 1873 2579 :
1916 2528 2031 2592 Ego

2142 1727 2404 1796 proximo
2458 1725 2855 1780 misericordia
2890 1724 3278 1796 impendenda
3310 1741 3322 1778 :
3356 1724 3436 1778 sic
3469 1725 3621 1779 enim
3647 1725 3736 1788 ﬁt,
3779 1727 3847 1778 ut

2137 1820 2193 1870 et
2235 1823 2290 1870 te
2338 1815 2440 1870 Dei
2492 1831 2720 1886 semper
2795 1823 3175 1886 prosequatur
3244 1813 3655 1880 misericordia,
3707 1828 3842 1884 que

2135 1904 2322 1958 deleat
2351 1909 2606 1975 peccata;
2639 1903 2850 1957 veritas
2881 1919 3039 1968 vero,
3073 1918 3201 1972 qua:
3227 1903 3510 1973 compleat
3529 1901 3838 1973 promissa.

2197 1993 2488 2050 Circumda
2532 2008 2622 2047 eas
2656 1994 2869 2061 gutturi
2935 1996 3044 2046 tuo.
3104 1993 3168 2045 ln
3244 1997 3475 2061 gutture
3551 2006 3840 2062 organum

2137 2083 2312 2149 vocis,
2337 2086 2468 2150 etc.,
2494 2095 2663 2150 usque
2691 2080 2765 2134 ad
2795 2095 2898 2134 nec
2925 2079 3047 2134 voci
3077 2079 3188 2133 vita
3217 2079 3586 2133 contradicat.

2204 2171 2362 2224 Vens.
2412 2170 2462 2223 4.
2511 2199 2580 2208 --
2643 2171 2714 2224 Et
2777 2171 3014 2223 invenies
3068 2171 3328 2236 gratiam.
3381 2169 3582 2222 Coram
3640 2167 3839 2222 Domi-

2141 2276 2237 2326 no,
2272 2265 2400 2326 etc.,
2457 2273 2626 2327 usque
2663 2257 2738 2313 ad
2792 2262 2850 2312 et
2894 2257 3174 2328 proximis
3224 2256 3551 2326 exemplum
3608 2255 3841 2310 vivendi

2138 2349 2408 2419 prabeat.

2223 2438 2383 2490 Vens.
2427 2438 2478 2489 5.
2512 2466 2579 2474 —
2611 2434 2760 2490 Habe
2801 2433 3069 2503 ﬁduciam
3100 2436 3157 2487 in
3205 2435 3447 2488 Domino.
3507 2433 3587 2486 Ne
3618 2437 3842 2486 metuas

2140 2526 2214 2580 ob
2305 2525 2753 2579 imbecillitatem
2830 2527 3014 2588 tuam,
3064 2527 3195 2587 etc.,
3253 2538 3422 2591 usque
3471 2521 3550 2575 ad
3595 2527 3652 2574 et
3679 2519 3836 2591 quod

335 2628 403 2665 ea:
428 2627 516 2666 ore
568 2613 851 2671 Altissimi
883 2613 1092 2682 prodii,
1122 2617 1495 2684 promogenita
1515 2617 1640 2668 ante
1662 2629 2032 2668 omnemcrea-
2132 2615 2324 2685 jussit,
2359 2619 2420 2667 ut
2450 2613 2690 2684 implere
2721 2613 2927 2676 valeas,
2963 2611 3219 2666 donabit.

337 2706 517 2755 turam
548 2701 703 2762 (Isai.
738 2704 908 2767 Lvul).
944 2702 1138 2769 Vel,os
1157 2701 1383 2756 Domini
1413 2701 1473 2756 in
1497 2702 1722 2768 sanctis,
1753 2703 1937 2757 unde:
1961 2703 2030 2758 Os

337 2793 554 2844 Domini
574 2791 808 2845 locutum
835 2795 931 2846 est.
969 2792 1032 2845 Et
1060 2807 1128 2845 ex
1171 2807 1268 2845 ore
1325 2791 1448 2861 ejus
1506 2791 1742 2846 scientia
1781 2792 2033 2846 nascitur

336 2883 392 2932 et
416 2879 736 2949 prudentia,
763 2879 900 2934 dum
931 2880 1201 2936 Dominus
1231 2897 1292 2934 os
1323 2880 1643 2935 humanum
1692 2880 2027 2946 sanctilicat,

337 2973 389 3022 et
423 2983 589 3022 suum
616 2968 771 3032 facit,
803 2974 864 3023 ut
892 2969 1134 3023 scienter
1161 2974 1219 3023 et
1259 2969 1574 3040 prudenter
1606 2969 1889 3040 loquatur.

410 3057 566 3112 Vens.
599 3061 654 3110 7.
687 3087 756 3097 —
783 3056 1074 3114 Custodiet.
1133 3057 1203 3111 Ut
1239 3057 1301 3111 in
1359 3073 1706 3128 quocunque
1755 3057 2032 3112 virtutum

337 3145 520 3215 gradu
549 3150 732 3199 rectos
754 3145 918 3216 juvet
946 3150 1004 3200 et
1034 3144 1339 3216 simplices.
1381 3145 1482 3201 Job
1509 3147 1742 3217 simplea:
1787 3151 1838 3200 et
1858 3151 2033 3202 rectus

338 3235 475 3300 (Job.
508 3234 542 3302 1)
566 3249 583 3303 ;
615 3235 868 3305 simplex,
898 3249 1001 3304 per
1024 3233 1415 3288 innocentiam
1473 3234 1950 3302 mansuetudinis,
1983 3241 2034 3290 et

336 3325 529 3382 rectus,
574 3336 677 3390 per
734 3321 1014 3374 cautelam
1061 3319 1453 3374 discretionis:
1486 3321 1739 3389 simplex,
1804 3322 2032 3376 nullum

340 3407 575 3474 laedens,
605 3408 725 3462 imo
771 3408 990 3462 cunctis
1043 3409 1368 3479 proﬁciens,
1420 3415 1616 3476 rectus,
1652 3425 1686 3462 a
1715 3411 1874 3463 nullo
1905 3427 2030 3464 cor-

339 3501 562 3566 ruptus.

411 3585 575 3638 Vens.
623 3585 706 3638 l2.
761 3613 830 3624 —-
869 3584 916 3640 A
964 3586 1060 3638 via
1099 3585 1264 3638 mala.
1307 3584 1391 3639 Ad
1451 3600 1624 3656 quam
1671 3589 1898 3653 vocant,
1932 3587 2032 3658 qui

341 3671 582 3728 dicunt:
622 3674 758 3729 Veni
784 3673 1078 3739 nobiscum,
1109 3673 1428 3728 insidiemur
1472 3676 1746 3741 sanguini,
1773 3690 2034 3744 perversa

341 3761 600 3830 loquitur,
634 3761 733 3833 qui
755 3766 840 3816 est
867 3766 1064 3817 auctor
1093 3763 1264 3833 hujus
1293 3762 1698 3833 persuasionis.

415 3850 573 3904 Vens.
645 3853 729 3905 13.
777 3880 850 3892 -
896 3851 1002 3918 Qui
1044 3853 1358 3921 relinquunt
1413 3853 1536 3906 iter.
1587 3851 1848 3920 Pulchre,
1897 3857 2028 3923 etc.,

339 3953 509 4008 usque
536 3939 612 3993 ad
635 3939 766 3994 ﬁnis
794 3940 916 4010 ejus
942 3939 1000 3994 in
1029 3939 1280 3994 tenebris
1310 3939 1708 3994 exterioribus.

414 4029 572 4082 Vens.
597 4029 678 4082 14.
711 4057 781 4070 —
810 4030 913 4095 Qui
951 4030 1222 4084 laetantur.
1255 4028 1399 4093 Quia
1422 4045 1526 4099 per
1555 4027 1670 4083 vias
1701 4029 2032 4085 tenebrosas

341 4115 656 4180 ambulant,
689 4121 818 4183 etc.,
850 4132 1018 4186 usque
1057 4117 1132 4171 ad
1158 4116 1502 4189 noxiamque
1529 4117 1789 4172 laetitiam
1819 4118 2032 4174 salubri

341 4203 476 4259 ﬁetu
499 4205 852 4275 castigarent.

413 4293 575 4347 Vens.
613 4297 696 4348 l6.
738 4323 798 4334 —
844 4296 911 4350 Ut
940 4297 1149 4350 eruaris
1177 4310 1213 4348 a
1268 4295 1508 4349 muliere.
1546 4294 1762 4349 Pendet
1783 4294 1876 4350 hic
1906 4311 2030 4350 ver-

341 4397 458 4448 sus,
499 4387 630 4449 etc.,
662 4397 830 4453 usque
857 4382 932 4438 ad
965 4387 1052 4437 :et
1081 4385 1191 4452 ipsi
1208 4387 1336 4437 sunt
1356 4383 1567 4451 Jacula.

401 4471 579 4527 Vens.
607 4475 690 4526 l7.
717 4500 786 4514 —
813 4475 885 4528 Et
925 4473 1187 4540 relinquit
1215 4472 1420 4526 ducem.
1461 4473 1625 4526 Patet
1656 4474 1712 4525 et
1741 4470 1810 4526 de
1843 4474 2036 4526 mente

341 4560 630 4628 haeretica,
664 4564 795 4628 etc.,
844 4576 1013 4630 usque
1049 4559 1125 4614 ad
1180 4576 1354 4632 quam
1407 4575 1466 4614 se
1507 4558 1600 4614 die
1640 4557 1914 4630 baptismi
1944 4573 2036 4614 ser

341 4654 602 4704 vaturam
632 4649 988 4720 promiserat.

416 4739 578 4794 Vens.
615 4741 792 4794 l8.—
821 4741 976 4794 Pacti
1031 4738 1136 4793 Dei
1170 4739 1280 4807 sui,
1331 4741 1439 4793 etc.
1498 4736 1662 4802 Quod
1719 4751 1851 4792 cum
1913 4734 2036 4789 viro

342 4843 446 4881 suo
474 4831 735 4898 tempore
762 4828 1099 4898 nuptiarum
1131 4826 1370 4899 pepigit,
1412 4825 1656 4880 Domino
1687 4829 1851 4890 teste,
1883 4823 2036 4895 quod

341 4915 536 4984 ﬁdem,
570 4916 784 4971 scilicet
830 4915 1102 4971 castitatis
1153 4915 1261 4970 sibi
1303 4913 1548 4969 invicem
1606 4918 1918 4982 servarent,
1948 4913 2038 4968 vel

338 5006 402 5062 in
431 5005 740 5076 baptismo.

403 5095 680 5151 Inclinata
715 5096 794 5149 est
821 5095 983 5149 enim.
1027 5091 1228 5149 Omnis
1280 5089 1630 5148 conversatio
1664 5089 1940 5145 adulterae
1967 5088 2041 5144 ad

343 5183 643 5239 interitum
664 5182 840 5247 ducit,
886 5187 1014 5246 etc.,
1043 5197 1212 5252 usque
1256 5181 1332 5236 ad
1360 5181 1420 5236 id
1485 5185 1589 5248 est,
1643 5179 1716 5234 ad
1770 5178 2038 5250 spiritum

341 5272 527 5327 tendit
544 5276 832 5328 tormenta
863 5271 1272 5343 malignorum.

419 5361 577 5414 Vens.
624 5364 706 5416 t9.
737 5391 807 5402 —
835 5360 929 5416 Ad
983 5377 1102 5416 eam
1123 5375 1234 5415 non
1266 5361 1618 5415 revertentur.
1660 5358 1887 5413 Mortem
1934 5355 2040 5410 sci-

347 5456 496 5523 licet,
528 5473 643 5510 non
666 5457 987 5525 mulierem,
1019 5463 1152 5525 etc.,
1181 5472 1350 5527 usque
1379 5456 1454 5511 ad
1477 5471 1595 5511 uon
1617 5453 1728 5510 sibi
1747 5453 2038 5520 attribuat,

347 5543 444 5600 sed
475 5545 676 5616 gratiae
711 5545 832 5600 Dei.

2210 2705 2392 2760 Nesis
2418 2704 2665 2771 sapiens.
2729 2701 2966 2756 Videtur
3015 2699 3167 2754 idem
3215 2699 3443 2766 dixisse,
3507 2705 3640 2766 etc.,
3670 2714 3842 2768 usque

2141 2793 2216 2847 ad
2245 2809 2373 2864 quae
2403 2791 2476 2845 sit
2501 2795 2692 2844 autem
2712 2805 2843 2843 vera
2873 2788 3121 2843 hominis
3139 2788 3423 2858 sapientia
3440 2788 3519 2842 sic
3552 2787 3836 2842 ostendit:

2204 2883 2368 2936 Vens.
2419 2885 2472 2935 7.
2515 2910 2582 2920 —
2644 2881 2791 2933 Time
2846 2881 3010 2933 Deum
3050 2882 3102 2932 et
3159 2877 3343 2932 recede
3389 2894 3424 2931 a
3463 2879 3625 2932 malo.
3659 2876 3843 2941 Quale

2066 2955 2106 3010 C
2145 2975 2231 3023 est
2251 2969 2394 3024 illud
2425 2968 2486 3022 in
2516 2968 2641 3037 Job,
2672 2971 2804 3037 etc.,
2834 2981 2964 3036 sque
3011 2965 3088 3020 ad
3124 2965 3301 3020 divini
3358 2964 3582 3020 timoris
3623 2979 3845 3019 memo-

2143 3057 2230 3111 ria
2249 3060 2489 3111 coercet.

2215 3147 2374 3200 Vens.
2408 3149 2549 3200 8.—
2592 3145 2814 3200 Sanitas
2858 3144 3062 3214 quippe
3113 3144 3236 3198 erit.
3277 3143 3341 3196 In
3389 3141 3610 3196 ossibus
3656 3141 3849 3196 solida

2143 3233 2418 3288 virtutum
2448 3250 2645 3305 opera,
2677 3237 2810 3300 etc.,
2860 3247 3030 3302 usque
3082 3232 3157 3286 ad
3183 3231 3338 3286 unde
3395 3230 3641 3301 amplius
3669 3230 3849 3284 robo-

2142 3328 2362 3391 rentur,
2388 3323 2686 3394 accipient.

2206 3411 2368 3467 Vens.
2431 3415 2482 3467 9.
2533 3442 2601 3451 —
2647 3413 2867 3467 Honora
2938 3411 3223 3465 Dominum
3251 3408 3316 3464 de
3359 3412 3454 3462 tua
3507 3407 3845 3463 substantia.

2143 3511 2215 3564 Ut
2243 3504 2455 3558 scilicet
2477 3500 2760 3566 homines,
2792 3499 2894 3571 qui
2927 3499 3051 3568 ejus
3081 3498 3272 3568 palma
3301 3501 3455 3563 sunt,
3486 3496 3587 3568 qui
3618 3496 3852 3576 ad‘ejus

2139 3595 2456 3667 imaginem
2485 3591 2613 3646 facti
2647 3593 2784 3643 sunt
2802 3592 3154 3642 recreentur.

2202 3679 2637 3748 Etdeprimitiis
2693 3678 2968 3731 ommium.
3003 3677 3126 3730 Non
3162 3675 3350 3729 solum
3401 3673 3471 3728 de
3518 3673 3852 3729 substantia

2139 3767 2420 3841 pecuniae,
2455 3771 2584 3833 etc.,
2611 3780 2779 3833 usque
2815 3763 2890 3818 ad
2919 3779 3038 3818 non
3071 3763 3201 3827 sibi,
3235 3763 3332 3817 sed
3364 3761 3416 3815 ei
3472 3760 3690 3815 tribuit.

2201 3859 2360 3911 Vens.
2424 3857 2508 3911 10.
2567 3883 2629 3895 -
2704 3853 3074 3922 implebantur
3135 3853 3328 3906 horrea
3369 3857 3466 3905 tua
3517 3852 3846 3904 saturitate.

2143 3947 2528 4002 Thesaurizate
2563 3941 2712 3997 vobis
2759 3942 3036 3996 thesauros
3082 3942 3141 3994 in
3196 3941 3338 3994 cazlo.
3387 3939 3445 3995 Si
3497 3939 3682 3992 sancti
3720 3939 3853 3994 the-

2139 4049 2336 4088 sauros
2367 4031 2580 4087 habent
2603 4030 2664 4084 in
2701 4030 2867 4096 coelo,
2899 4034 3029 4098 etc.,
3064 4043 3232 4098 usque
3273 4028 3350 4082 ad
3404 4027 3619 4082 caelesti
3647 4043 3849 4083 remu-

2140 4122 2458 4186 neratione,
2489 4119 2768 4174 redditur.

2235 4212 2554 4266 Torcularia
2615 4207 3019 4262 redundabant.
3096 4205 3240 4270 Quia
3303 4204 3527 4259 interna
3588 4204 3849 4259 suavitas

2141 4305 2485 4354 aeternorum
2543 4297 2716 4352 corda
2761 4301 3099 4351 cunctorum
3141 4293 3398 4349 ﬁdelium
3447 4293 3509 4347 in
3552 4293 3722 4347 laude
3754 4293 3850 4348 sui

2145 4387 2454 4442 conditoris
2486 4385 2756 4440 ascendit.
2791 4385 2885 4440 llic
2933 4383 3145 4439 etenim
3186 4383 3359 4438 dicit:
3397 4385 3463 4438 Ut
3491 4381 3698 4444 edatis,
3729 4388 3848 4437 etc.

2209 4477 2369 4530 Vens.
2421 4479 2504 4530 11.
2554 4505 2623 4514 -
2661 4474 3039 4544 Disciplinam.
3099 4473 3240 4528 Sunt
3290 4470 3391 4542 qui
3447 4471 3508 4524 in
3547 4471 3853 4541 prosperis

2146 4565 2400 4619 serviunt
2427 4563 2695 4630 Domino,
2752 4567 2884 4629 etc.,
2916 4577 3084 4632 usque
3110 4561 3184 4616 ad
3221 4561 3516 4631 pietatem,
3557 4574 3735 4631 quam
3788 4559 3852 4613 in

2145 4652 2561 4723 tranquillitate
2585 4651 2884 4706 videbatur
2910 4651 3142 4712 habere,
3175 4649 3419 4703 amittat.

2215 4743 2376 4797 Vens.
2459 4743 2542 4796 l2.
2589 4742 2842 4808 —Quem
2882 4742 3023 4794 enim
3044 4739 3229 4807 diligit
3265 4739 3528 4794 Dominus
3592 4739 3848 4806 corripit.

2143 4831 2321 4885 Tanto
2341 4845 2478 4901 ergo
2511 4828 2723 4890 minus,
2747 4833 2880 4896 etc.,
2911 4843 3080 4898 usque
3111 4826 3201 4892 ;ad
3251 4826 3406 4881 unde
3435 4824 3558 4896 ipse
3584 4823 3700 4878 ait:
3732 4826 3853 4891 Ego

2147 4933 2280 4989 quos
2304 4934 2444 4986 amo,
2475 4933 2646 4988 arguo
2683 4922 2732 4973 et
2752 4919 2972 4985 castigo.

2227 5009 2390 5061 Vens.
2426 5009 2512 5061 13.
2544 5035 2615 5048 -
2664 5006 2870 5060 Beatus
2940 5007 3115 5070 homo,
3165 5007 3273 5058 etc.
3323 5001 3466 5066 Quia
3493 5000 3717 5072 positos
3741 4997 3851 5054 sub

2151 5095 2468 5167 disciplina,
2510 5099 2640 5162 etc.,
2703 5109 2874 5163 usque
2913 5093 2989 5149 ad
3034 5096 3092 5147 et
3132 5091 3196 5146 in
3234 5091 3430 5146 futuro
3473 5090 3598 5161 ejus
3626 5089 3853 5143 visione

2149 5184 2388 5256 perfrui.

2211 5277 2282 5329 Et
2305 5276 2403 5342 qui
2427 5274 2614 5342 afﬂuit
2659 5271 2977 5342 prudentia.
3038 5269 3213 5340 Bene,
3252 5284 3383 5324 cum
3423 5267 3656 5330 diceret,
3715 5271 3850 5330 etc.,

2151 5379 2319 5434 usque
2343 5362 2418 5416 ad
2443 5362 2618 5416 corda
2656 5377 2760 5415 sua
2805 5360 2876 5414 ad
2933 5358 3362 5432 percipiendam
3418 5357 3544 5428 ejus
3573 5356 3851 5426 amplitu-

2149 5453 2344 5509 dinem
2373 5452 2580 5506 laxare.

2227 5541 2390 5596 Vens.
2423 5541 2504 5596 14.
2534 5540 2815 5596 —Mclior
2841 5543 2937 5594 est.
2973 5538 3098 5594 Non
3141 5538 3362 5592 metuat
3397 5534 3468 5590 de
3495 5532 3852 5589 correctione
