4020 6184
230 280 377 335 1085

1370 270 1630 337 GLOSSA
1669 280 2074 339 ORDINARIA.
2113 312 2187 324 —
2228 283 2353 337 LIB.
2398 282 2601 338 PROV.

3602 288 3619 339 1
3631 287 3736 340 086

221 400 466 473 inopiae,
497 401 760 474 quisquis
797 418 935 473 opes
961 402 1261 475 acquisivit
1288 402 1605 474 sapientiai,
1666 405 1932 461 omnibus
1960 408 2012 460 A-
2043 406 2259 461 illusor.
2300 406 2498 461 Omnis
2536 406 2746 471 illusor,
2779 404 2999 475 inquit;
3043 404 3178 476 quia
3231 403 3435 459 illusor
3479 409 3580 473 est,
3640 405 3741 477 qui

221 490 389 545 enim
421 491 703 545 thesauris
736 508 946 545 munus
976 492 1200 547 cceleste
1231 493 1519 563 praecellit.

296 581 476 634 Primi
506 586 553 634 et
582 582 885 649 purissimi.
917 580 1063 653 Quia
1081 581 1241 634 radix
1271 580 1566 651 sapientia:
1616 581 1787 637 timor
1820 585 1930 638 Do-

223 668 396 732 mini,
420 668 481 722 hi
513 673 647 722 sunt
693 668 865 739 primi
900 684 964 722 ac
990 668 1284 739 purissimi
1314 669 1553 737 fructus,
1607 675 1739 740 etc.,
1764 688 1933 742 usque

222 756 303 809 ad
334 774 369 809 a
401 758 643 811 Domino
676 757 985 829 perfectius
1019 757 1397 827 promittitur.

302 846 467 899 Vens.
530 849 613 900 16.
652 877 721 885 -
749 846 1055 914 Longitudo
1107 847 1317 900 dierum
1372 849 1431 900 in
1460 847 1685 901 dextera
1740 849 1852 918 ejus
1883 854 1934 903 et

221 934 281 986 in
306 937 558 1002 sinistra.
596 935 823 989 Visione
864 952 980 988 sua:
1012 935 1346 1001 divinitatis,
1396 941 1526 1002 etc.,
1554 951 1722 1005 usque
1746 937 1820 991 ad
1876 942 1934 992 et

220 1022 286 1076 in
319 1024 518 1077 futuro
548 1023 723 1078 vitam
747 1030 1047 1079 mternam.

295 1113 459 1166 Vens.
500 1118 589 1168 17.
629 1143 696 1153 -—
728 1114 842 1168 Viae
862 1114 994 1181 ejus.
1030 1111 1289 1167 Actiones
1322 1118 1378 1166 et
1430 1113 1728 1178 doctrinae,
1786 1119 1929 1183 etc.,

219 1216 401 1270 usque
422 1201 495 1255 ad
517 1202 669 1272 pacis
699 1207 756 1256 et
786 1201 1108 1255 dilectionis
1138 1202 1402 1271 exempla
1432 1203 1747 1272 pertinent.
1787 1185 1795 1193 ”

299 1291 473 1344 Vens.
512 1294 596 1345 18.
627 1320 697 1330 -
741 1292 971 1357 Lignum
996 1293 1142 1344 vitae.
1172 1289 1329 1343 Sicut
1359 1290 1418 1343 in
1451 1291 1641 1345 medio
1682 1291 1931 1361 paradisi

218 1378 456 1449 lignum
485 1378 634 1445 vitae,
664 1385 793 1445 etc.,
844 1395 1013 1447 usque
1046 1379 1121 1433 ad
1183 1380 1456 1449 praesenti
1514 1380 1933 1435 beatiﬁcabitur

221 1474 484 1537 aspectu.

299 1558 480 1611 Vens.
514 1560 597 1611 19.
631 1588 695 1596 —
728 1560 983 1611 Dominus
1013 1560 1306 1627 sapientia.
1340 1557 1565 1629 Typice,
1616 1574 1719 1628 per
1746 1558 1930 1612 tilium

221 1645 537 1699 Ecclesiam
607 1645 744 1700 ﬁdei
801 1646 1083 1701 soliditate
1160 1648 1382 1712 locavit,
1441 1648 1717 1703 stabilivit
1778 1650 1930 1703 cwlos

214 1734 541 1803 prudentia,
601 1750 729 1788 cum
786 1749 890 1805 per
919 1751 1053 1789 eum
1107 1736 1445 1790 sublimium
1478 1736 1926 1806 praedicatorum

228 1824 407 1877 corda
438 1822 759 1877 illustravit.

302 1913 464 1965 Vens.
512 1914 599 1966 20.
654 1940 723 1952 -ο
770 1910 1056 1980 Sapientia
1107 1914 1256 1967 illius
1282 1918 1575 1982 eruperunt
1622 1914 1827 1981 abyssi.
1866 1914 1931 1968 In

223 2000 432 2054 diebus
492 2002 627 2066 Noe,
679 2005 807 2067 etc.,
860 2016 1029 2069 usque
1085 2002 1160 2055 ad
1217 2018 1463 2073 quaeque
1510 2002 1831 2056 minoribus
1871 2002 1929 2055 iu

222 2091 559 2159 exemplum
591 2094 927 2153 monstrent,
959 2090 1309 2146 examinant.

301 2180 463 2232 Vens.
522 2181 616 2234 2|.
681 2209 752 2219 —
802 2181 910 2234 Fili
963 2182 1057 2246 mi,
1090 2196 1154 2235 ne
1202 2182 1449 2249 efﬂuant.
1494 2182 1573 2236 Ne
1631 2180 1932 2251 disciplina

226 2266 537 2337 temporali
561 2267 849 2337 fatigatus,
868 2268 1186 2339 sapientiae,
1212 2285 1342 2339 quae.
1369 2275 1527 2323 tanta
1558 2274 1661 2337 est,
1687 2270 1930 2341 gratiam

222 2356 458 2427 perdas,
483 2372 766 2425 praecave.

304 2446 463 2499 Vens.
487 2448 582 2501 22.
620 2476 688 2486 -ο
726 2449 797 2501 Et
825 2448 930 2501 erit
956 2449 1073 2501 vita
1100 2448 1296 2502 animae
1326 2451 1451 2503 tuae.
1515 2447 1694 2501 Habet
1739 2448 1930 2502 anima

224 2538 327 2588 tua
382 2536 555 2588 vitam
608 2550 739 2589 cum
790 2536 921 2598 Deo,
983 2535 1030 2589 si
1080 2537 1204 2605 ejus
1257 2536 1483 2590 decreta
1552 2536 1927 2591 custodieris:

225 2622 491 2693 quamvis
522 2639 652 2677 caro
688 2623 989 2694 disciplina
1018 2625 1386 2679 correctionis
1434 2629 1533 2679 aut
1562 2624 1736 2680 etiam
1783 2642 1933 2680 mor-

226 2712 305 2765 tis
338 2716 651 2782 prematur.

303 2804 372 2855 Et
405 2804 590 2868 gratia
638 2802 892 2867 faucibus
925 2803 1051 2856 tuis.
1088 2801 1266 2856 Habet
1303 2818 1439 2872 ergo
1496 2818 1695 2856 sensus
1752 2802 1932 2856 animi

230 2888 423 2942 fauces
449 2905 597 2955 sues,
623 2894 753 2953 etc.,
785 2906 952 2958 usque
984 2890 1058 2943 ad
1090 2907 1102 2944 :
1133 2890 1316 2945 beatus
1338 2893 1426 2943 vir
1455 2894 1553 2961 qui
1570 2896 1755 2960 sperat
1776 2894 1928 2946 ineo.

1964 1697 2002 1750 Β

2041 496 2128 548 vel
2158 496 2328 550 verba
2374 494 2492 562 Dei,
2555 510 2683 565 quae
2730 494 2906 561 novit,
2963 494 3203 565 implere
3260 493 3596 560 contemnit,
3651 495 3738 548 vel

2042 584 2240 639 eadem
2267 599 2532 653 perverse
2562 582 2939 652 intelligendo
2965 598 3028 637 ac
3084 582 3343 637 docendo
3395 581 3732 653 corrumpit.

2039 672 2246 726 lllusor
2294 677 2378 726 est
2413 677 2471 727 et
2520 671 2639 739 ille,
2694 670 2795 741 qui
2832 669 3113 740 promissa
3165 670 3307 740 ejus,
3343 669 3507 740 quasi
3538 686 3731 740 prava,

2045 761 2302 831 despicit,
2375 777 2438 814 ac
2482 760 2626 814 iram
2688 758 3075 825 districtionis,
3131 758 3297 831 quasi
3345 758 3737 825 tolerabilem;

2041 850 2276 920 spernit.
2333 850 2559 904 Necnon
2609 853 2665 903 et
2706 848 2801 902 ille
2858 848 2959 919 qui
3008 847 3404 918 proximorum
3460 847 3730 916 simplici-

2041 938 2146 992 tati
2196 939 2495 1009 improbus
2540 938 2792 991 insultat.
2848 938 3095 1008 Ideoque
3131 951 3363 990 omnem
3402 935 3735 1006 hujusmodi

2041 1028 2336 1082 illusorem
2382 1028 2588 1081 merito
2636 1025 2827 1080 divina
2857 1025 3221 1080 abominetur
3268 1023 3521 1094 justitia.
3585 1025 3737 1078 Bene

2043 1122 2237 1171 autem
2273 1115 2540 1170 subditur
2574 1132 2586 1169 :

2111 1208 2182 1260 Et
2236 1221 2356 1259 cum
2432 1205 2769 1274 simplicibus
2819 1202 3192 1258 sermocinatio
3234 1202 3372 1271 ejus,
3442 1200 3579 1273 quia
3641 1217 3737 1254 su-

2041 1294 2225 1363 perbi,
2286 1294 2423 1348 dum
2486 1292 2843 1362 simplicibus
2892 1292 3161 1358 illudunt,
3217 1290 3618 1361 prudentiores
3678 1306 3737 1344 se

2042 1381 2175 1447 illis,
2210 1398 2354 1453 quos
2384 1382 2643 1445 irrident,
2668 1380 2945 1449 judicent.
2980 1380 3087 1435 Sed
3150 1380 3357 1433 horum
3408 1378 3736 1449 prudentia,

2041 1475 2105 1524 ut.
2131 1471 2373 1524 Jacobus
2404 1470 2518 1524 ait:
2571 1474 2783 1523 terrena
2829 1474 2925 1535 est,
2959 1471 3238 1536 animalis,
3284 1468 3557 1522 diabolica
3612 1467 3736 1537 (Ja-

2043 1559 2149 1612 cob.
2190 1557 2296 1627 in).
2357 1557 2766 1613 Sermocinatio
2808 1563 2999 1611 autem
3050 1557 3289 1610 Domine
3348 1572 3477 1610 cum
3522 1556 3738 1627 simpli-

2042 1647 2200 1702 cibus
2244 1652 2348 1713 est,
2434 1647 2570 1719 quia
2625 1647 2754 1700 illos
2806 1646 3103 1717 sapientiai
3178 1645 3407 1699 secretis
3464 1644 3735 1712 illustrat,

2042 1751 2184 1805 quos
2211 1735 2425 1791 terreni
2455 1736 2630 1790 fastus
2668 1751 2731 1789 ac
2774 1733 3124 1805 duplicitatis
3169 1733 3314 1788 nihil
3344 1734 3553 1788 habere
3607 1749 3737 1786 con-

2042 1826 2270 1880 siderat.
2335 1825 2492 1880 Unde
2538 1824 2654 1878 ait:
2715 1824 3069 1879 Abscondisti
3128 1824 3236 1877 haec
3286 1823 3621 1892 sapientibus
3687 1826 3738 1877 et

2039 1914 2421 1983 prudentibus,
2455 1919 2505 1968 et
2523 1914 2775 1967 revelasti
2804 1929 2866 1966 ea
2889 1915 3138 1981 parvulis
3161 1914 3314 1979 (Luc.
3338 1912 3413 1980 x).

2114 2003 2273 2055 Vens.
2309 2004 2394 2056 33.
2427 2032 2495 2041 -—
2525 2004 2588 2056 In
2621 2001 2774 2055 domo
2803 2003 2979 2069 impii.
3039 2000 3106 2053 Ut
3161 1998 3464 2070 purpurati
3522 1998 3735 2065 divitis,

2042 2090 2141 2161 qui
2173 2091 2234 2144 in
2265 2091 2369 2144 hac
2400 2089 2513 2142 vita
2564 2088 2962 2158 spiritualibus
3010 2088 3190 2158 eguit,
3240 2093 3297 2141 et
3327 2092 3455 2158 post
3483 2087 3553 2140 ad
3611 2093 3738 2141 tan-

2041 2183 2158 2233 tam
2187 2177 2445 2248 pervenit
2483 2176 2757 2247 inopiam,
2793 2181 2858 2230 ut
2910 2193 3015 2230 nec
3062 2181 3283 2246 guttam
3312 2192 3496 2246 aquae,
3564 2191 3740 2246 quam

2042 2266 2355 2337 quaerebat,
2417 2265 2712 2334 acciperet,
2770 2265 2964 2318 unde:
3028 2265 3132 2330 Qui
3209 2264 3486 2319 benedixit
3530 2280 3628 2319 nos
3680 2268 3741 2319 in

2041 2359 2187 2412 omni
2234 2357 2594 2411 benedictione
2621 2356 2904 2424 spirituali
2945 2358 3003 2408 in
3050 2355 3344 2409 cazlestibus
3390 2356 3447 2408 in
3493 2356 3736 2419 Christo,

2042 2448 2139 2515 qui
2214 2448 2272 2500 in
2343 2448 2772 2500 remuneratione
2852 2443 3121 2497 audient:
3177 2444 3382 2506 Venite,
3453 2442 3735 2506 benedicti,

2044 2536 2266 2603 (Matth.
2316 2532 2428 2604 xv),
2488 2538 2595 2586 etc.
2645 2531 2752 2586 Sed
2808 2531 2876 2584 ad
2932 2532 3181 2585 litteram
3234 2547 3386 2600 saepe
3458 2529 3741 2597 contingit

2043 2638 2160 2687 eos,
2190 2621 2286 2692 qui
2306 2622 2494 2675 aliena
2520 2620 2818 2689 diripiunt,
2843 2618 2912 2672 ad
2926 2618 3199 2688 pltimum
3222 2617 3415 2687 inopia
3444 2618 3735 2683 consumi;

2042 2714 2100 2764 at
2128 2709 2257 2763 illos
2315 2710 2414 2780 qui
2451 2725 2553 2763 sua
2607 2707 2946 2778 largiuntur,
2989 2706 3162 2760 etiam
3189 2730 3199 2745 ο
3225 2705 3394 2759 bonis
3442 2705 3737 2760 abundare

2042 2798 2306 2853 terrenis.

2111 2888 2299 2942 Vens.
2335 2886 2422 2941 34.
2449 2914 2512 2926 -
2543 2884 2817 2941 Illusores.
2863 2885 2973 2939 Hos
2993 2899 3193 2938 versus
3228 2883 3470 2937 Jacobus
3527 2886 3583 2936 et
3632 2884 3737 2937 Pe-

305 2978 465 3031 Vens.
506 2980 594 3031 23.
641 3007 710 3017 -ο
767 2979 910 3031 Tunc
968 2979 1271 3033 ambulabis
1318 2978 1669 3049 ﬁducialiter.
1730 2982 1789 3033 1n
1840 2980 1931 3034 via
1963 2984 2003 3037 C
2040 2980 2162 3030 trus
2183 2976 2346 3046 juxta
2374 2975 2667 3046 antiquam
2698 2974 3134 3029 translationem
3179 2977 3540 3042 posuerunt:
3599 2973 3739 3037 Quia

233 3070 432 3118 nostra
455 3064 797 3118 ﬁducialiter
827 3066 1166 3133 incedimus,
1199 3071 1329 3133 etc.,
1384 3083 1551 3135 usque
1582 3068 1656 3121 ad
1695 3069 1801 3123 hoc
1846 3074 1933 3123 est
2040 3068 2180 3120 Deus
2239 3064 2484 3134 superbis
2532 3066 2757 3131 resistit,
2788 3063 3079 3118 humilibus
3106 3067 3285 3117 autem
3338 3062 3434 3115 dat
3486 3063 3731 3129 gratiam

230 3153 389 3207 enim
422 3153 574 3223 quod
604 3154 865 3225 sequitur
896 3170 910 3207 :

300 3244 371 3296 Et
415 3256 511 3311 pes
554 3248 676 3297 tuus
728 3258 834 3296 non
878 3244 1157 3311 impinget.
1223 3242 1503 3307 Quoniam
1560 3242 1933 3313 diligentibus

234 3331 414 3384 Deum
448 3331 641 3384 omnia
672 3335 1054 3400 cooperantur
1076 3330 1135 3384 in
1175 3332 1390 3385 bonum
1425 3334 1592 3394 (Rom.
1629 3335 1781 3401 VIII).

301 3420 463 3473 Vens.
496 3420 583 3474 24.
616 3448 687 3459 -
718 3420 777 3475 Si
815 3420 1123 3486 dormieris,
1156 3435 1262 3473 non
1288 3420 1526 3487 timebis,
1563 3422 1825 3490 quiesces,
1883 3427 1933 3477 et

230 3511 430 3562 suavis.
466 3509 622 3562 Patet
654 3510 817 3578 juxta
866 3508 1141 3575 litteram,
1201 3512 1334 3575 etc.,
1396 3523 1565 3577 usque
1621 3509 1695 3564 ad
1752 3511 1931 3564 Deum

230 3596 445 3666 ubique
474 3600 851 3666 protectorem
883 3596 1057 3650 habet
1084 3604 1141 3650 et
1170 3597 1491 3652 custodem.

306 3685 470 3738 Vsus.
538 3688 625 3738 27.
684 3714 754 3725 -—
804 3686 927 3741 Noli
982 3685 1268 3754 prohibere
1315 3686 1623 3752 benefacere
1670 3700 1788 3740 eum
1839 3689 1937 3756 qui

233 3774 379 3838 Quia
410 3789 581 3843 supra
612 3773 918 3844 diligenter
946 3775 1131 3844 legem
1162 3775 1387 3828 Domini
1415 3781 1470 3829 et
1500 3775 1806 3829 consilium
1830 3776 1932 3829 ob-

236 3875 465 3914 servare
497 3860 739 3927 monuit,
775 3866 831 3914 et
872 3866 1148 3915 aeternam
1180 3862 1440 3932 requiem
1498 3862 1933 3917 observantibus

234 3948 536 4019 promisit:
571 3965 721 4003 nunc
755 3949 1168 4019 multipliciter,
1210 3966 1339 4020 quae
1369 3951 1721 4005 observanda
1780 3956 1931 4017 sunt,

235 4037 495 4107 replicat.
531 4037 837 4108 Primoque
864 4037 936 4091 ad
967 4037 1043 4104 id,
1068 4037 1222 4108 quod
1253 4037 1656 4105 intermiserat,
1684 4039 1931 4100 rediens,

236 4124 691 4179 misericordiam
736 4126 1000 4196 proximo
1058 4126 1458 4195 exhibendam,
1487 4131 1542 4180 et
1575 4128 1749 4197 juste,
1804 4143 1932 4181 cum

234 4214 336 4267 illo
366 4213 529 4268 docet
558 4230 679 4267 esse
719 4215 1046 4269 vivendum.
1085 4215 1301 4269 Deinde
1331 4221 1389 4269 et
1420 4216 1489 4269 ab
1547 4215 1782 4269 inimico
1840 4232 1930 4269 ca-

232 4302 483 4356 vendum
506 4318 625 4356 esse
651 4309 983 4373 praemonet.
1017 4305 1143 4361 Noli
1171 4320 1330 4374 ergo,
1369 4304 1577 4375 inquit,
1624 4305 1930 4373 prohibere.

2041 3153 2255 3224 (Jacob.
2285 3153 2379 3223 iv).

2725 3276 2947 3331 CAPUT
2980 3275 3068 3330 IV.

2116 3418 2275 3474 Vens.
2336 3420 2384 3472 1.
2448 3446 2510 3458 ——
2566 3417 2792 3485 Audite,
2847 3418 2972 3487 ﬁlii.
3021 3415 3160 3470 Hinc
3217 3414 3618 3470 exhortaturus
3668 3415 3739 3469 ad

2041 3505 2491 3577 philosophiam,
2523 3504 2771 3577 qualiter
2800 3504 2921 3576 ipse
2979 3502 3320 3575 sapientiam
3367 3503 3440 3557 sit
3486 3520 3516 3556 a
3575 3508 3738 3574 patre

2042 3595 2297 3661 edoctus,
2326 3593 2590 3665 explicat.

2114 3684 2275 3737 Vens.
2336 3686 2387 3739 3.
2445 3712 2515 3723 —
2572 3686 2713 3740 Nam
2756 3686 2806 3736 et
2861 3697 2973 3748 ego.
3032 3680 3184 3735 Nihil
3231 3680 3414 3750 magis
3451 3680 3523 3734 ad
3577 3697 3736 3751 spem

2042 3772 2419 3841 percipiendae
2450 3771 2747 3841 sapientiae
2777 3775 2997 3823 mentes
3021 3769 3214 3839 erigit,
3247 3784 3419 3839 quam
3441 3784 3573 3822 cum
3621 3783 3737 3834 eos,

2042 3876 2183 3931 quos
2248 3860 2310 3914 in
2385 3860 2667 3929 sapientia
2719 3858 2842 3928 jam
2895 3859 3203 3911 clarescere
3258 3856 3559 3922 miramur,
3627 3857 3737 3910 ali-

2043 3948 2275 4019 quando
2306 3949 2573 4018 parvulos
2597 3953 2655 4001 et
2677 3947 2937 4000 indoctos
2978 3945 3150 3999 fuisse
3184 3944 3575 4000 meminimus.

2118 4039 2435 4105 Unigenitus
2483 4052 2662 4091 coram
2729 4039 2924 4090 matre.
2981 4034 3166 4098 Quare
3221 4039 3413 4087 autem
3471 4033 3735 4088 Salomon

2044 4143 2103 4180 se
2128 4128 2467 4192 unigenitum
2497 4140 2677 4179 coram
2720 4129 2893 4179 matre
2950 4122 3230 4188 nominat,
3279 4137 3454 4192 quem
3502 4123 3736 4175 fratrem

2046 4214 2336 4271 uterinum
2388 4214 2743 4284 praecessisse
2784 4212 3080 4283 Scriptura
3136 4216 3395 4277 testatur,
3444 4209 3555 4264 nisi
3604 4210 3739 4281 quia

2046 4301 2142 4357 ille
2170 4318 2299 4356 mox
2330 4308 2498 4356 natus
2529 4302 2651 4357 sine
2711 4302 2968 4368 nomine,
3024 4300 3187 4373 quasi
3218 4314 3518 4370 nunquam
3566 4303 3732 4365 esset,

234 4391 317 4445 Ne
343 4390 544 4443 audias
574 4407 606 4444 a
638 4391 878 4445 Domino
906 4408 1036 4445 cum
1069 4392 1369 4446 Pharismis
1401 4408 1415 4447 :
1448 4395 1559 4461 Ipsi
1582 4408 1688 4447 non
1731 4396 1935 4448 introi—
2042 4391 2111 4445 de
2142 4392 2255 4445 vita
2292 4390 2568 4445 decessit?

136 4518 139 4519 ν
231 4481 357 4546 stis,
380 4484 431 4533 et
452 4493 536 4532 eos
567 4481 664 4548 qui
692 4480 994 4544 intrabant,
1024 4480 1386 4548 prohibuistis
1417 4481 1563 4550 (Luc.
1598 4481 1694 4551 XI).

304 4567 468 4620 Vens.
526 4569 609 4621 28.
667 4596 738 4608 —
785 4569 864 4624 Ne
911 4566 1063 4622 dicas
1115 4571 1288 4623 amico
1311 4575 1437 4623 tuo:
1478 4569 1622 4625 Vade
1650 4576 1700 4624 et
1756 4586 1930 4624 rever-

233 4661 361 4721 tere,
396 4670 520 4709 cras
566 4655 726 4709 dabo.
769 4656 889 4709 Non
923 4657 1107 4710 solum
1159 4646 1228 4711 de
1267 4658 1663 4727 eleemosynis,
1720 4659 1818 4713 sed
1861 4660 1931 4713 de

232 4743 506 4799 omnibus
562 4743 850 4797 mandatis
891 4744 1120 4810 Christi,
1178 4745 1278 4816 qui
1305 4746 1423 4800 ait:
1457 4749 1567 4802 I’os
1623 4749 1788 4802 amici
1828 4749 1933 4802 mei

232 4834 385 4900 estis,
409 4835 462 4886 si
491 4834 729 4899 feceritis
761 4832 951 4901 (Joan.
975 4834 1089 4902 xv),
1113 4842 1218 4887 etc.

307 4922 468 4975 Vens.
544 4923 631 4975 30.
689 4950 761 4961 -
806 4923 926 4977 Non
988 4922 1281 4979 contendas
1332 4922 1595 4979 adversus
1644 4924 1925 4979 hominem.

233 5009 360 5064 Non
391 5013 541 5063 vetat
594 5009 934 5064 contendere
962 5010 1236 5065 adversus
1261 5026 1393 5065 eum
1424 5011 1523 5082 qui
1571 5012 1721 5066 male
1773 5012 1927 5080 facit,

230 5102 295 5152 ut
320 5097 659 5169 corrigatur,
688 5097 823 5168 quia
846 5097 954 5151 hoc
982 5098 1193 5152 frustra
1223 5116 1340 5153 non
1361 5099 1443 5168 ﬁt,
1470 5100 1623 5171 quod
1641 5104 1794 5155 certa
1819 5117 1926 5155 ne-

230 5185 461 5240 cessitas
490 5187 662 5257 cogit.
698 5187 815 5241 Imo
845 5186 946 5258 qui
971 5187 1051 5240 ait
1079 5205 1096 5240 :
1133 5189 1195 5243 Si
1239 5192 1545 5257 peccaverit
1588 5190 1645 5243 in
1694 5194 1745 5244 te
1797 5191 1927 5256 fra-

230 5280 313 5329 ter
358 5281 503 5343 tuus,
557 5278 781 5346 increpa
836 5276 991 5330 illum
1034 5277 1253 5341 (Matth.
1303 5276 1483 5348 xvm),
1514 5277 1637 5347 ipse
1691 5279 1832 5345 vult,
1868 5283 1929 5333 ut

230 5368 539 5432 errantem,
591 5368 875 5436 quantum
933 5365 1104 5431 vales,
1153 5365 1225 5420 ad
1291 5364 1443 5421 viam
1511 5366 1765 5422 veritatis
1827 5384 1925 5423 re-

226 5454 423 5509 ducas.

300 5542 463 5597 Vens.
500 5545 587 5598 32.
649 5573 718 5584 —
783 5543 928 5610 Quia
982 5543 1312 5599 abominatio
1364 5545 1583 5600 Domini
1628 5548 1707 5600 est
1748 5546 1923 5601 omnis

2113 4480 2299 4534 Vens.
2333 4480 2385 4533 4.
2421 4507 2489 4521 -
2518 4480 2817 4548 Suscipiat,
2840 4484 2947 4533 etc.
2982 4476 3321 4548 Hujusmodi
3370 4475 3590 4530 monita
3630 4476 3737 4530 Sa-

2041 4567 2260 4622 lomoni
2292 4585 2325 4622 a
2367 4568 2543 4623 David
2580 4574 2741 4639 patre
2770 4568 2900 4623 data
2934 4584 2946 4622 :
2985 4568 3085 4638 qui
3114 4565 3295 4622 Verba
3328 4564 3552 4620 dierum
3582 4564 3736 4620 rele-

2044 4656 2149 4727 git,
2181 4654 2421 4711 invenit.

2111 4745 2271 4800 Veas.
2322 4748 2373 4798 5.
2432 4773 2501 4783 —-
2561 4744 2795 4799 Posside.
2873 4744 2938 4798 In
2996 4742 3266 4799 omnibus
3347 4756 3478 4814 qua:
3551 4741 3735 4813 possi-

2037 4831 2156 4898 des,
2212 4836 2345 4898 etc.,
2398 4847 2568 4902 usque
2630 4832 2705 4887 ad
2758 4832 3077 4903 juventam,
3132 4829 3375 4886 venditis
3441 4829 3732 4899 omnibus,

2039 4920 2409 4991 comparavit.

2114 5008 2266 5062 Vens.
2333 5010 2391 5063 9.
2452 5038 2523 5047 —-
2599 5007 2773 5062 Dabit
2837 5006 3027 5076 capiti.
3100 5008 3263 5062 Patet
3339 5006 3411 5062 de
3478 5006 3737 5062 Salomo-

2035 5113 2129 5164 ne,
2160 5102 2293 5165 etc.,
2327 5111 2496 5165 usque
2524 5096 2598 5151 ad
2633 5101 2691 5150 et
2741 5111 2951 5151 corona
2980 5096 3219 5168 insuper
3268 5096 3398 5151 vitae
3427 5096 3488 5151 in
3542 5095 3733 5152 futuro

2033 5186 2275 5241 dabitur.

2104 5277 2271 5330 Vens.
2318 5278 2409 5331 10.
2446 5275 2706 5341 —Audi,
2729 5276 2812 5344 ﬁli
2836 5276 2932 5328 mi.
2958 5274 3235 5345 Expositis
3261 5274 3351 5328 bis
3380 5290 3511 5346 quae
3566 5291 3599 5329 a
3628 5289 3734 5345 pa-

2035 5370 2120 5419 tre
2173 5369 2486 5436 acceperat,
2558 5363 2705 5419 redit
2768 5364 2838 5419 ad
2896 5363 3218 5419 docendum
3269 5363 3591 5419 auditorem
3639 5380 3732 5418 sa-

2032 5453 2333 5526 pientiam,
2365 5469 2536 5524 quam
2567 5453 2757 5524 coepit.

2105 5544 2262 5598 Vens.
2330 5546 2412 5598 11.
2462 5570 2529 5584 -
2581 5544 2682 5600 Per
2738 5542 2958 5598 semitas
2999 5543 3310 5614 aequitatis.
3372 5542 3600 5599 Semitas
3671 5541 3729 5599 id
