4082 6184
294 289 433 343 1087

927 287 1320 344 WALAFBIDI
1359 288 1604 343 STRABI
1643 287 1838 344 FULD.
1881 286 2052 344 MON.
2089 287 2242 346 OPP.
2284 289 2458 344 PARS
2499 291 2538 344 Ι.
2580 319 2649 329 --
2687 289 3139 345 THEOLOGICA.

3671 296 3686 345 l
3699 293 3804 346 088

290 414 378 465 est
415 410 666 464 actiones
697 409 1006 482 aequitatis,
1058 413 1190 477 etc.,
1218 425 1388 480 usque
1443 410 1517 464 ad
1541 410 1601 465 in
1659 410 1805 465 viam
1839 409 1994 482 pacis
2033 411 2076 462 Α
2107 415 2474 466 consecratur
2505 427 2518 465 :
2551 427 2666 482 quo
2694 411 2933 466 nitidius
2950 427 3119 466 suum
3149 415 3350 484 guttur
3380 416 3648 474 ostentat,
3705 413 3803 483 qui

289 499 634 570 dirigentur.

363 589 525 644 Vens.
563 589 647 642 12.
682 616 749 628 -
801 590 868 642 Et
907 602 1146 642 currens.
1190 587 1312 651 Quo
1365 588 1611 658 amplius
1639 592 1694 641 et
1752 587 1994 642 alacrius

293 676 362 730 ad
423 675 715 747 implenda
773 676 866 730 Dei
929 678 1196 729 mandata
1249 676 1591 742 cucurreris,
1669 694 1737 730 eo
1803 677 1992 730 minus

292 765 546 830 adversa,
575 780 704 834 quas
735 769 788 816 te
836 763 1155 834 impediant
1182 764 1429 818 timebis.
1469 766 1608 818 Nam
1665 765 1992 836 quicunque

295 853 352 907 in
383 869 556 924 prava
586 853 808 905 actione
864 852 1166 918 desudant,
1225 853 1630 906 oti‘endiculum
1686 853 1745 906 in
1805 852 1992 906 medio

291 957 463 995 cursu
496 940 812 1010 reperiunt,
840 941 973 1010 quia
999 943 1302 1010 extemplo,
1338 941 1474 995 dum
1518 958 1634 996 non
1666 941 1989 1014 provident,

291 1029 600 1099 rapiuntur
627 1029 693 1083 ad
729 1045 975 1099 poenam.

363 1119 540 1171 Vens.
605 1120 688 1171 t7.
761 1147 830 1157 —
901 1117 1203 1171 Comedunt
1276 1134 1473 1188 panem
1536 1120 1831 1190 impietatis
1929 1120 1992 1174 ln

293 1205 518 1261 actione
565 1207 867 1272 scelerum,
945 1213 1078 1274 etc.,
1139 1223 1304 1277 usque
1373 1207 1448 1261 ad
1526 1212 1767 1262 testatur
1842 1207 1990 1263 Scri-

293 1300 482 1367 ptura.

366 1381 527 1435 Vens.
615 1383 698 1436 18.
745 1411 814 1420 --
862 1383 1139 1434 Justorum
1198 1386 1373 1434 autem
1422 1385 1637 1436 semita.
1702 1383 1990 1436 Justorum

293 1485 465 1542 opera
493 1470 552 1524 in
591 1470 714 1524 luce
754 1469 1004 1524 scientia:
1038 1474 1414 1539 peraguntur,
1449 1474 1504 1523 et
1561 1473 1832 1523 aeternam
1886 1470 1991 1524 du-

294 1565 430 1614 cunt
451 1560 520 1612 ad
549 1559 724 1613 vitam
747 1575 876 1630 quae.
901 1564 984 1612 est
1011 1559 1255 1629 perfecta
1289 1558 1428 1612 dies.

362 1648 523 1703 Vens.
589 1651 670 1702 19.
713 1677 784 1688 -—
847 1649 950 1701 Via
987 1649 1298 1715 impiorum.
1363 1646 1508 1700 Dicit
1557 1646 1628 1700 de
1689 1646 1800 1706 his.
1859 1652 1988 1708 etc.,

292 1752 464 1808 uSque
484 1737 558 1791 ad
587 1739 723 1808 quia
745 1753 982 1791 currens
1011 1752 1126 1790 non
1159 1737 1388 1790 habebit
1417 1735 1846 1789 oil‘endiculum.

367 1826 504 1880 Vens
557 1827 645 1879 20.
707 1855 773 1864 -
805 1827 912 1880 Fili
940 1827 1033 1891 mi,
1067 1826 1316 1878 ausculta
1347 1840 1612 1879 sermones
1667 1839 1824 1877 meos.
1885 1828 1994 1877 Au-

293 1914 655 1968 scultandum
683 1918 878 1967 monet
910 1913 1270 1967 sermonibus
1304 1913 1440 1979 suis,
1503 1919 1560 1966 et
1609 1913 1990 1967 recedendum

294 2021 328 2056 a
349 2001 792 2069 cogitationibus
821 2001 1032 2071 pravis.

369 2092 536 2144 Vens.
578 2092 674 2145 23.
710 2118 777 2129 -—
810 2090 969 2146 Omni
1001 2089 1246 2144 custodia
1274 2104 1430 2144 serva
1486 2106 1576 2144 cor
1622 2094 1791 2144 tuum.
1851 2089 1996 2144 Sunt

297 2178 398 2250 qui
431 2183 579 2232 recte
609 2178 795 2232 vivere
840 2179 1107 2232 videntur
1131 2177 1483 2240 hominibus,
1516 2184 1648 2242 etc.,
1700 2194 1870 2247 usque
1921 2179 1995 2233 ad

301 2267 507 2321 modus
535 2266 851 2320 aestimatur
869 2267 1020 2320 vitm.

366 2355 527 2408 Vsus.
561 2357 655 2410 24.
695 2384 761 2393 -
791 2357 1014 2410 Remove
1037 2371 1070 2408 a
1101 2359 1163 2409 te.
1201 2354 1432 2408 Duobus
1459 2354 1648 2410 modis
1699 2354 1993 2410 sciendum

301 2448 404 2510 est,
437 2447 500 2497 ut
529 2459 591 2496 os
605 2447 766 2496 tuum
794 2459 862 2496 ne
896 2459 1133 2513 pravum
1163 2444 1431 2514 loquatur
1452 2443 1666 2514 aliquid
1693 2459 1708 2497 :
1733 2451 1827 2496 tua
1846 2442 1996 2497 labia

295 2548 366 2585 ne
400 2531 849 2586 detractionibus
881 2537 1208 2585 assuescant
1239 2532 1555 2598 custodias;
1589 2535 1646 2586 et
1674 2531 1814 2586 alios
1845 2547 1991 2602 quo-

299 2635 431 2691 que,
464 2634 606 2690 quos
637 2618 772 2673 huic
819 2617 958 2673 vitio
988 2618 1244 2674 subditos
1301 2619 1472 2687 nosti,
1510 2635 1584 2674 ne
1642 2625 1699 2674 te
1745 2635 1999 2674 corrum-

296 2713 456 2778 pant,
476 2706 680 2776 fugias.

370 2798 529 2850 Vens.
559 2799 648 2849 25.
673 2825 740 2836 -
772 2797 841 2850 Et
867 2796 1156 2864 palpebrae.
1190 2796 1303 2850 Iter
1333 2795 1588 2866 justitie,
1649 2801 1754 2851 etc.
1828 2810 1998 2865 usque

299 2885 374 2940 ad
403 2882 733 2939 meditando
754 2884 1082 2954 praevidere.

2103 515 2205 552 sua
2234 515 2397 552 sensa
2422 505 2651 570 patrum
2677 499 2789 552 tide
2814 498 3128 570 anteponit.

2174 588 2334 641 Vens.
2367 589 2420 642 4.
2467 589 2878 642 —Novissima
2923 593 3122 641 autem.
3178 587 3340 642 Potio
3397 586 3665 642 absinthii
3714 587 3800 641 in-

2101 681 2196 730 tus
2248 675 2566 739 amarescit,
2620 680 2751 741 etc.,
2802 691 2972 744 usque
3023 676 3099 730 ad
3161 692 3338 746 quare
3397 681 3589 730 autem
3649 676 3797 730 idem

2103 764 2324 833 gladius
2365 766 2539 834 biceps
2576 765 2647 818 sit
2671 765 2874 828 dictus,
2905 766 3090 835 aperit
3150 765 3429 820 Dominus
3485 781 3612 818 cum
3673 765 3750 817 ait
3782 780 3796 818 :

2100 853 2209 908 Sed
2245 869 2363 907 eum
2409 857 2585 908 timete
2616 856 2712 922 qui
2756 858 2928 922 potest
2974 856 3216 908 animam
3253 859 3304 908 et
3333 869 3525 923 corpus
3573 853 3800 923 perdere

2099 942 2161 997 in
2183 944 2477 1008 gehennam
2495 943 2645 1012 (Luc.
2677 945 2792 1010 xu).

2173 1030 2330 1084 Vens.
2365 1033 2415 1084 6.
2453 1061 2520 1069 —
2553 1033 2720 1097 Vaga",
2775 1034 2878 1083 etc.
2914 1030 3051 1101 Vagi
3111 1034 3243 1084 sunt
3275 1046 3499 1100 gressus
3554 1028 3788 1084 hereti-

2100 1124 2476 1186 corum,etc.,
2508 1134 2676 1188 usque
2727 1118 2801 1172 ad
2857 1118 2993 1189 quia
3039 1135 3151 1172 una
3207 1119 3519 1190 eademque
3578 1116 3797 1171 cunctis

2101 1214 2184 1262 est
2207 1208 2400 1276 agnita
2431 1224 2534 1278 per
2563 1213 2742 1260 totum
2772 1206 3284 1278 orbemﬂtidelibus.

2175 1297 2334 1350 Vens.
2367 1298 2418 1351 8.
2471 1325 2546 1336 —
2595 1297 2773 1366 Longe
2796 1299 2908 1362 fac.
2937 1297 3244 1366 Apostolus
3275 1296 3374 1363 ait,
3431 1301 3565 1363 etc.,
3622 1309 3798 1364 usque

2099 1384 2175 1438 ad
2204 1384 2446 1438 intirmis
2470 1383 2826 1438 auditoribus
2855 1384 3103 1455 prodest.

2175 1474 2330 1527 Vens.
2369 1476 2418 1527 9.
2460 1501 2533 1514 —
2596 1473 2674 1527 Ne
2727 1473 2838 1540 des,
2881 1489 2994 1526 crc.
3058 1473 3135 1526 Ne
3192 1472 3494 1540 honorem,
3555 1487 3669 1542 quo
3729 1470 3800 1526 ad

2100 1561 2414 1632 imaginem
2461 1561 2556 1616 Dei
2614 1566 2834 1614 creatus
2881 1578 2962 1626 es,
3003 1561 3437 1615 immundorum
3489 1561 3802 1630 spirituum

2101 1649 2491 1703 voluntatibus
2529 1649 2740 1702 subdas
2785 1664 2974 1720 neque
3021 1654 3280 1720 acceptat
3333 1648 3559 1702 vivendi
3617 1650 3806 1719 spatia

2104 1739 2171 1792 ad
2203 1738 2426 1794 libitum
2460 1737 2766 1790 adversarii
2793 1736 3037 1790 crudelis
3066 1737 3369 1807 expendas.

2174 1826 2336 1879 Vaas.
2390 1827 2471 1878 t0.
2524 1855 2592 1864 —
2671 1827 2748 1880 Ne
2801 1828 2941 1892 forte
2997 1826 3330 1894 impleantur
3406 1826 3670 1878 extranei.
3723 1824 3803 1878 Ne

2103 1913 2523 1968 dmmuniorum
2569 1913 2717 1968 facta
2745 1914 2998 1984 adjuves,
3044 1920 3176 1982 etc.,
3230 1930 3401 1983 usque
3440 1913 3516 1968 ad
3571 1914 3797 1967 utinam

2101 2003 2212 2056 late
2221 2007 2328 2056 ret.

2173 2095 2242 2147 Et
2288 2106 2489 2160 gemas,
2539 2095 2645 2144 etc.
2689 2090 2818 2144 Ideo
2849 2095 2903 2146 te
2925 2095 3142 2145 castum
3173 2091 3417 2156 custodi,
3441 2095 3571 2158 etc.,
3631 2106 3804 2160 usque

2103 2179 2177 2234 ad
2199 2180 2390 2234 dicant
2415 2196 2542 2249 quae
2585 2185 2926 2249 sequuntur.

2176 2269 2334 2324 Vens.
2389 2271 2478 2322 12.
2521 2297 2580 2307 —-
2625 2271 2743 2320 Cur
2780 2268 3092 2323 detestatus.
3129 2269 3205 2322 De
3257 2267 3539 2322 bzereticis
3583 2268 3802 2338 specia-

2103 2356 2230 2411 liter
2262 2361 2432 2427 patet,
2465 2355 2600 2427 quia
2642 2371 2747 2408 nec
2806 2365 3062 2409 veterum
3118 2363 3346 2426 patrum
3386 2371 3488 2408 nec
3521 2371 3800 2408 novorum

2105 2446 2268 2501 dictis
2323 2451 2379 2498 et
2432 2444 2706 2514 exemplis
2779 2451 3094 2514 potuerunt
3151 2444 3221 2498 ab
3277 2461 3472 2498 errore
3529 2445 3798 2498 revocari.

2173 2535 2337 2587 Vens.
2375 2533 2460 2586 14.
2515 2562 2584 2572 —
2628 2534 2690 2586 ln
2747 2531 2922 2586 medio
2977 2533 3250 2586 ecclesia:
3306 2532 3455 2584 idem
3509 2537 3594 2584 est
3643 2533 3804 2586 Gras-

2105 2639 2185 2689 ce,
2220 2628 2363 2687 etc.,
2395 2638 2565 2690 usque
2603 2621 2677 2675 ad
2707 2622 2955 2675 alienam
2987 2621 3056 2676 ab
3084 2621 3166 2677 eis
3196 2621 3369 2675 vitam
3423 2622 3632 2675 ducere
3687 2637 3801 2674 non

2106 2711 2319 2764 timuit.

2180 2800 2344 2853 Vnus.
2384 2801 2467 2852 15.
2502 2829 2567 2838 -
2599 2798 2736 2851 Bibe
2766 2813 2984 2866 aquam.
3027 2797 3200 2850 Docet
3251 2795 3322 2850 ab
3367 2795 3653 2851 hmreticis
3705 2811 3801 2848 ca-

2107 2889 2351 2942 vendum
2383 2893 2441 2941 et
2466 2887 2738 2940 custodias
2787 2886 3207 2956 Scripturarum
3240 2901 3303 2939 ac
3359 2885 3588 2938 lectioni
3619 2888 3810 2938 atten—

371 2975 529 3027 Vuas.
565 2975 648 3026 26.
676 3002 736 3013 -
767 2973 1148 3026 Stabilieumr.
1185 2973 1265 3027 Ne
1304 2973 1529 3026 levitate
1568 2974 1778 3028 mentis
1802 2991 1833 3028 a
1858 2990 1990 3045 pro-
2024 2977 2065 3032 C
2101 2976 2392 3031 dendum:
2420 2975 2738 3039 scientiam,
2764 2971 2968 3045 inquit,
2997 2990 3171 3044 quam
3197 2974 3322 3026 aliis
3344 2974 3648 3044 praedicas,
3682 2972 3807 3041 ipse

300 3063 484 3132 posito
513 3061 664 3115 bono
697 3061 996 3127 movearis,
1025 3061 1176 3114 unde
1193 3063 1495 3132 Apostolus
1523 3079 1536 3116 :
1567 3063 1802 3117 Stabiles
1832 3069 1994 3117 estote

298 3156 348 3204 et
379 3150 697 3218 immobiles,
745 3150 1087 3206 abundantes
1134 3152 1194 3204 in
1253 3166 1408 3220 opere
1457 3154 1670 3205 Domini
1715 3167 1924 3222 semper
1953 3153 1998 3221 (Ι

300 3240 421 3293 Cor.
450 3239 562 3306 xv).

372 3328 532 3381 Vens.
608 3329 695 3380 27.
764 3358 829 3366 -
902 3329 980 3381 Ne
1036 3327 1286 3381 declines.
1349 3328 1589 3381 Dextera
1684 3328 1773 3381 via
1847 3329 1998 3382 bona

302 3421 409 3482 est,
439 3420 572 3481 etc.,
602 3431 771 3482 usque
794 3414 868 3467 ad
904 3415 1054 3484 quod
1089 3422 1144 3466 ot
1195 3416 1263 3468 de
1313 3415 1533 3468 cieteris
1589 3415 1896 3470 virtutibus
1942 3425 1999 3472 et

301 3503 454 3558 vitiis
482 3503 682 3556 eodem
721 3502 891 3555 modo
921 3501 1284 3574 intelligitur.

371 3593 570 3647 Averte
596 3590 785 3659 pedem
817 3595 984 3644 tuum.
1030 3591 1144 3644 Hoc
1200 3595 1304 3657 est,
1362 3607 1433 3645 ne
1488 3591 1600 3647 huc
1643 3594 1730 3648 vel
1778 3594 1912 3649 illuc
1967 3612 2001 3649 a

301 3685 454 3735 recto
502 3679 712 3745 devies,
785 3682 922 3750 quia
968 3678 1208 3734 virtutes
1258 3679 1664 3736 discretionem
1713 3688 1996 3754 quierunt,

303 3784 548 3838 quarum
604 3767 871 3821 nimietas
929 3768 1117 3822 omnis
1148 3767 1204 3822 in
1234 3769 1372 3823 vitio
1427 3776 1531 3826 est.
1589 3771 1647 3826 Si
1708 3772 1915 3826 avertis
1969 3789 2000 3826 a

303 3859 455 3912 malo
489 3858 689 3928 pedem
720 3864 905 3912 tuum.
937 3857 994 3913 Si
1025 3861 1195 3925 bona,
1227 3876 1356 3931 qua
1387 3861 1574 3927 docui,
1613 3862 1851 3916 Domino
1899 3862 1998 3916 ad-

297 3947 556 4017 juvante,
605 3950 789 4001 facere
842 3948 1149 4009 studueris,
1183 3950 1366 4003 aderit
1395 3949 1516 4020 ipse
1571 3952 1852 4021 propitius
1906 3967 1999 4004 co-

303 4037 530 4091 natibus
570 4036 702 4103 tuis,
746 4040 887 4089 utet
946 4052 1099 4090 nunc
1146 4044 1294 4091 recte
1355 4038 1602 4108 ingredi,
1649 4045 1708 4093 et
1748 4043 1885 4092 tunc
1927 4038 1998 4093 ad

300 4140 501 4195 pacem
532 4126 716 4178 valeas
738 4124 1036 4195 pervenire
1062 4130 1357 4180 mternam.

989 4267 1211 4320 CAPUT
1251 4267 1311 4320 V.

375 4390 485 4443 Fili
533 4391 629 4453 mi,
683 4389 920 4444 attende.
955 4389 1242 4444 Hactenus
1288 4391 1632 4460 generaliter
1685 4391 1996 4461 castigave-

305 4482 392 4530 rat
416 4477 759 4544 auditorem,
801 4477 934 4532 hinc
976 4478 1081 4531 sub
1112 4478 1299 4548 specie
1347 4479 1660 4534 meretricis
1703 4480 1774 4534 ab
1822 4480 1999 4534 haere-

307 4565 552 4620 ticorum
585 4565 840 4638 nequitia
863 4564 1148 4636 prohibet.

375 4649 588 4709 Inclina
661 4669 867 4709 aurem.
941 4653 1247 4724 Sapientia:
1308 4653 1694 4710 inclinandem
1779 4671 1998 4722 aurem,

303 4745 362 4794 et
415 4757 449 4795 a
509 4742 806 4796 meretrice
856 4742 1218 4814 fugiendum,
1266 4743 1553 4815 praecipue
1609 4761 1644 4798 a
1696 4744 2003 4800 fornicaria

306 4835 519 4885 monet.

378 4919 538 4974 Vens.
591 4922 718 4974 2.-
775 4919 951 4975 Labia
979 4924 1093 4975 tua.
1141 4919 1332 4990 Labia,
1399 4924 1532 4987 etc.,
1579 4935 1748 4990 usque
1793 4921 1870 4976 ad
1916 4921 2002 4977 vel

308 5007 498 5077 turpia
519 5006 780 5061 faciendo
811 5009 1210 5062 commaculet.

377 5098 536 5162 Vsus.
589 5099 640 5153 3.
699 5126 763 5139 —
817 5098 1003 5152 Favus
1049 5100 1210 5152 enim.
1275 5097 1415 5150 Cum
1488 5096 1548 5151 in
1618 5113 1716 5150 ore
1773 5097 2002 5152 haereti-

304 5201 390 5252 co,
415 5189 546 5252 etc.,
577 5201 748 5256 usque
775 5185 851 5240 ad
880 5185 1088 5239 veritas
1116 5201 1149 5239 a
1169 5185 1355 5239 stultis
1381 5185 1715 5240 aestimatur.

374 5272 548 5326 Labia
577 5275 893 5326 meretricis.
932 5273 1090 5326 Patet
1140 5271 1210 5326 de
1261 5273 1581 5340 meretrice,
1620 5272 1756 5342 quia
1801 5279 1857 5326 et
1893 5290 2003 5327 ser-

311 5359 498 5414 monis
549 5361 886 5414 suavitatem
929 5367 986 5416 et
1027 5360 1445 5417 formositatem
1493 5361 1746 5432 Corporis
1791 5361 1862 5416 ad
1917 5378 2005 5416 ca-

239 5468 247 5476 ·
309 5445 550 5518 piendos
593 5448 830 5501 miseros
857 5447 1081 5518 quierit.

383 5536 509 5592 Oleo
553 5539 761 5604 guitur.
821 5537 959 5592 Oleo
1011 5537 1256 5608 Spiritus
1301 5537 1479 5594 sancti
1527 5539 1669 5594 tides
1725 5537 2006 5594 catholica

2105 3081 2286 3128 serva,
2321 3069 2378 3118 et
2398 3063 2483 3117 tui
2507 3063 2787 3131 rigatione
2815 3063 3092 3117 sermonis
3122 3063 3445 3118 infundere.

2179 3154 2338 3207 Vsus.
2386 3156 2467 3206 t6.
2505 3183 2570 3193 —
2593 3153 2928 3208 Deriventur.
2965 3154 3104 3206 Cum
3131 3152 3249 3222 ipse
3299 3152 3624 3213 servaveris,
3668 3157 3812 3206 tunc

2105 3246 2162 3295 et
2189 3241 2316 3294 aliis
2355 3241 2625 3310 praedica,
2657 3240 2798 3294 etin
2831 3257 3038 3310 magna
3070 3240 3395 3294 auditorum
3419 3240 3810 3309 amplitudine

2106 3330 2297 3384 divina
2318 3329 2568 3401 eloquia,
2595 3329 2760 3399 juxta
2803 3329 3257 3400 uniuscujusque
3298 3328 3655 3400 qualitatem,
3691 3329 3811 3382 dis.

2105 3435 2305 3490 pensa.

2178 3509 2334 3562 Vens.
2381 3510 2467 3562 17.
2520 3537 2588 3546 --
2639 3505 2865 3571 Habeto,
2911 3511 3017 3560 etc.
3076 3508 3269 3577 Aquas
3301 3505 3360 3558 in
3407 3504 3610 3575 plateis
3666 3505 3814 3558 ditio

2109 3596 2316 3662 dimus,
2353 3600 2409 3650 et
2448 3601 2643 3650 tamen
2701 3595 2804 3648 soli
2844 3595 3141 3662 habemus,
3180 3595 3408 3665 quando
3466 3600 3521 3647 et
3559 3594 3817 3646 exterius

2106 3685 2218 3740 late
2247 3685 2686 3756 praedicationes
2706 3683 3023 3751 fundimus,
3057 3689 3113 3738 et
3132 3690 3323 3737 tamen
3356 3699 3458 3753 per
3487 3699 3581 3736 eas
3609 3682 3816 3736 laudes

2108 3774 2391 3829 humanas
2411 3789 2527 3826 non
2555 3772 2862 3826 ambimus.

2184 3865 2288 3918 Nec
2305 3865 2418 3916 sint
2437 3863 2625 3915 alieni.
2652 3891 2722 3902 —
2751 3860 3040 3915 lmmundi
3062 3859 3294 3930 spiritus
3327 3859 3630 3929 participes
3661 3861 3822 3913 tiunt

2107 3950 2370 4010 doctoris,
2407 3950 2453 4002 si
2474 3951 2598 4019 ejus
2625 3954 2898 4012 mentem,
2933 3950 3018 4002 vel
3053 3949 3299 4002 elatione
3328 3950 3464 4002 dum
3515 3948 3814 4018 praedicat,

2113 4038 2200 4092 vel
2239 4038 2499 4109 quolibet
2557 4035 2695 4090 vitio
2729 4043 3128 4106 corrumpunt.
3177 4037 3330 4091 Solus
3387 4042 3575 4089 autem
3628 4052 3818 4105 aquas

2106 4127 2367 4197 possidet,
2397 4142 2528 4179 cum
2561 4125 2834 4178 membris
2893 4123 3151 4178 Ecclesia!
3209 4125 3453 4190 tideliter
3489 4139 3816 4191 connexus,

2111 4215 2181 4269 ab
2212 4214 2496 4268 extraneis
2521 4231 2580 4266 se
2606 4217 2918 4266 conservat.

2189 4303 2345 4356 Vens.
2380 4304 2463 4355 18.
2492 4330 2560 4342 -
2590 4301 2680 4354 Sit
2713 4316 2869 4354 vena.
2929 4299 3010 4353 Sit
3063 4298 3320 4353 doctrina
3368 4304 3485 4365 tua,
3539 4304 3597 4352 et
3654 4315 3820 4368 que-

2107 4404 2336 4459 cunque
2376 4391 2690 4441 nascuntur
2717 4403 2784 4440 ex
2815 4403 2901 4448 ea,
2951 4387 3008 4439 in
3065 4385 3460 4440 benedictione
3519 4387 3816 4452 Ecclesiae;

2108 4484 2166 4532 et
2194 4479 2377 4532 lztare
2411 4492 2532 4530 cum
2561 4492 2642 4542 ea,
2695 4478 2784 4529 cui
2819 4475 2888 4528 ab
2944 4474 3322 4539 adolescentia,
3354 4473 3412 4529 id
3459 4479 3546 4528 est
3593 4489 3663 4528 ex
3692 4491 3817 4545 quo

2106 4565 2415 4631 credidisti,
2447 4566 2784 4635 conjunctus
2805 4580 2884 4618 es.

2181 4656 2341 4708 Vatis.
2389 4657 2471 4708 t9.
2499 4683 2569 4694 --
2615 4655 2783 4710 Cerva
2835 4654 3174 4707 charissima.
3215 4651 3310 4704 Vel
3360 4653 3699 4717 gratissima,
3749 4657 3820 4706 ut

2109 4742 2344 4814 quidem
2397 4742 2620 4796 codices
2683 4742 2914 4808 habent,
2969 4745 3164 4794 sancta
3218 4745 3306 4794 est
3353 4739 3616 4804 Ecclesia,
3673 4747 3812 4806 etc.,

2111 4833 2391 4902 usquead,
2427 4836 2625 4886 contra
2655 4831 3058 4885 haereticorum
3088 4829 3317 4883 fraudes
3339 4829 3701 4884 instruimur.

2183 4923 2396 4986 Amore,
2455 4927 2560 4973 etc.
2628 4921 2748 4973 Non
2802 4919 3004 4974 uxorio
3061 4917 3241 4972 amori
3288 4917 3548 4972 insistere
3605 4919 3815 4988 docet;

2110 5010 2207 5064 sed
2249 5025 2320 5063 ne
2343 5008 2530 5080 prima
2568 5007 2792 5062 vivente
2818 5007 2989 5061 aliam
3016 5006 3210 5070 ducas,
3254 5007 3342 5060 vel
3393 5007 3680 5060 meretrici
3712 5023 3818 5062 un-

2109 5114 2281 5168 quam
2312 5097 2562 5151 socieris.

2186 5188 2339 5241 Vsus.
2399 5190 2488 5240 21.
2541 5215 2610 5226 -
2689 5187 2928 5255 Respicit
2987 5185 3266 5241 Dominus.
3320 5185 3444 5238 Non
3500 5199 3560 5238 se
3609 5189 3816 5254 putent

2111 5274 2357 5330 adulteri
2390 5273 2570 5328 noctis
2609 5273 2880 5338 tenebris,
2915 5278 3047 5338 etc.,
3075 5287 3242 5342 usque
3268 5272 3343 5325 ad
3374 5287 3388 5326 :
3429 5276 3480 5326 et
3515 5288 3626 5326 nos:
3671 5275 3813 5327 sicut

2112 5363 2227 5417 dies
2259 5361 2680 5416 illuminabitur.

2181 5450 2344 5503 Vens.
2372 5451 2459 5504 22.
2495 5479 2562 5488 -
2590 5451 2930 5517 lniquitates,
2964 5453 3069 5502 etc.
3122 5449 3408 5516 Peccator,
3455 5451 3586 5511 etc.,
3640 5463 3813 5519 usque

2123 5538 2198 5594 ad
2223 5553 2400 5610 quam
2420 5553 2537 5609 quo
2567 5553 2627 5593 se
2647 5537 2857 5592 arctius
2887 5537 3165 5608 obligant,
3198 5540 3398 5607 agunt.
