4082 6184
312 312 443 366 1089

1483 313 1736 370 GLOSSA
1774 311 2184 371 0RDINARIA.
2229 344 2294 354 —
2339 315 2469 370 LIB.
2515 314 2713 370 PROV.

3679 322 3815 377 1090

378 434 515 489 Vens
581 436 669 489 23.
701 464 767 474 —
800 436 920 504 Ipse
947 437 1225 490 morietur.
1259 434 1402 500 Quia
1435 435 1505 491 de
1528 437 1817 499 adulteris,
1866 444 1998 505 etc.,
2028 440 2073 491 A
2113 453 2177 490 ex
2209 453 2288 505 se,
2321 444 2452 506 etc.,
2487 455 2655 509 usque
2685 439 2760 494 ad
2782 440 2879 495 sed
2914 440 3049 512 quia
3075 442 3391 498 Jerusalem
3427 444 3595 516 plura
3651 462 3819 501 com-

304 540 470 594 usque
498 525 573 578 ad
607 524 742 595 quia
773 524 1136 594 disciplinam
1169 524 1295 578 vitae
1325 526 1592 579 detestati
1623 532 1771 580 sunt.

975 664 1200 719 CAPUT
1252 665 1338 719 Vl.
1400 694 1405 699 ι

375 789 539 842 Vens.
570 792 611 841 l.
646 818 715 828 —
736 788 850 841 Fili
877 790 972 841 mi.
1011 788 1353 842 Litteraliter
1391 792 1561 857 patet,
1595 792 1726 856 etc.,
1750 804 1917 857 usque
1937 788 2011 842 ad

306 878 552 946 teipsum
611 876 769 946 prius
806 893 1031 930 necesse
1062 884 1164 944 est,
1199 894 1327 948 quae
1362 878 1595 945 dixeris,
1626 878 1934 931 custodire.

384 968 542 1020 Vens.
573 969 623 1020 3.
669 995 720 1004 —
762 968 1009 1020 Suscita.
1038 968 1162 1020 Non
1186 972 1405 1020 tantum
1446 967 1568 1036 ipse
1594 967 1739 1020 bene
1770 965 2008 1020 vivendo

312 1055 546 1126 vigilare
576 1062 889 1120 memento,
949 1055 1045 1108 sed
1103 1054 1287 1122 illum,
1337 1056 1427 1109 cui
1472 1072 1677 1125 praess,
1708 1072 1739 1108 a
1796 1055 2013 1126 peccati

308 1147 540 1213 torpore
572 1142 935 1213 praedicando
966 1144 1191 1197 suscita.
1280 1156 1281 1159 ‘

381 1230 542 1284 Vens.
601 1232 653 1284 4.
722 1260 793 1269 -
867 1231 942 1284 Ne
1009 1230 1222 1284 dederis
1288 1245 1555 1284 somnum
1623 1230 1824 1295 oculis,
1874 1234 2008 1294 etc.,

308 1333 478 1387 usque
506 1318 581 1371 ad
609 1317 706 1372 sed
739 1317 859 1371 haec
880 1324 1115 1389 propter
1142 1318 1352 1372 mentis
1385 1318 1621 1372 taedium
1651 1318 1823 1388 digna
1850 1318 2008 1372 inve-

312 1406 500 1459 ctione
526 1423 643 1460 non
682 1407 943 1476 corrigit.

409 1494 571 1548 Vens.
606 1499 654 1549 ὅ.
689 1526 757 1535 --
786 1499 1009 1550 Eruere.
1052 1495 1226 1558 Quasi
1258 1496 1435 1549 dicat:
1488 1496 1656 1549 Velut
1687 1496 1917 1549 damula
1940 1495 2007 1548 de

309 1597 487 1635 manu
516 1585 816 1652 captantis,
874 1591 1003 1651 etc.,
1038 1600 1206 1653 usque
1250 1584 1324 1637 ad
1356 1590 1414 1638 et
1446 1584 1688 1638 ccelcstis
1742 1585 1870 1636 vita:
1903 1601 2003 1653 pa-

306 1686 441 1723 scua
468 1674 742 1726 merearis
772 1673 1007 1727 intrare.

382 1762 547 1815 Vens.
583 1764 633 1815 6.
705 1793 763 1801 -—
827 1762 975 1815 Vade
1023 1762 1097 1815 ad
1150 1764 1463 1828 formicam.
1529 1760 1669 1815 Hinc
1712 1767 2005 1814 vacantem

306 1851 587 1918 hortatur,
630 1858 773 1915 etc.,
816 1866 984 1919 usque
1033 1851 1107 1903 ad
1163 1850 1233 1904 de
1264 1852 1472 1904 horreo
1524 1850 1724 1920 prisca:
1769 1849 2009 1904 actionis

307 1939 460 2010 quod
484 1938 798 1993 recondidit
820 1938 1098 2009 proferre.

383 2029 542 2081 Vens.
610 2028 660 2079 9.
722 2058 791 2066 —
850 2030 1151 2097 Usquequo,
1203 2030 1381 2097 piger.
1436 2027 1688 2094 dormies,
1750 2026 1997 2094 quando.

312 2118 635 2186 Usquequo.
663 2116 841 2186 piger,
874 2117 1122 2169 dormies
1153 2116 1210 2169 in
1235 2116 1404 2181 vitiis,
1429 2120 1558 2179 etc.,
1594 2130 1759 2183 usque
1797 2114 1870 2167 ad
1901 2116 2008 2167 hoc

309 2212 395 2259 est
419 2206 574 2258 enim
621 2205 774 2274 quod
841 2206 1115 2275 sequitur,
1149 2210 1207 2257 et
1233 2207 1407 2257 veniet
1443 2206 1545 2256 tibi
1599 2206 1760 2271 quasi
1810 2206 2003 2255 viator.

384 2296 540 2348 Vens.
608 2297 689 2347 11.
742 2324 810 2332 -—-
862 2296 1103 2361 Egestas,
1155 2298 1208 2347 et
1259 2296 1575 2362 paupertas.
1641 2292 1797 2344 Patet
1843 2292 2007 2359 juxta

309 2382 579 2443 litteram,
612 2388 741 2448 etc.,
774 2397 941 2449 usque
969 2383 1042 2435 ad
1074 2382 1209 2452 quia
1256 2380 1563 2450 improvisa
1593 2384 1648 2432 et
1688 2379 2003 2432 subitanea.

380 2471 441 2526 Si
489 2486 607 2524 vero
656 2474 906 2539 impiger.
960 2471 1197 2523 Fructus
1244 2470 1478 2536 terreni,
1540 2474 1674 2534 etc.,
1727 2483 1895 2537 usque
1932 2467 2007 2521 ad

307 2560 447 2630 quia
475 2559 795 2613 mercedem
828 2559 1080 2612 laborum
1109 2558 1534 2613 indeﬁcientem
1564 2557 1861 2627 percipiet.

380 2650 540 2701 Vens.
604 2651 684 2702 l2.
717 2679 788 2687 —
821 2650 981 2702 Homo
1023 2652 1295 2718 apostata.
1338 2648 1560 2700 Dixerat
1591 2646 1659 2699 de
1699 2644 1903 2698 haeresi
1952 2648 2008 2697 et

303 2737 431 2791 aliis
464 2737 730 2790 vitiorum
775 2737 1101 2807 generibus,
1139 2742 1273 2802 etc.,
1327 2751 1496 2804 usque
1543 2735 1617 2788 ad
1655 2734 1809 2804 quod
1847 2734 2006 2787 nulla

302 2826 546 2879 interius
575 2826 762 2879 radice
785 2826 1076 2879 subsistat.

380 2915 545 2967 Vens.
590 2916 667 2967 16.
731 2944 796 2952 -—
831 2915 937 2968 Sea:
964 2920 1109 2967 sunt.
1149 2914 1225 2967 De
1271 2912 1470 2967 eodem
1503 2927 1677 2982 quam
1711 2911 1784 2964 sit
1813 2910 2005 2965 odibi-

306 3002 379 3056 lis
414 3004 523 3056 Deo
550 3002 881 3055 seminando
911 3002 1253 3056 discordiam
1277 3002 1548 3055 insinuat.

380 3093 685 3145 Detestatur
730 3093 932 3144 anima.
982 3090 1299 3146 Secundum
1373 3087 1850 3142 consuetudinem
1898 3085 2005 3139 ho-

308 3179 533 3232 minum
570 3179 841 3249 loquitur,
895 3182 957 3231 ut
1006 3195 1139 3232 eum
1171 3179 1331 3232 valde
1387 3179 1527 3231 tales
1574 3178 1761 3230 odisse
1792 3176 2005 3246 signiti-

307 3273 418 3335 cet,
451 3268 602 3321 unde
631 3269 689 3321 in
740 3268 910 3321 Isaia:
962 3268 1338 3321 Solemnitates
1370 3271 1575 3320 vestras
1615 3265 1787 3337 adivit
1818 3267 2005 3317 anima

305 3372 427 3409 mea
456 3358 595 3425 (lsa.
639 3358 695 3423 ι).

380 3446 541 3499 Vens.
598 3449 679 3499 t7.
732 3471 804 3487 --
850 3446 1058 3508 Oculos,
1110 3448 1216 3498 etc.
1254 3445 1558 3498 Enumerat
1589 3457 1684 3495 sex
1740 3439 2006 3510 capitalia

305 3533 566 3594 crimina,
601 3538 743 3600 etc.,
782 3547 949 3601 usque
969 3532 1043 3585 ad
1072 3532 1171 3602 qui
1193 3531 1555 3585 concordiam
1578 3531 1846 3583 fraternae
1880 3528 2002 3583 uni-

307 3622 439 3675 tatis
460 3620 767 3675 sciderunt.

380 3711 534 3763 Vens.
569 3712 662 3764 20.
724 3739 793 3748 —-
849 3710 1134 3778 Conserva,
1190 3709 1295 3777 ﬁli.
1357 3709 1517 3763 Nunc
1563 3711 1667 3765 sub
1727 3714 2001 3768 adulterae

305 3798 563 3852 mulieris
586 3797 772 3867 specie
803 3798 1070 3867 prohibet
1099 3799 1169 3850 ab
1199 3797 1490 3850 auditione
1521 3798 1825 3857 hmreseos.

374 3887 538 3940 Vens.
562 3889 649 3941 2t.
675 3917 741 3925 —
772 3888 913 3954 Liga
942 3902 1004 3939 ea
1036 3890 1095 3940 in
1122 3886 1298 3950 corde,
1327 3887 1386 3938 id
1423 3893 1531 3952 est,
1566 3886 1624 3939 in
1655 3890 2001 3959 cogitatione

298 3978 590 4043 praecepta
614 3974 710 4026 Dei
742 3974 852 4026 lixa
873 3979 1022 4025 tene.

374 4064 532 4116 Vens.
578 4065 667 4116 22.
700 4092 768 4103 —
817 4064 948 4118 Cum
998 4061 1379 4116 ambulaveris.
1432 4063 1611 4117 Tanta
1639 4064 1713 4118 sit
1758 4066 1998 4120 medita-

302 4152 382 4206 tio
432 4152 639 4205 diViDtB
688 4152 851 4221 legis,
904 4156 1029 4212 etc.,
1082 4166 1250 4220 usque
1290 4150 1393 4205 ad:
1444 4151 1777 4218 gradiantur
1828 4160 1998 4209 tecum

302 4241 568 4295 mandata
590 4244 701 4307 Dei,
734 4246 794 4295 ut
823 4246 872 4295 te
908 4242 1203 4294 instruant.

377 4330 508 4385 Cum
567 4330 889 4383 dormieris:
957 4328 1017 4381 in
1105 4332 1287 4381 morte
1354 4328 1676 4384 custodiant
1746 4331 1995 4390 animam

301 4425 488 4483 tuam,
523 4434 591 4471 ne
625 4418 807 4488 rapiat
856 4417 1049 4471 hostis.
1085 4418 1227 4472 Cum
1277 4417 1635 4487 evigilaveris
1666 4419 1724 4473 in
1756 4436 1999 4477 resurre-

300 4508 515 4573 ctione,
565 4506 795 4576 loquere
841 4521 971 4560 cum
1025 4506 1107 4560 eis
1149 4506 1523 4575 exspectando
1573 4509 1835 4578 praemia,
1868 4528 1999 4582 quae

296 4596 425 4662 tibi,
460 4595 508 4647 si
539 4610 605 4648 ea
632 4609 928 4660 servasses,
956 4595 1233 4664 promissa
1261 4599 1441 4648 erant.

376 4684 532 4737 Vens.
567 4686 655 4735 25.
697 4712 765 4723 —
813 4684 932 4737 Non
979 4686 1343 4753 concupiscat.
1406 4685 1564 4737 Patet
1613 4684 1683 4738 de
1713 4686 1994 4751 adultera,

297 4773 396 4826 sed
430 4771 679 4825 haeretici
709 4771 755 4823 si
802 4770 947 4826 bene
996 4772 1182 4826 vivere
1211 4778 1267 4824 et
1308 4777 1437 4842 apte
1472 4788 1531 4825 se
1560 4788 1729 4842 agere
1786 4776 1995 4829 viden-

296 4873 411 4925 tur,
448 4860 570 4911 vide
594 4875 663 4911 ne
694 4859 980 4912 seducaris
1005 4876 1205 4913 eorum
1235 4858 1532 4914 doctrinis.

368 4948 643 5000 Vens.28.
678 4975 744 4985 —
796 4947 1039 5001 Pretium
1084 4951 1226 5002 enim
1253 4950 1436 5001 scorti.
1501 4948 1689 5002 Brevis
1736 4951 1997 5022 voluptas

296 5035 711 5100 fornicationis,
744 5041 876 5101 etc.,
924 5051 1094 5106 usque
1143 5036 1217 5089 ad
1272 5036 1369 5090 sed
1401 5040 1533 5106 post
1562 5038 1861 5108 paululum
1905 5056 1996 5093 ar-

297 5125 527 5180 dentior
558 5124 724 5178 redit.

373 5215 536 5267 Vens.
604 5216 692 5267 29.
750 5242 822 5254 —
892 5212 1155 5280 Nunquid
1224 5218 1399 5281 potest
1452 5215 1605 5268 homo
1674 5214 1996 5269 abscondere

299 5306 498 5370 ignem.
530 5301 647 5355 Soli
686 5300 740 5354 ei
770 5301 1101 5354 conceditur
1131 5301 1527 5355 haereticorum
1583 5303 1757 5356 libros
1784 5303 1995 5372 legere,

296 5391 401 5460 qui
431 5390 574 5445 adeo
613 5388 889 5444 solidatus
935 5395 1019 5444 est
1047 5389 1109 5442 in
1140 5388 1249 5443 ﬁde
1273 5390 1569 5457 catholica,
1593 5397 1658 5444 ut
1689 5391 1992 5446 verborum

296 5480 599 5535 dulcedine
632 5480 718 5533 vel
750 5476 960 5533 astutia
976 5482 1226 5550 nequeat
1256 5479 1326 5533 ab
1356 5495 1423 5532 ea
1450 5479 1724 5550 separari.

373 5568 534 5622 Vens.
563 5571 649 5623 30.
683 5598 753 5608 —-
794 5568 909 5623 Non
960 5568 1190 5634 grandis
1241 5572 1319 5621 est
1349 5569 1535 5636 culpa.
1585 5568 1823 5623 Furtum
1870 5584 1986 5624 non

2122 525 2295 580 misit.

2191 615 2351 669 Vens.
2377 616 2463 670 3i.
2496 646 2564 655 -—
2596 616 2737 681 Quia
2761 618 2903 670 zelus
2950 621 3001 671 et
3051 619 3211 683 furor
3255 621 3365 672 viri
3392 636 3517 687 non,
3582 626 3689 676 etc.
3759 624 3824 678 Et

2120 701 2189 755 de
2224 704 2462 757 Domino
2493 704 2932 774 intelligendum
2961 710 3064 769 est,
3099 713 3229 773 etc.,
3258 722 3423 775 usque
3449 710 3523 763 ad
3540 710 3655 764 sive
3686 711 3816 765 ani-

2121 806 2274 845 mam
2306 809 2598 863 quamque
2632 794 2860 847 ﬁdelem
2890 810 3259 864 corrumpere
3290 798 3609 866 prmsumit.

2804 933 3026 987 CAPUT
3066 934 3180 987 νη.

2191 1058 2349 1111 Vens.
2388 1060 2435 1111 1.
2490 1087 2557 1098 -
2588 1059 2697 1112 Fili
2722 1059 2813 1110 mi.
2866 1059 2977 1111 Hac
3018 1058 3287 1127 periocha
3317 1059 3517 1114 eadem
3558 1077 3688 1133 quae
3722 1079 3817 1117 su-

2121 1146 2312 1217 perior
2345 1145 2569 1214 plenius
2592 1146 2856 1214 explicat.

2189 1235 2349 1287 Vens.
2402 1235 2455 1285 2.
2489 1263 2557 1273 —-
2612 1236 2682 1287 Et
2737 1235 2902 1301 legem
2945 1250 3135 1288 meam.
3183 1235 3320 1288 Tam
3368 1236 3607 1290 solerter
3630 1254 3814 1306 serva,

2119 1338 2247 1393 quae
2284 1322 2481 1387 doceo,
2518 1323 2681 1392 quasi
2714 1324 2792 1375 nil
2825 1323 2964 1375 recti
2998 1324 3120 1376 sine
3150 1323 3235 1376 his
3268 1324 3530 1393 aspicias.

2191 1411 2351 1463 Vens.
2400 1411 2451 1464 4.
2504 1440 2572 1450 -
2603 1413 2704 1464 Die
2751 1414 3053 1478 sapientiae,
3094 1427 3265 1466 soror.
3315 1413 3668 1482 Sapientiam
3719 1433 3815 1470 ec-

2118 1498 2446 1552 clesiasticae
2479 1499 2753 1569 doctrinae
2783 1500 3000 1553 sororia
3030 1500 3133 1553 tibi
3166 1501 3471 1555 dilectione
3504 1506 3815 1576 conjunge,

2118 1592 2179 1639 ut
2208 1588 2325 1640 haec
2357 1593 2408 1639 te
2438 1604 2470 1640 a
2505 1588 2820 1656 pollutione
2846 1595 3031 1641 servet
3091 1589 3376 1656 haeretica,
3436 1607 3565 1661 quae
3625 1610 3656 1646 a
3687 1610 3818 1649 vera

2119 1676 2370 1729 castitate
2406 1676 2669 1729 Ecclesia:
2703 1677 2974 1746 probatur
3004 1682 3290 1741 extranea,

2192 1765 2351 1817 Vens.
2384 1766 2436 1823 ,6.
2465 1793 2534 1804 —
2567 1768 2637 1818 De
2664 1767 2923 1829 fmestra.
2965 1767 3124 1818 Patet
3146 1765 3313 1834 juxta
3353 1766 3622 1837 litteram,
3685 1775 3816 1837 etc.,

2118 1869 2286 1921 usque
2304 1854 2379 1907 ad
2406 1854 2543 1925 quia
2571 1854 2821 1908 deseruit
2852 1861 3152 1924 angustam
3176 1856 3323 1909 viam
3357 1874 3487 1928 quae
3534 1860 3689 1914 ducit
3746 1862 3816 1915 ad

2120 1943 2315 1994 vitam.

2191 2030 2349 2083 Vens.
2384 2032 2435 2083 8.
2470 2060 2538 2070 -~
2567 2032 2737 2083 Juxta
2767 2032 3049 2097 angulum,
3082 2032 3219 2103 quia
3275 2034 3522 2088 deﬂectit
3553 2052 3586 2089 a
3635 2038 3808 2091 recti-

2118 2118 2341 2183 tudine;
2380 2123 2435 2171 et
2478 2133 2646 2186 prope
2680 2121 2826 2172 viam
2862 2120 3051 2175 domus
3104 2123 3254 2175 illius
3281 2123 3541 2188 graditur
3575 2140 3587 2177 :
3620 2126 3755 2195 quia
3786 2143 3820 2180 a

2119 2223 2136 2256 κ
2156 2208 2206 2258 ia
2256 2206 2507 2259 veritatis
2537 2206 2861 2273 declinavit,
2894 2209 3103 2262 merito
3128 2209 3232 2263 viae
3269 2212 3470 2265 domus
3502 2214 3818 2268 meretricis

2116 2295 2199 2347 vel
2234 2294 2475 2348 hieritici
2508 2295 2832 2365 appropiat.

2191 2384 2348 2436 Vens.
2384 2386 2435 2436 9.
2485 2414 2553 2422 —
2597 2386 2659 2437 In
2698 2384 2919 2438 obscuro
2973 2385 3467 2455 advesperascente.
3500 2388 3643 2453 Quia
3691 2391 3813 2460 jam

2118 2473 2244 2525 talis
2268 2488 2370 2542 per
2399 2473 2714 2526 caecitatem
2748 2474 2956 2540 cordis,
3003 2475 3071 2528 ad
3117 2477 3383 2530 tenebras
3421 2477 3653 2533 festinat
3682 2496 3815 2548 pec-

2114 2562 2225 2613 cati
2260 2567 2316 2613 et
2344 2561 2749 2615 damnationis.

2188 2650 2347 2703 Vens.
2381 2652 2465 2702 10.
2507 2681 2558 2689 -
2596 2652 2665 2703 Et
2696 2666 2807 2704 ecce
2843 2652 3036 2705 mulier
3070 2655 3304 2706 occurrit
3348 2659 3544 2708 ornatu
3573 2655 3661 2709 illi
3704 2672 3813 2709 me-

2114 2741 2348 2791 retricio.
2420 2739 2623 2791 Patent
2666 2739 2787 2791 haec
2835 2747 3057 2805 cuncta,
3117 2746 3247 2807 etc.,
3292 2757 3461 2812 usque
3512 2743 3587 2797 ad
3643 2744 3812 2813 spiri-

2114 2826 2255 2879 tuali
2286 2831 2469 2879 morte
2502 2827 2753 2895 perimit.

2189 2915 2343 2967 VEns.
2389 2918 2468 2968 ll.
2500 2945 2568 2953 —
2596 2916 2699 2969 Nec
2733 2916 2913 2969 valens
2933 2918 2991 2968 in
3043 2916 3197 2971 domo
3265 2917 3427 2971 Nulla
3486 2923 3572 2972 est
3625 2919 3815 2975 haere-

2044 2997 2084 3051 C
2121 3003 2214 3069 sis,
2276 3019 2403 3073 quae
2456 3003 2658 3073 primis
2715 3009 2984 3057 contenta
3050 3006 3123 3058 sit
3179 3006 3472 3076 discipulis
3520 3008 3603 3079 (hi
3658 3010 3813 3063 enim

2116 3096 2249 3145 sunt
2274 3092 2477 3145 domus
2507 3091 2670 3162 ejus),
2704 3092 2802 3146 sed
2844 3108 3072 3163 semper
3116 3109 3311 3161 novos,
3368 3111 3510 3165 quos
3561 3097 3814 3169 decipiat

2116 3179 2343 3250 quierit.

2189 3269 2348 3323 Vens.
2389 3273 2467 3324 l3.
2505 3301 2571 3309 ——
2600 3271 3120 3340 Apprehensumque
3149 3270 3492 3325 deosculatur
3533 3274 3802 3342 juvenem,

2115 3357 2171 3412 id
2202 3364 2302 3422 est,
2365 3359 2635 3412 falsorum
2666 3359 2975 3413 verborum
3023 3359 3432 3414 blandimentis
3480 3367 3661 3417 tentat
3715 3364 3811 3418 in-

2114 3446 2394 3501 stabilem.

2185 3535 2264 3588 Et
2292 3536 2513 3603 procaci
2542 3535 2695 3587 vultu
2726 3533 3029 3597 blanditur,
3060 3534 3241 3588 dicens
3275 3551 3287 3589 :
3338 3536 3504 3589 Juxta
3554 3535 3802 3589 litteram

2114 3628 2286 3690 patet,
2321 3627 2452 3687 etc.,
2486 3637 2654 3689 usque
2684 3621 2758 3674 ad
2787 3638 2918 3675 nam
2947 3627 3003 3674 et
3037 3623 3312 3675 Dominus
3342 3625 3407 3676 ad
3458 3624 3767 3694 discipulos
3796 3642 3808 3680 :

2112 3710 2223 3766 Sed
2272 3712 2415 3763 venit
2465 3710 2618 3775 liora,
2663 3714 2725 3761 ut
2802 3713 2977 3763 omnis
3032 3712 3129 3777 qui
3212 3714 3466 3779 interﬁcit
3527 3728 3641 3779 vos,
3701 3720 3807 3781 etc,

2111 3798 2299 3868 (Joun.
2333 3798 2462 3866 xvi).
2981 3863 2984 3866 .

2180 3886 2337 3938 Vens.
2423 3887 2504 3937 16.
2556 3913 2625 3923 -—
2706 3886 2924 3938 Intemui
2980 3886 3206 3951 funibus
3291 3888 3562 3943 lectulum.
3618 3889 3812 3944 Solent

2108 3974 2260 4039 lecti,
2291 3977 2420 4037 etc.,
2449 3987 2617 4040 usque
2645 3972 2719 4025 ad
2778 3989 2880 4041 per
2909 3989 3083 4044 quam
3133 3974 3400 4027 haeretica
3460 3992 3620 4030 mens
3677 3995 3809 4032 sen-

2109 4078 2235 4115 sum
2284 4061 2559 4114 doctrinoe
2620 4062 2958 4130 pestilentis,
3040 4062 3205 4132 quasi
3262 4063 3531 4117 meretrix
3571 4064 3808 4120 thorum

2109 4149 2397 4215 facinoris,
2430 4164 2488 4203 se
2521 4149 2767 4203 texuisse
2798 4150 3097 4219 gloriatur.

2184 4240 2342 4293 Vens.
2379 4242 2459 4292 17.
2495 4267 2568 4279 -
2608 4240 2837 4307 Aspersi
2866 4239 3039 4293 cubile
3074 4255 3275 4295 meum.
3342 4240 3693 4297 Promittunt
3749 4258 3809 4297 se

2116 4329 2256 4382 tales
2314 4326 2549 4381 odorem
2597 4328 2911 4381 caelestium
2966 4327 3175 4381 habere
3223 4328 3522 4394 virtutum,
3598 4330 3810 4403 quibus

2113 4433 2217 4470 sua
2246 4432 2598 4486 suorumque
2624 4416 2819 4485 corda,
2877 4417 3030 4470 velut
3082 4416 3316 4471 funibus
3371 4419 3581 4473 cubilia
3628 4435 3805 4473 venu-

2110 4510 2213 4570 sta,
2247 4510 2667 4572 consecrantur,
2700 4505 2883 4576 quasi,
2910 4505 3116 4560 Christi
3165 4506 3351 4560 bonus
3406 4507 3551 4562 odor
3607 4524 3807 4562 sumus

2113 4595 2247 4648 Deo.

2180 4684 2337 4736 Vens.
2377 4684 2460 4737 18.
2494 4710 2563 4722 -
2598 4684 2752 4750 Veni,
2807 4682 3136 4737 inebriemur
3191 4683 3464 4738 uberibus.
3524 4684 3808 4738 Doctrina:

2108 4777 2317 4825 sanctae
2347 4771 2568 4840 poculis
2594 4787 2653 4825 se
2676 4770 2919 4825 invicem
2948 4771 3236 4825 satiandos
3253 4772 3477 4842 jactant
3526 4773 3802 4841 haeretici,

2107 4866 2158 4913 ot
2192 4860 2466 4913 virtutum
2497 4859 2682 4929 gratia
2710 4859 3164 4930 conjungendos,
3196 4860 3376 4913 donec
3407 4875 3611 4914 eorum
3648 4868 3808 4929 gesta

2109 4950 2199 5003 lux
2228 4954 2502 5020 sequatur
2531 4955 2763 5003 aeterna.

2176 5040 2336 5092 Vens.
2372 5040 2461 5091 20.
2504 5068 2573 5078 —
2602 5038 2891 5092 Saeculum
2942 5040 3185 5107 pecunia:
3237 5052 3416 5092 secum
3473 5039 3617 5093 tulit.
3668 5040 3803 5093 Glo-

2109 5128 2249 5180 riam
2285 5125 2737 5187 resurrectionis,
2770 5125 3217 5179 immortalitatis
3248 5126 3439 5195 decus,
3474 5143 3590 5198 quo
3648 5128 3804 5183 illius

2108 5215 2307 5286 patriae
2337 5216 2485 5268 cives
2516 5214 2832 5268 lmtiticaret
2861 5221 2917 5267 et
2947 5214 3173 5267 ditaret.

2175 5303 2331 5355 Vens.
2365 5303 2453 5354 26.
2484 5331 2549 5340 —
2572 5304 2641 5355 Et
2668 5304 2959 5368 fortissimi
2982 5305 3238 5372 quinque
3273 5305 3543 5371 interfecti
3570 5310 3698 5360 sunt
3735 5306 3804 5361 ab

2103 5406 2184 5443 ea.
2212 5390 2282 5444 Ut
2330 5389 2453 5459 ipse
2499 5389 2727 5443 Salomo
2785 5390 3260 5462 sapientissimus,
3318 5398 3450 5460 etc.,
3508 5410 3677 5463 usque
3729 5397 3804 5452 ad

2104 5478 2201 5550 qui
2226 5477 2518 5548 negaverit
2540 5482 2717 5531 errat.

2180 5568 2338 5621 Vens.
2388 5570 2476 5621 27.
2536 5597 2605 5606 —
2660 5568 2769 5623 Viae
2817 5569 2987 5634 inferi
3040 5567 3229 5623 domus
3256 5569 3394 5639 ejus,
3430 5576 3797 5640 penetrantes.
