  <div class='ocr_page' id='page_1' title='image "/cluster/home/n/w/nwhite01/storage/ocr_20150623/113/hvd.32044054759782/551.png"; bbox 0 0 4020 6184; ppageno 0'>
   <div class='ocr_carea' id='block_1_1' title="bbox 341 335 467 389">
    <p class='ocr_par' dir='ltr' id='par_1_1' title="bbox 341 335 467 389">
     <span class='ocr_line' id='line_1_1' title="bbox 341 335 467 389; baseline 0.008 -1"><span class='ocrx_word' id='word_1_1' title='bbox 341 335 467 389; x_wconf 82' lang='grc'><strong>1091</strong></span> 
     </span>
    </p>
   </div>
   <div class='ocr_carea' id='block_1_2' title="bbox 961 322 3190 384">
    <p class='ocr_par' dir='ltr' id='par_1_2' title="bbox 961 322 3190 384">
     <span class='ocr_line' id='line_1_2' title="bbox 961 322 3190 384; baseline -0.002 0"><span class='ocrx_word' id='word_1_2' title='bbox 961 327 1348 384; x_wconf 80' lang='lat' dir='ltr'><strong>WALAFRIDI</strong></span> <span class='ocrx_word' id='word_1_3' title='bbox 1385 324 1637 383; x_wconf 79' lang='lat' dir='ltr'><strong>STRABI</strong></span> <span class='ocrx_word' id='word_1_4' title='bbox 1675 324 1874 381; x_wconf 85' lang='lat' dir='ltr'><strong>FULD.</strong></span> <span class='ocrx_word' id='word_1_5' title='bbox 1917 323 2081 382; x_wconf 77' lang='lat' dir='ltr'><strong>MON.</strong></span> <span class='ocrx_word' id='word_1_6' title='bbox 2121 324 2274 381; x_wconf 91' lang='lat' dir='ltr'><strong>OPP.</strong></span> <span class='ocrx_word' id='word_1_7' title='bbox 2320 325 2491 381; x_wconf 81' lang='lat' dir='ltr'><strong>PARS</strong></span> <span class='ocrx_word' id='word_1_8' title='bbox 2540 325 2583 381; x_wconf 87' lang='grc'><strong>1.</strong></span> <span class='ocrx_word' id='word_1_9' title='bbox 2623 354 2692 364; x_wconf 92' lang='grc'><strong><em>--</em></strong></span> <span class='ocrx_word' id='word_1_10' title='bbox 2731 322 3190 381; x_wconf 77' lang='lat' dir='ltr'><strong>THEOLOGICA.</strong></span> 
     </span>
    </p>
   </div>
   <div class='ocr_carea' id='block_1_3' title="bbox 3701 284 3822 380">
    <p class='ocr_par' dir='ltr' id='par_1_3' title="bbox 3701 284 3822 380">
     <span class='ocr_line' id='line_1_3' title="bbox 3701 284 3822 380; baseline 0 -1"><span class='ocrx_word' id='word_1_11' title='bbox 3701 328 3719 379; x_wconf 88' lang='grc'><strong>1</strong></span> <span class='ocrx_word' id='word_1_12' title='bbox 3729 284 3822 380; x_wconf 10' lang='lat' dir='ltr'><strong>i092</strong></span> 
     </span>
    </p>
   </div>
   <div class='ocr_carea' id='block_1_4' title="bbox 331 446 3822 520">
    <p class='ocr_par' dir='ltr' id='par_1_4' title="bbox 331 446 3822 520">
     <span class='ocr_line' id='line_1_4' title="bbox 331 446 3822 520; baseline -0.003 -7"><span class='ocrx_word' id='word_1_13' title='bbox 331 458 438 514; x_wconf 85' lang='lat' dir='ltr'><strong>Sed</strong></span> <span class='ocrx_word' id='word_1_14' title='bbox 461 458 530 512; x_wconf 90' lang='lat' dir='ltr'><strong>de</strong></span> <span class='ocrx_word' id='word_1_15' title='bbox 559 453 808 510; x_wconf 83' lang='lat' dir='ltr'><strong>Ecclesia</strong></span> <span class='ocrx_word' id='word_1_16' title='bbox 834 451 1110 508; x_wconf 83' lang='lat' dir='ltr'><strong>Dominus</strong></span> <span class='ocrx_word' id='word_1_17' title='bbox 1144 449 1224 504; x_wconf 90' lang='lat' dir='ltr'><strong>ait</strong></span> <span class='ocrx_word' id='word_1_18' title='bbox 1255 467 1266 502; x_wconf 91' lang='lat'><strong>:</strong></span> <span class='ocrx_word' id='word_1_19' title='bbox 1299 451 1472 504; x_wconf 58' lang='lat' dir='ltr'><strong>Porta</strong></span> <span class='ocrx_word' id='word_1_20' title='bbox 1504 449 1674 516; x_wconf 78' lang='lat' dir='ltr'><strong>inferi</strong></span> <span class='ocrx_word' id='word_1_21' title='bbox 1717 464 1822 504; x_wconf 92' lang='lat' dir='ltr'><strong>non</strong></span> <span class='ocrx_word' id='word_1_22' title='bbox 1876 462 2032 520; x_wconf 65' lang='lat' dir='ltr'><strong>prz-</strong></span> <span class='ocrx_word' id='word_1_23' title='bbox 2063 450 2108 502; x_wconf 82' lang='grc' dir='ltr'><strong>Α</strong></span> <span class='ocrx_word' id='word_1_24' title='bbox 2145 448 2324 503; x_wconf 90' lang='lat' dir='ltr'><strong>nitate</strong></span> <span class='ocrx_word' id='word_1_25' title='bbox 2383 447 2696 503; x_wconf 76' lang='lat' dir='ltr'><strong>divinitatis</strong></span> <span class='ocrx_word' id='word_1_26' title='bbox 2753 447 2962 503; x_wconf 83' lang='lat' dir='ltr'><strong>Christi</strong></span> <span class='ocrx_word' id='word_1_27' title='bbox 3007 446 3358 503; x_wconf 84' lang='lat' dir='ltr'><strong>sufﬁcienter</strong></span> <span class='ocrx_word' id='word_1_28' title='bbox 3411 447 3651 516; x_wconf 82' lang='lat' dir='ltr'><strong>dixerat,</strong></span> <span class='ocrx_word' id='word_1_29' title='bbox 3705 452 3822 512; x_wconf 88' lang='lat' dir='ltr'><strong>etc.,</strong></span> 
     </span>
    </p>
   </div>
   <div class='ocr_carea' id='block_1_5' title="bbox 333 539 1420 608">
    <p class='ocr_par' dir='ltr' id='par_1_5' title="bbox 333 539 1420 608">
     <span class='ocr_line' id='line_1_5' title="bbox 333 539 1420 608; baseline -0.008 -6"><span class='ocrx_word' id='word_1_30' title='bbox 333 547 588 602; x_wconf 81' lang='lat' dir='ltr'><strong>valebunt</strong></span> <span class='ocrx_word' id='word_1_31' title='bbox 617 544 876 598; x_wconf 83' lang='lat' dir='ltr'><strong>adversus</strong></span> <span class='ocrx_word' id='word_1_32' title='bbox 892 557 1008 595; x_wconf 88' lang='lat' dir='ltr'><strong>eam</strong></span> <span class='ocrx_word' id='word_1_33' title='bbox 1035 539 1252 608; x_wconf 82' lang='lat' dir='ltr'><strong>(Matth.</strong></span> <span class='ocrx_word' id='word_1_34' title='bbox 1287 541 1420 605; x_wconf 75' lang='lat' dir='ltr'><strong>xvx).</strong></span> 
     </span>
    </p>
   </div>
   <div class='ocr_carea' id='block_1_6' title="bbox 401 625 2027 697">
    <p class='ocr_par' dir='ltr' id='par_1_6' title="bbox 401 625 2027 697">
     <span class='ocr_line' id='line_1_6' title="bbox 401 625 2027 697; baseline -0.007 -7"><span class='ocrx_word' id='word_1_35' title='bbox 401 635 678 689; x_wconf 76' lang='lat' dir='ltr'><strong>Interiora</strong></span> <span class='ocrx_word' id='word_1_36' title='bbox 731 633 941 686; x_wconf 82' lang='lat' dir='ltr'><strong>mortis.</strong></span> <span class='ocrx_word' id='word_1_37' title='bbox 978 627 1319 684; x_wconf 88' lang='lat' dir='ltr'><strong>Obscuriora</strong></span> <span class='ocrx_word' id='word_1_38' title='bbox 1347 630 1404 680; x_wconf 88' lang='lat' dir='ltr'><strong>et</strong></span> <span class='ocrx_word' id='word_1_39' title='bbox 1461 625 1704 680; x_wconf 88' lang='lat' dir='ltr'><strong>arctiora</strong></span> <span class='ocrx_word' id='word_1_40' title='bbox 1749 625 2027 697; x_wconf 68' lang='lat' dir='ltr'><strong>gehenna:</strong></span> 
     </span>
    </p>
   </div>
   <div class='ocr_carea' id='block_1_7' title="bbox 333 714 2029 791">
    <p class='ocr_par' dir='ltr' id='par_1_7' title="bbox 333 714 2029 791">
     <span class='ocr_line' id='line_1_7' title="bbox 333 714 2029 791; baseline -0.006 -13"><span class='ocrx_word' id='word_1_41' title='bbox 333 727 636 789; x_wconf 88' lang='lat' dir='ltr'><strong>tormenta,</strong></span> <span class='ocrx_word' id='word_1_42' title='bbox 689 719 897 791; x_wconf 86' lang='lat' dir='ltr'><strong>quibus</strong></span> <span class='ocrx_word' id='word_1_43' title='bbox 954 716 1255 772; x_wconf 66' lang='lat' dir='ltr'><strong>haereticos</strong></span> <span class='ocrx_word' id='word_1_44' title='bbox 1302 718 1358 769; x_wconf 91' lang='lat' dir='ltr'><strong>et</strong></span> <span class='ocrx_word' id='word_1_45' title='bbox 1393 714 1762 770; x_wconf 84' lang='lat' dir='ltr'><strong>fornicatores</strong></span> <span class='ocrx_word' id='word_1_46' title='bbox 1808 717 2029 768; x_wconf 85' lang='lat' dir='ltr'><strong>constat</strong></span> 
     </span>
    </p>
   </div>
   <div class='ocr_carea' id='block_1_8' title="bbox 335 809 848 881">
    <p class='ocr_par' dir='ltr' id='par_1_8' title="bbox 335 809 848 881">
     <span class='ocr_line' id='line_1_8' title="bbox 335 809 848 881; baseline -0.01 -14"><span class='ocrx_word' id='word_1_47' title='bbox 335 828 456 867; x_wconf 86' lang='lat' dir='ltr'><strong>esse</strong></span> <span class='ocrx_word' id='word_1_48' title='bbox 487 809 848 881; x_wconf 89' lang='lat' dir='ltr'><strong>mergendos.</strong></span> 
     </span>
    </p>
   </div>
   <div class='ocr_carea' id='block_1_9' title="bbox 982 929 1390 988">
    <p class='ocr_par' dir='ltr' id='par_1_9' title="bbox 982 929 1390 988">
     <span class='ocr_line' id='line_1_9' title="bbox 982 929 1390 988; baseline -0.01 -1"><span class='ocrx_word' id='word_1_49' title='bbox 982 931 1209 988; x_wconf 85' lang='lat' dir='ltr'><strong>CAPUT</strong></span> <span class='ocrx_word' id='word_1_50' title='bbox 1250 929 1390 984; x_wconf 88' lang='lat' dir='ltr'><strong>VIII.</strong></span> 
     </span>
    </p>
   </div>
   <div class='ocr_carea' id='block_1_10' title="bbox 400 1033 2029 1107">
    <p class='ocr_par' dir='ltr' id='par_1_10' title="bbox 400 1033 2029 1107">
     <span class='ocr_line' id='line_1_10' title="bbox 400 1033 2029 1107; baseline -0.006 -9"><span class='ocrx_word' id='word_1_51' title='bbox 400 1045 559 1099; x_wconf 77' lang='lat' dir='ltr'><strong>Vens.</strong></span> <span class='ocrx_word' id='word_1_52' title='bbox 587 1045 635 1096; x_wconf 91' lang='grc'><strong>1.</strong></span> <span class='ocrx_word' id='word_1_53' title='bbox 669 1069 739 1080; x_wconf 89' lang='lat'><strong>-—</strong></span> <span class='ocrx_word' id='word_1_54' title='bbox 759 1038 1024 1107; x_wconf 84' lang='lat' dir='ltr'><strong>Nunquid</strong></span> <span class='ocrx_word' id='word_1_55' title='bbox 1047 1051 1154 1092; x_wconf 90' lang='lat' dir='ltr'><strong>non</strong></span> <span class='ocrx_word' id='word_1_56' title='bbox 1174 1036 1461 1106; x_wconf 77' lang='lat' dir='ltr'><strong>sapientia,</strong></span> <span class='ocrx_word' id='word_1_57' title='bbox 1495 1037 1600 1089; x_wconf 88' lang='lat' dir='ltr'><strong>etc.</strong></span> <span class='ocrx_word' id='word_1_58' title='bbox 1634 1033 1910 1089; x_wconf 87' lang='lat' dir='ltr'><strong>Dominus</strong></span> <span class='ocrx_word' id='word_1_59' title='bbox 1930 1050 2029 1106; x_wconf 88' lang='lat' dir='ltr'><strong>pa-</strong></span> 
     </span>
    </p>
   </div>
   <div class='ocr_carea' id='block_1_11' title="bbox 333 1124 2029 1187">
    <p class='ocr_par' dir='ltr' id='par_1_11' title="bbox 333 1124 2029 1187">
     <span class='ocr_line' id='line_1_11' title="bbox 333 1124 2029 1187; baseline -0.006 0"><span class='ocrx_word' id='word_1_60' title='bbox 333 1134 449 1187; x_wconf 85' lang='lat' dir='ltr'><strong>lam</strong></span> <span class='ocrx_word' id='word_1_61' title='bbox 505 1133 661 1185; x_wconf 92' lang='lat' dir='ltr'><strong>locus</strong></span> <span class='ocrx_word' id='word_1_62' title='bbox 708 1133 792 1183; x_wconf 90' lang='lat' dir='ltr'><strong>est</strong></span> <span class='ocrx_word' id='word_1_63' title='bbox 843 1127 1102 1182; x_wconf 92' lang='lat' dir='ltr'><strong>mundo:</strong></span> <span class='ocrx_word' id='word_1_64' title='bbox 1158 1130 1215 1181; x_wconf 89' lang='lat' dir='ltr'><strong>et</strong></span> <span class='ocrx_word' id='word_1_65' title='bbox 1264 1124 1325 1178; x_wconf 91' lang='lat' dir='ltr'><strong>in</strong></span> <span class='ocrx_word' id='word_1_66' title='bbox 1386 1124 1609 1178; x_wconf 91' lang='lat' dir='ltr'><strong>occulto</strong></span> <span class='ocrx_word' id='word_1_67' title='bbox 1671 1124 1892 1178; x_wconf 89' lang='lat' dir='ltr'><strong>locutus</strong></span> <span class='ocrx_word' id='word_1_68' title='bbox 1943 1127 2029 1178; x_wconf 91' lang='lat' dir='ltr'><strong>est</strong></span> 
     </span>
    </p>
   </div>
   <div class='ocr_carea' id='block_1_12' title="bbox 333 1211 2026 1288">
    <p class='ocr_par' dir='ltr' id='par_1_12' title="bbox 333 1211 2026 1288">
     <span class='ocr_line' id='line_1_12' title="bbox 333 1211 2026 1288; baseline -0.007 -11"><span class='ocrx_word' id='word_1_69' title='bbox 333 1221 506 1277; x_wconf 87' lang='lat' dir='ltr'><strong>nihil.</strong></span> <span class='ocrx_word' id='word_1_70' title='bbox 531 1219 675 1285; x_wconf 87' lang='lat' dir='ltr'><strong>Quid</strong></span> <span class='ocrx_word' id='word_1_71' title='bbox 709 1233 844 1288; x_wconf 90' lang='lat' dir='ltr'><strong>ergo</strong></span> <span class='ocrx_word' id='word_1_72' title='bbox 873 1217 1132 1286; x_wconf 89' lang='lat' dir='ltr'><strong>neglecto</strong></span> <span class='ocrx_word' id='word_1_73' title='bbox 1163 1213 1468 1284; x_wconf 88' lang='lat' dir='ltr'><strong>Evangelio</strong></span> <span class='ocrx_word' id='word_1_74' title='bbox 1499 1215 1641 1284; x_wconf 85' lang='lat' dir='ltr'><strong>ejus,</strong></span> <span class='ocrx_word' id='word_1_75' title='bbox 1665 1212 1735 1268; x_wconf 87' lang='lat' dir='ltr'><strong>ad</strong></span> <span class='ocrx_word' id='word_1_76' title='bbox 1760 1211 2026 1268; x_wconf 59' lang='lat' dir='ltr'><strong>haeresim</strong></span> 
     </span>
    </p>
   </div>
   <div class='ocr_carea' id='block_1_13' title="bbox 333 1301 1308 1366">
    <p class='ocr_par' dir='ltr' id='par_1_13' title="bbox 333 1301 1308 1366">
     <span class='ocr_line' id='line_1_13' title="bbox 333 1301 1308 1366; baseline -0.009 0"><span class='ocrx_word' id='word_1_77' title='bbox 333 1317 389 1366; x_wconf 87' lang='lat' dir='ltr'><strong>et</strong></span> <span class='ocrx_word' id='word_1_78' title='bbox 431 1308 717 1364; x_wconf 85' lang='lat' dir='ltr'><strong>lasciviam</strong></span> <span class='ocrx_word' id='word_1_79' title='bbox 746 1305 942 1361; x_wconf 84' lang='lat' dir='ltr'><strong>miseri</strong></span> <span class='ocrx_word' id='word_1_80' title='bbox 970 1301 1308 1359; x_wconf 83' lang='lat' dir='ltr'><strong>conﬂuunt?</strong></span> 
     </span>
    </p>
   </div>
   <div class='ocr_carea' id='block_1_14' title="bbox 403 1389 2027 1461">
    <p class='ocr_par' dir='ltr' id='par_1_14' title="bbox 403 1389 2027 1461">
     <span class='ocr_line' id='line_1_14' title="bbox 403 1389 2027 1461; baseline -0.006 -8"><span class='ocrx_word' id='word_1_81' title='bbox 403 1402 565 1455; x_wconf 74' lang='lat' dir='ltr'><strong>Vens.</strong></span> <span class='ocrx_word' id='word_1_82' title='bbox 597 1401 648 1451; x_wconf 79' lang='lat'><strong>2.</strong></span> <span class='ocrx_word' id='word_1_83' title='bbox 688 1427 758 1436; x_wconf 97' lang='lat'><strong>—</strong></span> <span class='ocrx_word' id='word_1_84' title='bbox 796 1398 869 1450; x_wconf 89' lang='lat' dir='ltr'><strong>In</strong></span> <span class='ocrx_word' id='word_1_85' title='bbox 909 1397 1153 1461; x_wconf 86' lang='lat' dir='ltr'><strong>summis,</strong></span> <span class='ocrx_word' id='word_1_86' title='bbox 1187 1397 1292 1448; x_wconf 92' lang='lat' dir='ltr'><strong>etc.</strong></span> <span class='ocrx_word' id='word_1_87' title='bbox 1350 1391 1415 1446; x_wconf 93' lang='lat' dir='ltr'><strong>In</strong></span> <span class='ocrx_word' id='word_1_88' title='bbox 1465 1394 1663 1446; x_wconf 91' lang='lat' dir='ltr'><strong>monte</strong></span> <span class='ocrx_word' id='word_1_89' title='bbox 1715 1389 2027 1460; x_wconf 90' lang='lat' dir='ltr'><strong>discipulos</strong></span> 
     </span>
    </p>
   </div>
   <div class='ocr_carea' id='block_1_15' title="bbox 333 1479 2027 1553">
    <p class='ocr_par' dir='ltr' id='par_1_15' title="bbox 333 1479 2027 1553">
     <span class='ocr_line' id='line_1_15' title="bbox 333 1479 2027 1553; baseline -0.006 -8"><span class='ocrx_word' id='word_1_90' title='bbox 333 1490 506 1545; x_wconf 87' lang='lat' dir='ltr'><strong>simul</strong></span> <span class='ocrx_word' id='word_1_91' title='bbox 537 1493 595 1543; x_wconf 91' lang='lat' dir='ltr'><strong>et</strong></span> <span class='ocrx_word' id='word_1_92' title='bbox 625 1487 818 1542; x_wconf 82' lang='lat' dir='ltr'><strong>turbas</strong></span> <span class='ocrx_word' id='word_1_93' title='bbox 843 1485 1054 1553; x_wconf 91' lang='lat' dir='ltr'><strong>docuit,</strong></span> <span class='ocrx_word' id='word_1_94' title='bbox 1088 1490 1195 1552; x_wconf 87' lang='lat' dir='ltr'><strong>etc,</strong></span> <span class='ocrx_word' id='word_1_95' title='bbox 1228 1497 1398 1553; x_wconf 87' lang='lat' dir='ltr'><strong>usque</strong></span> <span class='ocrx_word' id='word_1_96' title='bbox 1425 1481 1500 1536; x_wconf 89' lang='lat' dir='ltr'><strong>ad</strong></span> <span class='ocrx_word' id='word_1_97' title='bbox 1527 1479 1627 1552; x_wconf 88' lang='lat' dir='ltr'><strong>qui</strong></span> <span class='ocrx_word' id='word_1_98' title='bbox 1657 1484 1856 1534; x_wconf 88' lang='lat' dir='ltr'><strong>contra</strong></span> <span class='ocrx_word' id='word_1_99' title='bbox 1894 1495 2027 1534; x_wconf 91' lang='lat' dir='ltr'><strong>eum</strong></span> 
     </span>
    </p>
   </div>
   <div class='ocr_carea' id='block_1_16' title="bbox 333 1573 1020 1646">
    <p class='ocr_par' dir='ltr' id='par_1_16' title="bbox 333 1573 1020 1646">
     <span class='ocr_line' id='line_1_16' title="bbox 333 1573 1020 1646; baseline -0.009 -14"><span class='ocrx_word' id='word_1_100' title='bbox 333 1579 394 1632; x_wconf 93' lang='lat' dir='ltr'><strong>in</strong></span> <span class='ocrx_word' id='word_1_101' title='bbox 421 1577 640 1631; x_wconf 91' lang='lat' dir='ltr'><strong>occulto</strong></span> <span class='ocrx_word' id='word_1_102' title='bbox 669 1573 1020 1646; x_wconf 83' lang='lat' dir='ltr'><strong>loquuntur?</strong></span> 
     </span>
    </p>
   </div>
   <div class='ocr_carea' id='block_1_17' title="bbox 404 1655 2029 1729">
    <p class='ocr_par' dir='ltr' id='par_1_17' title="bbox 404 1655 2029 1729">
     <span class='ocr_line' id='line_1_17' title="bbox 404 1655 2029 1729; baseline -0.006 -10"><span class='ocrx_word' id='word_1_103' title='bbox 404 1667 563 1719; x_wconf 80' lang='lat' dir='ltr'><strong>Vens.</strong></span> <span class='ocrx_word' id='word_1_104' title='bbox 595 1665 646 1719; x_wconf 84' lang='grc'><strong>4.</strong></span> <span class='ocrx_word' id='word_1_105' title='bbox 707 1693 776 1703; x_wconf 91' lang='grc'><strong><em>-</em></strong></span> <span class='ocrx_word' id='word_1_106' title='bbox 815 1664 858 1719; x_wconf 91' lang='lat'><em>0</em></span> <span class='ocrx_word' id='word_1_107' title='bbox 885 1663 1013 1729; x_wconf 83' lang='lat' dir='ltr'><strong>viri,</strong></span> <span class='ocrx_word' id='word_1_108' title='bbox 1054 1661 1127 1715; x_wconf 86' lang='lat' dir='ltr'><strong>ad</strong></span> <span class='ocrx_word' id='word_1_109' title='bbox 1162 1675 1275 1715; x_wconf 81' lang='lat' dir='ltr'><strong>vos.</strong></span> <span class='ocrx_word' id='word_1_110' title='bbox 1309 1659 1391 1714; x_wconf 86' lang='lat' dir='ltr'><strong>Ad</strong></span> <span class='ocrx_word' id='word_1_111' title='bbox 1420 1657 1570 1712; x_wconf 88' lang='lat' dir='ltr'><strong>viros</strong></span> <span class='ocrx_word' id='word_1_112' title='bbox 1595 1657 1823 1724; x_wconf 88' lang='lat' dir='ltr'><strong>clamat,</strong></span> <span class='ocrx_word' id='word_1_113' title='bbox 1857 1655 1914 1710; x_wconf 93' lang='lat' dir='ltr'><strong>id</strong></span> <span class='ocrx_word' id='word_1_114' title='bbox 1943 1660 2029 1710; x_wconf 91' lang='lat' dir='ltr'><strong>est</strong></span> 
     </span>
    </p>
   </div>
   <div class='ocr_carea' id='block_1_18' title="bbox 332 1739 2100 1814">
    <p class='ocr_par' dir='ltr' id='par_1_18' title="bbox 332 1739 2100 1814">
     <span class='ocr_line' id='line_1_18' title="bbox 332 1739 2100 1814; baseline -0.008 -6"><span class='ocrx_word' id='word_1_115' title='bbox 332 1754 404 1809; x_wconf 87' lang='lat' dir='ltr'><strong>ad</strong></span> <span class='ocrx_word' id='word_1_116' title='bbox 432 1759 695 1807; x_wconf 86' lang='lat' dir='ltr'><strong>strenuos</strong></span> <span class='ocrx_word' id='word_1_117' title='bbox 722 1750 882 1805; x_wconf 88' lang='lat' dir='ltr'><strong>verbi</strong></span> <span class='ocrx_word' id='word_1_118' title='bbox 924 1749 1211 1804; x_wconf 87' lang='lat' dir='ltr'><strong>auditores</strong></span> <span class='ocrx_word' id='word_1_119' title='bbox 1243 1764 1256 1801; x_wconf 90' lang='lat'>:</span> <span class='ocrx_word' id='word_1_120' title='bbox 1287 1748 1347 1801; x_wconf 90' lang='lat' dir='ltr'><strong>in</strong></span> <span class='ocrx_word' id='word_1_121' title='bbox 1393 1751 1638 1814; x_wconf 90' lang='lat' dir='ltr'><strong>utroque</strong></span> <span class='ocrx_word' id='word_1_122' title='bbox 1677 1761 1816 1800; x_wconf 85' lang='lat' dir='ltr'><strong>sexu</strong></span> <span class='ocrx_word' id='word_1_123' title='bbox 1865 1760 2029 1798; x_wconf 90' lang='lat' dir='ltr'><strong>nam-</strong></span> <span class='ocrx_word' id='word_1_124' title='bbox 2061 1739 2100 1793; x_wconf 89' lang='grc' dir='ltr'><strong>Β</strong></span> 
     </span>
    </p>
   </div>
   <div class='ocr_carea' id='block_1_19' title="bbox 334 1831 2032 1912">
    <p class='ocr_par' dir='ltr' id='par_1_19' title="bbox 334 1831 2032 1912">
     <span class='ocr_line' id='line_1_19' title="bbox 334 1831 2032 1912; baseline -0.006 -17"><span class='ocrx_word' id='word_1_125' title='bbox 334 1857 445 1912; x_wconf 89' lang='lat' dir='ltr'><strong>que</strong></span> <span class='ocrx_word' id='word_1_126' title='bbox 502 1839 752 1905; x_wconf 71' lang='lat' dir='ltr'><strong>feminae,</strong></span> <span class='ocrx_word' id='word_1_127' title='bbox 782 1838 837 1892; x_wconf 93' lang='lat' dir='ltr'><strong>id</strong></span> <span class='ocrx_word' id='word_1_128' title='bbox 877 1842 982 1904; x_wconf 90' lang='lat' dir='ltr'><strong>est,</strong></span> <span class='ocrx_word' id='word_1_129' title='bbox 1032 1836 1200 1890; x_wconf 61' lang='lat' dir='ltr'><strong>fluxa</strong></span> <span class='ocrx_word' id='word_1_130' title='bbox 1253 1839 1474 1889; x_wconf 88' lang='lat' dir='ltr'><strong>mentes</strong></span> <span class='ocrx_word' id='word_1_131' title='bbox 1534 1831 1833 1904; x_wconf 79' lang='lat' dir='ltr'><strong>sapientiae</strong></span> <span class='ocrx_word' id='word_1_132' title='bbox 1860 1831 2032 1886; x_wconf 87' lang='lat' dir='ltr'><strong>verba</strong></span> 
     </span>
    </p>
   </div>
   <div class='ocr_carea' id='block_1_20' title="bbox 334 1928 966 2002">
    <p class='ocr_par' dir='ltr' id='par_1_20' title="bbox 334 1928 966 2002">
     <span class='ocr_line' id='line_1_20' title="bbox 334 1928 966 2002; baseline -0.006 -19"><span class='ocrx_word' id='word_1_133' title='bbox 334 1928 628 2002; x_wconf 88' lang='lat' dir='ltr'><strong>percipere</strong></span> <span class='ocrx_word' id='word_1_134' title='bbox 654 1930 966 1997; x_wconf 89' lang='lat' dir='ltr'><strong>nequeunt.</strong></span> 
     </span>
    </p>
   </div>
   <div class='ocr_carea' id='block_1_21' title="bbox 403 2007 2030 2082">
    <p class='ocr_par' dir='ltr' id='par_1_21' title="bbox 403 2007 2030 2082">
     <span class='ocr_line' id='line_1_21' title="bbox 403 2007 2030 2082; baseline -0.005 -12"><span class='ocrx_word' id='word_1_135' title='bbox 403 2019 574 2072; x_wconf 78' lang='lat' dir='ltr'><strong>Vens.</strong></span> <span class='ocrx_word' id='word_1_136' title='bbox 610 2019 660 2070; x_wconf 81' lang='grc'><strong>5.</strong></span> <span class='ocrx_word' id='word_1_137' title='bbox 716 2045 786 2054; x_wconf 94' lang='grc'><strong>--</strong></span> <span class='ocrx_word' id='word_1_138' title='bbox 839 2015 1153 2082; x_wconf 86' lang='lat' dir='ltr'><strong>Intelligite,</strong></span> <span class='ocrx_word' id='word_1_139' title='bbox 1201 2013 1443 2082; x_wconf 82' lang='lat' dir='ltr'><strong>parvuli,</strong></span> <span class='ocrx_word' id='word_1_140' title='bbox 1505 2014 1612 2066; x_wconf 90' lang='lat' dir='ltr'><strong>etc.</strong></span> <span class='ocrx_word' id='word_1_141' title='bbox 1669 2007 2030 2066; x_wconf 84' lang='lat' dir='ltr'><strong>Manifestum</strong></span> 
     </span>
    </p>
   </div>
   <div class='ocr_carea' id='block_1_22' title="bbox 335 2087 2028 2173">
    <p class='ocr_par' dir='ltr' id='par_1_22' title="bbox 335 2087 2028 2173">
     <span class='ocr_line' id='line_1_22' title="bbox 335 2087 2028 2173; baseline -0.005 -13"><span class='ocrx_word' id='word_1_142' title='bbox 335 2109 421 2160; x_wconf 89' lang='lat' dir='ltr'><strong>est</strong></span> <span class='ocrx_word' id='word_1_143' title='bbox 447 2106 517 2160; x_wconf 92' lang='lat' dir='ltr'><strong>de</strong></span> <span class='ocrx_word' id='word_1_144' title='bbox 552 2104 811 2173; x_wconf 86' lang='lat' dir='ltr'><strong>Domino,</strong></span> <span class='ocrx_word' id='word_1_145' title='bbox 867 2108 996 2170; x_wconf 89' lang='lat' dir='ltr'><strong>etc.,</strong></span> <span class='ocrx_word' id='word_1_146' title='bbox 1029 2117 1199 2171; x_wconf 87' lang='lat' dir='ltr'><strong>usque</strong></span> <span class='ocrx_word' id='word_1_147' title='bbox 1226 2101 1300 2156; x_wconf 89' lang='lat' dir='ltr'><strong>ad</strong></span> <span class='ocrx_word' id='word_1_148' title='bbox 1332 2117 1474 2172; x_wconf 90' lang='lat' dir='ltr'><strong>quos</strong></span> <span class='ocrx_word' id='word_1_149' title='bbox 1526 2099 1796 2155; x_wconf 88' lang='lat' dir='ltr'><strong>seducere</strong></span> <span class='ocrx_word' id='word_1_150' title='bbox 1826 2087 2028 2167; x_wconf 84' lang='lat' dir='ltr'><strong>valeat,</strong></span> 
     </span>
    </p>
   </div>
   <div class='ocr_carea' id='block_1_23' title="bbox 334 2194 560 2265">
    <p class='ocr_par' dir='ltr' id='par_1_23' title="bbox 334 2194 560 2265">
     <span class='ocr_line' id='line_1_23' title="bbox 334 2194 560 2265; baseline 0.004 -18"><span class='ocrx_word' id='word_1_151' title='bbox 334 2194 560 2265; x_wconf 71' lang='lat' dir='ltr'><strong>quaerit.</strong></span> 
     </span>
    </p>
   </div>
   <div class='ocr_carea' id='block_1_24' title="bbox 376 2278 2026 2343">
    <p class='ocr_par' dir='ltr' id='par_1_24' title="bbox 376 2278 2026 2343">
     <span class='ocr_line' id='line_1_24' title="bbox 376 2278 2026 2343; baseline -0.003 -8"><span class='ocrx_word' id='word_1_152' title='bbox 376 2283 568 2337; x_wconf 79' lang='lat' dir='ltr'><strong>‘Vens.</strong></span> <span class='ocrx_word' id='word_1_153' title='bbox 647 2287 698 2336; x_wconf 88' lang='lat'><strong>&#39;7.</strong></span> <span class='ocrx_word' id='word_1_154' title='bbox 757 2311 825 2320; x_wconf 92' lang='lat'><strong><em>—</em></strong></span> <span class='ocrx_word' id='word_1_155' title='bbox 890 2279 1061 2334; x_wconf 85' lang='lat' dir='ltr'><strong>Labia</strong></span> <span class='ocrx_word' id='word_1_156' title='bbox 1115 2294 1252 2333; x_wconf 89' lang='lat' dir='ltr'><strong>mea.</strong></span> <span class='ocrx_word' id='word_1_157' title='bbox 1303 2278 1425 2332; x_wconf 91' lang='lat' dir='ltr'><strong>Duo</strong></span> <span class='ocrx_word' id='word_1_158' title='bbox 1481 2280 1844 2343; x_wconf 87' lang='lat' dir='ltr'><strong>testamenta,</strong></span> <span class='ocrx_word' id='word_1_159' title='bbox 1895 2278 2026 2341; x_wconf 90' lang='lat' dir='ltr'><strong>etc.,</strong></span> 
     </span>
    </p>
   </div>
   <div class='ocr_carea' id='block_1_25' title="bbox 332 2365 2030 2442">
    <p class='ocr_par' dir='ltr' id='par_1_25' title="bbox 332 2365 2030 2442">
     <span class='ocr_line' id='line_1_25' title="bbox 332 2365 2030 2442; baseline -0.006 -14"><span class='ocrx_word' id='word_1_160' title='bbox 332 2389 504 2442; x_wconf 87' lang='lat' dir='ltr'><strong>usque</strong></span> <span class='ocrx_word' id='word_1_161' title='bbox 530 2371 608 2426; x_wconf 87' lang='lat' dir='ltr'><strong>ad</strong></span> <span class='ocrx_word' id='word_1_162' title='bbox 631 2370 701 2425; x_wconf 89' lang='lat' dir='ltr'><strong>ad</strong></span> <span class='ocrx_word' id='word_1_163' title='bbox 722 2368 1148 2442; x_wconf 73' lang='lat' dir='ltr'><strong>prxedicandum</strong></span> <span class='ocrx_word' id='word_1_164' title='bbox 1178 2367 1421 2421; x_wconf 87' lang='lat' dir='ltr'><strong>salutem</strong></span> <span class='ocrx_word' id='word_1_165' title='bbox 1447 2365 1780 2421; x_wconf 90' lang='lat' dir='ltr'><strong>universum</strong></span> <span class='ocrx_word' id='word_1_166' title='bbox 1833 2367 2030 2435; x_wconf 90' lang='lat' dir='ltr'><strong>aperta</strong></span> 
     </span>
    </p>
   </div>
   <div class='ocr_carea' id='block_1_26' title="bbox 334 2461 676 2533">
    <p class='ocr_par' dir='ltr' id='par_1_26' title="bbox 334 2461 676 2533">
     <span class='ocr_line' id='line_1_26' title="bbox 334 2461 676 2533; baseline -0.015 -16"><span class='ocrx_word' id='word_1_167' title='bbox 334 2477 439 2533; x_wconf 90' lang='lat' dir='ltr'><strong>per</strong></span> <span class='ocrx_word' id='word_1_168' title='bbox 457 2461 676 2515; x_wconf 90' lang='lat' dir='ltr'><strong>orbem.</strong></span> 
     </span>
    </p>
   </div>
   <div class='ocr_carea' id='block_1_27' title="bbox 404 2541 2028 2612">
    <p class='ocr_par' dir='ltr' id='par_1_27' title="bbox 404 2541 2028 2612">
     <span class='ocr_line' id='line_1_27' title="bbox 404 2541 2028 2612; baseline -0.007 -10"><span class='ocrx_word' id='word_1_169' title='bbox 404 2551 562 2604; x_wconf 77' lang='lat' dir='ltr'><strong>Vens.</strong></span> <span class='ocrx_word' id='word_1_170' title='bbox 620 2551 704 2602; x_wconf 94' lang='grc'><strong>13.</strong></span> <span class='ocrx_word' id='word_1_171' title='bbox 764 2575 834 2588; x_wconf 88' lang='lat'><strong>--</strong></span> <span class='ocrx_word' id='word_1_172' title='bbox 884 2546 1296 2612; x_wconf 83' lang='lat' dir='ltr'><strong>Arrogantiam.</strong></span> <span class='ocrx_word' id='word_1_173' title='bbox 1351 2541 1756 2612; x_wconf 84' lang='lat' dir='ltr'><strong>Arrogantiam</strong></span> <span class='ocrx_word' id='word_1_174' title='bbox 1829 2544 1887 2593; x_wconf 93' lang='lat' dir='ltr'><strong>et</strong></span> <span class='ocrx_word' id='word_1_175' title='bbox 1933 2555 2028 2592; x_wconf 89' lang='lat' dir='ltr'><strong>su-</strong></span> 
     </span>
    </p>
   </div>
   <div class='ocr_carea' id='block_1_28' title="bbox 330 2628 2028 2710">
    <p class='ocr_par' dir='ltr' id='par_1_28' title="bbox 330 2628 2028 2710">
     <span class='ocr_line' id='line_1_28' title="bbox 330 2628 2028 2710; baseline -0.006 -18"><span class='ocrx_word' id='word_1_176' title='bbox 330 2637 590 2710; x_wconf 88' lang='lat' dir='ltr'><strong>perbiam</strong></span> <span class='ocrx_word' id='word_1_177' title='bbox 623 2636 682 2690; x_wconf 90' lang='lat' dir='ltr'><strong>in</strong></span> <span class='ocrx_word' id='word_1_178' title='bbox 719 2635 818 2704; x_wconf 90' lang='lat' dir='ltr'><strong>eis,</strong></span> <span class='ocrx_word' id='word_1_179' title='bbox 870 2639 999 2699; x_wconf 90' lang='lat' dir='ltr'><strong>etc.,</strong></span> <span class='ocrx_word' id='word_1_180' title='bbox 1031 2648 1201 2703; x_wconf 82' lang='lat' dir='ltr'><strong>usque</strong></span> <span class='ocrx_word' id='word_1_181' title='bbox 1257 2631 1332 2686; x_wconf 84' lang='lat' dir='ltr'><strong>ad</strong></span> <span class='ocrx_word' id='word_1_182' title='bbox 1373 2632 1469 2686; x_wconf 92' lang='lat' dir='ltr'><strong>sed</strong></span> <span class='ocrx_word' id='word_1_183' title='bbox 1495 2631 1662 2702; x_wconf 85' lang='lat' dir='ltr'><strong>juxta</strong></span> <span class='ocrx_word' id='word_1_184' title='bbox 1703 2628 2028 2684; x_wconf 89' lang='lat' dir='ltr'><strong>auditorum</strong></span> 
     </span>
    </p>
   </div>
   <div class='ocr_carea' id='block_1_29' title="bbox 333 2724 1296 2783">
    <p class='ocr_par' dir='ltr' id='par_1_29' title="bbox 333 2724 1296 2783">
     <span class='ocr_line' id='line_1_29' title="bbox 333 2724 1296 2783; baseline -0.007 -1"><span class='ocrx_word' id='word_1_185' title='bbox 333 2728 561 2783; x_wconf 85' lang='lat' dir='ltr'><strong>libitum</strong></span> <span class='ocrx_word' id='word_1_186' title='bbox 591 2742 694 2779; x_wconf 88' lang='lat' dir='ltr'><strong>sua</strong></span> <span class='ocrx_word' id='word_1_187' title='bbox 723 2724 892 2778; x_wconf 90' lang='lat' dir='ltr'><strong>verba</strong></span> <span class='ocrx_word' id='word_1_188' title='bbox 921 2725 1296 2777; x_wconf 84' lang='lat' dir='ltr'><strong>commutant.</strong></span> 
     </span>
    </p>
   </div>
   <div class='ocr_carea' id='block_1_30' title="bbox 403 2804 2029 2870">
    <p class='ocr_par' dir='ltr' id='par_1_30' title="bbox 403 2804 2029 2870">
     <span class='ocr_line' id='line_1_30' title="bbox 403 2804 2029 2870; baseline -0.007 -2"><span class='ocrx_word' id='word_1_189' title='bbox 403 2817 564 2870; x_wconf 76' lang='lat' dir='ltr'><strong>Vens.</strong></span> <span class='ocrx_word' id='word_1_190' title='bbox 603 2815 686 2869; x_wconf 72' lang='grc'><strong>14.</strong></span> <span class='ocrx_word' id='word_1_191' title='bbox 715 2843 782 2852; x_wconf 92' lang='lat'>—</span> <span class='ocrx_word' id='word_1_192' title='bbox 823 2814 995 2866; x_wconf 84' lang='lat' dir='ltr'><strong>Meum</strong></span> <span class='ocrx_word' id='word_1_193' title='bbox 1023 2816 1102 2866; x_wconf 90' lang='lat' dir='ltr'><strong>est</strong></span> <span class='ocrx_word' id='word_1_194' title='bbox 1128 2811 1437 2864; x_wconf 82' lang='lat' dir='ltr'><strong>consilium.</strong></span> <span class='ocrx_word' id='word_1_195' title='bbox 1513 2808 1636 2861; x_wconf 93' lang='lat' dir='ltr'><strong>Non</strong></span> <span class='ocrx_word' id='word_1_196' title='bbox 1685 2821 1744 2860; x_wconf 89' lang='lat' dir='ltr'><strong>se</strong></span> <span class='ocrx_word' id='word_1_197' title='bbox 1799 2804 2029 2859; x_wconf 80' lang='lat' dir='ltr'><strong>extollat</strong></span> 
     </span>
    </p>
   </div>
   <div class='ocr_carea' id='block_1_31' title="bbox 330 2891 2028 2973">
    <p class='ocr_par' dir='ltr' id='par_1_31' title="bbox 330 2891 2028 2973">
     <span class='ocr_line' id='line_1_31' title="bbox 330 2891 2028 2973; baseline -0.009 -13"><span class='ocrx_word' id='word_1_198' title='bbox 330 2905 584 2960; x_wconf 87' lang='lat' dir='ltr'><strong>humana</strong></span> <span class='ocrx_word' id='word_1_199' title='bbox 629 2900 1052 2973; x_wconf 60' lang='lat' dir='ltr'><strong>praesumptio:</strong></span> <span class='ocrx_word' id='word_1_200' title='bbox 1109 2897 1530 2969; x_wconf 90' lang='lat' dir='ltr'><strong>plenitudinem</strong></span> <span class='ocrx_word' id='word_1_201' title='bbox 1584 2895 1858 2951; x_wconf 90' lang='lat' dir='ltr'><strong>virtutum</strong></span> <span class='ocrx_word' id='word_1_202' title='bbox 1907 2891 2028 2946; x_wconf 90' lang='lat' dir='ltr'><strong>sola</strong></span> 
     </span>
    </p>
   </div>
   <div class='ocr_carea' id='block_1_32' title="bbox 333 2982 1940 3064">
    <p class='ocr_par' dir='ltr' id='par_1_32' title="bbox 333 2982 1940 3064">
     <span class='ocr_line' id='line_1_32' title="bbox 333 2982 1940 3064; baseline -0.009 -16"><span class='ocrx_word' id='word_1_203' title='bbox 333 2994 434 3048; x_wconf 90' lang='lat' dir='ltr'><strong>Dei</strong></span> <span class='ocrx_word' id='word_1_204' title='bbox 468 2991 749 3064; x_wconf 84' lang='lat' dir='ltr'><strong>sapientia</strong></span> <span class='ocrx_word' id='word_1_205' title='bbox 795 2989 1065 3062; x_wconf 89' lang='lat' dir='ltr'><strong>possidet,</strong></span> <span class='ocrx_word' id='word_1_206' title='bbox 1110 2988 1181 3042; x_wconf 89' lang='lat' dir='ltr'><strong>ab</strong></span> <span class='ocrx_word' id='word_1_207' title='bbox 1227 2988 1334 3042; x_wconf 88' lang='lat' dir='ltr'><strong>hac</strong></span> <span class='ocrx_word' id='word_1_208' title='bbox 1387 2987 1642 3041; x_wconf 88' lang='lat' dir='ltr'><strong>humana</strong></span> <span class='ocrx_word' id='word_1_209' title='bbox 1699 2982 1940 3038; x_wconf 81' lang='lat' dir='ltr'><strong>inﬁrmit</strong></span> 
     </span>
    </p>
   </div>
   <div class='ocr_carea' id='block_1_33' title="bbox 331 3073 1328 3150">
    <p class='ocr_par' dir='ltr' id='par_1_33' title="bbox 331 3073 1328 3150">
     <span class='ocr_line' id='line_1_33' title="bbox 331 3073 1328 3150; baseline -0.006 -17"><span class='ocrx_word' id='word_1_210' title='bbox 331 3079 608 3150; x_wconf 86' lang='lat' dir='ltr'><strong>quidquid</strong></span> <span class='ocrx_word' id='word_1_211' title='bbox 637 3077 811 3132; x_wconf 85' lang='lat' dir='ltr'><strong>habet</strong></span> <span class='ocrx_word' id='word_1_212' title='bbox 840 3075 1085 3142; x_wconf 87' lang='lat' dir='ltr'><strong>virtutis,</strong></span> <span class='ocrx_word' id='word_1_213' title='bbox 1104 3073 1328 3144; x_wconf 89' lang='lat' dir='ltr'><strong>accipit.</strong></span> 
     </span>
    </p>
   </div>
   <div class='ocr_carea' id='block_1_34' title="bbox 402 3155 2023 3232">
    <p class='ocr_par' dir='ltr' id='par_1_34' title="bbox 402 3155 2023 3232">
     <span class='ocr_line' id='line_1_34' title="bbox 402 3155 2023 3232; baseline -0.007 -12"><span class='ocrx_word' id='word_1_214' title='bbox 402 3169 561 3221; x_wconf 82' lang='lat' dir='ltr'><strong>Vens.</strong></span> <span class='ocrx_word' id='word_1_215' title='bbox 598 3170 682 3221; x_wconf 80' lang='lat' dir='ltr'><strong>t5.</strong></span> <span class='ocrx_word' id='word_1_216' title='bbox 716 3197 783 3205; x_wconf 93' lang='lat'><strong>—</strong></span> <span class='ocrx_word' id='word_1_217' title='bbox 807 3167 909 3220; x_wconf 85' lang='lat' dir='ltr'><strong>Per</strong></span> <span class='ocrx_word' id='word_1_218' title='bbox 951 3180 1031 3218; x_wconf 89' lang='lat' dir='ltr'><strong>me</strong></span> <span class='ocrx_word' id='word_1_219' title='bbox 1058 3177 1234 3232; x_wconf 81' lang='lat' dir='ltr'><strong>reges.</strong></span> <span class='ocrx_word' id='word_1_220' title='bbox 1276 3163 1460 3232; x_wconf 80' lang='lat' dir='ltr'><strong>Reges</strong></span> <span class='ocrx_word' id='word_1_221' title='bbox 1521 3159 1661 3214; x_wconf 90' lang='lat' dir='ltr'><strong>dicit</strong></span> <span class='ocrx_word' id='word_1_222' title='bbox 1718 3155 2023 3228; x_wconf 87' lang='lat' dir='ltr'><strong>apostolos,</strong></span> 
     </span>
    </p>
   </div>
   <div class='ocr_carea' id='block_1_35' title="bbox 329 3247 2028 3324">
    <p class='ocr_par' dir='ltr' id='par_1_35' title="bbox 329 3247 2028 3324">
     <span class='ocr_line' id='line_1_35' title="bbox 329 3247 2028 3324; baseline -0.006 -14"><span class='ocrx_word' id='word_1_223' title='bbox 329 3259 462 3323; x_wconf 90' lang='lat' dir='ltr'><strong>etc.,</strong></span> <span class='ocrx_word' id='word_1_224' title='bbox 487 3269 656 3324; x_wconf 86' lang='lat' dir='ltr'><strong>usque</strong></span> <span class='ocrx_word' id='word_1_225' title='bbox 695 3253 770 3308; x_wconf 87' lang='lat' dir='ltr'><strong>ad</strong></span> <span class='ocrx_word' id='word_1_226' title='bbox 802 3253 881 3307; x_wconf 86' lang='lat' dir='ltr'><strong>ait</strong></span> <span class='ocrx_word' id='word_1_227' title='bbox 906 3252 1061 3306; x_wconf 88' lang='lat' dir='ltr'><strong>enim</strong></span> <span class='ocrx_word' id='word_1_228' title='bbox 1099 3268 1112 3306; x_wconf 91' lang='lat'><strong>:</strong></span> <span class='ocrx_word' id='word_1_229' title='bbox 1139 3251 1266 3307; x_wconf 85' lang='lat' dir='ltr'><strong>Sine</strong></span> <span class='ocrx_word' id='word_1_230' title='bbox 1299 3265 1382 3304; x_wconf 90' lang='lat' dir='ltr'><strong>me</strong></span> <span class='ocrx_word' id='word_1_231' title='bbox 1401 3249 1541 3304; x_wconf 80' lang='lat' dir='ltr'><strong>nihil</strong></span> <span class='ocrx_word' id='word_1_232' title='bbox 1561 3247 1791 3318; x_wconf 84' lang='lat' dir='ltr'><strong>potestis</strong></span> <span class='ocrx_word' id='word_1_233' title='bbox 1847 3247 2028 3314; x_wconf 82' lang='lat' dir='ltr'><strong>facere</strong></span> 
     </span>
    </p>
   </div>
   <div class='ocr_carea' id='block_1_36' title="bbox 331 3343 1212 3414">
    <p class='ocr_par' dir='ltr' id='par_1_36' title="bbox 331 3343 1212 3414">
     <span class='ocr_line' id='line_1_36' title="bbox 331 3343 1212 3414; baseline -0.003 -18"><span class='ocrx_word' id='word_1_234' title='bbox 331 3343 513 3414; x_wconf 86' lang='lat' dir='ltr'><strong>(Joan.</strong></span> <span class='ocrx_word' id='word_1_235' title='bbox 545 3343 657 3412; x_wconf 86' lang='lat' dir='ltr'><strong>xv).</strong></span> <span class='ocrx_word' id='word_1_236' title='bbox 1203 3387 1212 3393; x_wconf 93' lang='lat'><strong>.</strong></span> 
     </span>
    </p>
   </div>
   <div class='ocr_carea' id='block_1_37' title="bbox 402 3422 2024 3495">
    <p class='ocr_par' dir='ltr' id='par_1_37' title="bbox 402 3422 2024 3495">
     <span class='ocr_line' id='line_1_37' title="bbox 402 3422 2024 3495; baseline -0.004 -13"><span class='ocrx_word' id='word_1_237' title='bbox 402 3433 562 3484; x_wconf 81' lang='lat' dir='ltr'><strong>Vens.</strong></span> <span class='ocrx_word' id='word_1_238' title='bbox 603 3435 686 3484; x_wconf 86' lang='grc'><strong>17.</strong></span> <span class='ocrx_word' id='word_1_239' title='bbox 722 3457 792 3470; x_wconf 91' lang='grc'><strong><em>-</em></strong></span> <span class='ocrx_word' id='word_1_240' title='bbox 850 3431 964 3495; x_wconf 91' lang='lat' dir='ltr'><strong>Ego</strong></span> <span class='ocrx_word' id='word_1_241' title='bbox 1012 3428 1315 3494; x_wconf 76' lang='lat' dir='ltr'><strong>diligentes,</strong></span> <span class='ocrx_word' id='word_1_242' title='bbox 1374 3428 1480 3478; x_wconf 85' lang='lat' dir='ltr'><strong>etc.</strong></span> <span class='ocrx_word' id='word_1_243' title='bbox 1531 3425 1640 3489; x_wconf 85' lang='lat' dir='ltr'><strong>Qui</strong></span> <span class='ocrx_word' id='word_1_244' title='bbox 1692 3422 1877 3489; x_wconf 81' lang='lat' dir='ltr'><strong>diligit</strong></span> <span class='ocrx_word' id='word_1_245' title='bbox 1923 3437 2024 3487; x_wconf 89' lang='lat' dir='ltr'><strong>me,</strong></span> 
     </span>
    </p>
   </div>
   <div class='ocr_carea' id='block_1_38' title="bbox 332 3509 2028 3584">
    <p class='ocr_par' dir='ltr' id='par_1_38' title="bbox 332 3509 2028 3584">
     <span class='ocr_line' id='line_1_38' title="bbox 332 3509 2028 3584; baseline -0.005 -12"><span class='ocrx_word' id='word_1_246' title='bbox 332 3519 592 3584; x_wconf 86' lang='lat' dir='ltr'><strong>diligetur</strong></span> <span class='ocrx_word' id='word_1_247' title='bbox 620 3533 654 3570; x_wconf 94' lang='lat' dir='ltr'><strong>a</strong></span> <span class='ocrx_word' id='word_1_248' title='bbox 686 3517 884 3570; x_wconf 85' lang='lat' dir='ltr'><strong>Patre:</strong></span> <span class='ocrx_word' id='word_1_249' title='bbox 919 3520 969 3569; x_wconf 92' lang='lat' dir='ltr'><strong>et</strong></span> <span class='ocrx_word' id='word_1_250' title='bbox 996 3529 1088 3580; x_wconf 89' lang='lat' dir='ltr'><strong>ego</strong></span> <span class='ocrx_word' id='word_1_251' title='bbox 1143 3513 1375 3581; x_wconf 83' lang='lat' dir='ltr'><strong>diligam</strong></span> <span class='ocrx_word' id='word_1_252' title='bbox 1403 3527 1540 3578; x_wconf 88' lang='lat' dir='ltr'><strong>eum,</strong></span> <span class='ocrx_word' id='word_1_253' title='bbox 1574 3517 1624 3566; x_wconf 91' lang='lat' dir='ltr'><strong>et</strong></span> <span class='ocrx_word' id='word_1_254' title='bbox 1667 3509 2028 3576; x_wconf 86' lang='lat' dir='ltr'><strong>manifestabo</strong></span> 
     </span>
    </p>
   </div>
   <div class='ocr_carea' id='block_1_39' title="bbox 331 3597 2026 3674">
    <p class='ocr_par' dir='ltr' id='par_1_39' title="bbox 331 3597 2026 3674">
     <span class='ocr_line' id='line_1_39' title="bbox 331 3597 2026 3674; baseline -0.005 -14"><span class='ocrx_word' id='word_1_255' title='bbox 331 3608 662 3674; x_wconf 82' lang='lat' dir='ltr'><strong>eimeipsum</strong></span> <span class='ocrx_word' id='word_1_256' title='bbox 691 3606 867 3674; x_wconf 87' lang='lat' dir='ltr'><strong>(Joan.</strong></span> <span class='ocrx_word' id='word_1_257' title='bbox 902 3603 1040 3673; x_wconf 83' lang='lat' dir='ltr'><strong>xiv).</strong></span> <span class='ocrx_word' id='word_1_258' title='bbox 1085 3603 1243 3658; x_wconf 85' lang='lat' dir='ltr'><strong>Mane</strong></span> <span class='ocrx_word' id='word_1_259' title='bbox 1302 3600 1519 3672; x_wconf 89' lang='lat' dir='ltr'><strong>quippe</strong></span> <span class='ocrx_word' id='word_1_260' title='bbox 1564 3599 1633 3654; x_wconf 89' lang='lat' dir='ltr'><strong>ad</strong></span> <span class='ocrx_word' id='word_1_261' title='bbox 1687 3597 2026 3669; x_wconf 83' lang='lat' dir='ltr'><strong>sapientiam</strong></span> 
     </span>
    </p>
   </div>
   <div class='ocr_carea' id='block_1_40' title="bbox 329 3686 2026 3764">
    <p class='ocr_par' dir='ltr' id='par_1_40' title="bbox 329 3686 2026 3764">
     <span class='ocr_line' id='line_1_40' title="bbox 329 3686 2026 3764; baseline -0.005 -15"><span class='ocrx_word' id='word_1_262' title='bbox 329 3696 590 3763; x_wconf 78' lang='lat' dir='ltr'><strong>uigilant,</strong></span> <span class='ocrx_word' id='word_1_263' title='bbox 625 3693 726 3764; x_wconf 90' lang='lat' dir='ltr'><strong>qui</strong></span> <span class='ocrx_word' id='word_1_264' title='bbox 772 3693 1043 3746; x_wconf 85' lang='lat' dir='ltr'><strong>innovato</strong></span> <span class='ocrx_word' id='word_1_265' title='bbox 1108 3689 1318 3745; x_wconf 89' lang='lat' dir='ltr'><strong>mentis</strong></span> <span class='ocrx_word' id='word_1_266' title='bbox 1353 3689 1546 3744; x_wconf 88' lang='lat' dir='ltr'><strong>studio</strong></span> <span class='ocrx_word' id='word_1_267' title='bbox 1600 3687 1666 3743; x_wconf 85' lang='lat' dir='ltr'><strong>ad</strong></span> <span class='ocrx_word' id='word_1_268' title='bbox 1701 3686 1910 3743; x_wconf 84' lang='lat' dir='ltr'><strong>Christi</strong></span> <span class='ocrx_word' id='word_1_269' title='bbox 1937 3686 2026 3740; x_wconf 90' lang='lat' dir='ltr'><strong>vi-</strong></span> 
     </span>
    </p>
   </div>
   <div class='ocr_carea' id='block_1_41' title="bbox 331 3783 1179 3853">
    <p class='ocr_par' dir='ltr' id='par_1_41' title="bbox 331 3783 1179 3853">
     <span class='ocr_line' id='line_1_41' title="bbox 331 3783 1179 3853; baseline -0.002 -17"><span class='ocrx_word' id='word_1_270' title='bbox 331 3783 551 3837; x_wconf 88' lang='lat' dir='ltr'><strong>sionem</strong></span> <span class='ocrx_word' id='word_1_271' title='bbox 573 3783 852 3853; x_wconf 78' lang='lat' dir='ltr'><strong>attingere</strong></span> <span class='ocrx_word' id='word_1_272' title='bbox 893 3784 1179 3852; x_wconf 82' lang='lat' dir='ltr'><strong>satagunt.</strong></span> 
     </span>
    </p>
   </div>
   <div class='ocr_carea' id='block_1_42' title="bbox 400 3864 2022 3938">
    <p class='ocr_par' dir='ltr' id='par_1_42' title="bbox 400 3864 2022 3938">
     <span class='ocr_line' id='line_1_42' title="bbox 400 3864 2022 3938; baseline -0.005 -13"><span class='ocrx_word' id='word_1_273' title='bbox 400 3873 568 3927; x_wconf 77' lang='lat' dir='ltr'><strong>Vens.</strong></span> <span class='ocrx_word' id='word_1_274' title='bbox 606 3873 691 3926; x_wconf 91' lang='grc'><strong>18.</strong></span> <span class='ocrx_word' id='word_1_275' title='bbox 722 3900 794 3913; x_wconf 86' lang='lat'><strong>——</strong></span> <span class='ocrx_word' id='word_1_276' title='bbox 819 3871 1022 3925; x_wconf 87' lang='lat' dir='ltr'><strong>Mecum</strong></span> <span class='ocrx_word' id='word_1_277' title='bbox 1075 3873 1202 3924; x_wconf 86' lang='lat' dir='ltr'><strong>sunt</strong></span> <span class='ocrx_word' id='word_1_278' title='bbox 1237 3867 1466 3922; x_wconf 61' lang='lat' dir='ltr'><strong>divitia.</strong></span> <span class='ocrx_word' id='word_1_279' title='bbox 1527 3867 1672 3938; x_wconf 89' lang='lat' dir='ltr'><strong>Opes</strong></span> <span class='ocrx_word' id='word_1_280' title='bbox 1730 3864 2022 3936; x_wconf 89' lang='lat' dir='ltr'><strong>superbas,</strong></span> 
     </span>
    </p>
   </div>
   <div class='ocr_carea' id='block_1_43' title="bbox 331 3953 2024 4032">
    <p class='ocr_par' dir='ltr' id='par_1_43' title="bbox 331 3953 2024 4032">
     <span class='ocr_line' id='line_1_43' title="bbox 331 3953 2024 4032; baseline -0.005 -16"><span class='ocrx_word' id='word_1_281' title='bbox 331 3976 472 4032; x_wconf 90' lang='lat' dir='ltr'><strong>opes</strong></span> <span class='ocrx_word' id='word_1_282' title='bbox 501 3961 749 4015; x_wconf 87' lang='lat' dir='ltr'><strong>excelsas</strong></span> <span class='ocrx_word' id='word_1_283' title='bbox 778 3959 934 4025; x_wconf 91' lang='lat' dir='ltr'><strong>dicit,</strong></span> <span class='ocrx_word' id='word_1_284' title='bbox 980 3963 1112 4024; x_wconf 92' lang='lat' dir='ltr'><strong>etc.,</strong></span> <span class='ocrx_word' id='word_1_285' title='bbox 1167 3972 1339 4028; x_wconf 88' lang='lat' dir='ltr'><strong>usque</strong></span> <span class='ocrx_word' id='word_1_286' title='bbox 1376 3956 1450 4010; x_wconf 87' lang='lat' dir='ltr'><strong>ad</strong></span> <span class='ocrx_word' id='word_1_287' title='bbox 1481 3960 1537 4010; x_wconf 90' lang='lat' dir='ltr'><strong>et</strong></span> <span class='ocrx_word' id='word_1_288' title='bbox 1593 3955 1877 4026; x_wconf 88' lang='lat' dir='ltr'><strong>promissa</strong></span> <span class='ocrx_word' id='word_1_289' title='bbox 1932 3953 2024 4024; x_wconf 91' lang='lat' dir='ltr'><strong>ip-</strong></span> 
     </span>
    </p>
   </div>
   <div class='ocr_carea' id='block_1_44' title="bbox 330 4045 1582 4120">
    <p class='ocr_par' dir='ltr' id='par_1_44' title="bbox 330 4045 1582 4120">
     <span class='ocr_line' id='line_1_44' title="bbox 330 4045 1582 4120; baseline -0.006 -15"><span class='ocrx_word' id='word_1_290' title='bbox 330 4051 451 4105; x_wconf 86' lang='lat' dir='ltr'><strong>sius</strong></span> <span class='ocrx_word' id='word_1_291' title='bbox 477 4053 868 4120; x_wconf 83' lang='lat' dir='ltr'><strong>exspectamus</strong></span> <span class='ocrx_word' id='word_1_292' title='bbox 900 4048 959 4101; x_wconf 90' lang='lat' dir='ltr'><strong>in</strong></span> <span class='ocrx_word' id='word_1_293' title='bbox 991 4047 1200 4118; x_wconf 90' lang='lat' dir='ltr'><strong>quibus</strong></span> <span class='ocrx_word' id='word_1_294' title='bbox 1229 4051 1315 4100; x_wconf 89' lang='lat' dir='ltr'><strong>est</strong></span> <span class='ocrx_word' id='word_1_295' title='bbox 1337 4045 1582 4117; x_wconf 87' lang='lat' dir='ltr'><strong>justitia.</strong></span> 
     </span>
    </p>
   </div>
   <div class='ocr_carea' id='block_1_45' title="bbox 398 4131 2025 4205">
    <p class='ocr_par' dir='ltr' id='par_1_45' title="bbox 398 4131 2025 4205">
     <span class='ocr_line' id='line_1_45' title="bbox 398 4131 2025 4205; baseline -0.006 -12"><span class='ocrx_word' id='word_1_296' title='bbox 398 4139 573 4193; x_wconf 78' lang='lat' dir='ltr'><strong>Vens.</strong></span> <span class='ocrx_word' id='word_1_297' title='bbox 602 4139 690 4192; x_wconf 81' lang='lat'><strong>22.</strong></span> <span class='ocrx_word' id='word_1_298' title='bbox 724 4164 789 4176; x_wconf 73' lang='grc' dir='ltr'><strong>-ο</strong></span> <span class='ocrx_word' id='word_1_299' title='bbox 825 4138 1080 4191; x_wconf 87' lang='lat' dir='ltr'><strong>Dominus</strong></span> <span class='ocrx_word' id='word_1_300' title='bbox 1108 4135 1348 4205; x_wconf 79' lang='lat' dir='ltr'><strong>possedit</strong></span> <span class='ocrx_word' id='word_1_301' title='bbox 1378 4149 1477 4187; x_wconf 90' lang='lat' dir='ltr'><strong>me.</strong></span> <span class='ocrx_word' id='word_1_302' title='bbox 1516 4135 1820 4202; x_wconf 87' lang='lat' dir='ltr'><strong>Hucusque</strong></span> <span class='ocrx_word' id='word_1_303' title='bbox 1868 4131 2025 4185; x_wconf 84' lang='lat' dir='ltr'><strong>locu-</strong></span> 
     </span>
    </p>
   </div>
   <div class='ocr_carea' id='block_1_46' title="bbox 325 4219 2024 4296">
    <p class='ocr_par' dir='ltr' id='par_1_46' title="bbox 325 4219 2024 4296">
     <span class='ocr_line' id='line_1_46' title="bbox 325 4219 2024 4296; baseline -0.006 -13"><span class='ocrx_word' id='word_1_304' title='bbox 325 4232 417 4283; x_wconf 89' lang='lat' dir='ltr'><strong>tus</strong></span> <span class='ocrx_word' id='word_1_305' title='bbox 443 4231 529 4282; x_wconf 86' lang='lat' dir='ltr'><strong>est</strong></span> <span class='ocrx_word' id='word_1_306' title='bbox 552 4225 877 4296; x_wconf 88' lang='lat' dir='ltr'><strong>parabolice</strong></span> <span class='ocrx_word' id='word_1_307' title='bbox 909 4224 978 4279; x_wconf 89' lang='lat' dir='ltr'><strong>ad</strong></span> <span class='ocrx_word' id='word_1_308' title='bbox 1013 4224 1238 4291; x_wconf 87' lang='lat' dir='ltr'><strong>Filium,</strong></span> <span class='ocrx_word' id='word_1_309' title='bbox 1272 4239 1425 4277; x_wconf 91' lang='lat' dir='ltr'><strong>nunc</strong></span> <span class='ocrx_word' id='word_1_310' title='bbox 1472 4237 1603 4275; x_wconf 90' lang='lat' dir='ltr'><strong>vero</strong></span> <span class='ocrx_word' id='word_1_311' title='bbox 1661 4219 1797 4291; x_wconf 91' lang='lat' dir='ltr'><strong>quia</strong></span> <span class='ocrx_word' id='word_1_312' title='bbox 1857 4235 2024 4273; x_wconf 91' lang='lat' dir='ltr'><strong>men-</strong></span> 
     </span>
    </p>
   </div>
   <div class='ocr_carea' id='block_1_47' title="bbox 326 4302 2092 4384">
    <p class='ocr_par' dir='ltr' id='par_1_47' title="bbox 326 4302 2092 4384">
     <span class='ocr_line' id='line_1_47' title="bbox 326 4302 2092 4384; baseline -0.007 -13"><span class='ocrx_word' id='word_1_313' title='bbox 326 4317 546 4371; x_wconf 89' lang='lat' dir='ltr'><strong>tionem</strong></span> <span class='ocrx_word' id='word_1_314' title='bbox 600 4315 812 4370; x_wconf 85' lang='lat' dir='ltr'><strong>fecerat</strong></span> <span class='ocrx_word' id='word_1_315' title='bbox 869 4314 939 4368; x_wconf 92' lang='lat' dir='ltr'><strong>de</strong></span> <span class='ocrx_word' id='word_1_316' title='bbox 991 4312 1291 4384; x_wconf 88' lang='lat' dir='ltr'><strong>sapientia,</strong></span> <span class='ocrx_word' id='word_1_317' title='bbox 1353 4315 1412 4364; x_wconf 91' lang='lat' dir='ltr'><strong>et</strong></span> <span class='ocrx_word' id='word_1_318' title='bbox 1455 4325 1574 4364; x_wconf 91' lang='lat' dir='ltr'><strong>non</strong></span> <span class='ocrx_word' id='word_1_319' title='bbox 1617 4308 1838 4363; x_wconf 88' lang='lat' dir='ltr'><strong>dixerat</strong></span> <span class='ocrx_word' id='word_1_320' title='bbox 1893 4323 2021 4379; x_wconf 65' lang='lat' dir='ltr'><strong>quae</strong></span> <span class='ocrx_word' id='word_1_321' title='bbox 2050 4302 2092 4356; x_wconf 91' lang='lat' dir='ltr'><strong>D</strong></span> 
     </span>
    </p>
   </div>
   <div class='ocr_carea' id='block_1_48' title="bbox 329 4397 2023 4474">
    <p class='ocr_par' dir='ltr' id='par_1_48' title="bbox 329 4397 2023 4474">
     <span class='ocr_line' id='line_1_48' title="bbox 329 4397 2023 4474; baseline -0.006 -15"><span class='ocrx_word' id='word_1_322' title='bbox 329 4409 496 4471; x_wconf 87' lang='lat' dir='ltr'><strong>esset,</strong></span> <span class='ocrx_word' id='word_1_323' title='bbox 549 4407 606 4458; x_wconf 90' lang='lat' dir='ltr'><strong>et</strong></span> <span class='ocrx_word' id='word_1_324' title='bbox 634 4405 866 4474; x_wconf 82' lang='lat' dir='ltr'><strong>quantae</strong></span> <span class='ocrx_word' id='word_1_325' title='bbox 920 4400 1239 4473; x_wconf 88' lang='lat' dir='ltr'><strong>dignitatis,</strong></span> <span class='ocrx_word' id='word_1_326' title='bbox 1286 4397 1448 4470; x_wconf 89' lang='lat' dir='ltr'><strong>quasi</strong></span> <span class='ocrx_word' id='word_1_327' title='bbox 1480 4397 1799 4452; x_wconf 88' lang='lat' dir='ltr'><strong>incidenter</strong></span> <span class='ocrx_word' id='word_1_328' title='bbox 1827 4400 2023 4451; x_wconf 89' lang='lat' dir='ltr'><strong>osten-</strong></span> 
     </span>
    </p>
   </div>
   <div class='ocr_carea' id='block_1_49' title="bbox 329 4487 2022 4556">
    <p class='ocr_par' dir='ltr' id='par_1_49' title="bbox 329 4487 2022 4556">
     <span class='ocr_line' id='line_1_49' title="bbox 329 4487 2022 4556; baseline -0.005 -9"><span class='ocrx_word' id='word_1_329' title='bbox 329 4493 414 4548; x_wconf 86' lang='lat' dir='ltr'><strong>dit</strong></span> <span class='ocrx_word' id='word_1_330' title='bbox 442 4497 500 4547; x_wconf 88' lang='lat' dir='ltr'><strong>et</strong></span> <span class='ocrx_word' id='word_1_331' title='bbox 537 4491 906 4546; x_wconf 90' lang='lat' dir='ltr'><strong>commendat</strong></span> <span class='ocrx_word' id='word_1_332' title='bbox 959 4506 1086 4545; x_wconf 89' lang='lat' dir='ltr'><strong>eam</strong></span> <span class='ocrx_word' id='word_1_333' title='bbox 1125 4487 1439 4544; x_wconf 88' lang='lat' dir='ltr'><strong>secundum</strong></span> <span class='ocrx_word' id='word_1_334' title='bbox 1494 4491 1796 4556; x_wconf 90' lang='lat' dir='ltr'><strong>utramque</strong></span> <span class='ocrx_word' id='word_1_335' title='bbox 1854 4489 2022 4539; x_wconf 89' lang='lat' dir='ltr'><strong>natu-</strong></span> 
     </span>
    </p>
   </div>
   <div class='ocr_carea' id='block_1_50' title="bbox 327 4575 2019 4650">
    <p class='ocr_par' dir='ltr' id='par_1_50' title="bbox 327 4575 2019 4650">
     <span class='ocr_line' id='line_1_50' title="bbox 327 4575 2019 4650; baseline -0.005 -15"><span class='ocrx_word' id='word_1_336' title='bbox 327 4597 472 4650; x_wconf 88' lang='lat' dir='ltr'><strong>ram,</strong></span> <span class='ocrx_word' id='word_1_337' title='bbox 507 4580 722 4634; x_wconf 85' lang='lat' dir='ltr'><strong>scilicet</strong></span> <span class='ocrx_word' id='word_1_338' title='bbox 769 4579 1022 4634; x_wconf 89' lang='lat' dir='ltr'><strong>divinam</strong></span> <span class='ocrx_word' id='word_1_339' title='bbox 1077 4583 1135 4632; x_wconf 90' lang='lat' dir='ltr'><strong>et</strong></span> <span class='ocrx_word' id='word_1_340' title='bbox 1187 4578 1519 4644; x_wconf 86' lang='lat' dir='ltr'><strong>humanam,</strong></span> <span class='ocrx_word' id='word_1_341' title='bbox 1557 4575 1693 4630; x_wconf 90' lang='lat' dir='ltr'><strong>dicit</strong></span> <span class='ocrx_word' id='word_1_342' title='bbox 1743 4576 2019 4638; x_wconf 84' lang='lat' dir='ltr'><strong>Dominus,</strong></span> 
     </span>
    </p>
   </div>
   <div class='ocr_carea' id='block_1_51' title="bbox 327 4662 2022 4737">
    <p class='ocr_par' dir='ltr' id='par_1_51' title="bbox 327 4662 2022 4737">
     <span class='ocr_line' id='line_1_51' title="bbox 327 4662 2022 4737; baseline -0.006 -12"><span class='ocrx_word' id='word_1_343' title='bbox 327 4673 432 4725; x_wconf 88' lang='lat' dir='ltr'><strong>etc.</strong></span> <span class='ocrx_word' id='word_1_344' title='bbox 483 4669 598 4723; x_wconf 66' lang='lat' dir='ltr'><strong>Viae</strong></span> <span class='ocrx_word' id='word_1_345' title='bbox 642 4667 872 4722; x_wconf 90' lang='lat' dir='ltr'><strong>Domini</strong></span> <span class='ocrx_word' id='word_1_346' title='bbox 930 4671 1064 4722; x_wconf 90' lang='lat' dir='ltr'><strong>sunt</strong></span> <span class='ocrx_word' id='word_1_347' title='bbox 1112 4681 1307 4737; x_wconf 88' lang='lat' dir='ltr'><strong>opera,</strong></span> <span class='ocrx_word' id='word_1_348' title='bbox 1366 4669 1507 4730; x_wconf 88' lang='lat' dir='ltr'><strong>etc.,</strong></span> <span class='ocrx_word' id='word_1_349' title='bbox 1562 4679 1731 4733; x_wconf 84' lang='lat' dir='ltr'><strong>usque</strong></span> <span class='ocrx_word' id='word_1_350' title='bbox 1770 4662 1844 4717; x_wconf 83' lang='lat' dir='ltr'><strong>ad</strong></span> <span class='ocrx_word' id='word_1_351' title='bbox 1891 4678 2022 4717; x_wconf 86' lang='lat' dir='ltr'><strong>caro</strong></span> 
     </span>
    </p>
   </div>
   <div class='ocr_carea' id='block_1_52' title="bbox 325 4753 1791 4828">
    <p class='ocr_par' dir='ltr' id='par_1_52' title="bbox 325 4753 1791 4828">
     <span class='ocr_line' id='line_1_52' title="bbox 325 4753 1791 4828; baseline -0.005 -15"><span class='ocrx_word' id='word_1_352' title='bbox 325 4758 481 4813; x_wconf 90' lang='lat' dir='ltr'><strong>enim</strong></span> <span class='ocrx_word' id='word_1_353' title='bbox 502 4758 626 4828; x_wconf 87' lang='lat' dir='ltr'><strong>ejus</strong></span> <span class='ocrx_word' id='word_1_354' title='bbox 656 4760 891 4828; x_wconf 90' lang='lat' dir='ltr'><strong>propter</strong></span> <span class='ocrx_word' id='word_1_355' title='bbox 915 4771 1108 4826; x_wconf 89' lang='lat' dir='ltr'><strong>opera,</strong></span> <span class='ocrx_word' id='word_1_356' title='bbox 1145 4753 1416 4809; x_wconf 87' lang='lat' dir='ltr'><strong>divinitas</strong></span> <span class='ocrx_word' id='word_1_357' title='bbox 1442 4757 1574 4807; x_wconf 89' lang='lat' dir='ltr'><strong>ante</strong></span> <span class='ocrx_word' id='word_1_358' title='bbox 1601 4768 1791 4823; x_wconf 91' lang='lat' dir='ltr'><strong>opera.</strong></span> 
     </span>
    </p>
   </div>
   <div class='ocr_carea' id='block_1_53' title="bbox 398 4841 2025 4910">
    <p class='ocr_par' dir='ltr' id='par_1_53' title="bbox 398 4841 2025 4910">
     <span class='ocr_line' id='line_1_53' title="bbox 398 4841 2025 4910; baseline -0.004 -9"><span class='ocrx_word' id='word_1_359' title='bbox 398 4847 560 4901; x_wconf 79' lang='lat' dir='ltr'><strong>Vens.</strong></span> <span class='ocrx_word' id='word_1_360' title='bbox 595 4849 680 4900; x_wconf 90' lang='grc'><strong>31.</strong></span> <span class='ocrx_word' id='word_1_361' title='bbox 730 4874 800 4886; x_wconf 89' lang='grc'><strong><em>-</em></strong></span> <span class='ocrx_word' id='word_1_362' title='bbox 829 4845 1045 4900; x_wconf 86' lang='lat' dir='ltr'><strong>Ludens</strong></span> <span class='ocrx_word' id='word_1_363' title='bbox 1089 4846 1149 4898; x_wconf 86' lang='lat' dir='ltr'><strong>in</strong></span> <span class='ocrx_word' id='word_1_364' title='bbox 1179 4843 1322 4898; x_wconf 85' lang='lat' dir='ltr'><strong>orbe.</strong></span> <span class='ocrx_word' id='word_1_365' title='bbox 1355 4841 1500 4906; x_wconf 84' lang='lat' dir='ltr'><strong>Quia</strong></span> <span class='ocrx_word' id='word_1_366' title='bbox 1571 4857 1701 4895; x_wconf 90' lang='lat' dir='ltr'><strong>cum</strong></span> <span class='ocrx_word' id='word_1_367' title='bbox 1762 4845 2025 4910; x_wconf 88' lang='lat' dir='ltr'><strong>tempora</strong></span> 
     </span>
    </p>
   </div>
   <div class='ocr_carea' id='block_1_54' title="bbox 327 4929 2022 5002">
    <p class='ocr_par' dir='ltr' id='par_1_54' title="bbox 327 4929 2022 5002">
     <span class='ocr_line' id='line_1_54' title="bbox 327 4929 2022 5002; baseline -0.005 -13"><span class='ocrx_word' id='word_1_368' title='bbox 327 4939 384 4990; x_wconf 90' lang='lat' dir='ltr'><strong>et</strong></span> <span class='ocrx_word' id='word_1_369' title='bbox 412 4939 687 4989; x_wconf 76' lang='lat' dir='ltr'><strong>creaturae</strong></span> <span class='ocrx_word' id='word_1_370' title='bbox 709 4933 862 4988; x_wconf 88' lang='lat' dir='ltr'><strong>orbis</strong></span> <span class='ocrx_word' id='word_1_371' title='bbox 881 4937 1050 4987; x_wconf 80' lang='lat' dir='ltr'><strong>terrae</strong></span> <span class='ocrx_word' id='word_1_372' title='bbox 1089 4931 1413 5002; x_wconf 86' lang='lat' dir='ltr'><strong>coepissent,</strong></span> <span class='ocrx_word' id='word_1_373' title='bbox 1471 4929 1614 5001; x_wconf 82' lang='lat' dir='ltr'><strong>ipse,</strong></span> <span class='ocrx_word' id='word_1_374' title='bbox 1676 4929 1830 5000; x_wconf 89' lang='lat' dir='ltr'><strong>quod</strong></span> <span class='ocrx_word' id='word_1_375' title='bbox 1884 4933 2022 4990; x_wconf 86' lang='lat' dir='ltr'><strong>erat,</strong></span> 
     </span>
    </p>
   </div>
   <div class='ocr_carea' id='block_1_55' title="bbox 325 5017 2026 5088">
    <p class='ocr_par' dir='ltr' id='par_1_55' title="bbox 325 5017 2026 5088">
     <span class='ocr_line' id='line_1_55' title="bbox 325 5017 2026 5088; baseline -0.005 -10"><span class='ocrx_word' id='word_1_376' title='bbox 325 5023 386 5078; x_wconf 90' lang='lat' dir='ltr'><strong>in</strong></span> <span class='ocrx_word' id='word_1_377' title='bbox 436 5024 601 5078; x_wconf 88' lang='lat' dir='ltr'><strong>Patre</strong></span> <span class='ocrx_word' id='word_1_378' title='bbox 645 5022 820 5078; x_wconf 89' lang='lat' dir='ltr'><strong>Filius</strong></span> <span class='ocrx_word' id='word_1_379' title='bbox 872 5020 1180 5076; x_wconf 87' lang='lat' dir='ltr'><strong>manebat:</strong></span> <span class='ocrx_word' id='word_1_380' title='bbox 1225 5018 1332 5073; x_wconf 92' lang='lat' dir='ltr'><strong>hoc</strong></span> <span class='ocrx_word' id='word_1_381' title='bbox 1381 5018 1534 5084; x_wconf 92' lang='lat' dir='ltr'><strong>ideo,</strong></span> <span class='ocrx_word' id='word_1_382' title='bbox 1583 5033 1657 5071; x_wconf 92' lang='lat' dir='ltr'><strong>ne</strong></span> <span class='ocrx_word' id='word_1_383' title='bbox 1708 5017 1836 5088; x_wconf 91' lang='lat' dir='ltr'><strong>quis</strong></span> <span class='ocrx_word' id='word_1_384' title='bbox 1891 5032 2026 5072; x_wconf 89' lang='lat' dir='ltr'><strong>eum</strong></span> 
     </span>
    </p>
   </div>
   <div class='ocr_carea' id='block_1_56' title="bbox 328 5107 1738 5182">
    <p class='ocr_par' dir='ltr' id='par_1_56' title="bbox 328 5107 1738 5182">
     <span class='ocr_line' id='line_1_56' title="bbox 328 5107 1738 5182; baseline -0.006 -14"><span class='ocrx_word' id='word_1_385' title='bbox 328 5130 458 5168; x_wconf 91' lang='lat' dir='ltr'><strong>cum</strong></span> <span class='ocrx_word' id='word_1_386' title='bbox 482 5111 759 5168; x_wconf 86' lang='lat' dir='ltr'><strong>creaturis</strong></span> <span class='ocrx_word' id='word_1_387' title='bbox 777 5115 832 5166; x_wconf 90' lang='lat' dir='ltr'><strong>et</strong></span> <span class='ocrx_word' id='word_1_388' title='bbox 861 5109 1218 5182; x_wconf 87' lang='lat' dir='ltr'><strong>temporibus</strong></span> <span class='ocrx_word' id='word_1_389' title='bbox 1241 5124 1362 5163; x_wconf 89' lang='lat' dir='ltr'><strong>esse</strong></span> <span class='ocrx_word' id='word_1_390' title='bbox 1389 5107 1738 5178; x_wconf 86' lang='lat' dir='ltr'><strong>prohiberet.</strong></span> 
     </span>
    </p>
   </div>
   <div class='ocr_carea' id='block_1_57' title="bbox 400 5193 2023 5266">
    <p class='ocr_par' dir='ltr' id='par_1_57' title="bbox 400 5193 2023 5266">
     <span class='ocr_line' id='line_1_57' title="bbox 400 5193 2023 5266; baseline -0.006 -11"><span class='ocrx_word' id='word_1_391' title='bbox 400 5201 560 5254; x_wconf 76' lang='lat' dir='ltr'><strong>Vens.</strong></span> <span class='ocrx_word' id='word_1_392' title='bbox 599 5201 686 5255; x_wconf 79' lang='grc'><strong>34.</strong></span> <span class='ocrx_word' id='word_1_393' title='bbox 745 5227 818 5241; x_wconf 91' lang='grc'><strong><em>-</em></strong></span> <span class='ocrx_word' id='word_1_394' title='bbox 866 5199 958 5254; x_wconf 85' lang='lat' dir='ltr'><strong>Ad</strong></span> <span class='ocrx_word' id='word_1_395' title='bbox 1010 5200 1174 5265; x_wconf 87' lang='lat' dir='ltr'><strong>fores.</strong></span> <span class='ocrx_word' id='word_1_396' title='bbox 1207 5195 1543 5266; x_wconf 87' lang='lat' dir='ltr'><strong>Scripturas,</strong></span> <span class='ocrx_word' id='word_1_397' title='bbox 1603 5195 1692 5248; x_wconf 88' lang='lat' dir='ltr'><strong>vel</strong></span> <span class='ocrx_word' id='word_1_398' title='bbox 1737 5193 2023 5259; x_wconf 90' lang='lat' dir='ltr'><strong>doctores;</strong></span> 
     </span>
    </p>
   </div>
   <div class='ocr_carea' id='block_1_58' title="bbox 327 5281 2022 5360">
    <p class='ocr_par' dir='ltr' id='par_1_58' title="bbox 327 5281 2022 5360">
     <span class='ocr_line' id='line_1_58' title="bbox 327 5281 2022 5360; baseline -0.003 -20"><span class='ocrx_word' id='word_1_399' title='bbox 327 5286 505 5342; x_wconf 84' lang='lat' dir='ltr'><strong>iidem</strong></span> <span class='ocrx_word' id='word_1_400' title='bbox 534 5295 591 5344; x_wconf 88' lang='lat' dir='ltr'><strong>et</strong></span> <span class='ocrx_word' id='word_1_401' title='bbox 618 5293 826 5360; x_wconf 90' lang='lat' dir='ltr'><strong>postes,</strong></span> <span class='ocrx_word' id='word_1_402' title='bbox 858 5287 982 5342; x_wconf 90' lang='lat' dir='ltr'><strong>sine</strong></span> <span class='ocrx_word' id='word_1_403' title='bbox 1012 5287 1224 5357; x_wconf 87' lang='lat' dir='ltr'><strong>quibus</strong></span> <span class='ocrx_word' id='word_1_404' title='bbox 1254 5285 1324 5340; x_wconf 90' lang='lat' dir='ltr'><strong>ad</strong></span> <span class='ocrx_word' id='word_1_405' title='bbox 1377 5283 1576 5351; x_wconf 87' lang='lat' dir='ltr'><strong>vitam,</strong></span> <span class='ocrx_word' id='word_1_406' title='bbox 1633 5298 1809 5355; x_wconf 89' lang='lat' dir='ltr'><strong>quam</strong></span> <span class='ocrx_word' id='word_1_407' title='bbox 1851 5281 2022 5352; x_wconf 90' lang='lat' dir='ltr'><strong>polli-</strong></span> 
     </span>
    </p>
   </div>
   <div class='ocr_carea' id='block_1_59' title="bbox 328 5374 1209 5445">
    <p class='ocr_par' dir='ltr' id='par_1_59' title="bbox 328 5374 1209 5445">
     <span class='ocr_line' id='line_1_59' title="bbox 328 5374 1209 5445; baseline -0.001 -16"><span class='ocrx_word' id='word_1_408' title='bbox 328 5380 508 5444; x_wconf 89' lang='lat' dir='ltr'><strong>cetur,</strong></span> <span class='ocrx_word' id='word_1_409' title='bbox 533 5393 650 5432; x_wconf 90' lang='lat' dir='ltr'><strong>non</strong></span> <span class='ocrx_word' id='word_1_410' title='bbox 681 5377 938 5432; x_wconf 89' lang='lat' dir='ltr'><strong>valemus</strong></span> <span class='ocrx_word' id='word_1_411' title='bbox 965 5374 1209 5445; x_wconf 88' lang='lat' dir='ltr'><strong>ingredi.</strong></span> 
     </span>
    </p>
   </div>
   <div class='ocr_carea' id='block_1_60' title="bbox 1007 5481 1350 5537">
    <p class='ocr_par' dir='ltr' id='par_1_60' title="bbox 1007 5481 1350 5537">
     <span class='ocr_line' id='line_1_60' title="bbox 1007 5481 1350 5537; baseline -0.012 0"><span class='ocrx_word' id='word_1_412' title='bbox 1007 5481 1232 5537; x_wconf 84' lang='lat' dir='ltr'><strong>CAPUT</strong></span> <span class='ocrx_word' id='word_1_413' title='bbox 1263 5481 1350 5535; x_wconf 83' lang='lat' dir='ltr'><strong>IX.</strong></span> 
     </span>
    </p>
   </div>
   <div class='ocr_carea' id='block_1_61' title="bbox 399 5583 2023 5659">
    <p class='ocr_par' dir='ltr' id='par_1_61' title="bbox 399 5583 2023 5659">
     <span class='ocr_line' id='line_1_61' title="bbox 399 5583 2023 5659; baseline -0.003 -17"><span class='ocrx_word' id='word_1_414' title='bbox 399 5588 564 5643; x_wconf 75' lang='lat' dir='ltr'><strong>Vens.</strong></span> <span class='ocrx_word' id='word_1_415' title='bbox 620 5591 670 5643; x_wconf 86' lang='grc'><strong>1.</strong></span> <span class='ocrx_word' id='word_1_416' title='bbox 728 5617 799 5631; x_wconf 93' lang='grc'><strong><em>-</em></strong></span> <span class='ocrx_word' id='word_1_417' title='bbox 843 5588 1130 5659; x_wconf 80' lang='lat' dir='ltr'><strong>Sapientia</strong></span> <span class='ocrx_word' id='word_1_418' title='bbox 1179 5587 1495 5656; x_wconf 66' lang='lat' dir='ltr'><strong>wdi/icavit.</strong></span> <span class='ocrx_word' id='word_1_419' title='bbox 1554 5583 1699 5649; x_wconf 85' lang='lat' dir='ltr'><strong>Quia</strong></span> <span class='ocrx_word' id='word_1_420' title='bbox 1726 5583 1796 5640; x_wconf 88' lang='lat' dir='ltr'><strong>de</strong></span> <span class='ocrx_word' id='word_1_421' title='bbox 1861 5587 2023 5638; x_wconf 84' lang='lat' dir='ltr'><strong>aeter-</strong></span> 
     </span>
    </p>
   </div>
   <div class='ocr_carea' id='block_1_62' title="bbox 2137 536 3822 608">
    <p class='ocr_par' dir='ltr' id='par_1_62' title="bbox 2137 536 3822 608">
     <span class='ocr_line' id='line_1_62' title="bbox 2137 536 3822 608; baseline -0.001 -16"><span class='ocrx_word' id='word_1_422' title='bbox 2137 553 2305 607; x_wconf 85' lang='lat' dir='ltr'><strong>usque</strong></span> <span class='ocrx_word' id='word_1_423' title='bbox 2333 539 2408 592; x_wconf 84' lang='lat' dir='ltr'><strong>ad</strong></span> <span class='ocrx_word' id='word_1_424' title='bbox 2455 537 2591 608; x_wconf 90' lang='lat' dir='ltr'><strong>quia</strong></span> <span class='ocrx_word' id='word_1_425' title='bbox 2624 538 2692 592; x_wconf 83' lang='lat' dir='ltr'><strong>ab</strong></span> <span class='ocrx_word' id='word_1_426' title='bbox 2727 553 2923 590; x_wconf 89' lang='lat' dir='ltr'><strong>amore</strong></span> <span class='ocrx_word' id='word_1_427' title='bbox 2977 536 3524 607; x_wconf 60' lang='lat' dir='ltr'><strong>sazculildisjunctos</strong></span> <span class='ocrx_word' id='word_1_428' title='bbox 3578 537 3649 591; x_wconf 87' lang='lat' dir='ltr'><strong>ad</strong></span> <span class='ocrx_word' id='word_1_429' title='bbox 3707 553 3822 607; x_wconf 89' lang='lat' dir='ltr'><strong>por-</strong></span> 
     </span>
    </p>
   </div>
   <div class='ocr_carea' id='block_1_63' title="bbox 2137 624 3212 681">
    <p class='ocr_par' dir='ltr' id='par_1_63' title="bbox 2137 624 3212 681">
     <span class='ocr_line' id='line_1_63' title="bbox 2137 624 3212 681; baseline -0.001 0"><span class='ocrx_word' id='word_1_430' title='bbox 2137 628 2372 681; x_wconf 88' lang='lat' dir='ltr'><strong>tandam</strong></span> <span class='ocrx_word' id='word_1_431' title='bbox 2399 625 2660 680; x_wconf 66' lang='lat' dir='ltr'><strong>Ecclesiae</strong></span> <span class='ocrx_word' id='word_1_432' title='bbox 2689 624 2962 681; x_wconf 88' lang='lat' dir='ltr'><strong>fabricam</strong></span> <span class='ocrx_word' id='word_1_433' title='bbox 3008 625 3212 680; x_wconf 84' lang='lat' dir='ltr'><strong>erexit.</strong></span> 
     </span>
    </p>
   </div>
   <div class='ocr_carea' id='block_1_64' title="bbox 2207 713 3822 784">
    <p class='ocr_par' dir='ltr' id='par_1_64' title="bbox 2207 713 3822 784">
     <span class='ocr_line' id='line_1_64' title="bbox 2207 713 3822 784; baseline -0.001 -14"><span class='ocrx_word' id='word_1_434' title='bbox 2207 715 2492 772; x_wconf 86' lang='lat' dir='ltr'><strong>Columnas</strong></span> <span class='ocrx_word' id='word_1_435' title='bbox 2521 719 2741 784; x_wconf 82' lang='lat' dir='ltr'><strong>septem.</strong></span> <span class='ocrx_word' id='word_1_436' title='bbox 2775 713 2998 769; x_wconf 87' lang='lat' dir='ltr'><strong>Scilicet</strong></span> <span class='ocrx_word' id='word_1_437' title='bbox 3027 713 3298 768; x_wconf 84' lang='lat' dir='ltr'><strong>Ecclesias</strong></span> <span class='ocrx_word' id='word_1_438' title='bbox 3328 729 3433 784; x_wconf 91' lang='lat' dir='ltr'><strong>per</strong></span> <span class='ocrx_word' id='word_1_439' title='bbox 3483 713 3704 784; x_wconf 90' lang='lat' dir='ltr'><strong>orbem,</strong></span> <span class='ocrx_word' id='word_1_440' title='bbox 3731 719 3822 768; x_wconf 87' lang='lat' dir='ltr'><strong>etc.</strong></span> 
     </span>
    </p>
   </div>
   <div class='ocr_carea' id='block_1_65' title="bbox 2135 802 3419 876">
    <p class='ocr_par' dir='ltr' id='par_1_65' title="bbox 2135 802 3419 876">
     <span class='ocr_line' id='line_1_65' title="bbox 2135 802 3419 876; baseline -0.002 -17"><span class='ocrx_word' id='word_1_441' title='bbox 2135 820 2304 874; x_wconf 85' lang='lat' dir='ltr'><strong>usque</strong></span> <span class='ocrx_word' id='word_1_442' title='bbox 2335 805 2408 858; x_wconf 84' lang='lat' dir='ltr'><strong>ad</strong></span> <span class='ocrx_word' id='word_1_443' title='bbox 2439 803 2603 876; x_wconf 88' lang='lat' dir='ltr'><strong>quasi</strong></span> <span class='ocrx_word' id='word_1_444' title='bbox 2631 803 3001 858; x_wconf 88' lang='lat' dir='ltr'><strong>sustentando</strong></span> <span class='ocrx_word' id='word_1_445' title='bbox 3037 802 3419 857; x_wconf 84' lang='lat' dir='ltr'><strong>continerent.</strong></span> 
     </span>
    </p>
   </div>
   <div class='ocr_carea' id='block_1_66' title="bbox 2206 892 3828 962">
    <p class='ocr_par' dir='ltr' id='par_1_66' title="bbox 2206 892 3828 962">
     <span class='ocr_line' id='line_1_66' title="bbox 2206 892 3828 962; baseline -0.002 -13"><span class='ocrx_word' id='word_1_446' title='bbox 2206 896 2374 949; x_wconf 81' lang='lat' dir='ltr'><strong>Vnns.</strong></span> <span class='ocrx_word' id='word_1_447' title='bbox 2436 899 2488 950; x_wconf 87' lang='lat'><strong>5.</strong></span> <span class='ocrx_word' id='word_1_448' title='bbox 2547 925 2616 934; x_wconf 87' lang='lat'><strong>——</strong></span> <span class='ocrx_word' id='word_1_449' title='bbox 2675 895 2880 959; x_wconf 86' lang='lat' dir='ltr'><strong>Venite,</strong></span> <span class='ocrx_word' id='word_1_450' title='bbox 2940 892 3194 947; x_wconf 83' lang='lat' dir='ltr'><strong>comedite</strong></span> <span class='ocrx_word' id='word_1_451' title='bbox 3264 907 3461 962; x_wconf 83' lang='lat' dir='ltr'><strong>panem</strong></span> <span class='ocrx_word' id='word_1_452' title='bbox 3535 907 3728 945; x_wconf 88' lang='lat' dir='ltr'><strong>meum.</strong></span> <span class='ocrx_word' id='word_1_453' title='bbox 3771 893 3828 946; x_wconf 87' lang='lat' dir='ltr'><strong>In</strong></span> 
     </span>
    </p>
   </div>
   <div class='ocr_carea' id='block_1_67' title="bbox 2139 980 3826 1054">
    <p class='ocr_par' dir='ltr' id='par_1_67' title="bbox 2139 980 3826 1054">
     <span class='ocr_line' id='line_1_67' title="bbox 2139 980 3826 1054; baseline -0.002 -18"><span class='ocrx_word' id='word_1_454' title='bbox 2139 999 2310 1037; x_wconf 90' lang='lat' dir='ltr'><strong>unam</strong></span> <span class='ocrx_word' id='word_1_455' title='bbox 2344 982 2550 1038; x_wconf 88' lang='lat' dir='ltr'><strong>Christi</strong></span> <span class='ocrx_word' id='word_1_456' title='bbox 2598 997 2903 1054; x_wconf 89' lang='lat' dir='ltr'><strong>personam</strong></span> <span class='ocrx_word' id='word_1_457' title='bbox 2931 981 3196 1052; x_wconf 90' lang='lat' dir='ltr'><strong>junctam</strong></span> <span class='ocrx_word' id='word_1_458' title='bbox 3253 980 3616 1034; x_wconf 82' lang='lat' dir='ltr'><strong>divinitatem</strong></span> <span class='ocrx_word' id='word_1_459' title='bbox 3649 981 3705 1033; x_wconf 89' lang='lat' dir='ltr'><strong>et</strong></span> <span class='ocrx_word' id='word_1_460' title='bbox 3731 981 3826 1034; x_wconf 88' lang='lat' dir='ltr'><strong>hn-</strong></span> 
     </span>
    </p>
   </div>
   <div class='ocr_carea' id='block_1_68' title="bbox 2136 1068 3828 1140">
    <p class='ocr_par' dir='ltr' id='par_1_68' title="bbox 2136 1068 3828 1140">
     <span class='ocr_line' id='line_1_68' title="bbox 2136 1068 3828 1140; baseline -0.002 -15"><span class='ocrx_word' id='word_1_461' title='bbox 2136 1072 2494 1138; x_wconf 86' lang='lat' dir='ltr'><strong>manitatem,</strong></span> <span class='ocrx_word' id='word_1_462' title='bbox 2559 1069 2668 1136; x_wconf 90' lang='lat' dir='ltr'><strong>vel,</strong></span> <span class='ocrx_word' id='word_1_463' title='bbox 2709 1070 2769 1124; x_wconf 90' lang='lat' dir='ltr'><strong>in</strong></span> <span class='ocrx_word' id='word_1_464' title='bbox 2832 1085 2978 1140; x_wconf 83' lang='lat' dir='ltr'><strong>pane</strong></span> <span class='ocrx_word' id='word_1_465' title='bbox 3028 1085 3256 1140; x_wconf 88' lang='lat' dir='ltr'><strong>corpus,</strong></span> <span class='ocrx_word' id='word_1_466' title='bbox 3317 1068 3377 1122; x_wconf 91' lang='lat' dir='ltr'><strong>in</strong></span> <span class='ocrx_word' id='word_1_467' title='bbox 3432 1071 3559 1123; x_wconf 82' lang='lat' dir='ltr'><strong>vino</strong></span> <span class='ocrx_word' id='word_1_468' title='bbox 3606 1068 3828 1138; x_wconf 85' lang='lat' dir='ltr'><strong>sanguis</strong></span> 
     </span>
    </p>
   </div>
   <div class='ocr_carea' id='block_1_69' title="bbox 2137 1158 3031 1230">
    <p class='ocr_par' dir='ltr' id='par_1_69' title="bbox 2137 1158 3031 1230">
     <span class='ocr_line' id='line_1_69' title="bbox 2137 1158 3031 1230; baseline -0.001 -17"><span class='ocrx_word' id='word_1_469' title='bbox 2137 1159 2280 1230; x_wconf 89' lang='lat' dir='ltr'><strong>ejus,</strong></span> <span class='ocrx_word' id='word_1_470' title='bbox 2303 1176 2416 1230; x_wconf 91' lang='lat' dir='ltr'><strong>quo</strong></span> <span class='ocrx_word' id='word_1_471' title='bbox 2443 1159 2502 1213; x_wconf 91' lang='lat' dir='ltr'><strong>in</strong></span> <span class='ocrx_word' id='word_1_472' title='bbox 2532 1158 2696 1214; x_wconf 89' lang='lat' dir='ltr'><strong>altari</strong></span> <span class='ocrx_word' id='word_1_473' title='bbox 2737 1158 3031 1212; x_wconf 88' lang='lat' dir='ltr'><strong>satiamur.</strong></span> 
     </span>
    </p>
   </div>
   <div class='ocr_carea' id='block_1_70' title="bbox 2209 1244 3831 1317">
    <p class='ocr_par' dir='ltr' id='par_1_70' title="bbox 2209 1244 3831 1317">
     <span class='ocr_line' id='line_1_70' title="bbox 2209 1244 3831 1317; baseline -0.001 -17"><span class='ocrx_word' id='word_1_474' title='bbox 2209 1249 2368 1302; x_wconf 77' lang='lat' dir='ltr'><strong>Vens.</strong></span> <span class='ocrx_word' id='word_1_475' title='bbox 2405 1250 2456 1302; x_wconf 90' lang='lat'><strong>6.</strong></span> <span class='ocrx_word' id='word_1_476' title='bbox 2499 1277 2572 1288; x_wconf 97' lang='lat'><strong><em>—</em></strong></span> <span class='ocrx_word' id='word_1_477' title='bbox 2601 1247 2921 1317; x_wconf 81' lang='lat' dir='ltr'><strong>Relinquite.</strong></span> <span class='ocrx_word' id='word_1_478' title='bbox 2981 1248 3117 1300; x_wconf 88' lang='lat' dir='ltr'><strong>Post</strong></span> <span class='ocrx_word' id='word_1_479' title='bbox 3163 1244 3381 1300; x_wconf 90' lang='lat' dir='ltr'><strong>oblatas</strong></span> <span class='ocrx_word' id='word_1_480' title='bbox 3436 1245 3640 1315; x_wconf 88' lang='lat' dir='ltr'><strong>epulas</strong></span> <span class='ocrx_word' id='word_1_481' title='bbox 3686 1245 3831 1299; x_wconf 87' lang='lat' dir='ltr'><strong>addit</strong></span> 
     </span>
    </p>
   </div>
   <div class='ocr_carea' id='block_1_71' title="bbox 2138 1333 3829 1414">
    <p class='ocr_par' dir='ltr' id='par_1_71' title="bbox 2138 1333 3829 1414">
     <span class='ocr_line' id='line_1_71' title="bbox 2138 1333 3829 1414; baseline -0.002 -24"><span class='ocrx_word' id='word_1_482' title='bbox 2138 1340 2194 1391; x_wconf 91' lang='lat' dir='ltr'><strong>et</strong></span> <span class='ocrx_word' id='word_1_483' title='bbox 2217 1337 2347 1414; x_wconf 75' lang='lat' dir='ltr'><strong>vitae</strong></span> <span class='ocrx_word' id='word_1_484' title='bbox 2380 1336 2617 1402; x_wconf 88' lang='lat' dir='ltr'><strong>monita,</strong></span> <span class='ocrx_word' id='word_1_485' title='bbox 2646 1341 2712 1391; x_wconf 91' lang='lat' dir='ltr'><strong>ut</strong></span> <span class='ocrx_word' id='word_1_486' title='bbox 2756 1352 2901 1408; x_wconf 91' lang='lat' dir='ltr'><strong>quos</strong></span> <span class='ocrx_word' id='word_1_487' title='bbox 2948 1334 3234 1406; x_wconf 89' lang='lat' dir='ltr'><strong>perceptis</strong></span> <span class='ocrx_word' id='word_1_488' title='bbox 3278 1349 3396 1388; x_wconf 84' lang='lat' dir='ltr'><strong>suae</strong></span> <span class='ocrx_word' id='word_1_489' title='bbox 3431 1333 3829 1387; x_wconf 86' lang='lat' dir='ltr'><strong>incarnationis</strong></span> 
     </span>
    </p>
   </div>
   <div class='ocr_carea' id='block_1_72' title="bbox 2140 1423 3827 1494">
    <p class='ocr_par' dir='ltr' id='par_1_72' title="bbox 2140 1423 3827 1494">
     <span class='ocr_line' id='line_1_72' title="bbox 2140 1423 3827 1494; baseline -0.002 -15"><span class='ocrx_word' id='word_1_490' title='bbox 2140 1425 2421 1494; x_wconf 83' lang='lat' dir='ltr'><strong>mysteriis</strong></span> <span class='ocrx_word' id='word_1_491' title='bbox 2469 1424 2668 1492; x_wconf 83' lang='lat' dir='ltr'><strong>reiicit,</strong></span> <span class='ocrx_word' id='word_1_492' title='bbox 2732 1423 3007 1478; x_wconf 73' lang='lat' dir='ltr'><strong>doctrinae</strong></span> <span class='ocrx_word' id='word_1_493' title='bbox 3062 1423 3279 1494; x_wconf 86' lang='lat' dir='ltr'><strong>pariter</strong></span> <span class='ocrx_word' id='word_1_494' title='bbox 3332 1423 3578 1476; x_wconf 87' lang='lat' dir='ltr'><strong>instruat</strong></span> <span class='ocrx_word' id='word_1_495' title='bbox 3631 1423 3827 1476; x_wconf 82' lang='lat' dir='ltr'><strong>verbis.</strong></span> 
     </span>
    </p>
   </div>
   <div class='ocr_carea' id='block_1_73' title="bbox 2208 1511 3828 1582">
    <p class='ocr_par' dir='ltr' id='par_1_73' title="bbox 2208 1511 3828 1582">
     <span class='ocr_line' id='line_1_73' title="bbox 2208 1511 3828 1582; baseline -0.001 -16"><span class='ocrx_word' id='word_1_496' title='bbox 2208 1514 2376 1569; x_wconf 77' lang='lat' dir='ltr'><strong>Vens.</strong></span> <span class='ocrx_word' id='word_1_497' title='bbox 2433 1517 2484 1567; x_wconf 86' lang='lat'><strong>7.</strong></span> <span class='ocrx_word' id='word_1_498' title='bbox 2519 1544 2587 1553; x_wconf 91' lang='lat'><strong><em>—</em></strong></span> <span class='ocrx_word' id='word_1_499' title='bbox 2634 1513 2737 1579; x_wconf 88' lang='lat' dir='ltr'><strong>Qui</strong></span> <span class='ocrx_word' id='word_1_500' title='bbox 2795 1513 2996 1580; x_wconf 80' lang='lat' dir='ltr'><strong>erudit,</strong></span> <span class='ocrx_word' id='word_1_501' title='bbox 3053 1518 3159 1566; x_wconf 90' lang='lat' dir='ltr'><strong>etc.</strong></span> <span class='ocrx_word' id='word_1_502' title='bbox 3215 1512 3387 1576; x_wconf 85' lang='lat' dir='ltr'><strong>Quasi</strong></span> <span class='ocrx_word' id='word_1_503' title='bbox 3425 1511 3828 1582; x_wconf 81' lang='lat' dir='ltr'><strong>interrogares,</strong></span> 
     </span>
    </p>
   </div>
   <div class='ocr_carea' id='block_1_74' title="bbox 2139 1601 3264 1671">
    <p class='ocr_par' dir='ltr' id='par_1_74' title="bbox 2139 1601 3264 1671">
     <span class='ocr_line' id='line_1_74' title="bbox 2139 1601 3264 1671; baseline -0.004 -15"><span class='ocrx_word' id='word_1_504' title='bbox 2139 1605 2267 1667; x_wconf 87' lang='lat' dir='ltr'><strong>etc.,</strong></span> <span class='ocrx_word' id='word_1_505' title='bbox 2292 1616 2460 1671; x_wconf 88' lang='lat' dir='ltr'><strong>usque</strong></span> <span class='ocrx_word' id='word_1_506' title='bbox 2488 1601 2563 1655; x_wconf 82' lang='lat' dir='ltr'><strong>ad</strong></span> <span class='ocrx_word' id='word_1_507' title='bbox 2593 1607 2649 1656; x_wconf 92' lang='lat' dir='ltr'><strong>et</strong></span> <span class='ocrx_word' id='word_1_508' title='bbox 2694 1602 2968 1671; x_wconf 88' lang='lat' dir='ltr'><strong>majorem</strong></span> <span class='ocrx_word' id='word_1_509' title='bbox 3010 1601 3264 1654; x_wconf 86' lang='lat' dir='ltr'><strong>credens.</strong></span> 
     </span>
    </p>
   </div>
   <div class='ocr_carea' id='block_1_75' title="bbox 2210 1687 3830 1756">
    <p class='ocr_par' dir='ltr' id='par_1_75' title="bbox 2210 1687 3830 1756">
     <span class='ocr_line' id='line_1_75' title="bbox 2210 1687 3830 1756; baseline -0.001 -14"><span class='ocrx_word' id='word_1_510' title='bbox 2210 1692 2371 1745; x_wconf 77' lang='lat' dir='ltr'><strong>Vens.</strong></span> <span class='ocrx_word' id='word_1_511' title='bbox 2404 1692 2456 1744; x_wconf 90' lang='lat'><strong>8.</strong></span> <span class='ocrx_word' id='word_1_512' title='bbox 2489 1719 2557 1732; x_wconf 89' lang='lat'><strong><em>—</em></strong></span> <span class='ocrx_word' id='word_1_513' title='bbox 2597 1691 2720 1746; x_wconf 88' lang='lat' dir='ltr'><strong>Noli</strong></span> <span class='ocrx_word' id='word_1_514' title='bbox 2759 1705 3000 1756; x_wconf 86' lang='lat' dir='ltr'><strong>arguere.</strong></span> <span class='ocrx_word' id='word_1_515' title='bbox 3032 1689 3154 1743; x_wconf 87' lang='lat' dir='ltr'><strong>Non</strong></span> <span class='ocrx_word' id='word_1_516' title='bbox 3212 1692 3297 1741; x_wconf 90' lang='lat' dir='ltr'><strong>est</strong></span> <span class='ocrx_word' id='word_1_517' title='bbox 3331 1687 3676 1756; x_wconf 89' lang='lat' dir='ltr'><strong>timendum,</strong></span> <span class='ocrx_word' id='word_1_518' title='bbox 3710 1692 3830 1754; x_wconf 89' lang='lat' dir='ltr'><strong>etc.,</strong></span> 
     </span>
    </p>
   </div>
   <div class='ocr_carea' id='block_1_76' title="bbox 2142 1776 3635 1848">
    <p class='ocr_par' dir='ltr' id='par_1_76' title="bbox 2142 1776 3635 1848">
     <span class='ocr_line' id='line_1_76' title="bbox 2142 1776 3635 1848; baseline -0.001 -16"><span class='ocrx_word' id='word_1_519' title='bbox 2142 1794 2310 1848; x_wconf 87' lang='lat' dir='ltr'><strong>usque</strong></span> <span class='ocrx_word' id='word_1_520' title='bbox 2330 1777 2404 1832; x_wconf 86' lang='lat' dir='ltr'><strong>ad</strong></span> <span class='ocrx_word' id='word_1_521' title='bbox 2427 1777 2526 1832; x_wconf 89' lang='lat' dir='ltr'><strong>sed</strong></span> <span class='ocrx_word' id='word_1_522' title='bbox 2556 1777 2873 1832; x_wconf 91' lang='lat' dir='ltr'><strong>dilectionis</strong></span> <span class='ocrx_word' id='word_1_523' title='bbox 2903 1778 3026 1848; x_wconf 88' lang='lat' dir='ltr'><strong>ejus</strong></span> <span class='ocrx_word' id='word_1_524' title='bbox 3058 1776 3240 1848; x_wconf 90' lang='lat' dir='ltr'><strong>gratia</strong></span> <span class='ocrx_word' id='word_1_525' title='bbox 3271 1776 3635 1830; x_wconf 89' lang='lat' dir='ltr'><strong>cessandum.</strong></span> 
     </span>
    </p>
   </div>
   <div class='ocr_carea' id='block_1_77' title="bbox 2213 1864 3830 1935">
    <p class='ocr_par' dir='ltr' id='par_1_77' title="bbox 2213 1864 3830 1935">
     <span class='ocr_line' id='line_1_77' title="bbox 2213 1864 3830 1935; baseline -0.002 -14"><span class='ocrx_word' id='word_1_526' title='bbox 2213 1869 2382 1921; x_wconf 80' lang='lat' dir='ltr'><strong>Vens.</strong></span> <span class='ocrx_word' id='word_1_527' title='bbox 2421 1871 2503 1920; x_wconf 78' lang='lat' dir='ltr'><strong>l2.</strong></span> <span class='ocrx_word' id='word_1_528' title='bbox 2534 1897 2601 1906; x_wconf 94' lang='lat'>—</span> <span class='ocrx_word' id='word_1_529' title='bbox 2632 1868 2698 1924; x_wconf 87' lang='lat' dir='ltr'><strong>Si</strong></span> <span class='ocrx_word' id='word_1_530' title='bbox 2727 1869 2962 1935; x_wconf 86' lang='lat' dir='ltr'><strong>sapiens.</strong></span> <span class='ocrx_word' id='word_1_531' title='bbox 3015 1867 3215 1920; x_wconf 82' lang='lat' dir='ltr'><strong>Moneo</strong></span> <span class='ocrx_word' id='word_1_532' title='bbox 3245 1869 3300 1918; x_wconf 91' lang='lat' dir='ltr'><strong>te</strong></span> <span class='ocrx_word' id='word_1_533' title='bbox 3356 1865 3426 1920; x_wconf 86' lang='lat' dir='ltr'><strong>ad</strong></span> <span class='ocrx_word' id='word_1_534' title='bbox 3474 1864 3830 1934; x_wconf 85' lang='lat' dir='ltr'><strong>sapientiam,</strong></span> 
     </span>
    </p>
   </div>
   <div class='ocr_carea' id='block_1_78' title="bbox 2142 1954 3832 2028">
    <p class='ocr_par' dir='ltr' id='par_1_78' title="bbox 2142 1954 3832 2028">
     <span class='ocr_line' id='line_1_78' title="bbox 2142 1954 3832 2028; baseline -0.002 -18"><span class='ocrx_word' id='word_1_535' title='bbox 2142 1956 2297 2028; x_wconf 90' lang='lat' dir='ltr'><strong>quod</strong></span> <span class='ocrx_word' id='word_1_536' title='bbox 2328 1960 2521 2010; x_wconf 89' lang='lat' dir='ltr'><strong>tamen</strong></span> <span class='ocrx_word' id='word_1_537' title='bbox 2549 1955 2655 2010; x_wconf 86' lang='lat' dir='ltr'><strong>tibi</strong></span> <span class='ocrx_word' id='word_1_538' title='bbox 2676 1955 2927 2026; x_wconf 89' lang='lat' dir='ltr'><strong>prodest,</strong></span> <span class='ocrx_word' id='word_1_539' title='bbox 2961 1971 3075 2009; x_wconf 90' lang='lat' dir='ltr'><strong>non</strong></span> <span class='ocrx_word' id='word_1_540' title='bbox 3122 1954 3286 2009; x_wconf 87' lang='lat' dir='ltr'><strong>mihi.</strong></span> <span class='ocrx_word' id='word_1_541' title='bbox 3315 1954 3373 2009; x_wconf 91' lang='lat' dir='ltr'><strong>Si</strong></span> <span class='ocrx_word' id='word_1_542' title='bbox 3415 1954 3572 2008; x_wconf 88' lang='lat' dir='ltr'><strong>enim</strong></span> <span class='ocrx_word' id='word_1_543' title='bbox 3624 1956 3832 2023; x_wconf 80' lang='lat' dir='ltr'><strong>sapiens</strong></span> 
     </span>
    </p>
   </div>
   <div class='ocr_carea' id='block_1_79' title="bbox 2137 2047 2470 2114">
    <p class='ocr_par' dir='ltr' id='par_1_79' title="bbox 2137 2047 2470 2114">
     <span class='ocr_line' id='line_1_79' title="bbox 2137 2047 2470 2114; baseline 0.003 -16"><span class='ocrx_word' id='word_1_544' title='bbox 2137 2047 2334 2114; x_wconf 82' lang='lat' dir='ltr'><strong>fueris,</strong></span> <span class='ocrx_word' id='word_1_545' title='bbox 2363 2047 2470 2100; x_wconf 85' lang='lat' dir='ltr'><strong>etc.</strong></span> 
     </span>
    </p>
   </div>
   <div class='ocr_carea' id='block_1_80' title="bbox 2210 2129 3834 2201">
    <p class='ocr_par' dir='ltr' id='par_1_80' title="bbox 2210 2129 3834 2201">
     <span class='ocr_line' id='line_1_80' title="bbox 2210 2129 3834 2201; baseline -0.004 -13"><span class='ocrx_word' id='word_1_546' title='bbox 2210 2135 2367 2188; x_wconf 77' lang='lat' dir='ltr'><strong>Vens.</strong></span> <span class='ocrx_word' id='word_1_547' title='bbox 2404 2136 2490 2188; x_wconf 88' lang='grc'><strong>13.</strong></span> <span class='ocrx_word' id='word_1_548' title='bbox 2522 2162 2591 2174; x_wconf 88' lang='grc'><strong><em>-</em></strong></span> <span class='ocrx_word' id='word_1_549' title='bbox 2622 2132 2816 2187; x_wconf 83' lang='lat' dir='ltr'><strong>Mulier</strong></span> <span class='ocrx_word' id='word_1_550' title='bbox 2846 2133 3035 2186; x_wconf 84' lang='lat' dir='ltr'><strong>stulta.</strong></span> <span class='ocrx_word' id='word_1_551' title='bbox 3089 2130 3365 2201; x_wconf 85' lang='lat' dir='ltr'><strong>Superius</strong></span> <span class='ocrx_word' id='word_1_552' title='bbox 3417 2129 3834 2184; x_wconf 87' lang='lat' dir='ltr'><strong>commendavit</strong></span> 
     </span>
    </p>
   </div>
   <div class='ocr_carea' id='block_1_81' title="bbox 2141 2219 3832 2292">
    <p class='ocr_par' dir='ltr' id='par_1_81' title="bbox 2141 2219 3832 2292">
     <span class='ocr_line' id='line_1_81' title="bbox 2141 2219 3832 2292; baseline -0.003 -17"><span class='ocrx_word' id='word_1_553' title='bbox 2141 2221 2478 2292; x_wconf 85' lang='lat' dir='ltr'><strong>sapientiam</strong></span> <span class='ocrx_word' id='word_1_554' title='bbox 2531 2237 2635 2292; x_wconf 91' lang='lat' dir='ltr'><strong>per</strong></span> <span class='ocrx_word' id='word_1_555' title='bbox 2682 2220 3038 2274; x_wconf 89' lang='lat' dir='ltr'><strong>divinitatem</strong></span> <span class='ocrx_word' id='word_1_556' title='bbox 3098 2224 3154 2274; x_wconf 89' lang='lat' dir='ltr'><strong>et</strong></span> <span class='ocrx_word' id='word_1_557' title='bbox 3203 2219 3650 2281; x_wconf 85' lang='lat' dir='ltr'><strong>humanitatem,</strong></span> <span class='ocrx_word' id='word_1_558' title='bbox 3694 2234 3832 2272; x_wconf 90' lang='lat' dir='ltr'><strong>nunc</strong></span> 
     </span>
    </p>
   </div>
   <div class='ocr_carea' id='block_1_82' title="bbox 2139 2307 3830 2381">
    <p class='ocr_par' dir='ltr' id='par_1_82' title="bbox 2139 2307 3830 2381">
     <span class='ocr_line' id='line_1_82' title="bbox 2139 2307 3830 2381; baseline -0.003 -16"><span class='ocrx_word' id='word_1_559' title='bbox 2139 2327 2243 2381; x_wconf 91' lang='lat' dir='ltr'><strong>per</strong></span> <span class='ocrx_word' id='word_1_560' title='bbox 2301 2309 2652 2364; x_wconf 89' lang='lat' dir='ltr'><strong>contrarium</strong></span> <span class='ocrx_word' id='word_1_561' title='bbox 2698 2309 2854 2363; x_wconf 88' lang='lat' dir='ltr'><strong>illam</strong></span> <span class='ocrx_word' id='word_1_562' title='bbox 2901 2308 3160 2363; x_wconf 90' lang='lat' dir='ltr'><strong>eamdem</strong></span> <span class='ocrx_word' id='word_1_563' title='bbox 3228 2307 3830 2362; x_wconf 86' lang='lat' dir='ltr'><strong>commendabiliorem</strong></span> 
     </span>
    </p>
   </div>
   <div class='ocr_carea' id='block_1_83' title="bbox 2141 2395 3832 2466">
    <p class='ocr_par' dir='ltr' id='par_1_83' title="bbox 2141 2395 3832 2466">
     <span class='ocr_line' id='line_1_83' title="bbox 2141 2395 3832 2466; baseline -0.004 -12"><span class='ocrx_word' id='word_1_564' title='bbox 2141 2399 2410 2464; x_wconf 83' lang='lat' dir='ltr'><strong>ostendit,</strong></span> <span class='ocrx_word' id='word_1_565' title='bbox 2459 2397 2554 2452; x_wconf 88' lang='lat' dir='ltr'><strong>ubi</strong></span> <span class='ocrx_word' id='word_1_566' title='bbox 2584 2399 2780 2452; x_wconf 84' lang='lat' dir='ltr'><strong>mulier</strong></span> <span class='ocrx_word' id='word_1_567' title='bbox 2803 2397 2991 2463; x_wconf 86' lang='lat' dir='ltr'><strong>stulta,</strong></span> <span class='ocrx_word' id='word_1_568' title='bbox 3043 2401 3172 2460; x_wconf 83' lang='lat' dir='ltr'><strong>etc.,</strong></span> <span class='ocrx_word' id='word_1_569' title='bbox 3225 2411 3353 2466; x_wconf 65' lang='lat' dir='ltr'><strong>quae</strong></span> <span class='ocrx_word' id='word_1_570' title='bbox 3410 2400 3494 2449; x_wconf 89' lang='lat' dir='ltr'><strong>est</strong></span> <span class='ocrx_word' id='word_1_571' title='bbox 3523 2395 3573 2448; x_wconf 92' lang='lat' dir='ltr'><strong>ei</strong></span> <span class='ocrx_word' id='word_1_572' title='bbox 3608 2400 3832 2449; x_wconf 89' lang='lat' dir='ltr'><strong>contra-</strong></span> 
     </span>
    </p>
   </div>
   <div class='ocr_carea' id='block_1_84' title="bbox 2137 2484 3827 2553">
    <p class='ocr_par' dir='ltr' id='par_1_84' title="bbox 2137 2484 3827 2553">
     <span class='ocr_line' id='line_1_84' title="bbox 2137 2484 3827 2553; baseline -0.004 -10"><span class='ocrx_word' id='word_1_573' title='bbox 2137 2489 2244 2553; x_wconf 89' lang='lat' dir='ltr'><strong>ria,</strong></span> <span class='ocrx_word' id='word_1_574' title='bbox 2275 2488 2440 2551; x_wconf 81' lang='lat' dir='ltr'><strong>sedet,</strong></span> <span class='ocrx_word' id='word_1_575' title='bbox 2484 2492 2587 2541; x_wconf 90' lang='lat' dir='ltr'><strong>etc.</strong></span> <span class='ocrx_word' id='word_1_576' title='bbox 2653 2487 2869 2552; x_wconf 82' lang='lat' dir='ltr'><strong>Mulier,</strong></span> <span class='ocrx_word' id='word_1_577' title='bbox 2926 2489 3031 2538; x_wconf 89' lang='lat' dir='ltr'><strong>etc.</strong></span> <span class='ocrx_word' id='word_1_578' title='bbox 3077 2484 3276 2539; x_wconf 86' lang='lat' dir='ltr'><strong>Mulier</strong></span> <span class='ocrx_word' id='word_1_579' title='bbox 3306 2484 3396 2537; x_wconf 87' lang='lat' dir='ltr'><strong>hic</strong></span> <span class='ocrx_word' id='word_1_580' title='bbox 3449 2484 3690 2538; x_wconf 65' lang='lat' dir='ltr'><strong>haeresis</strong></span> <span class='ocrx_word' id='word_1_581' title='bbox 3735 2489 3827 2550; x_wconf 86' lang='lat' dir='ltr'><strong>est,</strong></span> 
     </span>
    </p>
   </div>
   <div class='ocr_carea' id='block_1_85' title="bbox 2137 2572 3826 2646">
    <p class='ocr_par' dir='ltr' id='par_1_85' title="bbox 2137 2572 3826 2646">
     <span class='ocr_line' id='line_1_85' title="bbox 2137 2572 3826 2646; baseline -0.003 -14"><span class='ocrx_word' id='word_1_582' title='bbox 2137 2583 2268 2643; x_wconf 89' lang='lat' dir='ltr'><strong>etc.,</strong></span> <span class='ocrx_word' id='word_1_583' title='bbox 2302 2591 2471 2646; x_wconf 84' lang='lat' dir='ltr'><strong>usque</strong></span> <span class='ocrx_word' id='word_1_584' title='bbox 2500 2576 2574 2630; x_wconf 83' lang='lat' dir='ltr'><strong>ad</strong></span> <span class='ocrx_word' id='word_1_585' title='bbox 2632 2575 2752 2629; x_wconf 66' lang='lat' dir='ltr'><strong>haec</strong></span> <span class='ocrx_word' id='word_1_586' title='bbox 2793 2576 2852 2628; x_wconf 92' lang='lat' dir='ltr'><strong>in</strong></span> <span class='ocrx_word' id='word_1_587' title='bbox 2912 2573 3219 2644; x_wconf 90' lang='lat' dir='ltr'><strong>supercilio</strong></span> <span class='ocrx_word' id='word_1_588' title='bbox 3265 2572 3473 2626; x_wconf 86' lang='lat' dir='ltr'><strong>mentis</strong></span> <span class='ocrx_word' id='word_1_589' title='bbox 3531 2573 3826 2628; x_wconf 87' lang='lat' dir='ltr'><strong>attollitur.</strong></span> 
     </span>
    </p>
   </div>
   <div class='ocr_carea' id='block_1_86' title="bbox 2209 2661 3831 2732">
    <p class='ocr_par' dir='ltr' id='par_1_86' title="bbox 2209 2661 3831 2732">
     <span class='ocr_line' id='line_1_86' title="bbox 2209 2661 3831 2732; baseline -0.003 -13"><span class='ocrx_word' id='word_1_590' title='bbox 2209 2667 2369 2719; x_wconf 75' lang='lat' dir='ltr'><strong>Vens.</strong></span> <span class='ocrx_word' id='word_1_591' title='bbox 2407 2667 2582 2719; x_wconf 89' lang='grc'><strong>16.-</strong></span> <span class='ocrx_word' id='word_1_592' title='bbox 2637 2665 2747 2730; x_wconf 88' lang='lat' dir='ltr'><strong>Qui</strong></span> <span class='ocrx_word' id='word_1_593' title='bbox 2786 2667 2863 2718; x_wconf 84' lang='lat' dir='ltr'><strong>est</strong></span> <span class='ocrx_word' id='word_1_594' title='bbox 2903 2663 3186 2732; x_wconf 82' lang='lat' dir='ltr'><strong>parvulus.</strong></span> <span class='ocrx_word' id='word_1_595' title='bbox 3240 2661 3527 2732; x_wconf 88' lang='lat' dir='ltr'><strong>Sapientia</strong></span> <span class='ocrx_word' id='word_1_596' title='bbox 3565 2663 3831 2732; x_wconf 88' lang='lat' dir='ltr'><strong>parvulos</strong></span> 
     </span>
    </p>
   </div>
   <div class='ocr_carea' id='block_1_87' title="bbox 2138 2749 3832 2826">
    <p class='ocr_par' dir='ltr' id='par_1_87' title="bbox 2138 2749 3832 2826">
     <span class='ocr_line' id='line_1_87' title="bbox 2138 2749 3832 2826; baseline -0.003 -16"><span class='ocrx_word' id='word_1_597' title='bbox 2138 2759 2312 2826; x_wconf 88' lang='lat' dir='ltr'><strong>atque</strong></span> <span class='ocrx_word' id='word_1_598' title='bbox 2340 2753 2694 2824; x_wconf 89' lang='lat' dir='ltr'><strong>insipientes,</strong></span> <span class='ocrx_word' id='word_1_599' title='bbox 2745 2757 2872 2818; x_wconf 92' lang='lat' dir='ltr'><strong>etc.,</strong></span> <span class='ocrx_word' id='word_1_600' title='bbox 2905 2767 3074 2821; x_wconf 86' lang='lat' dir='ltr'><strong>usque</strong></span> <span class='ocrx_word' id='word_1_601' title='bbox 3120 2751 3198 2807; x_wconf 82' lang='lat' dir='ltr'><strong>ad</strong></span> <span class='ocrx_word' id='word_1_602' title='bbox 3226 2757 3281 2804; x_wconf 89' lang='lat' dir='ltr'><strong>et</strong></span> <span class='ocrx_word' id='word_1_603' title='bbox 3326 2749 3396 2804; x_wconf 92' lang='lat' dir='ltr'><strong>ad</strong></span> <span class='ocrx_word' id='word_1_604' title='bbox 3438 2766 3496 2804; x_wconf 90' lang='lat' dir='ltr'><strong>se</strong></span> <span class='ocrx_word' id='word_1_605' title='bbox 3540 2751 3832 2806; x_wconf 81' lang='lat' dir='ltr'><strong>divertere.</strong></span> 
     </span>
    </p>
   </div>
   <div class='ocr_carea' id='block_1_88' title="bbox 2208 2839 3832 2911">
    <p class='ocr_par' dir='ltr' id='par_1_88' title="bbox 2208 2839 3832 2911">
     <span class='ocr_line' id='line_1_88' title="bbox 2208 2839 3832 2911; baseline -0.002 -16"><span class='ocrx_word' id='word_1_606' title='bbox 2208 2844 2369 2896; x_wconf 80' lang='lat' dir='ltr'><strong>Vens.</strong></span> <span class='ocrx_word' id='word_1_607' title='bbox 2403 2846 2486 2897; x_wconf 84' lang='grc'><strong>17.</strong></span> <span class='ocrx_word' id='word_1_608' title='bbox 2541 2873 2610 2882; x_wconf 90' lang='grc'><strong>-</strong></span> <span class='ocrx_word' id='word_1_609' title='bbox 2636 2842 2809 2911; x_wconf 69' lang='lat' dir='ltr'><strong>Aquz</strong></span> <span class='ocrx_word' id='word_1_610' title='bbox 2835 2843 3075 2908; x_wconf 60' lang='lat' dir='ltr'><strong>furtiva.</strong></span> <span class='ocrx_word' id='word_1_611' title='bbox 3126 2839 3417 2910; x_wconf 83' lang='lat' dir='ltr'><strong>Sapientia</strong></span> <span class='ocrx_word' id='word_1_612' title='bbox 3449 2841 3645 2911; x_wconf 84' lang='lat' dir='ltr'><strong>palam</strong></span> <span class='ocrx_word' id='word_1_613' title='bbox 3679 2855 3832 2893; x_wconf 88' lang='lat' dir='ltr'><strong>men-</strong></span> 
     </span>
    </p>
   </div>
   <div class='ocr_carea' id='block_1_89' title="bbox 2139 2929 3838 3001">
    <p class='ocr_par' dir='ltr' id='par_1_89' title="bbox 2139 2929 3838 3001">
     <span class='ocr_line' id='line_1_89' title="bbox 2139 2929 3838 3001; baseline -0.001 -18"><span class='ocrx_word' id='word_1_614' title='bbox 2139 2946 2259 2984; x_wconf 89' lang='lat' dir='ltr'><strong>sam</strong></span> <span class='ocrx_word' id='word_1_615' title='bbox 2307 2931 2578 2985; x_wconf 89' lang='lat' dir='ltr'><strong>omnibus</strong></span> <span class='ocrx_word' id='word_1_616' title='bbox 2628 2930 2948 3001; x_wconf 87' lang='lat' dir='ltr'><strong>proposuit,</strong></span> <span class='ocrx_word' id='word_1_617' title='bbox 2999 2933 3122 2997; x_wconf 91' lang='lat' dir='ltr'><strong>etc.,</strong></span> <span class='ocrx_word' id='word_1_618' title='bbox 3153 2944 3321 2999; x_wconf 87' lang='lat' dir='ltr'><strong>usque</strong></span> <span class='ocrx_word' id='word_1_619' title='bbox 3351 2929 3426 2982; x_wconf 85' lang='lat' dir='ltr'><strong>ad</strong></span> <span class='ocrx_word' id='word_1_620' title='bbox 3468 2929 3764 3000; x_wconf 87' lang='lat' dir='ltr'><strong>prohibita</strong></span> <span class='ocrx_word' id='word_1_621' title='bbox 3785 2931 3838 2982; x_wconf 87' lang='lat' dir='ltr'><strong>et</strong></span> 
     </span>
    </p>
   </div>
   <div class='ocr_carea' id='block_1_90' title="bbox 1945 2996 3406 3076">
    <p class='ocr_par' dir='ltr' id='par_1_90' title="bbox 1945 2996 3406 3076">
     <span class='ocr_line' id='line_1_90' title="bbox 1945 2996 3406 3076; baseline -0.004 0"><span class='ocrx_word' id='word_1_622' title='bbox 1945 2996 2023 3049; x_wconf 64' lang='lat'><strong>88’</strong></span> <span class='ocrx_word' id='word_1_623' title='bbox 2059 3022 2098 3076; x_wconf 79' lang='grc' dir='ltr'>Ο</span> <span class='ocrx_word' id='word_1_624' title='bbox 2136 3018 2334 3072; x_wconf 89' lang='lat' dir='ltr'><strong>illicita</strong></span> <span class='ocrx_word' id='word_1_625' title='bbox 2359 3017 2645 3072; x_wconf 85' lang='lat' dir='ltr'><strong>connubia</strong></span> <span class='ocrx_word' id='word_1_626' title='bbox 2674 3016 2931 3072; x_wconf 89' lang='lat' dir='ltr'><strong>dulciora</strong></span> <span class='ocrx_word' id='word_1_627' title='bbox 2962 3033 3083 3071; x_wconf 89' lang='lat' dir='ltr'><strong>esse</strong></span> <span class='ocrx_word' id='word_1_628' title='bbox 3104 3021 3406 3071; x_wconf 87' lang='lat' dir='ltr'><strong>asseverat.</strong></span> 
     </span>
    </p>
   </div>
   <div class='ocr_carea' id='block_1_91' title="bbox 2211 3103 3838 3175">
    <p class='ocr_par' dir='ltr' id='par_1_91' title="bbox 2211 3103 3838 3175">
     <span class='ocr_line' id='line_1_91' title="bbox 2211 3103 3838 3175; baseline -0.001 -15"><span class='ocrx_word' id='word_1_629' title='bbox 2211 3107 2368 3160; x_wconf 79' lang='lat' dir='ltr'><strong>Vens.</strong></span> <span class='ocrx_word' id='word_1_630' title='bbox 2411 3108 2492 3161; x_wconf 89' lang='grc'><strong>18.</strong></span> <span class='ocrx_word' id='word_1_631' title='bbox 2523 3136 2593 3146; x_wconf 78' lang='grc' dir='ltr'><strong>-ο</strong></span> <span class='ocrx_word' id='word_1_632' title='bbox 2621 3108 2692 3161; x_wconf 86' lang='lat' dir='ltr'><strong>Et</strong></span> <span class='ocrx_word' id='word_1_633' title='bbox 2745 3107 3022 3175; x_wconf 83' lang='lat' dir='ltr'><strong>ignoravit</strong></span> <span class='ocrx_word' id='word_1_634' title='bbox 3050 3103 3202 3174; x_wconf 84' lang='lat' dir='ltr'><strong>quod</strong></span> <span class='ocrx_word' id='word_1_635' title='bbox 3254 3105 3350 3160; x_wconf 89' lang='lat' dir='ltr'><strong>ibi.</strong></span> <span class='ocrx_word' id='word_1_636' title='bbox 3413 3105 3602 3158; x_wconf 81' lang='lat' dir='ltr'><strong>Nescit</strong></span> <span class='ocrx_word' id='word_1_637' title='bbox 3632 3105 3838 3159; x_wconf 87' lang='lat' dir='ltr'><strong>mulier</strong></span> 
     </span>
    </p>
   </div>
   <div class='ocr_carea' id='block_1_92' title="bbox 2135 3193 3840 3264">
    <p class='ocr_par' dir='ltr' id='par_1_92' title="bbox 2135 3193 3840 3264">
     <span class='ocr_line' id='line_1_92' title="bbox 2135 3193 3840 3264; baseline -0.002 -14"><span class='ocrx_word' id='word_1_638' title='bbox 2135 3195 2417 3262; x_wconf 88' lang='lat' dir='ltr'><strong>adultera,</strong></span> <span class='ocrx_word' id='word_1_639' title='bbox 2452 3199 2586 3262; x_wconf 92' lang='lat' dir='ltr'><strong>etc.,</strong></span> <span class='ocrx_word' id='word_1_640' title='bbox 2617 3209 2785 3264; x_wconf 86' lang='lat' dir='ltr'><strong>usque</strong></span> <span class='ocrx_word' id='word_1_641' title='bbox 2814 3193 2888 3249; x_wconf 88' lang='lat' dir='ltr'><strong>ad</strong></span> <span class='ocrx_word' id='word_1_642' title='bbox 2918 3199 2973 3250; x_wconf 90' lang='lat' dir='ltr'><strong>et</strong></span> <span class='ocrx_word' id='word_1_643' title='bbox 3018 3193 3078 3248; x_wconf 90' lang='lat' dir='ltr'><strong>in</strong></span> <span class='ocrx_word' id='word_1_644' title='bbox 3117 3193 3351 3248; x_wconf 85' lang='lat' dir='ltr'><strong>excelsis</strong></span> <span class='ocrx_word' id='word_1_645' title='bbox 3392 3194 3671 3248; x_wconf 73' lang='lat' dir='ltr'><strong>cmlorum</strong></span> <span class='ocrx_word' id='word_1_646' title='bbox 3707 3210 3840 3247; x_wconf 89' lang='lat' dir='ltr'><strong>con-</strong></span> 
     </span>
    </p>
   </div>
   <div class='ocr_carea' id='block_1_93' title="bbox 2134 3283 2588 3339">
    <p class='ocr_par' dir='ltr' id='par_1_93' title="bbox 2134 3283 2588 3339">
     <span class='ocr_line' id='line_1_93' title="bbox 2134 3283 2588 3339; baseline -0.002 0"><span class='ocrx_word' id='word_1_647' title='bbox 2134 3283 2277 3339; x_wconf 68' lang='lat' dir='ltr'><strong>vivae</strong></span> <span class='ocrx_word' id='word_1_648' title='bbox 2306 3283 2588 3338; x_wconf 83' lang='lat' dir='ltr'><strong>ﬁdelium.</strong></span> 
     </span>
    </p>
   </div>
   <div class='ocr_carea' id='block_1_94' title="bbox 2808 3353 3120 3408">
    <p class='ocr_par' dir='ltr' id='par_1_94' title="bbox 2808 3353 3120 3408">
     <span class='ocr_line' id='line_1_94' title="bbox 2808 3353 3120 3408; baseline 0.003 -1"><span class='ocrx_word' id='word_1_649' title='bbox 2808 3353 3032 3408; x_wconf 80' lang='lat' dir='ltr'><strong>CAPUT</strong></span> <span class='ocrx_word' id='word_1_650' title='bbox 3061 3354 3120 3408; x_wconf 88' lang='lat' dir='ltr'><strong>X.</strong></span> 
     </span>
    </p>
   </div>
   <div class='ocr_carea' id='block_1_95' title="bbox 2205 3457 3840 3531">
    <p class='ocr_par' dir='ltr' id='par_1_95' title="bbox 2205 3457 3840 3531">
     <span class='ocr_line' id='line_1_95' title="bbox 2205 3457 3840 3531; baseline -0.003 -14"><span class='ocrx_word' id='word_1_651' title='bbox 2205 3462 2485 3517; x_wconf 67' lang='lat' dir='ltr'><strong>Parabola.v</strong></span> <span class='ocrx_word' id='word_1_652' title='bbox 2525 3461 2846 3517; x_wconf 86' lang='lat' dir='ltr'><strong>Salomonis.</strong></span> <span class='ocrx_word' id='word_1_653' title='bbox 2902 3461 3118 3514; x_wconf 86' lang='lat' dir='ltr'><strong>Novum</strong></span> <span class='ocrx_word' id='word_1_654' title='bbox 3163 3458 3326 3530; x_wconf 88' lang='lat' dir='ltr'><strong>ponit</strong></span> <span class='ocrx_word' id='word_1_655' title='bbox 3382 3457 3642 3519; x_wconf 91' lang='lat' dir='ltr'><strong>titulum,</strong></span> <span class='ocrx_word' id='word_1_656' title='bbox 3707 3459 3840 3531; x_wconf 86' lang='lat' dir='ltr'><strong>quia</strong></span> 
     </span>
    </p>
   </div>
   <div class='ocr_carea' id='block_1_96' title="bbox 2133 3547 3836 3621">
    <p class='ocr_par' dir='ltr' id='par_1_96' title="bbox 2133 3547 3836 3621">
     <span class='ocr_line' id='line_1_96' title="bbox 2133 3547 3836 3621; baseline -0.003 -15"><span class='ocrx_word' id='word_1_657' title='bbox 2133 3567 2348 3606; x_wconf 89' lang='lat' dir='ltr'><strong>novum</strong></span> <span class='ocrx_word' id='word_1_658' title='bbox 2406 3567 2586 3621; x_wconf 86' lang='lat' dir='ltr'><strong>genus</strong></span> <span class='ocrx_word' id='word_1_659' title='bbox 2637 3548 2944 3604; x_wconf 91' lang='lat' dir='ltr'><strong>locutionis</strong></span> <span class='ocrx_word' id='word_1_660' title='bbox 3009 3547 3230 3619; x_wconf 92' lang='lat' dir='ltr'><strong>incipit,</strong></span> <span class='ocrx_word' id='word_1_661' title='bbox 3291 3547 3526 3614; x_wconf 89' lang='lat' dir='ltr'><strong>scilicet,</strong></span> <span class='ocrx_word' id='word_1_662' title='bbox 3570 3551 3640 3602; x_wconf 85' lang='lat' dir='ltr'><strong>ut</strong></span> <span class='ocrx_word' id='word_1_663' title='bbox 3699 3564 3836 3612; x_wconf 91' lang='lat' dir='ltr'><strong>non,</strong></span> 
     </span>
    </p>
   </div>
   <div class='ocr_carea' id='block_1_97' title="bbox 2135 3635 3839 3711">
    <p class='ocr_par' dir='ltr' id='par_1_97' title="bbox 2135 3635 3839 3711">
     <span class='ocr_line' id='line_1_97' title="bbox 2135 3635 3839 3711; baseline -0.003 -17"><span class='ocrx_word' id='word_1_664' title='bbox 2135 3639 2477 3711; x_wconf 90' lang='lat' dir='ltr'><strong>sicutprius,</strong></span> <span class='ocrx_word' id='word_1_665' title='bbox 2507 3639 2576 3693; x_wconf 91' lang='lat' dir='ltr'><strong>de</strong></span> <span class='ocrx_word' id='word_1_666' title='bbox 2630 3637 2875 3710; x_wconf 90' lang='lat' dir='ltr'><strong>singulis</strong></span> <span class='ocrx_word' id='word_1_667' title='bbox 2922 3635 3204 3691; x_wconf 89' lang='lat' dir='ltr'><strong>bonorum</strong></span> <span class='ocrx_word' id='word_1_668' title='bbox 3251 3635 3608 3690; x_wconf 88' lang='lat' dir='ltr'><strong>malorumve</strong></span> <span class='ocrx_word' id='word_1_669' title='bbox 3666 3636 3839 3708; x_wconf 88' lang='lat' dir='ltr'><strong>parti-</strong></span> 
     </span>
    </p>
   </div>
   <div class='ocr_carea' id='block_1_98' title="bbox 2133 3723 3840 3798">
    <p class='ocr_par' dir='ltr' id='par_1_98' title="bbox 2133 3723 3840 3798">
     <span class='ocr_line' id='line_1_98' title="bbox 2133 3723 3840 3798; baseline -0.003 -16"><span class='ocrx_word' id='word_1_670' title='bbox 2133 3728 2239 3782; x_wconf 89' lang='lat' dir='ltr'><strong>bus</strong></span> <span class='ocrx_word' id='word_1_671' title='bbox 2286 3728 2502 3782; x_wconf 88' lang='lat' dir='ltr'><strong>diutius</strong></span> <span class='ocrx_word' id='word_1_672' title='bbox 2553 3727 2836 3798; x_wconf 88' lang='lat' dir='ltr'><strong>disputet;</strong></span> <span class='ocrx_word' id='word_1_673' title='bbox 2896 3724 2995 3780; x_wconf 90' lang='lat' dir='ltr'><strong>sed</strong></span> <span class='ocrx_word' id='word_1_674' title='bbox 3071 3724 3303 3778; x_wconf 88' lang='lat' dir='ltr'><strong>alternis</strong></span> <span class='ocrx_word' id='word_1_675' title='bbox 3357 3723 3619 3779; x_wconf 89' lang='lat' dir='ltr'><strong>versibus</strong></span> <span class='ocrx_word' id='word_1_676' title='bbox 3681 3729 3840 3778; x_wconf 89' lang='lat' dir='ltr'><strong>actus</strong></span> 
     </span>
    </p>
   </div>
   <div class='ocr_carea' id='block_1_99' title="bbox 2136 3815 2847 3888">
    <p class='ocr_par' dir='ltr' id='par_1_99' title="bbox 2136 3815 2847 3888">
     <span class='ocr_line' id='line_1_99' title="bbox 2136 3815 2847 3888; baseline -0.003 -17"><span class='ocrx_word' id='word_1_677' title='bbox 2136 3822 2516 3888; x_wconf 86' lang='lat' dir='ltr'><strong>utrorumque</strong></span> <span class='ocrx_word' id='word_1_678' title='bbox 2544 3815 2847 3870; x_wconf 88' lang='lat' dir='ltr'><strong>describat.</strong></span> 
     </span>
    </p>
   </div>
   <div class='ocr_carea' id='block_1_100' title="bbox 2206 3898 3839 3971">
    <p class='ocr_par' dir='ltr' id='par_1_100' title="bbox 2206 3898 3839 3971">
     <span class='ocr_line' id='line_1_100' title="bbox 2206 3898 3839 3971; baseline -0.001 -17"><span class='ocrx_word' id='word_1_679' title='bbox 2206 3903 2364 3956; x_wconf 80' lang='lat' dir='ltr'><strong>Vens.</strong></span> <span class='ocrx_word' id='word_1_680' title='bbox 2402 3905 2452 3958; x_wconf 92' lang='grc'><strong>1.</strong></span> <span class='ocrx_word' id='word_1_681' title='bbox 2487 3931 2557 3940; x_wconf 84' lang='grc'><strong>--</strong></span> <span class='ocrx_word' id='word_1_682' title='bbox 2605 3901 2783 3955; x_wconf 86' lang='lat' dir='ltr'><strong>Filius</strong></span> <span class='ocrx_word' id='word_1_683' title='bbox 2810 3902 3045 3971; x_wconf 84' lang='lat' dir='ltr'><strong>sapiens.</strong></span> <span class='ocrx_word' id='word_1_684' title='bbox 3079 3898 3187 3964; x_wconf 89' lang='lat' dir='ltr'><strong>Qui</strong></span> <span class='ocrx_word' id='word_1_685' title='bbox 3241 3902 3470 3970; x_wconf 89' lang='lat' dir='ltr'><strong>accepta</strong></span> <span class='ocrx_word' id='word_1_686' title='bbox 3518 3898 3659 3953; x_wconf 84' lang='lat' dir='ltr'><strong>fidei</strong></span> <span class='ocrx_word' id='word_1_687' title='bbox 3718 3915 3839 3970; x_wconf 81' lang='lat' dir='ltr'><strong>my-</strong></span> 
     </span>
    </p>
   </div>
   <div class='ocr_carea' id='block_1_101' title="bbox 2135 3987 3843 4058">
    <p class='ocr_par' dir='ltr' id='par_1_101' title="bbox 2135 3987 3843 4058">
     <span class='ocr_line' id='line_1_101' title="bbox 2135 3987 3843 4058; baseline -0.003 -13"><span class='ocrx_word' id='word_1_688' title='bbox 2135 3989 2305 4046; x_wconf 88' lang='lat' dir='ltr'><strong>steria</strong></span> <span class='ocrx_word' id='word_1_689' title='bbox 2333 3990 2480 4044; x_wconf 89' lang='lat' dir='ltr'><strong>bene</strong></span> <span class='ocrx_word' id='word_1_690' title='bbox 2504 3995 2714 4055; x_wconf 85' lang='lat' dir='ltr'><strong>servat,</strong></span> <span class='ocrx_word' id='word_1_691' title='bbox 2745 3989 2992 4044; x_wconf 68' lang='lat' dir='ltr'><strong>laetificat</strong></span> <span class='ocrx_word' id='word_1_692' title='bbox 3022 3989 3204 4043; x_wconf 91' lang='lat' dir='ltr'><strong>Deum</strong></span> <span class='ocrx_word' id='word_1_693' title='bbox 3247 3989 3504 4052; x_wconf 86' lang='lat' dir='ltr'><strong>Patrem;</strong></span> <span class='ocrx_word' id='word_1_694' title='bbox 3567 3987 3677 4058; x_wconf 90' lang='lat' dir='ltr'><strong>qui</strong></span> <span class='ocrx_word' id='word_1_695' title='bbox 3710 4003 3843 4040; x_wconf 89' lang='lat' dir='ltr'><strong>vero</strong></span> 
     </span>
    </p>
   </div>
   <div class='ocr_carea' id='block_1_102' title="bbox 2134 4076 3839 4143">
    <p class='ocr_par' dir='ltr' id='par_1_102' title="bbox 2134 4076 3839 4143">
     <span class='ocr_line' id='line_1_102' title="bbox 2134 4076 3839 4143; baseline -0.002 -9"><span class='ocrx_word' id='word_1_696' title='bbox 2134 4079 2256 4134; x_wconf 64' lang='lat' dir='ltr'><strong>hinc</strong></span> <span class='ocrx_word' id='word_1_697' title='bbox 2303 4077 2524 4132; x_wconf 89' lang='lat' dir='ltr'><strong>actione</strong></span> <span class='ocrx_word' id='word_1_698' title='bbox 2559 4077 2708 4132; x_wconf 90' lang='lat' dir='ltr'><strong>mala</strong></span> <span class='ocrx_word' id='word_1_699' title='bbox 2763 4077 2851 4132; x_wconf 89' lang='lat' dir='ltr'><strong>vel</strong></span> <span class='ocrx_word' id='word_1_700' title='bbox 2891 4077 3096 4131; x_wconf 59' lang='lat' dir='ltr'><strong>haeresi</strong></span> <span class='ocrx_word' id='word_1_701' title='bbox 3152 4076 3554 4143; x_wconf 76' lang='lat' dir='ltr'><strong>commaculet,</strong></span> <span class='ocrx_word' id='word_1_702' title='bbox 3591 4080 3839 4130; x_wconf 76' lang='lat' dir='ltr'><strong>matrem</strong></span> 
     </span>
    </p>
   </div>
   <div class='ocr_carea' id='block_1_103' title="bbox 2135 4165 2788 4223">
    <p class='ocr_par' dir='ltr' id='par_1_103' title="bbox 2135 4165 2788 4223">
     <span class='ocr_line' id='line_1_103' title="bbox 2135 4165 2788 4223; baseline -0.005 -1"><span class='ocrx_word' id='word_1_703' title='bbox 2135 4167 2434 4223; x_wconf 87' lang='lat' dir='ltr'><strong>contristat</strong></span> <span class='ocrx_word' id='word_1_704' title='bbox 2462 4165 2788 4221; x_wconf 88' lang='lat' dir='ltr'><strong>Ecclesiam.</strong></span> 
     </span>
    </p>
   </div>
   <div class='ocr_carea' id='block_1_104' title="bbox 2208 4251 3840 4325">
    <p class='ocr_par' dir='ltr' id='par_1_104' title="bbox 2208 4251 3840 4325">
     <span class='ocr_line' id='line_1_104' title="bbox 2208 4251 3840 4325; baseline -0.001 -17"><span class='ocrx_word' id='word_1_705' title='bbox 2208 4257 2367 4310; x_wconf 78' lang='lat' dir='ltr'><strong>Vens.</strong></span> <span class='ocrx_word' id='word_1_706' title='bbox 2395 4257 2446 4310; x_wconf 77' lang='grc'><strong>2.</strong></span> <span class='ocrx_word' id='word_1_707' title='bbox 2488 4285 2557 4294; x_wconf 94' lang='grc'><strong><em>-</em></strong></span> <span class='ocrx_word' id='word_1_708' title='bbox 2601 4255 2697 4312; x_wconf 86' lang='lat' dir='ltr'><strong>Nil</strong></span> <span class='ocrx_word' id='word_1_709' title='bbox 2721 4255 3039 4325; x_wconf 86' lang='lat' dir='ltr'><strong>proderunt.</strong></span> <span class='ocrx_word' id='word_1_710' title='bbox 3078 4255 3144 4310; x_wconf 92' lang='lat' dir='ltr'><strong>Et</strong></span> <span class='ocrx_word' id='word_1_711' title='bbox 3180 4271 3214 4308; x_wconf 91' lang='lat' dir='ltr'><strong>a</strong></span> <span class='ocrx_word' id='word_1_712' title='bbox 3255 4251 3584 4308; x_wconf 86' lang='lat' dir='ltr'><strong>transitoria</strong></span> <span class='ocrx_word' id='word_1_713' title='bbox 3631 4267 3840 4320; x_wconf 83' lang='lat' dir='ltr'><strong>morte,</strong></span> 
     </span>
    </p>
   </div>
   <div class='ocr_carea' id='block_1_105' title="bbox 2131 4341 3837 4414">
    <p class='ocr_par' dir='ltr' id='par_1_105' title="bbox 2131 4341 3837 4414">
     <span class='ocr_line' id='line_1_105' title="bbox 2131 4341 3837 4414; baseline -0.001 -16"><span class='ocrx_word' id='word_1_714' title='bbox 2131 4347 2260 4410; x_wconf 93' lang='lat' dir='ltr'><strong>etc.,</strong></span> <span class='ocrx_word' id='word_1_715' title='bbox 2295 4358 2466 4414; x_wconf 89' lang='lat' dir='ltr'><strong>usque</strong></span> <span class='ocrx_word' id='word_1_716' title='bbox 2517 4343 2591 4398; x_wconf 84' lang='lat' dir='ltr'><strong>ad</strong></span> <span class='ocrx_word' id='word_1_717' title='bbox 2621 4343 2773 4414; x_wconf 91' lang='lat' dir='ltr'><strong>quod</strong></span> <span class='ocrx_word' id='word_1_718' title='bbox 2826 4359 2929 4414; x_wconf 91' lang='lat' dir='ltr'><strong>pro</strong></span> <span class='ocrx_word' id='word_1_719' title='bbox 2981 4342 3096 4397; x_wconf 89' lang='lat' dir='ltr'><strong>vita</strong></span> <span class='ocrx_word' id='word_1_720' title='bbox 3141 4345 3276 4396; x_wconf 90' lang='lat' dir='ltr'><strong>sunt</strong></span> <span class='ocrx_word' id='word_1_721' title='bbox 3331 4341 3466 4408; x_wconf 89' lang='lat' dir='ltr'><strong>dati,</strong></span> <span class='ocrx_word' id='word_1_722' title='bbox 3503 4342 3837 4396; x_wconf 82' lang='lat' dir='ltr'><strong>conferunt.</strong></span> 
     </span>
    </p>
   </div>
   <div class='ocr_carea' id='block_1_106' title="bbox 2205 4427 3834 4500">
    <p class='ocr_par' dir='ltr' id='par_1_106' title="bbox 2205 4427 3834 4500">
     <span class='ocr_line' id='line_1_106' title="bbox 2205 4427 3834 4500; baseline -0.002 -16"><span class='ocrx_word' id='word_1_723' title='bbox 2205 4433 2368 4487; x_wconf 71' lang='lat' dir='ltr'><strong>Vens.</strong></span> <span class='ocrx_word' id='word_1_724' title='bbox 2406 4433 2456 4487; x_wconf 87' lang='lat'><strong>3.</strong></span> <span class='ocrx_word' id='word_1_725' title='bbox 2501 4463 2557 4471; x_wconf 93' lang='lat'><strong><em>—</em></strong></span> <span class='ocrx_word' id='word_1_726' title='bbox 2601 4433 2720 4487; x_wconf 91' lang='lat' dir='ltr'><strong>Non</strong></span> <span class='ocrx_word' id='word_1_727' title='bbox 2753 4433 2963 4500; x_wconf 82' lang='lat' dir='ltr'><strong>afﬂiget</strong></span> <span class='ocrx_word' id='word_1_728' title='bbox 2993 4432 3286 4484; x_wconf 72' lang='lat' dir='ltr'><strong>Dominus.</strong></span> <span class='ocrx_word' id='word_1_729' title='bbox 3326 4430 3392 4483; x_wconf 87' lang='lat' dir='ltr'><strong>Et</strong></span> <span class='ocrx_word' id='word_1_730' title='bbox 3416 4427 3461 4482; x_wconf 90' lang='lat' dir='ltr'><strong>si</strong></span> <span class='ocrx_word' id='word_1_731' title='bbox 3496 4427 3834 4499; x_wconf 86' lang='lat' dir='ltr'><strong>aliquando,</strong></span> 
     </span>
    </p>
   </div>
   <div class='ocr_carea' id='block_1_107' title="bbox 2133 4518 3497 4590">
    <p class='ocr_par' dir='ltr' id='par_1_107' title="bbox 2133 4518 3497 4590">
     <span class='ocr_line' id='line_1_107' title="bbox 2133 4518 3497 4590; baseline -0.003 -16"><span class='ocrx_word' id='word_1_732' title='bbox 2133 4525 2264 4586; x_wconf 91' lang='lat' dir='ltr'><strong>etc.,</strong></span> <span class='ocrx_word' id='word_1_733' title='bbox 2291 4535 2460 4590; x_wconf 83' lang='lat' dir='ltr'><strong>usque</strong></span> <span class='ocrx_word' id='word_1_734' title='bbox 2508 4520 2582 4573; x_wconf 86' lang='lat' dir='ltr'><strong>ad</strong></span> <span class='ocrx_word' id='word_1_735' title='bbox 2601 4520 2754 4589; x_wconf 85' lang='lat' dir='ltr'><strong>justo</strong></span> <span class='ocrx_word' id='word_1_736' title='bbox 2786 4518 3150 4583; x_wconf 87' lang='lat' dir='ltr'><strong>vindicando,</strong></span> <span class='ocrx_word' id='word_1_737' title='bbox 3186 4520 3497 4588; x_wconf 87' lang='lat' dir='ltr'><strong>retorquet.</strong></span> 
     </span>
    </p>
   </div>
   <div class='ocr_carea' id='block_1_108' title="bbox 2202 4604 3836 4677">
    <p class='ocr_par' dir='ltr' id='par_1_108' title="bbox 2202 4604 3836 4677">
     <span class='ocr_line' id='line_1_108' title="bbox 2202 4604 3836 4677; baseline -0.003 -15"><span class='ocrx_word' id='word_1_738' title='bbox 2202 4610 2367 4663; x_wconf 78' lang='lat' dir='ltr'><strong>Vens.</strong></span> <span class='ocrx_word' id='word_1_739' title='bbox 2417 4609 2470 4661; x_wconf 80' lang='grc'><strong>4.</strong></span> <span class='ocrx_word' id='word_1_740' title='bbox 2522 4638 2591 4646; x_wconf 92' lang='lat'><strong>-—</strong></span> <span class='ocrx_word' id='word_1_741' title='bbox 2652 4610 2952 4673; x_wconf 79' lang='lat' dir='ltr'><strong>Egestatem</strong></span> <span class='ocrx_word' id='word_1_742' title='bbox 2991 4611 3236 4677; x_wconf 84' lang='lat' dir='ltr'><strong>operata.</strong></span> <span class='ocrx_word' id='word_1_743' title='bbox 3302 4605 3410 4669; x_wconf 91' lang='lat' dir='ltr'><strong>Qui</strong></span> <span class='ocrx_word' id='word_1_744' title='bbox 3469 4604 3836 4677; x_wconf 89' lang='lat' dir='ltr'><strong>negligenter</strong></span> 
     </span>
    </p>
   </div>
   <div class='ocr_carea' id='block_1_109' title="bbox 2131 4692 3834 4767">
    <p class='ocr_par' dir='ltr' id='par_1_109' title="bbox 2131 4692 3834 4767">
     <span class='ocr_line' id='line_1_109' title="bbox 2131 4692 3834 4767; baseline -0.004 -15"><span class='ocrx_word' id='word_1_745' title='bbox 2131 4697 2270 4752; x_wconf 89' lang='lat' dir='ltr'><strong>vivit</strong></span> <span class='ocrx_word' id='word_1_746' title='bbox 2295 4696 2353 4750; x_wconf 90' lang='lat' dir='ltr'><strong>in</strong></span> <span class='ocrx_word' id='word_1_747' title='bbox 2412 4696 2518 4750; x_wconf 92' lang='lat' dir='ltr'><strong>hoc</strong></span> <span class='ocrx_word' id='word_1_748' title='bbox 2558 4697 2791 4761; x_wconf 63' lang='lat' dir='ltr'><strong>saeculo,</strong></span> <span class='ocrx_word' id='word_1_749' title='bbox 2836 4695 3025 4767; x_wconf 88' lang='lat' dir='ltr'><strong>egebit</strong></span> <span class='ocrx_word' id='word_1_750' title='bbox 3069 4694 3234 4749; x_wconf 89' lang='lat' dir='ltr'><strong>bonis</strong></span> <span class='ocrx_word' id='word_1_751' title='bbox 3280 4693 3341 4748; x_wconf 91' lang='lat' dir='ltr'><strong>in</strong></span> <span class='ocrx_word' id='word_1_752' title='bbox 3370 4695 3595 4758; x_wconf 83' lang='lat' dir='ltr'><strong>futuro;</strong></span> <span class='ocrx_word' id='word_1_753' title='bbox 3647 4700 3710 4749; x_wconf 89' lang='lat' dir='ltr'><strong>at</strong></span> <span class='ocrx_word' id='word_1_754' title='bbox 3738 4692 3834 4765; x_wconf 89' lang='lat' dir='ltr'><strong>qui</strong></span> 
     </span>
    </p>
   </div>
   <div class='ocr_carea' id='block_1_110' title="bbox 2132 4781 3835 4849">
    <p class='ocr_par' dir='ltr' id='par_1_110' title="bbox 2132 4781 3835 4849">
     <span class='ocr_line' id='line_1_110' title="bbox 2132 4781 3835 4849; baseline -0.005 -7"><span class='ocrx_word' id='word_1_755' title='bbox 2132 4786 2356 4842; x_wconf 91' lang='lat' dir='ltr'><strong>fortiter</strong></span> <span class='ocrx_word' id='word_1_756' title='bbox 2387 4784 2629 4838; x_wconf 89' lang='lat' dir='ltr'><strong>Domino</strong></span> <span class='ocrx_word' id='word_1_757' title='bbox 2653 4784 2918 4849; x_wconf 87' lang='lat' dir='ltr'><strong>militant,</strong></span> <span class='ocrx_word' id='word_1_758' title='bbox 2952 4783 3166 4838; x_wconf 83' lang='lat' dir='ltr'><strong>divitiis</strong></span> <span class='ocrx_word' id='word_1_759' title='bbox 3199 4786 3428 4837; x_wconf 61' lang='lat' dir='ltr'><strong>internas</strong></span> <span class='ocrx_word' id='word_1_760' title='bbox 3458 4781 3835 4836; x_wconf 79' lang='lat' dir='ltr'><strong>beatitudinis</strong></span> 
     </span>
    </p>
   </div>
   <div class='ocr_carea' id='block_1_111' title="bbox 2134 4878 2595 4930">
    <p class='ocr_par' dir='ltr' id='par_1_111' title="bbox 2134 4878 2595 4930">
     <span class='ocr_line' id='line_1_111' title="bbox 2134 4878 2595 4930; baseline -0.009 0"><span class='ocrx_word' id='word_1_761' title='bbox 2134 4878 2595 4930; x_wconf 87' lang='lat' dir='ltr'><strong>remunerantur.</strong></span> 
     </span>
    </p>
   </div>
   <div class='ocr_carea' id='block_1_112' title="bbox 2207 4958 3836 5029">
    <p class='ocr_par' dir='ltr' id='par_1_112' title="bbox 2207 4958 3836 5029">
     <span class='ocr_line' id='line_1_112' title="bbox 2207 4958 3836 5029; baseline -0.001 -15"><span class='ocrx_word' id='word_1_762' title='bbox 2207 4963 2369 5017; x_wconf 76' lang='lat' dir='ltr'><strong>Vens.</strong></span> <span class='ocrx_word' id='word_1_763' title='bbox 2395 4966 2447 5017; x_wconf 87' lang='lat'><strong>5.</strong></span> <span class='ocrx_word' id='word_1_764' title='bbox 2478 4991 2548 5000; x_wconf 89' lang='lat'><strong>-—</strong></span> <span class='ocrx_word' id='word_1_765' title='bbox 2599 4963 2708 5027; x_wconf 85' lang='lat' dir='ltr'><strong>Qui</strong></span> <span class='ocrx_word' id='word_1_766' title='bbox 2755 4965 3064 5029; x_wconf 83' lang='lat' dir='ltr'><strong>congregat.</strong></span> <span class='ocrx_word' id='word_1_767' title='bbox 3102 4958 3210 5024; x_wconf 89' lang='lat' dir='ltr'><strong>Qui</strong></span> <span class='ocrx_word' id='word_1_768' title='bbox 3261 4963 3572 5028; x_wconf 87' lang='lat' dir='ltr'><strong>congregat</strong></span> <span class='ocrx_word' id='word_1_769' title='bbox 3615 4959 3836 5013; x_wconf 83' lang='lat' dir='ltr'><strong>Christo</strong></span> 
     </span>
    </p>
   </div>
   <div class='ocr_carea' id='block_1_113' title="bbox 2134 5046 3836 5119">
    <p class='ocr_par' dir='ltr' id='par_1_113' title="bbox 2134 5046 3836 5119">
     <span class='ocr_line' id='line_1_113' title="bbox 2134 5046 3836 5119; baseline -0.004 -14"><span class='ocrx_word' id='word_1_770' title='bbox 2134 5050 2354 5106; x_wconf 88' lang='lat' dir='ltr'><strong>animas</strong></span> <span class='ocrx_word' id='word_1_771' title='bbox 2386 5049 2669 5119; x_wconf 85' lang='lat' dir='ltr'><strong>ﬁdelium,</strong></span> <span class='ocrx_word' id='word_1_772' title='bbox 2719 5048 2873 5103; x_wconf 84' lang='lat' dir='ltr'><strong>ﬁlius</strong></span> <span class='ocrx_word' id='word_1_773' title='bbox 2903 5048 3130 5119; x_wconf 89' lang='lat' dir='ltr'><strong>sapiens</strong></span> <span class='ocrx_word' id='word_1_774' title='bbox 3183 5050 3286 5101; x_wconf 88' lang='lat' dir='ltr'><strong>est.</strong></span> <span class='ocrx_word' id='word_1_775' title='bbox 3322 5048 3386 5101; x_wconf 85' lang='lat' dir='ltr'><strong>Et</strong></span> <span class='ocrx_word' id='word_1_776' title='bbox 3438 5046 3676 5118; x_wconf 89' lang='lat' dir='ltr'><strong>quidem</strong></span> <span class='ocrx_word' id='word_1_777' title='bbox 3718 5047 3836 5102; x_wconf 71' lang='lat' dir='ltr'><strong>hsec</strong></span> 
     </span>
    </p>
   </div>
   <div class='ocr_carea' id='block_1_114' title="bbox 2133 5134 3836 5208">
    <p class='ocr_par' dir='ltr' id='par_1_114' title="bbox 2133 5134 3836 5208">
     <span class='ocr_line' id='line_1_114' title="bbox 2133 5134 3836 5208; baseline -0.003 -15"><span class='ocrx_word' id='word_1_778' title='bbox 2133 5141 2320 5194; x_wconf 81' lang='lat' dir='ltr'><strong>messis</strong></span> <span class='ocrx_word' id='word_1_779' title='bbox 2366 5138 2536 5192; x_wconf 86' lang='lat' dir='ltr'><strong>multa</strong></span> <span class='ocrx_word' id='word_1_780' title='bbox 2564 5142 2662 5202; x_wconf 84' lang='lat' dir='ltr'><strong>est,</strong></span> <span class='ocrx_word' id='word_1_781' title='bbox 2703 5138 2952 5208; x_wconf 85' lang='lat' dir='ltr'><strong>Operarii</strong></span> <span class='ocrx_word' id='word_1_782' title='bbox 2972 5151 3094 5191; x_wconf 82' lang='lat' dir='ltr'><strong>vero</strong></span> <span class='ocrx_word' id='word_1_783' title='bbox 3134 5137 3305 5205; x_wconf 85' lang='lat' dir='ltr'><strong>pauci</strong></span> <span class='ocrx_word' id='word_1_784' title='bbox 3336 5135 3555 5203; x_wconf 83' lang='lat' dir='ltr'><strong>(Matth.</strong></span> <span class='ocrx_word' id='word_1_785' title='bbox 3593 5137 3696 5204; x_wconf 81' lang='lat' dir='ltr'><strong>ix).</strong></span> <span class='ocrx_word' id='word_1_786' title='bbox 3732 5134 3836 5200; x_wconf 87' lang='lat' dir='ltr'><strong>Qui</strong></span> 
     </span>
    </p>
   </div>
   <div class='ocr_carea' id='block_1_115' title="bbox 2131 5222 3836 5297">
    <p class='ocr_par' dir='ltr' id='par_1_115' title="bbox 2131 5222 3836 5297">
     <span class='ocr_line' id='line_1_115' title="bbox 2131 5222 3836 5297; baseline -0.002 -17"><span class='ocrx_word' id='word_1_787' title='bbox 2131 5243 2264 5281; x_wconf 90' lang='lat' dir='ltr'><strong>vero</strong></span> <span class='ocrx_word' id='word_1_788' title='bbox 2312 5226 2419 5280; x_wconf 91' lang='lat' dir='ltr'><strong>hoc</strong></span> <span class='ocrx_word' id='word_1_789' title='bbox 2475 5231 2736 5296; x_wconf 88' lang='lat' dir='ltr'><strong>tempore</strong></span> <span class='ocrx_word' id='word_1_790' title='bbox 2768 5225 3097 5297; x_wconf 83' lang='lat' dir='ltr'><strong>acceptabili</strong></span> <span class='ocrx_word' id='word_1_791' title='bbox 3128 5241 3159 5278; x_wconf 89' lang='lat' dir='ltr'><strong>a</strong></span> <span class='ocrx_word' id='word_1_792' title='bbox 3206 5239 3309 5277; x_wconf 89' lang='lat' dir='ltr'><strong>sua</strong></span> <span class='ocrx_word' id='word_1_793' title='bbox 3354 5224 3535 5278; x_wconf 87' lang='lat' dir='ltr'><strong>salute</strong></span> <span class='ocrx_word' id='word_1_794' title='bbox 3579 5222 3836 5279; x_wconf 83' lang='lat' dir='ltr'><strong>curanda</strong></span> 
     </span>
    </p>
   </div>
   <div class='ocr_carea' id='block_1_116' title="bbox 2134 5311 3456 5385">
    <p class='ocr_par' dir='ltr' id='par_1_116' title="bbox 2134 5311 3456 5385">
     <span class='ocr_line' id='line_1_116' title="bbox 2134 5311 3456 5385; baseline -0.002 -16"><span class='ocrx_word' id='word_1_795' title='bbox 2134 5314 2428 5385; x_wconf 85' lang='lat' dir='ltr'><strong>torpescit,</strong></span> <span class='ocrx_word' id='word_1_796' title='bbox 2456 5313 2839 5368; x_wconf 89' lang='lat' dir='ltr'><strong>confundetur</strong></span> <span class='ocrx_word' id='word_1_797' title='bbox 2855 5313 2917 5367; x_wconf 90' lang='lat' dir='ltr'><strong>in</strong></span> <span class='ocrx_word' id='word_1_798' title='bbox 2938 5313 3030 5367; x_wconf 91' lang='lat' dir='ltr'><strong>die</strong></span> <span class='ocrx_word' id='word_1_799' title='bbox 3052 5311 3456 5366; x_wconf 88' lang='lat' dir='ltr'><strong>tribulationis.</strong></span> 
     </span>
    </p>
   </div>
   <div class='ocr_carea' id='block_1_117' title="bbox 2207 5399 3832 5473">
    <p class='ocr_par' dir='ltr' id='par_1_117' title="bbox 2207 5399 3832 5473">
     <span class='ocr_line' id='line_1_117' title="bbox 2207 5399 3832 5473; baseline -0.001 -16"><span class='ocrx_word' id='word_1_800' title='bbox 2207 5405 2369 5459; x_wconf 79' lang='lat' dir='ltr'><strong>Vens.</strong></span> <span class='ocrx_word' id='word_1_801' title='bbox 2395 5405 2446 5458; x_wconf 85' lang='lat'><strong>6.</strong></span> <span class='ocrx_word' id='word_1_802' title='bbox 2475 5433 2543 5442; x_wconf 89' lang='lat'><strong>——</strong></span> <span class='ocrx_word' id='word_1_803' title='bbox 2569 5403 2637 5458; x_wconf 89' lang='lat' dir='ltr'><strong>Os</strong></span> <span class='ocrx_word' id='word_1_804' title='bbox 2663 5407 2842 5457; x_wconf 88' lang='lat' dir='ltr'><strong>autem</strong></span> <span class='ocrx_word' id='word_1_805' title='bbox 2870 5405 3179 5473; x_wconf 85' lang='lat' dir='ltr'><strong>impiorum.</strong></span> <span class='ocrx_word' id='word_1_806' title='bbox 3213 5400 3377 5466; x_wconf 93' lang='lat' dir='ltr'><strong>Quod</strong></span> <span class='ocrx_word' id='word_1_807' title='bbox 3406 5399 3832 5465; x_wconf 88' lang='lat' dir='ltr'><strong>comessationi,</strong></span> 
     </span>
    </p>
   </div>
   <div class='ocr_carea' id='block_1_118' title="bbox 2135 5490 3833 5563">
    <p class='ocr_par' dir='ltr' id='par_1_118' title="bbox 2135 5490 3833 5563">
     <span class='ocr_line' id='line_1_118' title="bbox 2135 5490 3833 5563; baseline -0.002 -16"><span class='ocrx_word' id='word_1_808' title='bbox 2135 5491 2394 5547; x_wconf 90' lang='lat' dir='ltr'><strong>ebrietati</strong></span> <span class='ocrx_word' id='word_1_809' title='bbox 2424 5495 2481 5546; x_wconf 89' lang='lat' dir='ltr'><strong>et</strong></span> <span class='ocrx_word' id='word_1_810' title='bbox 2526 5491 2830 5563; x_wconf 85' lang='lat' dir='ltr'><strong>colloquiis</strong></span> <span class='ocrx_word' id='word_1_811' title='bbox 2885 5490 3052 5545; x_wconf 87' lang='lat' dir='ltr'><strong>malis</strong></span> <span class='ocrx_word' id='word_1_812' title='bbox 3103 5490 3402 5557; x_wconf 88' lang='lat' dir='ltr'><strong>serviebat,</strong></span> <span class='ocrx_word' id='word_1_813' title='bbox 3455 5494 3690 5561; x_wconf 85' lang='lat' dir='ltr'><strong>propter</strong></span> <span class='ocrx_word' id='word_1_814' title='bbox 3724 5490 3833 5544; x_wconf 84' lang='lat' dir='ltr'><strong>ini-</strong></span> 
     </span>
    </p>
   </div>
   <div class='ocr_carea' id='block_1_119' title="bbox 2136 5578 3831 5652">
    <p class='ocr_par' dir='ltr' id='par_1_119' title="bbox 2136 5578 3831 5652">
     <span class='ocr_line' id='line_1_119' title="bbox 2136 5578 3831 5652; baseline -0.002 -18"><span class='ocrx_word' id='word_1_815' title='bbox 2136 5581 2436 5652; x_wconf 87' lang='lat' dir='ltr'><strong>quitatem,</strong></span> <span class='ocrx_word' id='word_1_816' title='bbox 2505 5595 2681 5652; x_wconf 88' lang='lat' dir='ltr'><strong>quam</strong></span> <span class='ocrx_word' id='word_1_817' title='bbox 2750 5579 3058 5652; x_wconf 89' lang='lat' dir='ltr'><strong>congessit,</strong></span> <span class='ocrx_word' id='word_1_818' title='bbox 3131 5578 3628 5634; x_wconf 87' lang='lat' dir='ltr'><strong>condemnabitur.</strong></span> <span class='ocrx_word' id='word_1_819' title='bbox 3715 5578 3831 5632; x_wconf 84' lang='lat' dir='ltr'><strong>De-</strong></span> 
     </span>
    </p>
   </div>
  </div>
