4082 6184
234 326 372 380 1093

1368 326 1624 384 GLOSSA
1662 326 2065 385 ORDINARIA.
2105 359 2174 368 —
2215 330 2346 385 LIB.
2392 329 2589 386 PROV.

3602 341 3738 395 1094

229 447 408 517 nique
446 462 503 502 os
527 447 683 502 illius
738 449 1007 518 iniquitas
1040 450 1252 516 operuit
1278 448 1377 519 qui
1410 448 1469 502 in
1496 450 1795 504 tormentis
1825 466 1935 520 po—
1964 452 2009 504 Α
2046 450 2302 519 nescivit,
2342 455 2471 515 etc.,
2507 466 2675 520 usque
2725 451 2799 505 ad
2851 456 2908 505 et
2936 452 3005 506 ad
3066 468 3163 507 eos
3210 454 3448 510 fortasse
3495 459 3744 527 pertinet

229 536 374 589 situs
418 535 477 589 in
532 538 731 607 lingua
769 537 898 602 sibi,
954 536 1012 590 in
1066 553 1179 606 qua
1227 538 1299 591 ob
1345 536 1511 607 plura
1559 539 1771 593 scelera
1802 541 1929 609 plus

229 622 468 693 punitus
500 630 601 689 est,
631 624 993 694 refrigerium
1022 625 1309 693 quaesivit.

302 712 457 765 Vens.
490 717 543 765 7.
576 742 645 751 —
675 714 953 767 Memoria.
986 714 1049 766 In
1099 713 1207 767 hac
1241 714 1354 766 vita
1396 714 1530 767 boui
1562 714 1761 781 honos,
1793 718 1927 780 etc.,

230 814 399 869 usque
418 800 493 854 ad
512 805 569 854 et
598 800 747 871 ignis
777 817 974 855 eorum
998 818 1113 855 non
1139 802 1556 873 exstinguetur.

324 890 479 943 Vens.
516 892 568 943 8.
603 919 669 929 —
702 890 911 945 Stultus
957 891 1168 944 ceditur
1210 892 1390 956 labiis,
1423 892 1509 945 vel
1554 891 1690 958 suis,
1723 891 1929 962 quibus

232 976 492 1030 damnari
538 978 770 1045 meruit,
808 979 942 1048 quia
990 994 1132 1033 mors
1180 985 1229 1033 et
1275 982 1393 1033 vita
1440 982 1497 1033 in
1546 980 1794 1033 manibus
1823 981 1929 1033 lin-

231 1080 348 1132 guae
397 1068 527 1131 (lsa.
567 1066 734 1134 LXVI),
776 1067 865 1119 vel
929 1083 1125 1120 eorum
1157 1083 1189 1120 a
1230 1067 1458 1137 quibus,
1514 1068 1651 1138 quia
1720 1067 1931 1138 corrigi

230 1168 345 1206 non
378 1154 579 1224 potuit,
618 1155 961 1209 sententiam
1011 1156 1397 1210 damnationis
1455 1157 1703 1227 accepit;
1730 1157 1880 1209 unde
1914 1172 1926 1210 :

232 1244 476 1311 Domine,
535 1243 707 1297 libera
730 1245 970 1297 animam
1017 1260 1189 1299 meam
1217 1261 1252 1298 a
1291 1245 1451 1299 labiis
1498 1247 1707 1314 iniquis
1750 1244 1926 1315 (Psal.

241 1332 406 1401 cxix).

302 1421 528 1475 Vens.9.
562 1449 633 1461 —
663 1423 768 1491 Qui
800 1422 1065 1487 ambulat,
1098 1421 1585 1493 qut-simpliciter
1635 1438 1693 1475 se
1742 1422 1930 1478 vivere

232 1508 410 1573 novit,
453 1514 584 1573 etc.,
641 1524 811 1577 usque
856 1510 930 1563 ad
996 1526 1059 1563 ac
1105 1510 1279 1579 digna
1330 1510 1490 1564 factis
1529 1510 1751 1581 recipit,
1789 1512 1933 1567 nihil

231 1600 371 1650 enim
400 1599 665 1650 occultum
693 1598 837 1665 quod
865 1613 970 1651 non
999 1597 1263 1652 reveletur
1294 1600 1507 1668 (Matth.
1545 1599 1622 1669 x).

306 1687 460 1739 Vens.
499 1690 581 1739 13.
641 1716 712 1725 —
772 1688 943 1754 Virga
991 1689 1049 1740 in
1092 1688 1251 1741 dorso
1300 1689 1433 1757 ejus.
1470 1689 1724 1743 Vindicta
1758 1688 1815 1742 in
1848 1706 1931 1742 se-

234 1774 434 1845 quenti
462 1775 603 1835 vita,
641 1780 770 1841 etc.,
814 1791 983 1844 usque
1037 1776 1111 1829 ad
1162 1782 1312 1831 recte
1361 1778 1662 1831 subditur:
1698 1779 1926 1847 Sapien-

232 1870 307 1918 tes
352 1864 707 1932 abscondunt,
739 1871 844 1918 etc.

302 1953 463 2006 Vens.
496 1957 576 2006 15.
610 1981 678 1993 -
727 1953 1048 2007 Substantia
1097 1953 1307 2007 divitis.
1368 1953 1788 2023 Spiritualiter:
1821 1955 1929 2019 Qui

229 2040 289 2094 in
322 2043 503 2094 Deum
534 2042 691 2095 dives
720 2047 804 2094 est
850 2058 954 2112 per
996 2041 1150 2095 bona
1198 2058 1389 2112 opera,
1449 2044 1684 2096 conlidit
1716 2044 1775 2095 in
1806 2044 1927 2109 illo,

232 2130 395 2200 quasi
428 2130 528 2201 qui
569 2131 629 2184 in
660 2130 802 2183 urbe
862 2130 1294 2201 inexpugnabli,
1346 2147 1471 2201 quae
1505 2148 1537 2184 a
1577 2131 1736 2185 nullo
1768 2132 1929 2185 hoste

231 2218 412 2289 possit
448 2218 744 2288 superari;
790 2223 865 2283 at,
916 2219 1015 2289 qui
1079 2218 1357 2273 virtutum
1428 2219 1626 2289 inopia
1686 2235 1932 2290 coangu-

232 2313 473 2373 stantur,
507 2307 635 2361 ideo
686 2307 1011 2362 ccelestibus
1054 2313 1224 2379 egent
1271 2308 1504 2373 divitiis,
1560 2308 1695 2378 quia
1760 2308 1930 2361 noxio

231 2410 442 2465 pavore
470 2394 677 2448 timent
724 2395 900 2448 duros
949 2410 1054 2465 pro
1116 2394 1357 2448 Domino
1411 2395 1655 2448 tolerare
1686 2396 1925 2449 labores.

308 2483 477 2537 Vens.
536 2485 619 2537 18.
662 2513 729 2522 -
775 2483 1129 2537 Abscondunt
1194 2486 1493 2547 scientiam,
1535 2490 1642 2537 etc.
1691 2484 1746 2538 Si
1794 2500 1930 2555 ergo

227 2586 397 2624 verax
430 2574 487 2624 et
517 2571 743 2641 sapiens
776 2588 897 2625 esse
954 2572 1261 2638 desideras,
1298 2573 1490 2626 odium
1527 2588 1714 2643 neque
1754 2572 1814 2625 in
1842 2573 1935 2626 ab-

228 2660 487 2713 scondito
519 2660 706 2713 cordis
744 2665 1032 2730 conteges,
1090 2677 1275 2731 neque
1330 2677 1434 2730 per
1480 2661 1595 2714 oris
1636 2666 1933 2715 contume-

229 2749 366 2803 liam
396 2748 655 2819 proferas
683 2766 696 2816 ;
732 2750 827 2804 sed
860 2755 1025 2804 tuum
1055 2766 1151 2803 cor
1177 2750 1484 2804 dilectione
1517 2754 1573 2803 et
1602 2766 1663 2803 os
1693 2750 1930 2804 veritate

236 2838 545 2907 repleatur.

303 2927 465 2979 Vens.
498 2928 589 2980 23.
622 2954 691 2966 —
722 2928 893 2993 Quasi
916 2942 1013 2996 per
1038 2929 1216 2981 risum
1266 2928 1465 2983 stultus
1530 2933 1788 2997 operatur
1812 2942 1922 2982 sce-

235 3014 345 3067 lus.
408 3014 773 3068 Prudentiaa
823 3016 1179 3085 providendo
1241 3033 1454 3071 nomen
1487 3017 1723 3087 accepit.
1774 3015 1926 3071 Stul-
1960 3024 1999 3079 C

232 3113 325 3163 tus
361 3115 445 3164 est
473 3110 650 3180 igitur
677 3111 776 3181 qui
797 3112 1007 3181 gaudet
1037 3110 1096 3165 in
1128 3113 1357 3166 scelere.
1416 3111 1701 3181 Sapientis
1741 3117 1929 3165 autem

232 3204 315 3253 est
342 3204 397 3252 et
426 3199 549 3269 ejus
605 3200 706 3270 qui
758 3200 863 3253 viri
901 3200 1135 3254 nomine
1186 3201 1395 3271 dignus
1442 3201 1536 3267 sit,
1593 3200 1929 3271 przevidere,

233 3288 372 3358 quia
426 3288 574 3341 risus
621 3287 813 3342 dolore
864 3288 1215 3355 miscebitur,
1284 3293 1340 3343 et
1399 3289 1611 3359 gaudia
1664 3290 1933 3359 peccandi

236 3392 405 3448 pcena
427 3382 697 3447 sequetur
727 3376 990 3431 ultionis.

308 3464 472 3517 Vens.
504 3464 593 3518 24.
624 3493 695 3506 -
748 3465 900 3530 Quod
938 3467 1087 3519 timet
1142 3468 1365 3534 impius,
1419 3468 1595 3520 veniet
1637 3481 1822 3535 super.
1858 3467 1934 3521 De

236 3551 333 3605 illo
383 3552 562 3621 impio
590 3553 743 3619 dicit,
794 3558 926 3621 etc.,
972 3568 1143 3621 usque
1194 3553 1268 3607 ad
1314 3553 1467 3624 quod
1502 3554 1668 3608 corde
1718 3558 1933 3619 tenent,

238 3640 522 3694 adveniet.

309 3728 469 3782 Vens.
511 3729 600 3783 25.
645 3758 714 3768 -
762 3729 931 3794 Quasi
976 3734 1279 3798 tempestas.
1336 3730 1413 3783 De
1476 3729 1938 3800 persecutoribus

238 3816 505 3870 Ecclesiae
528 3817 685 3883 dicit,
715 3818 815 3888 qui
835 3820 1070 3872 domum
1103 3819 1237 3872 lidei
1286 3819 1616 3873 subvertere
1648 3822 1934 3889 quaerunt.

238 3906 347 3961 Sed
377 3907 474 3960 illa
496 3906 554 3959 in
587 3923 719 3960 vero
769 3908 1166 3974 fundamento,
1198 3907 1258 3962 id
1308 3912 1410 3973 est,
1468 3907 1529 3962 in
1559 3907 1783 3963 Christo
1824 3906 1937 3961 col-

238 3996 447 4061 locata,
484 3995 595 4066 ipsi
626 3996 912 4066 extemplo
944 3996 1296 4067 dispereunt.

313 4086 470 4137 Vens.
504 4087 593 4138 26.
635 4113 705 4123 —-
764 4085 916 4139 Sicut
971 4091 1179 4139 acetum
1233 4084 1504 4139 dentibus.
1565 4084 1724 4139 Sicut
1752 4083 1940 4137 haere-

236 4173 487 4227 ticorum
513 4173 777 4243 pertidia,
809 4178 939 4240 etc.,
996 4189 1163 4243 usque
1205 4174 1279 4227 ad
1308 4178 1363 4227 et
1410 4174 1579 4227 etiam
1610 4172 1796 4226 verbis
1825 4172 1941 4226 im-

242 4266 524 4333 pugnant,
561 4263 708 4316 unde
741 4278 754 4316 :
809 4263 859 4317 A
889 4263 1042 4317 nobis
1088 4265 1356 4328 exierunt,
1413 4263 1508 4317 sed
1562 4278 1630 4317 ea:
1657 4262 1811 4317 nobis
1833 4277 1939 4316 non

240 4356 401 4405 erant
432 4352 476 4419 (Ι
494 4350 653 4405 Joan.
688 4351 769 4422 ιι).

316 4440 484 4493 Vens.
548 4441 637 4492 28.
687 4468 757 4478 -—-
800 4439 931 4509 Spes
994 4444 1192 4494 autem.
1256 4440 1379 4493 Non
1434 4442 1627 4493 contra
1680 4438 1739 4492 id
1787 4437 1940 4508 quod

240 4543 418 4597 supra
438 4527 665 4592 dicitur,
700 4533 833 4591 etc.,
871 4543 1042 4596 usque
1079 4528 1153 4581 ad
1187 4529 1261 4581 De
1306 4527 1394 4581 his
1426 4529 1526 4599 qui
1562 4527 1806 4583 scienter
1841 4527 1938 4581 de-

238 4615 535 4685 linquunt,
570 4616 635 4670 ad
637 4615 851 4685 jungit.

316 4705 479 4758 Vens.
516 4707 604 4757 29.
646 4734 713 4744 —
743 4704 1024 4759 Fortitudo
1068 4706 1334 4774 simplicis
1389 4708 1483 4759 via
1512 4706 1627 4774 ejus
1668 4709 1719 4759 et
1746 4719 1936 4775 pavor.

236 4792 299 4848 Si
328 4792 568 4846 obscura
591 4792 1034 4864 Scripturarum,
1083 4801 1214 4862 etc.,
1241 4810 1411 4863 usque
1439 4794 1514 4849 ad
1553 4793 1780 4865 operari
1810 4810 1943 4848 con-

236 4885 529 4936 temnunt.

940 4953 1163 5007 CAPUT
1193 4954 1281 5009 XI.

348 5060 508 5113 Vens.
562 5062 610 5113 1.
664 5088 726 5099 -
783 5060 1001 5114 Statera
1049 5060 1250 5114 dolosa.
1293 5060 1391 5113 Vel
1436 5058 1696 5130 pecunia:
1740 5058 1824 5112 vel
1845 5059 1940 5130 ju-

234 5146 396 5214 dicii,
432 5152 561 5216 etc.,
582 5162 749 5215 usque
770 5147 844 5202 ad
864 5152 920 5201 et
941 5148 1152 5202 actioni
1182 5147 1472 5218 congruit.

315 5236 475 5289 Vens.
508 5238 558 5291 2.
610 5266 680 5277 —
716 5236 817 5292 Ubi
862 5238 1032 5304 fuerit
1078 5237 1356 5307 superbia.
1399 5234 1660 5307 Superbi,
1694 5235 1783 5289 vel
1808 5248 1942 5289 con-

232 5324 547 5380 tumeliose
594 5341 653 5378 se
685 5330 894 5395 gerunt
921 5342 1025 5397 per
1055 5330 1451 5396 contemptum
1498 5324 1614 5379 sive
1644 5339 1748 5395 per
1776 5322 1939 5394 igno-

234 5413 495 5468 rantiam
551 5413 888 5483 disciplinas,
933 5414 1021 5469 vel
1076 5414 1356 5486 proximis
1409 5412 1820 5469 contumeliam
1851 5412 1941 5468 in-

231 5506 475 5575 gerunt,
502 5503 592 5557 vel
622 5503 722 5574 qui
753 5518 813 5557 se
841 5503 1052 5558 exaltat
1097 5503 1515 5558 humiliabitur.

315 5590 481 5646 Vens.
532 5596 585 5646 7.
634 5620 703 5632 -
749 5592 960 5648 Mortuo
1006 5591 1223 5649 homine
1262 5594 1452 5663 impio.
1498 5591 1612 5645 Hoc
1668 5589 1942 5663 Origenes

2042 540 2194 609 quod
2227 540 2508 610 sequitur.

2111 630 2462 696 Emspectatio
2522 628 2894 682 sollicitarum.
2921 628 3254 684 Sollicitudo
3312 632 3594 687 bonorum
3653 639 3743 688 est

2040 714 2279 785 implere
2338 716 2433 769 Dei
2490 722 2800 786 precepta;
2861 722 2920 770 at
2972 718 3251 772 malorum
3302 721 3547 775 scienter
3606 739 3738 793 pec-

2041 805 2313 871 cantium,
2348 805 2498 875 quod
2532 810 2802 859 aeternam
2852 806 3145 876 rapientur
3197 808 3265 861 ad
3294 825 3541 878 pcenam.
3577 812 3737 866 Ideo-

2042 908 2152 961 que
2184 892 2528 962 exspectatio
2580 893 2810 946 illorum
2869 894 3275 961 coronabitur;
3310 896 3549 950 istorum
3575 900 3737 953 dam-

2041 976 2290 1041 nabitur,
2355 976 2524 1030 etiam
2584 981 2714 1031 ante
2765 977 3066 1047 judicium,
3145 978 3454 1033 damnante
3505 982 3741 1052 propria

2041 1064 2408 1119 conscientia.

2111 1155 2271 1207 Vens.
2303 1157 2353 1207 9.
2387 1185 2456 1194 —
2503 1155 2825 1210 Simulator.
2884 1155 3193 1210 Haereticns
3238 1156 3514 1213 simulans
3542 1160 3737 1214 catho-

2040 1239 2207 1295 licam
2238 1241 2577 1308 doctrinam,
2610 1242 2820 1312 decipit
2886 1244 3205 1299 auditorem
3256 1262 3443 1300 suum.
3488 1246 3597 1311 Qui
3637 1264 3733 1301 ve-

2042 1329 2269 1383 ritatem
2300 1334 2621 1396 sequuntur
2679 1332 2971 1402 Evangelii
3002 1332 3401 1387 liberabuntur
3454 1335 3733 1406 sapientia

2042 1418 2337 1485 catholica,
2371 1435 2439 1473 ne
2468 1419 2732 1490 decipula
2760 1420 3120 1491 decipiantur
3149 1422 3434 1477 hairetica.

2113 1508 2273 1562 Vens.
2313 1510 2395 1561 12.
2424 1537 2492 1546 -—
2524 1509 2633 1574 Qui
2676 1508 2927 1578 despicit,
2983 1514 3088 1563 etc.
3129 1511 3253 1564 Non
3305 1516 3390 1565 est
3418 1512 3738 1582 despicien-

2041 1596 2167 1659 dus,
2202 1596 2302 1667 qui
2338 1613 2439 1649 nos
2469 1597 2803 1667 simpliciter
2828 1602 2999 1665 amat,
3034 1598 3140 1651 etsi
3190 1598 3327 1669 quid
3358 1599 3549 1670 inepte
3576 1604 3735 1669 agat:

2043 1684 2138 1754 qui
2172 1684 2328 1737 enim
2361 1685 2467 1737 hoc
2492 1685 2880 1756 facit,indiget
2904 1687 3230 1756 sapientius.
3266 1688 3517 1742 Prudens
3548 1694 3740 1743 autem

2037 1772 2262 1841 publice
2292 1777 2457 1834 tacet,
2515 1773 2732 1827 occulte
2792 1773 3050 1844 castigat,
3113 1776 3267 1846 quod
3326 1777 3532 1831 melius
3561 1776 3621 1830 in
3652 1792 3738 1830 se-

2039 1862 2351 1932 quentibus
2384 1862 2658 1933 aperitur.

2110 1951 2267 2004 Vens.
2307 1951 2389 2004 14.
2421 1979 2491 1991 -
2523 1952 2624 2006 Ubi
2679 1967 2786 2005 non
2842 1957 2921 2006 est
2956 1953 3304 2021 gubernator,
3360 1955 3593 2023 populus
3624 1970 3739 2009 cor-

2038 2043 2177 2106 ruet,
2200 2040 2350 2093 satus
2372 2046 2551 2095 autem
2592 2040 2688 2093 ubi
2705 2041 2878 2095 multa
2935 2044 3181 2096 consilia.
3253 2043 3330 2096 Ne
3391 2042 3545 2095 enim
3576 2047 3742 2112 puta-

2038 2147 2149 2195 res,
2179 2136 2306 2195 ctc.,
2340 2144 2508 2198 usque
2529 2129 2603 2183 ad
2633 2134 2695 2182 ut
2723 2146 2755 2183 a
2786 2130 3046 2199 pluribus
3077 2130 3417 2202 corrigatur.

2110 2220 2273 2272 Vens.
2311 2220 2489 2271 15.-
2551 2219 2866 2285 Afﬂigetur.
2926 2218 3010 2271 Ad
3070 2219 3319 2271 litteram
3379 2223 3555 2288 patet,
3604 2223 3737 2286 etc.,

2038 2321 2207 2375 usque
2273 2305 2347 2359 ad
2402 2305 2652 2376 seipsum
2710 2313 2840 2359 ante
2893 2305 3135 2359 districti
3187 2306 3398 2377 judicia
3442 2308 3635 2360 oculos
3660 2308 3747 2361 ul-

2038 2395 2199 2450 tione
2224 2394 2463 2465 dignum
2493 2393 2714 2447 reddet.

2114 2488 2217 2553 Qui
2244 2489 2423 2538 autem
2454 2488 2606 2537 cavet
2633 2486 2850 2553 laqueos
2906 2497 3123 2537 securus
3176 2484 3296 2537 erit.
3365 2482 3605 2537 Securus
3632 2484 3741 2536 erit

2042 2572 2101 2626 in
2130 2572 2323 2625 futuro
2354 2572 2451 2643 qui
2475 2584 2625 2625 nunc
2654 2572 2799 2625 bene
2832 2570 3237 2624 formidolosus
3292 2576 3349 2624 et
3379 2588 3479 2625 sua
3510 2576 3741 2642 peccata

2039 2676 2143 2731 per
2172 2659 2574 2731 paenitentiam
2595 2664 2773 2725 curat,
2820 2665 2875 2713 et
2922 2659 2992 2713 ab
3040 2658 3529 2729 impaenitentium
3551 2659 3728 2713 socie-

2040 2754 2156 2803 tate
2186 2766 2245 2804 se
2279 2750 2597 2803 immunem
2630 2752 2833 2802 servat.

2115 2839 2281 2893 Vens.
2315 2842 2405 2893 2|.
2447 2869 2515 2878 —
2568 2840 2763 2892 Manus
2818 2838 2876 2889 in
2904 2852 3087 2890 manu.
3149 2835 3255 2900 Qui
3284 2852 3521 2891 manum
3548 2835 3742 2906 jungit

2041 2928 2101 2982 in
2134 2943 2330 2996 manu,
2356 2933 2487 2994 etc.,
2520 2942 2688 2995 usque
2724 2925 2799 2980 ad
2828 2925 2979 2979 unde
3037 2925 3396 2996 praemissum
3427 2932 3512 2979 est
3544 2941 3556 2978 :
3592 2926 3740 2980 Abo-

2041 3017 2296 3071 minabile
2325 3019 2549 3070 Domino
2570 3031 2660 3069 cor
2689 3030 2941 3084 pravum.

2115 3107 2275 3159 Vens.
2326 3106 2413 3158 22.
2476 3134 2539 3144 —
2588 3104 2833 3160 Circulus
2863 3116 3059 3156 aureus
3114 3104 3173 3154 in
3218 3102 3469 3168 naribus,
3531 3106 3641 3155 etc.
3680 3101 3738 3156 Si

2041 3196 2159 3249 suis
2184 3194 2416 3248 naribus
2480 3193 2757 3246 circulum
2801 3191 2925 3245 auri
2974 3190 3188 3258 ﬂxeris,
3246 3195 3375 3259 etc.,
3438 3206 3605 3259 usque
3663 3191 3739 3244 ad

2041 3285 2178 3357 quia
2210 3282 2533 3337 carnalibus
2564 3280 2808 3335 deditus.

2129 3375 2295 3427 Vens.
2322 3375 2410 3425 27.
2467 3400 2528 3411 --
2582 3372 2717 3424 Bene
2764 3371 3039 3436 consurgit
3094 3369 3332 3422 diluculo
3397 3370 3494 3436 qui
3541 3371 3740 3438 quaerit

2045 3464 2203 3527 bona,
2234 3467 2362 3526 etc.,
2386 3461 2445 3515 id
2477 3464 2562 3513 est
2606 3458 2675 3513 ad
2712 3458 2882 3514 vitam
2923 3456 3221 3527 consurgit
3273 3457 3331 3510 in
3360 3460 3619 3527 tempore
3653 3473 3742 3510 re-

2044 3548 2431 3616 surrectionis,
2464 3548 2601 3618 quia
2629 3563 2782 3600 nunc
2826 3546 2976 3599 bona
2997 3545 3117 3615 agit
3168 3545 3227 3598 in
3254 3551 3515 3615 tempore
3541 3561 3742 3615 opera-

2042 3637 2233 3692 tionis.
2263 3637 2371 3702 Qui
2404 3643 2595 3690 autem
2620 3636 2791 3700 mala,
2834 3650 2960 3704 qua!
2985 3635 3134 3688 dicat
3154 3634 3241 3687 vel
3297 3640 3448 3704 agat,
3483 3634 3740 3706 inquirit,

2046 3742 2246 3781 eorum
2281 3727 2529 3796 pondere
2553 3724 2624 3778 ab
2651 3723 2951 3777 altioribus
2980 3723 3322 3776 retardatur.

2115 3816 2277 3868 Vens.
2331 3816 2421 3867 28.
2474 3841 2548 3854 —
2584 3814 2730 3866 Justi
2781 3816 2959 3865 autem
3009 3814 3188 3879 quasi,
3240 3815 3345 3865 etc.
3395 3811 3590 3880 Quasi,
3640 3813 3740 3883 qui

2050 3921 2149 3976 spe
2178 3904 2505 3957 futurorum
2537 3900 2912 3971 praemiorum
2941 3900 3094 3953 bona
3123 3900 3339 3953 faciunt
3366 3899 3424 3952 in
3444 3902 3738 3971 praesenti,

2041 3995 2211 4065 juste,
2243 3994 2397 4063 quod
2424 3996 2676 4061 sperant,
2712 3989 3015 4058 accipiunt.
3074 3988 3275 4041 Virens
3332 3986 3544 4056 quippe
3576 3986 3635 4040 in
3661 4003 3745 4040 ar-

2050 4086 2185 4137 bore
2217 4082 2437 4145 folium,
2471 4080 2705 4143 fructus,
2755 4092 2899 4147 quos
2942 4076 3199 4129 nondum
3256 4074 3527 4141 ostendit,
3558 4072 3745 4143 signat

2052 4173 2372 4227 allaturos:
2405 4174 2463 4224 et
2512 4168 2651 4238 justi
2696 4165 2859 4237 quasi
2909 4164 3097 4218 virens
3144 4163 3346 4218 folium
3394 4164 3742 4233 germinant,

2053 4261 2151 4333 qui
2184 4277 2281 4332 spe
2309 4258 2449 4313 salvi
2476 4256 2607 4312 facti
2635 4256 2693 4310 in
2725 4254 2938 4310 tideiac
2961 4254 3238 4307 virtutum
3261 4253 3442 4323 gratia
3471 4252 3743 4323 proficere

2052 4366 2166 4405 non
2194 4351 2430 4403 cessant.

2124 4440 2287 4493 Vens.
2321 4440 2409 4492 29.
2446 4464 2515 4475 —-
2547 4434 2656 4500 Qui
2700 4433 2897 4488 stultus
2944 4435 3039 4486 est.
3074 4429 3289 4501 Impius
3322 4428 3459 4484 vivit
3478 4429 3574 4499 pio
3602 4447 3617 4495 ;
3649 4428 3742 4482 ille

2050 4530 2372 4593 damnatur,
2398 4525 2500 4579 iste
2530 4522 2736 4593 accipit
2762 4520 3044 4587 brevium,
3069 4536 3172 4591 pro
3205 4534 3319 4590 quo
3363 4518 3633 4572 certabat.

2117 4618 2276 4669 Vens.
2312 4615 2400 4668 30.
2456 4642 2528 4653 —
2581 4612 2684 4677 Qui
2714 4612 2961 4679 suscipit.
3015 4608 3122 4672 Qui
3166 4607 3491 4661 animarum
3545 4623 3737 4661 curam

2050 4720 2154 4774 pro
2188 4700 2429 4757 Domino
2447 4698 2700 4769 suscipit,
2724 4703 2866 4764 etc.,
2898 4710 3067 4765 usque
3095 4695 3169 4749 ad
3198 4699 3261 4750 ut
3281 4694 3582 4749 sublimius
3610 4710 3740 4749 cum

2052 4790 2293 4847 Domino
2323 4792 2542 4860 regnet,
2586 4791 2868 4857 procurat.

2122 4881 2281 4933 Vens.
2306 4882 2393 4933 31.
2427 4906 2493 4919 —
2518 4877 2579 4931 Si
2591 4876 2795 4944 justus.
2842 4873 2899 4928 Si
2923 4877 3202 4944 martyres
3258 4875 3417 4926 tanta
3442 4871 3741 4942 patiuntur

2049 4968 2280 5038 injuste,
2304 4971 2436 5031 etc.,
2492 4978 2660 5031 usque
2696 4961 2770 5015 ad
2827 4961 2931 5014 etsi
2960 4961 3112 5014 enim
3174 4959 3339 5029 impii
3377 4976 3493 5013 non
3520 4976 3737 5027 sumus,

2050 5062 2203 5112 certe
2257 5055 2303 5109 si
2350 5059 2673 5125 peccatores
2730 5066 2836 5104 nos
2883 5065 3005 5103 esse
3047 5064 3346 5119 negamus,
3395 5049 3639 5117 nosipsos
3666 5064 3741 5103 se-

2050 5147 2314 5212 ducimus,
2349 5148 2399 5198 et
2422 5144 2623 5197 veritas
2668 5142 2727 5193 in
2754 5138 2908 5193 nobis
2939 5154 3047 5193 non
3084 5142 3181 5193 est.

2686 5281 2910 5337 CAPUT
2946 5280 3067 5335 XII.

2122 5411 2287 5464 Vens.
2326 5410 2464 5463 1.-
2501 5405 2604 5471 Qui
2660 5404 2825 5459 bonus
2880 5406 2977 5469 est,
3028 5407 3132 5456 etc.
3192 5401 3405 5455 Horum
3431 5400 3743 5456 versiculo-

2051 5515 2181 5554 rum
2211 5494 2487 5552 connexio
2518 5494 2646 5548 talis
2698 5497 2783 5548 est
2815 5508 2830 5559 ;
2859 5491 2959 5563 qui
2987 5491 3170 5545 bonus
3222 5494 3308 5544 est
3350 5506 3465 5544 non
3508 5489 3745 5545 conﬁdit

2051 5587 2112 5642 in
2140 5583 2585 5657 cogitationibus
2612 5580 2731 5638 suis
2760 5597 2775 5649 ;
2806 5580 2902 5635 sed
2962 5577 3191 5634 Domini
3242 5577 3485 5650 gratiam
3515 5578 3742 5649 quaerit,
