4082 6184
395 307 530 364 1095

1006 300 1399 360 \VALAFRlDl
1437 301 1680 359 STRABI
1725 300 1930 358 FULD.
1971 301 2137 359 NON.
2177 301 2328 360 OPP.
2370 301 2547 358 PARS
2584 302 2626 357 l.
2668 331 2736 341 --
2774 299 3235 357 THEOLOGICA.

3772 305 3789 354 l
3799 301 3895 353 096

390 445 454 486 ac
486 446 589 502 per
617 429 773 484 illam
815 427 907 500 pie
957 427 1110 482 vivit.
1161 426 1268 490 Qui
1298 430 1488 480 autem
1530 425 1587 480 in
1636 424 2079 496 cogitationibus
2119 427 2166 479 Α
2265 425 2427 481 Vens.
2475 428 2565 480 27.
2604 454 2674 464 —
2717 425 2837 482 Non
2881 424 3141 490 inveniet,
3195 426 3324 490 etc.,
3389 423 3610 478 Fraude
3659 439 3900 493 namque

391 521 509 574 suis
537 519 790 584 confidit,
825 519 1008 572 bonus
1057 533 1177 570 esse
1218 516 1455 586 nequit:
1491 515 1590 587 qui
1642 515 1796 570 enim
1843 517 2084 586 gratiam

395 609 492 664 Dei
515 625 626 662 non
654 614 811 660 curat
841 621 1116 676 quaerere,
1176 604 1236 658 in
1296 621 1470 674 prava
1504 605 1729 658 actione
1789 603 2080 674 perdurat.

464 698 622 750 Vens.
653 698 706 750 4.
764 724 832 734 -
879 695 1092 749 Mulier.
1155 694 1236 746 Ad
1271 694 1538 758 litteram,
1599 694 1810 746 mulier
1838 692 1990 746 bona
2030 695 2087 745 et

391 789 565 850 casta,
598 791 729 850 etc.,
781 797 952 851 usque
987 781 1062 835 ad
1115 782 1357 851 putredo
1399 780 1560 852 pravi
1617 779 1902 850 dogmatis
1959 796 2084 832 cor-

389 891 516 928 rum
527 873 626 938 pit.

463 963 616 1015 Vens.
679 965 730 1014 5.
775 990 842 998 —
891 961 1249 1024 Caglitationes
1339 957 1485 1012 Justi
1542 974 1644 1012 sua
1727 957 1892 1018 facta.
1953 961 2081 1022 etc.,

391 1065 558 1119 uSque
596 1048 668 1101 ad
699 1047 861 1101 obliti
893 1049 1115 1102 timoris
1174 1047 1420 1101 Domini.

460 1137 697 1190 Vens.7.
759 1166 827 1175 —
880 1137 1035 1190 Verte
1076 1137 1290 1204 impios.
1343 1135 1515 1188 Multa
1567 1133 1832 1204 impietas
1887 1133 1945 1186 iu
1976 1132 2086 1186 diis

393 1225 674 1294 gentium,
703 1229 832 1289 etc.,
852 1239 1020 1291 usque
1050 1225 1124 1277 ad
1153 1224 1248 1277 sed
1276 1239 1632 1293 quaecunque
1665 1222 1921 1275 membra
1951 1221 2085 1274 hinc

389 1314 507 1368 illic
533 1314 1035 1384 perveniunt,quaa
1062 1311 1384 1381 sperabant,
1420 1311 1628 1381 gaudia
1657 1309 1974 1364 inveniunt.

463 1401 629 1454 Vens.
672 1401 838 1452 l0.-
878 1400 1061 1463 Novit,
1113 1398 1170 1452 id
1201 1402 1286 1451 est
1339 1397 1688 1466 compatitur
1746 1395 2082 1450 hebetudini

389 1504 452 1542 ac
482 1486 778 1556 fragilitati
809 1486 1202 1556 proximorum
1251 1485 1356 1538 sibi
1409 1484 1866 1538 commissorum.

466 1578 685 1630 Viscera
739 1579 921 1630 autem
969 1577 1260 1643 impiorum
1300 1573 1561 1638 crudelia,
1623 1572 1724 1643 qui
1780 1587 1891 1625 non
1925 1587 2082 1626 com-

389 1663 687 1735 patiuntur
718 1662 956 1716 subditis
988 1679 1002 1728 ;
1035 1661 1134 1716 sed
1167 1662 1309 1715 sicut
1354 1661 1627 1715 Dominus
1677 1660 1757 1714 ait
1787 1677 1800 1715 :
1881 1662 2080 1714 Pcrcu-

391 1755 746 1821 tiuntpueros
777 1755 831 1804 et
880 1753 1132 1816 ancillas,
1183 1749 1482 1804 dicentes:
1535 1751 1743 1805 Moram
1796 1751 1937 1816 facit
1973 1752 2081 1804 Do-

391 1844 571 1896 minus
599 1856 747 1895 meus
767 1841 967 1894 venire.

463 1931 618 1982 Vens.
653 1933 737 1982 12.
787 1958 858 1968 —
914 1926 1270 1982 Desidet-ium.
1334 1925 1628 1980 Desiderat
1686 1924 1918 1997 impius,
1950 1930 2080 1995 etc.,

389 2031 560 2086 usque
584 2016 658 2069 ad
697 2015 832 2070 dicit
861 2031 891 2070 e
918 2021 1115 2069 contra
1144 2014 1212 2069 de
1261 2015 1443 2070 bonis.

489 2104 674 2160 Radix
703 2109 880 2158 autem
903 2105 1177 2172 justorum
1201 2105 1468 2173 proﬁciet,
1510 2101 1671 2172 ﬁdes,
1693 2119 1842 2174 spes,
1897 2103 2083 2157 chari-

391 2196 498 2260 tas,
531 2191 822 2262 quibusin
846 2191 1066 2246 Christo
1099 2195 1231 2243 sunt
1276 2189 1509 2243 radicati
1542 2206 1658 2244 non
1708 2207 1804 2244 eos
1835 2190 2039 2244 fallunt
2069 2207 2083 2256 ;

389 2281 486 2336 sed
518 2283 836 2350 plusquam
867 2284 1102 2349 sperant
1122 2278 1180 2332 in
1213 2279 1404 2332 futuro
1430 2278 1765 2350 percipient.

462 2370 620 2422 Vens.
657 2371 738 2422 16.
773 2397 842 2406 -
875 2369 1094 2434 Fatuus,
1141 2371 1246 2420 etc.
1297 2367 1404 2431 Qui
1454 2367 1513 2420 in
1560 2366 1832 2436 praesenti
1863 2367 2085 2422 deside-

389 2456 713 2522 ratulcisci,
746 2456 938 2510 fatuus
978 2460 1092 2522 est;
1126 2455 1226 2526 qui
1282 2461 1473 2510 autem
1528 2471 1635 2526 pro
1687 2455 1926 2510 Domino
1951 2472 2087 2510 con-

389 2546 619 2610 temnit,
648 2544 876 2614 sapiens
900 2549 1004 2598 est.

460 2635 570 2701 Qui
615 2639 792 2687 autem
840 2633 1198 2686 dissimulat:
1252 2647 1368 2685 non
1414 2631 1492 2684 sic
1550 2632 1672 2686 vult
1716 2633 2087 2698 occultari,nt

391 2723 576 2782 duret,
609 2722 702 2776 sed
734 2722 972 2776 omnino
1002 2722 1258 2775 deleatur
1291 2737 1304 2786 ;
1335 2725 1420 2774 est
1447 2721 1600 2774 enim
1650 2728 1854 2775 natura
1895 2722 1995 2776 iraa
2025 2730 2088 2776 ut

283 2859 290 2866 ,
386 2813 629 2883 prolata,
662 2810 842 2880 magis
873 2809 1119 2876 ferveat;
1148 2811 1446 2875 occultata,
1477 2810 1823 2879 languescat.

463 2901 621 2954 Vens.
687 2901 770 2954 18.
825 2929 891 2939 -
947 2900 1162 2967 Lingua
1213 2904 1391 2953 autem
1445 2902 1774 2968 sapientium
1831 2905 1910 2954 est
1937 2903 2081 2954 sani-

2197 517 2475 587 acquisita
2503 515 2767 585 pecunia,
2803 520 2937 579 etc.,
2967 528 3140 583 usque
3170 512 3245 566 ad
3273 511 3484 584 quibus
3509 520 3742 567 eterna
3774 515 3901 566 vita:

2195 605 2426 659 claritas
2449 620 2590 659 auro
2622 603 2927 674 pretiosior
2957 602 3186 657 emitur.

2800 744 3026 799 CAPUT
3091 744 3229 800 XIII.

2267 869 2427 922 Vens.
2492 871 2539 923 l.
2601 898 2668 908 —
2714 869 2888 922 Filius
2944 871 3180 937 sapiens.
3236 869 3482 922 Tantum
3523 865 3703 920 distat
3753 865 3899 919 inter

2193 957 2515 1027 sapientem
2565 963 2622 1010 et
2665 956 2926 1023 stultum,
2989 963 3054 1010 ut
3123 956 3216 1010 hic
3272 955 3580 1026 aliquando
3640 954 3892 1024 profectu

2193 1045 2530 1099 eruditionis
2552 1046 2621 1100 ad
2653 1061 2806 1112 eum,
2833 1045 2932 1116 qui
2984 1062 3043 1099 se
3072 1045 3366 1114 docuerat,
3413 1044 3741 1098 docendum
3772 1057 3895 1112 per-

2193 1133 2386 1187 veniat
2414 1151 2426 1187 :
2461 1134 2578 1200 ille,
2613 1149 2706 1198 ne,
2739 1150 2869 1187 cum
2897 1135 3178 1205 arguitur,
3211 1134 3427 1188 audiat.

2266 1224 2440 1279 Vens.
2471 1227 2523 1278 4.
2571 1254 2640 1266 -
2705 1227 2832 1279 Vult
2882 1230 2932 1279 et
2971 1241 3077 1279 non
3113 1225 3230 1279 vult
3257 1227 3431 1294 piger.
3463 1223 3604 1279 Vult
3655 1235 3899 1291 regnare
3963 1205 3976 1223 "

2192 1329 2323 1365 cum
2362 1313 2633 1378 Domino,
2659 1318 2789 1377 etc.,
2824 1328 2996 1384 usque
3041 1313 3116 1366 ad
3158 1318 3216 1366 et
3271 1313 3434 1366 Jesus
3462 1312 3616 1364 tilius
3663 1308 3892 1363 Siracb:

2202 1403 2289 1458 Va:
2313 1405 2584 1470 peccaturi
2602 1407 2802 1455 terram
2832 1401 3044 1456 duabus
3067 1403 3172 1454 viis
3194 1399 3540 1468 ingredienti.

2263 1492 2474 1544 Anima
2520 1497 2699 1544 autem
2748 1493 3090 1559 operantium
3134 1489 3292 1560 jussa
3345 1486 3637 1542 dominica
3692 1487 3894 1554 impin-

2193 1578 2476 1645 guabitur,
2513 1578 2648 1647 quia
2691 1577 2942 1647 perfecta
3001 1591 3386 1645 supernorum
3434 1573 3744 1628 dulcedine
3776 1572 3900 1626 reti-

2194 1666 2412 1732 cietur;
2444 1668 2594 1720 unde
2627 1683 2639 1720 :
2673 1667 2824 1722 Sicut
2849 1665 3016 1735 adipe
3040 1666 3200 1734 (Psal
3243 1670 3418 1731 xxw),
3447 1667 3551 1716 etc.
3586 1677 3602 1727 ;
3634 1661 3748 1728 vel,
3803 1660 3901 1730 qui

2194 1755 2304 1825 piis
2335 1771 2437 1826 pro
2473 1755 2717 1808 Domino
2746 1754 3039 1809 laboribus
3100 1753 3393 1819 insudant,
3436 1748 3901 1804 immarcescibili

2191 1859 2401 1896 corona
2423 1841 2810 1896 donabuntur.

2263 1931 2431 1986 Vens.
2459 1935 2511 1984 7.
2547 1961 2608 1972 —
2668 1933 2768 1986 Est
2815 1932 2978 1999 quasi
3005 1930 3174 1997 diues,
3225 1944 3342 1982 non
3371 1942 3521 1993 vere,
3577 1930 3643 1980 ut
3673 1924 3778 1996 qni
3809 1924 3895 1978 in-

2195 2020 2477 2075 duebatur
2498 2036 2754 2091 purpura
2783 2025 2840 2073 et
2865 2019 3035 2090 bysso
3065 2021 3218 2088 (Luc.
3243 2020 3354 2087 xvi)
3389 2017 3518 2082 ;sed
3540 2015 3677 2086 quia
3714 2017 3895 2069 Deum

2197 2125 2309 2163 non
2343 2108 2568 2175 habuit,
2598 2115 2730 2175 etc.,
2761 2123 2932 2176 usque
2959 2107 3034 2160 ad
3071 2106 3207 2178 quia
3228 2122 3359 2160 vera
3406 2110 3717 2175 paupertas
3743 2107 3893 2173 agat,

2194 2198 2476 2252 subditur.
3533 2186 3544 2193 ”

2281 2287 2436 2340 Vens.
2478 2290 2561 2341 11.
2595 2315 2650 2329 -
2714 2285 3061 2350 Substantia,
3117 2289 3224 2340 etc.
3257 2283 3364 2348 Qui
3422 2279 3623 2337 volunt
3692 2281 3893 2337 divites

2196 2374 2318 2428 fieri
2347 2374 2606 2428 incidunt
2630 2373 2689 2427 in
2746 2374 3144 2437 tentationem,
3197 2376 3329 2436 etc.,
3361 2386 3530 2439 usque
3582 2369 3657 2424 ad
3704 2369 3894 2422 mutti-

2195 2462 2364 2532 plicia
2444 2478 2710 2533 supernaa
2773 2459 3142 2515 beatitudinis
3197 2475 3439 2514 munera
3487 2457 3789 2527 percipiet,
3829 2456 3894 2508 de

2197 2565 2348 2620 quo:

2253 2639 2412 2693 Vens.
2450 2640 2532 2692 l2.
2578 2669 2644 2677 —
2697 2638 2833 2706 Spes
2877 2651 2998 2706 quas
3033 2635 3310 2704 differtur,
3369 2639 3478 2687 etc.
3525 2633 3670 2697 Quia
3719 2629 3894 2685 nimi-

2199 2743 2345 2788 rum,
2397 2732 2526 2790 etc.,
2584 2741 2753 2796 usque
2774 2725 2848 2779 ad
2873 2726 2991 2795 ipse
3013 2731 3100 2779 est
3157 2723 3312 2778 enim
3347 2723 3560 2790 lignum
3614 2724 3744 2775 vita
3781 2735 3900 2773 am-

2191 2816 2543 2884 plectentibus
2573 2829 2644 2868 se.

2269 2905 2428 2957 Vens.
2454 2907 2534 2958 l3.
2554 2933 2622 2942 —
2637 2905 2742 2969 Qui
2766 2902 3030 2956 detrahit.
3051 2901 3249 2963 Aliter,
3276 2905 3405 2965 etc.,
3429 2913 3599 2967 usque
3612 2897 3686 2950 ad
3707 2896 3897 2950 unde:

388 2994 489 3052 las,
524 2996 654 3055 etc.,
685 2988 820 3058 quia
849 2992 906 3042 et
951 2987 1119 3052 bona,
1177 3003 1306 3059 quas
1357 2987 1722 3056 promittunt,
1781 2988 1888 3059 ipsi
1918 2991 2083 3060 perli-
2115 2989 2156 3044 C
2195 2993 2254 3048 Si
2282 2998 2686 3061 praeoccupatus
2709 2993 2881 3058 fuerit
2909 2991 3062 3045 homo
3091 2992 3150 3044 in
3179 2989 3369 3058 aliqua
3395 2987 3608 3052 delicto,
3639 2991 3752 3041 etc.

387 3077 588 3132 ciendo
619 3078 686 3132 ad
721 3077 869 3132 viam
894 3077 1271 3148 perveniunt;
1299 3083 1356 3130 et
1383 3076 1530 3141 aliis,
1580 3092 1708 3147 quae
1744 3083 2078 3148 sequantur,

390 3167 803 3222 demonstrant.

461 3257 631 3310 Vens.
680 3258 762 3309 t9.
793 3283 866 3296 —
889 3254 1121 3309 Labium
1148 3256 1418 3320 veritatis,
1449 3259 1556 3308 etc.
1598 3252 1762 3308 Fides
1806 3252 2084 3307 catholica

389 3358 616 3414 semper
637 3341 997 3413 permanebit
1025 3361 1040 3408 ;
1067 3341 1167 3412 qui
1188 3347 1379 3396 autem
1393 3347 1627 3413 repente
1650 3358 1796 3396 nova
1815 3342 2085 3413 dogmata

389 3431 610 3496 inserit,
643 3429 922 3484 mendacii
961 3429 1222 3484 minister
1253 3435 1356 3484 est.

462 3519 632 3575 Vens.
665 3520 841 3572 23.—-
872 3521 1035 3573 Homo
1076 3525 1343 3573 versutus.
1403 3517 1643 3589 Sapiens
1673 3523 1730 3572 et
1779 3518 2035 3588 prudens
2068 3535 2082 3573 :

387 3607 490 3677 qui
519 3605 830 3675 aliquando
862 3606 1006 3660 celat
1047 3605 1368 3670 scientiam,
1429 3605 1516 3660 vel
1551 3621 1667 3659 non
1698 3606 1890 3660 valens
1927 3605 2086 3676 loqui

390 3693 552 3765 quasi
583 3693 994 3764 spiritualibus,
1039 3694 1136 3749 sed
1178 3693 1341 3766 quasi
1359 3693 1727 3760 carnalibus;
1775 3695 1861 3747 vel
1885 3693 2086 3748 nolens

387 3782 524 3838 dare
556 3788 818 3836 sanctum
877 3783 1134 3849 canibus,
1194 3783 1282 3837 vel
1341 3783 1681 3853 margaritas
1721 3786 1851 3836 ante
1882 3798 2086 3853 porcos

387 3871 685 3942 projicere,
690 3873 803 3941 jvel
835 3871 1079 3925 mittere.

458 3959 561 4015 Cor
580 3961 952 4028 insipientium
1010 3963 1287 4028 provocat.
1324 3959 1427 4016 Vel
1485 3959 1716 4030 quando
1747 3960 1876 4030 plus
1906 3975 2081 4030 appe-

387 4050 519 4100 tunt
550 4063 747 4117 sapere
774 4063 948 4118 quam
978 4053 1206 4116 oportet
1262 4064 1480 4118 sapere,
1516 4053 1573 4102 et
1623 4049 1683 4102 in
1714 4046 2086 4119 cogitationi-

388 4136 494 4190 bus
523 4136 930 4202 evanescendo,
962 4151 1068 4206 pro
1109 4135 1386 4206 sapientia
1437 4136 1736 4190 stultitiam
1796 4136 2010 4191 habent
2030 4140 2087 4190 et

389 4228 590 4278 tenent
621 4241 634 4290 ;
672 4224 758 4279 vel
781 4224 928 4290 aliis,
958 4240 1088 4295 qua:
1141 4231 1438 4295 nequeunt
1478 4240 1701 4294 capere,
1735 4223 2081 4296 ingerentes,

363 4312 816 4382 -quasiinlirmis
851 4313 1029 4366 oculis
1087 4312 1280 4365 lumen
1335 4311 1490 4378 solis,
1545 4311 1604 4367 id
1654 4316 1737 4366 est
1765 4313 2084 4383 sapientiae,

388 4417 564 4470 quam
589 4400 798 4454 habere
832 4399 1174 4454 videbantur
1205 4399 1489 4453 auferunt.

462 4492 638 4546 Vens.
677 4494 769 4544 2t.
830 4519 892 4532 —
947 4493 1142 4545 Manus
1167 4493 1414 4557 fortium.
1467 4489 1706 4546 Perfecti
1754 4507 1868 4545 non
1899 4488 2084 4545 solum

389 4579 656 4634 vitiorum
689 4579 839 4632 bella
869 4583 1162 4648 superant,
1191 4578 1285 4632 scd
1337 4583 1394 4631 et
1424 4578 1619 4633 electis
1673 4579 1944 4633 fratribus
1975 4596 2087 4632 ma-

382 4669 510 4740 jore
540 4667 815 4720 virtutum
847 4667 1031 4735 gratia
1060 4666 1479 4736 principantur.

487 4758 618 4823 Qua
675 4761 853 4810 autem
901 4757 1144 4810 remissa.
1206 4755 1314 4820 Qui
1372 4756 1634 4811 dissoluti
1703 4757 1918 4818 animo,
1953 4764 2084 4816 etc.,

391 4860 560 4914 usque
578 4845 653 4900 ad
681 4860 794 4898 non
824 4845 979 4898 enim
1010 4845 1080 4899 de
1112 4844 1323 4899 talibus
1367 4844 1792 4916 desperandum
1825 4850 1928 4914 est,
1956 4861 2084 4899 cum

391 4934 672 5005 adjungit,
700 4949 894 4988 maeror
914 4933 1076 5002 justi,
1111 4939 1215 4986 etc.

463 5023 631 5081 Vens.
679 5025 769 5076 25.
827 5051 894 5064 —
935 5024 1130 5076 Maeror
1186 5023 1244 5074 in
1274 5021 1450 5081 corde,
1497 5027 1626 5087 etc.,
1675 5020 1811 5092 quia
1858 5036 2085 5075 necesse

386 5115 560 5167 estut
590 5110 748 5182 prius
781 5114 1131 5182 peccatorem
1163 5125 1374 5163 mmror
1402 5109 1754 5179 poenitentiae
1782 5108 2087 5163 salubriter

387 5200 671 5264 humiliet,
701 5203 758 5253 et
785 5203 914 5270 post
943 5215 1045 5268 per
1067 5197 1347 5268 judicium
1376 5199 1688 5252 sacerdotis
1711 5197 1858 5252 datae
1891 5213 2085 5252 recon-

388 5287 692 5342 ciliationis
722 5303 911 5342 sermo
938 5286 1187 5341 lmtiticet
1217 5286 1299 5340 vel
1325 5285 1560 5340 reficiat.

461 5377 569 5442 Qui
619 5377 851 5444 negligit
930 5375 1207 5440 damnum,
1267 5378 1372 5428 etc.
1432 5374 1491 5429 Si
1547 5375 1653 5429 hoc
1705 5374 1774 5428 ad
1835 5373 2086 5428 litteram

390 5463 686 5534 accipitur,
737 5468 870 5531 etc.,
947 5479 1120 5534 usque
1160 5462 1235 5518 ad
1275 5463 1366 5518 vel
1413 5463 1597 5534 ipsam
1651 5478 1882 5518 carnem
1915 5462 2086 5518 morti

389 5551 564 5607 tradit
593 5548 623 5604 ?

2265 3081 2422 3134 Vens.
2478 3081 2561 3134 14.
2608 3109 2675 3118 -
2701 3080 2814 3134 Leo:
2844 3081 3127 3149 sapientis.
3189 3079 3262 3132 Ex
3303 3093 3418 3148 quo
3485 3075 3656 3130 homo
3687 3089 3899 3145 sapere

2189 3169 2408 3239 incipit,
2487 3168 2671 3222 utitur
2732 3167 2838 3221 hac
2893 3169 3038 3238 lege,
3121 3171 3362 3221 mortem
3432 3165 3568 3219 vitet
3621 3167 3681 3218 et
3735 3165 3894 3218 viam

2189 3258 2465 3328 acquirat.
3367 3243 3370 3246 ’

2264 3347 2436 3402 Vens.
2479 3347 2561 3399 l6.
2619 3375 2684 3385 —
2733 3345 2863 3402 Cum
2910 3345 3151 3408 consilio,
3208 3343 3460 3398 maxime
3492 3341 3708 3407 divino,
3743 3341 3904 3412 quod

2191 3433 2353 3488 estin
2412 3432 2738 3504 Scripturis.
2792 3434 3001 3487 Fatuus
3058 3433 3212 3486 enim
3271 3437 3358 3485 est
3414 3431 3513 3501 qui
3575 3435 3742 3483 extra
3793 3430 3900 3484 hoc

2191 3521 2500 3576 consilium
2551 3520 2706 3582 vivit,
2756 3520 3020 3591 quamvis
3102 3519 3444 3574 naturaliter
3499 3517 3761 3588 prudens
3833 3517 3909 3571 vi-

2195 3609 2416 3665 deatur.

2259 3700 2414 3753 Vens.
2469 3699 2559 3752 20.
2619 3729 2689 3737 —
2722 3698 2832 3764 Qui
2872 3712 2994 3752 cum
3027 3695 3386 3766 sapientibus.
3452 3694 3705 3759 Quilibet
3766 3695 3906 3748 sim-

2193 3789 2323 3860 plex
2354 3790 2451 3840 aut.
2481 3787 2744 3854 rusticus,
2786 3785 2887 3856 qui
2927 3802 3132 3840 arcana
3171 3784 3472 3855 sapientiae
3515 3783 3909 3852 comprehen-

2196 3875 2331 3929 dere
2361 3874 2581 3946 nequit,
2615 3875 2662 3928 si
2720 3879 2912 3928 tamen
2973 3874 3235 3945 exempla
3271 3873 3596 3943 sapientum
3649 3871 3907 3926 vivendo

2192 3966 2461 4029 sectatur,
2493 3963 2622 4030 jure
2652 3961 2803 4014 inter
2833 3960 3119 4030 sapientes
3142 3958 3559 4014 numerabitur.

2293 4051 2518 4104 Amicus
2539 4050 2847 4103 stultorum.
2882 4049 2989 4112 Qui
3030 4049 3251 4114 stultos,
3287 4063 3402 4100 non
3450 4047 3585 4116 quia
3632 4046 3907 4100 homines

2195 4142 2344 4200 sunt,
2397 4137 2496 4192 sed
2551 4144 2788 4208 propter
2845 4137 3174 4202 stultitiam,
3223 4135 3362 4207 quia
3402 4135 3566 4189 mimi
3625 4141 3789 4201 sunt,
3823 4131 3907 4189 vel

2197 4227 2522 4295 histriones,
2552 4227 2636 4280 vel
2697 4226 3044 4296 hujusmodi,
3098 4242 3215 4280 non
3271 4233 3335 4280 ut
3390 4223 3736 4278 instruendo
3780 4240 3904 4278 cor-

2197 4315 2367 4384 rigat,
2427 4321 2600 4379 amat,
2665 4316 2762 4369 sed
2814 4320 2876 4368 ut
2923 4313 3190 4382 favendo,
3261 4313 3575 4368 deteriores
3631 4313 3900 4366 efﬁciat:

2197 4404 2325 4457 licet
2380 4403 2606 4474 sapiens
2659 4403 2940 4470 videatur,
2991 4403 3298 4456 stultorum
3345 4400 3712 4456 damnatione
3747 4409 3907 4455 tene-

2195 4491 2370 4546 bitur.

2265 4581 2422 4634 Vens.
2463 4582 2552 4634 22.
2614 4609 2682 4620 -
2731 4582 2906 4634 Bonus
2960 4579 3133 4644 homo,
3191 4584 3321 4645 etc.,
3384 4593 3535 4648 saepe
3592 4575 3737 4631 boni
3785 4577 3903 4631 sine

2196 4669 2328 4722 liliis
2359 4669 2592 4724 obeunt.
2635 4675 2767 4732 etc.,
2824 4683 2995 4736 usque
3033 4667 3108 4720 ad
3139 4683 3382 4737 regnum
3447 4666 3544 4720 Dei
3579 4667 3785 4720 datum
3828 4672 3905 4719 est

2195 4757 2353 4828 genti
2376 4757 2601 4811 facienti
2633 4756 2878 4810 fructum
2911 4757 3052 4825 ejus.

2285 4847 2446 4898 Vens.
2514 4848 2602 4899 23.
2662 4875 2731 4884 -
2779 4845 2938 4900 Multi
2987 4844 3115 4897 cibi.
3178 4843 3332 4896 Alius
3389 4841 3720 4903 translator,
3772 4847 3900 4904 etc.,

2192 4949 2360 5002 usque
2391 4933 2464 4986 ad
2497 4933 2724 5003 utrique
2741 4938 2932 4987 autem
2965 4930 3158 4985 sensui
3185 4929 3512 4998 congruit,d
3545 4946 3657 4998 quc
3683 4929 3897 4982 subdit.

2276 5025 2435 5076 Vens.
2469 5023 2564 5077 24.
2619 5021 2723 5087 Qui
2755 5023 2938 5091 parcit
2985 5023 3155 5086 virgae
3177 5018 3296 5072 odit
3346 5019 3520 5086 ﬁlium
3575 5033 3755 5084 suum,
3793 5025 3895 5069 etc.

2197 5112 2334 5166 Nam
2369 5115 2424 5164 et
2443 5109 2627 5164 bonus
2655 5115 2817 5180 pater
2862 5108 3069 5175 ﬁlium,
3127 5113 3184 5162 et
3230 5107 3578 5176 discipulum
3627 5107 3902 5175 magister

2193 5198 2524 5266 catholicus,
2581 5213 2655 5252 ne
2711 5197 2784 5252 ad
2859 5197 3226 5268 iniquitatem
3285 5195 3567 5259 deﬂectat,
3622 5194 3899 5248 sollicitus

2195 5286 2404 5342 erudit.

2867 5427 3095 5484 CAPUT
3138 5423 3272 5481 XIV.

2285 5548 2442 5606 Vens.
2481 5555 2528 5606 l.
2580 5579 2646 5592 --
2691 5553 2948 5622 Sapiens,
2999 5556 3104 5605 etc.
3157 5552 3404 5605 Destruet
3465 5548 3613 5602 male
3654 5547 3892 5602 vivendo
