4020 6184
86 1210 103 1237 ἐ

177 304 323 356 1097

1333 282 1601 354 eLossA
1637 281 2047 354 ﬂammma.
2086 326 2158 340 —
2195 297 2329 355 LIB.
2372 297 2575 355 enov.

3556 305 3694 357 1098

172 424 232 474 et
270 418 587 491 aliquando
619 421 813 488 aperte
849 417 1163 488 regnando,
1189 421 1323 487 etc.,
1349 430 1517 487 usque
1547 404 1624 466 ad
1671 411 1740 467 de
1771 417 1896 487 qui-
1926 418 1973 471 A
2012 421 2097 470 tra
2152 416 2411 471 Ecclesiae
2456 416 2715 471 doctores
2757 418 3009 473 stultitiae
3069 435 3187 473 suae
3234 418 3449 475 ﬂuenta
3492 421 3692 475 funde-

175 508 290 562 bus
325 514 524 579 aperte
554 506 747 560 subdit
774 523 786 559 :

251 598 427 652 Vens.
462 601 512 650 3.
549 625 619 635 —
666 596 727 648 In
782 610 870 648 ore
898 595 1071 648 stulti.
1124 592 1268 657 Quia
1315 592 1475 646 stulti
1516 607 1621 662 per
1678 591 1889 646 vanilo-

177 685 395 755 quium
444 684 711 751 humiles,
753 699 898 752 quos
948 681 1290 751 despiciunt,
1324 681 1625 750 afﬂigunt;
1686 681 1783 734 sed
1828 681 1886 734 hi

176 788 286 843 per
329 773 650 827 doctrinam
709 770 1074 841 sapientium,
1134 785 1206 823 ne
1254 769 1636 839 decipiantur,
1670 786 1727 823 se
1759 785 1887 824 mu-

178 861 379 915 niunt.

255 950 429 1003 Vens.
482 948 637 1002 4.-
684 949 787 1001 Ubi
812 962 937 1007 non,
1001 951 1106 1000 etc.
1141 945 1267 998 Haec
1296 945 1519 999 hzerent
1575 945 1886 1016 superiori-

1996 505 2152 561 banL

2071 594 2229 647 Vens.
2265 597 2314 648 5.
2364 624 2432 634 —-
2465 594 2676 648 Stultus
2716 593 2931 647 irridet.
2968 593 3185 648 Stultus
3216 599 3300 649 est
3345 596 3529 650 omnis
3558 612 3693 667 pec-

2001 686 2177 747 cator,
2231 681 2354 752 qui,
2404 682 2645 735 terrenis
2687 682 2908 735 actibus
2954 682 3197 745 deditus,
3250 684 3507 738 futurum
3551 685 3695 739 nihil

1998 770 2275 841 praevidet
2305 785 2319 823 :
2353 769 2399 823 is
2432 770 3030 841 diSciplinamirridet,
3054 772 3189 825 dum
3219 772 3458 844 derogat
3485 773 3693 827 divinae

1998 858 2355 911 correctioni.

2070 946 2238 999 Vens.
2284 951 2336 1000 7.
2368 975 2437 986 —-
2478 947 2581 1002 Cor
2609 947 2907 1002 stultorum
2953 946 3236 1002 dissimile.
3271 947 3367 1000 Vel
3416 946 3692 1001 dissimile

179 1036 294 1091 bus
332 1041 464 1100 etc.,
496 1050 667 1104 usque
696 1035 770 1088 ad
809 1034 908 1105 qui
962 1034 1332 1105 Sareptenam
1388 1034 1619 1088 viduam
1656 1034 1837 1105 pascit
1856 1050 1889 1087 a
1996 1032 2103 1087 sibi
2133 1032 2261 1103 ipsi,
2297 1034 2467 1087 variis
2494 1034 2952 1103 cogitationibus,
2980 1041 3038 1089 et
3065 1051 3364 1106 nunquam
3393 1035 3544 1089 idem
3569 1051 3689 1088 ma-

177 1140 299 1195 qua
332 1128 390 1178 et
411 1123 534 1194 ipse
557 1122 831 1193 pascitur.

252 1214 427 1266 Vens.
468 1214 518 1265 6.
583 1241 647 1251 —
705 1210 911 1275 Quaerit
965 1210 1173 1264 derisor
1226 1211 1571 1279 sapientiam,

180 1301 463 1370 Caiphas,
494 1303 623 1363 etc.,
679 1314 846 1367 usque
871 1297 945 1352 ad
974 1298 1110 1369 quia
1139 1312 1372 1369 pervese
1403 1302 1691 1368 quaerunt,
1730 1314 1887 1352 nun-

177 1404 367 1460 quam
388 1404 622 1459 prorsus
644 1386 961 1440 inveniunt.

256 1479 429 1531 Vens.
455 1481 507 1530 7.
540 1505 611 1515 -
648 1476 798 1531 Vade
834 1479 1041 1539 contra,
1076 1476 1181 1527 etc.
1240 1473 1373 1527 Ideo
1411 1472 1629 1527 derisor
1668 1472 1889 1543 sapien-

178 1564 351 1631 tiam,
389 1579 559 1635 quam
592 1563 819 1635 quaerit,
853 1578 967 1616 non
998 1562 1238 1624 invenit,
1272 1568 1405 1630 etc.,
1439 1576 1607 1629 usque
1632 1562 1705 1615 ad
1735 1561 1884 1630 ejus-

180 1669 301 1724 que
333 1651 692 1707 meditationi
714 1666 947 1722 operam
980 1651 1116 1704 dare
1148 1654 1431 1719 satagunt.

256 1741 431 1795 Vens.
493 1742 580 1795 10.
637 1770 705 1779 -
761 1742 1089 1795 Εωτναηριιε.
1162 1737 1225 1792 Id
1267 1742 1351 1791 est
1395 1736 1693 1808 reprobus,
1751 1740 1882 1804 etc.,

177 1845 359 1898 usque
378 1829 453 1883 ad
482 1828 632 1883 unde
662 1828 926 1881 subditur
956 1843 969 1880 :
1003 1829 1256 1881 Dominus
1287 1829 1599 1896 impiorum,
1632 1830 1739 1879 etc.

252 1917 489 1985 Sapiens
532 1918 683 1969 timet
713 1920 763 1969 et
818 1915 1074 1968 declinat.
1132 1913 1288 1968 Sicut
1316 1912 1475 1967 stulti
1534 1917 1618 1967 est
1667 1913 1736 1967 de
1783 1929 1885 1968 sua

176 2002 478 2057 alacritate
526 2002 833 2067 confidere,
890 2006 1031 2069 etc.,
1066 2016 1236 2071 usque
1281 2001 1356 2055 ad
1403 2006 1501 2055 aut
1553 2002 1684 2071 post
1727 2017 1884 2055 mor-

177 2095 305 2146 tem
343 2091 567 2145 fortiter
596 2107 792 2161 pcenas
818 2089 983 2143 ferat.

260 2180 426 2233 Vens.
456 2184 538 2233 l7.
572 2180 991 2247 —Impatiens,
1051 2180 1157 2231 etc.
1213 2176 1699 2247 Reprehensibilis
1752 2176 1883 2248 qui-

180 2268 323 2323 dem
351 2273 435 2321 est
481 2266 807 2338 impatiens,
841 2270 975 2334 etc,,
997 2281 1166 2337 usque
1202 2265 1277 2320 ad
1312 2265 1382 2320 ad
1420 2264 1571 2319 inter
1614 2265 1886 2337 reprobos

184 2356 528 2411 aestimatur.

264 2444 427 2498 Vens.
480 2445 559 2498 19.
619 2472 689 2482 -
737 2442 996 2498 Jacebunt
1031 2442 1167 2497 mali
1218 2446 1344 2497 ante
1394 2440 1571 2496 bonos.
1622 2439 1886 2495 Videntes

190 2536 485 2589 tormenta
513 2545 732 2599 eorum,
780 2534 910 2597 etc.,
969 2545 1137 2600 usque
1161 2529 1236 2583 ad
1281 2529 1349 2584 ad
1400 2528 1641 2583 videnda
1685 2544 1885 2583 eorum

185 2619 474 2693 supplicia

1919 1696 1957 1749 Β

1998 1126 2112 1174 net.
2147 1121 2354 1175 Contra
2402 1122 2554 1192 quod
2585 1122 2653 1175 de
2705 1126 2868 1176 Anna
2922 1122 3166 1177 dicitur:
3231 1125 3529 1191 Vultusque
3574 1124 3690 1192 ejus

1652 1214 1757 1265 etc.
1819 1210 1890 1265 Ut
1994 1223 2100 1263 non
2124 1212 2251 1262 sunt
2280 1211 2515 1279 amplius
2539 1212 2597 1263 in
2625 1211 2810 1264 dwesa
2836 1214 3051 1265 mutati.

2067 1297 2226 1351 Vens.
2262 1300 2344 1351 to.
2386 1327 2455 1336 —
2502 1300 2759 1351 Doctrina
2814 1300 2979 1352 mala.
3029 1299 3133 1363 Qui
3160 1299 3378 1353 solverit
3432 1315 3598 1353 unum
3628 1301 3692 1353 dc

1995 1384 2273 1439 mandatis
2303 1387 2425 1439 istis
2453 1388 2716 1451 minimis,
2759 1391 2807 1441 et
2862 1386 3101 1440 docuerit
3128 1389 3206 1440 sic
3238 1388 3491 1455 homines,
3526 1391 3689 1441 mini-

1996 1488 2112 1526 mus
2140 1478 2216 1527 est
2261 1475 2319 1526 in
2348 1489 2510 1540 regno
2544 1476 2809 1528 calorum.
2843 1475 3071 1528 Talibus
3101 1478 3319 1541 tamen,
3356 1475 3401 1529 si
3456 1478 3691 1530 correcti

1996 1560 2229 1628 fuerint,
2262 1568 2421 1631 patet
2461 1563 2679 1616 reditus
2739 1564 2812 1616 ad
2862 1563 3090 1617 veniam
3125 1579 3139 1616 :
3177 1563 3223 1616 si
3283 1569 3475 1619 autem
3505 1565 3687 1619 incre-

1995 1648 2255 1718 pationes
2288 1666 2403 1703 non
2434 1650 2771 1720 receperint,
2805 1650 3043 1705 omnino
3066 1650 3403 1707 morientur.

2068 1737 2232 1791 Vens.
2294 1741 2377 1792 l5.
2430 1769 2498 1777 —
2555 1740 2744 1795 Omnes
2787 1738 2919 1793 dies.
2963 1740 3144 1793 Omne
3194 1744 3423 1810 tempus
3490 1742 3693 1811 populi

1998 1826 2119 1889 Dei,
2177 1830 2306 1893 etc.,
2390 1843 2560 1896 usque
2606 1828 2680 1881 ad
2728 1828 2888 1899 quasi
2960 1826 3087 1898 jugi
3153 1827 3506 1881 delectantur
3563 1846 3694 1884 con-

1999 1930 2167 1969 VlVlO.

2068 2003 2230 2056 Vens.
2288 2005 2372 2055 17.
2434 2032 2502 2041 -——
2559 2004 2750 2057 Melius
2801 2008 2880 2057 est
2934 2005 3122 2058 vocari
3177 2002 3253 2056 ad
3297 2003 3465 2058 olera.
3520 2006 3693 2060 Multo

1996 2090 2151 2143 enim
2208 2090 2406 2144 utilius
2470 2094 2554 2144 est
2597 2090 2874 2161 simplicis
2936 2091 3070 2145 vitae
3126 2091 3514 2146 innocentiam
3562 2110 3691 2147 cum

1996 2178 2269 2233 charitate
2301 2194 2546 2245 servare,
2578 2184 2703 2243 etc.,
2750 2194 2921 2249 usque
2962 2179 3053 2244 ad,
3098 2178 3362 2235 discedite
3389 2196 3424 2235 a
3452 2197 3535 2235 me
3561 2198 3692 2252 ope-

1996 2269 2141 2320 rarii
2176 2268 2507 2334 iniquitatis.

2070 2356 2229 2408 Vens.
2285 2356 2368 2409 19.
2420 2384 2486 2394 -
2542 2356 2849 2424 Pigrorum,
2882 2369 3029 2425 quos
3061 2353 3221 2425 piget
3246 2356 3471 2426 operari
3522 2358 3691 2427 justi-

1997 2442 2158 2507 tiam,
2219 2446 2352 2511 etc.,
2407 2457 2576 2511 usque
2601 2442 2675 2495 ad
2726 2442 2823 2496 sed
2862 2442 2999 2515 quia
3033 2442 3141 2497 hoc
3177 2442 3358 2498 bonos
3389 2461 3506 2499 non
3536 2462 3692 2517 prae-

1994 2530 2173 2601 pedit,
2206 2529 2506 2600 adjungit:

2073 2621 2179 2673 Via
2191 2618 2477 2687 justorum
2517 2617 2719 2687 absque
2774 2617 3115 2687 offendicula.
3165 2617 3310 2673 Justi
3340 2617 3493 2671 enim
3522 2617 3689 2688 quid-

261 2712 427 2763 Vens.
496 2708 584 2760 2-1.
643 2736 714 2747 -
791 2707 1040 2761 Fatuitas
1115 2706 1421 2761 stultorum.
1469 2694 1881 2776 Imprudentia,
1997 2706 2135 2779 quid
2191 2707 2545 2760 adversitatis
2600 2707 2662 2760 in
2718 2724 2820 2761 sua
2871 2707 3298 2762 conversatione
3350 2706 3693 2772 invenerint,

189 2798 353 2870 quasi
388 2794 826 2866 improvidentia
855 2795 1081 2849 dicitur.

260 2887 438 2941 Vens.
475 2887 561 2938 25.
618 2914 685 2923 -
714 2884 927 2938 Liberat
966 2886 1179 2937 animas
1225 2884 1373 2937 testis
1422 2882 1624 2953 ﬁdelis.
1672 2882 1882 2937 Catho-

189 2975 333 3029 licus
362 2972 731 3044 praedicatur,
789 2971 888 3043 qui
914 2972 1246 3025 testimonia
1272 2971 1695 3042 Scripturarum
1750 2969 1886 3025 ﬁde—
1923 2978 1963 3034 C
2066 2969 2226 3023 Vens.
2282 2971 2371 3024 23.

195 3062 325 3117 liter
353 3060 646 3133 praedicat,
682 3065 737 3115 et
765 3061 1014 3130 profert;
1046 3060 1347 3114 haereticus
1389 3060 1702 3123 mendacia,

266 3151 480 3215 Profert
508 3148 810 3202 mendacia.
844 3149 969 3202 Alia
1028 3148 1326 3203 translatio
1362 3165 1376 3202 ε
1408 3149 1664 3203 Incendit
1692 3153 1884 3202 autem

194 3236 492 3291 mendacio
523 3236 745 3290 animas
771 3237 1000 3291 dolosus
1032 3237 1317 3307 deceptor.

268 3326 603 3394 Versipellis,
637 3323 696 3377 id
721 3328 805 3377 est
833 3324 1111 3388 diabolus,
1154 3324 1253 3394 qui
1285 3323 1455 3390 mala,
1506 3338 1634 3393 qua:
1674 3338 1885 3393 sugge-

195 3413 289 3482 rit,
320 3414 473 3467 bona
504 3412 783 3466 mentitur
814 3428 827 3466 :
860 3417 916 3467 et
972 3413 1107 3467 dum
1134 3412 1285 3467 bona
1326 3411 1613 3482 promittit
1650 3416 1884 3476 aeterna,

197 3501 351 3555 ducit
379 3502 447 3554 ad
479 3504 782 3554 tormenta.

272 3590 429 3642 Vens.
498 3590 590 3643 26.
629 3617 698 3629 —-
754 3589 818 3643 In
884 3589 1073 3641 timore
1148 3588 1380 3641 Domini.
1414 3586 1610 3640 Timor
1664 3585 1890 3641 Domini

199 3676 461 3730 fiduciam
495 3675 842 3729 fortitudinis
885 3679 1134 3747 praestat,
1188 3679 1318 3743 etc.,
1349 3690 1516 3745 usque
1565 3674 1639 3729 ad
1689 3691 1891 3746 spera-

200 3769 401 3817 verunt
429 3765 488 3817 in
517 3764 780 3818 Domino.

265 3854 431 3907 Vens.
471 3856 559 3907 27.
588 3854 679 3893 '—
727 3855 908 3907 Timor
940 3854 1168 3907 Domini.
1223 3852 1351 3905 Hmc
1379 3856 1465 3906 est
1493 3868 1619 3923 spes
1668 3868 1886 3919 eorum,

195 3946 326 4004 etc.,
379 3955 548 4008 usque
576 3938 654 3994 ad
684 3940 857 4010 unde,
888 3942 1115 3995 Initium
1161 3943 1443 4009 sapientia
1477 3942 1636 3995 timor
1678 3941 1893 3994 Domini

194 4030 360 4094 (Psal.
387 4030 475 4097 ιΧ).

266 4118 426 4171 Vens.
476 4118 559 4170 30.
615 4146 684 4155 —
716 4118 846 4173 Vita
893 4119 1159 4171 carnium.
1208 4117 1315 4170 Per
1365 4132 1592 4170 carnem
1638 4115 1888 4181 inﬁrma,

197 4223 301 4277 per
327 4222 457 4259 ossa
498 4206 683 4259 firma.
737 4205 795 4259 Si
821 4206 1028 4259 mentis
1058 4204 1385 4258 innocentia
1415 4204 1754 4273 custoditur,
1786 4204 1890 4257 etsi

193 4311 324 4365 qua:
354 4294 489 4348 foris
512 4294 743 4348 infirma
763 4298 913 4361 sunt,
947 4293 1293 4365 quandoque
1332 4292 1708 4360 roborantur;
1739 4293 1891 4347 unde

191 4383 386 4436 subdit
418 4398 431 4436 :

265 4468 503 4523 Putredo
558 4470 757 4522 ossium
812 4467 1046 4533 invidia,
1098 4465 1233 4537 quia
1282 4482 1387 4536 per
1434 4466 1627 4521 livoris
1685 4465 1891 4520 vitium

191 4562 327 4610 ante
349 4556 544 4610 oculos
577 4557 676 4610 Dei
705 4561 951 4625 pereunt
977 4572 1045 4609 ea
1089 4571 1218 4626 qua:
1248 4554 1517 4609 humanis
1570 4555 1748 4609 oculis
1779 4555 1890 4609 for-

194 4646 276 4699 tia
308 4643 594 4699 videntur.
629 4644 765 4699 Ossa
812 4644 962 4698 enim
992 4660 1096 4715 per
1124 4644 1399 4698 invidiam
1431 4648 1775 4716 putrescere,
1809 4648 1894 4697 est

193 4733 432 4787 robusta
455 4747 699 4804 quaeque
728 4731 937 4803 perire.

857 4872 1084 4927 CAPUT
1125 4872 1231 4927 XV.

264 4994 424 5047 Vens.
484 4996 533 5047 1.
592 5023 658 5033 —-
717 4993 1007 5062 Responsio
1063 4994 1237 5047 mollis
1293 4994 1510 5060 frangit
1546 4995 1707 5048 iram.
1785 4993 1893 5059 Qui

192 5082 365 5136 verba
393 5080 741 5153 increpantis
773 5082 1071 5135 humiliter
1095 5081 1344 5151 suscipit,
1378 5081 1500 5151 jam
1545 5082 1893 5153 propinquat

186 5172 375 5226 veniae
431 5175 622 5224 reatus
681 5187 852 5241 quem
895 5170 1091 5240 gessit.
1150 5170 1259 5233 Qui
1312 5170 1578 5241 arguenti
1633 5171 1888 5238 resultat,

191 5266 397 5314 contra
424 5275 482 5313 se
513 5259 656 5313 iram
682 5259 892 5329 judicis
918 5264 1204 5328 provocat.

266 5348 430 5401 Vens.
465 5349 516 5400 2.
560 5377 628 5388 -
668 5346 884 5401 Ebullit
938 5348 1230 5401 stultitiam
1277 5345 1627 5417 Scripturam
1658 5361 1889 5416 perver-

190 5438 391 5504 tendo,
443 5452 576 5490 suos
619 5452 817 5490 sensus
890 5434 1213 5489 auctoritati
1266 5435 1692 5506 praeponendo;
1739 5435 1891 5490 velut

190 5526 340 5583 fatui
389 5525 716 5597 philosophi
756 5529 821 5579 ut
852 5524 1220 5596 Porphyrius,
1251 5528 1307 5579 et
1331 5524 1610 5592 Julianus,
1636 5523 1735 5596 qui
1760 5540 1890 5579 con-

512 5636 787 5700 PATBOL.
842 5634 1049 5699 CXIII.

1997 2811 2114 2849 non
2148 2794 2461 2858 offendunt,
2492 2794 2629 2865 quia
2672 2800 2900 2849 aeternae
2936 2794 3058 2865 spei
3087 2800 3143 2849 et
3167 2795 3409 2849 interna:
3437 2798 3693 2849 contem-

1994 2882 2264 2952 plationis
2295 2882 2442 2935 saltu
2473 2882 2705 2935 adversa
2726 2884 3078 2937 transiliunt.

2447 3000 2511 3010 -—-
2564 2971 2807 3024 Laetatur
2862 2972 3034 3025 homo.
3104 2972 3429 3025 Humanum
3482 2973 3565 3024 est
3622 2969 3692 3023 de.

1992 3057 2272 3111 sententia
2330 3057 2492 3128 quasi
2533 3059 2849 3128 prudenter
2894 3059 3336 3130 prolatalaetari.
3398 3060 3506 3115 Sed
3561 3075 3692 3112 vere

1995 3145 2224 3215 sapiens
2252 3162 2363 3198 non
2389 3146 2573 3199 solum
2601 3147 2752 3217 quod
2784 3146 3059 3218 loquitur,
3108 3147 3208 3201 sed
3257 3147 3431 3200 etiam
3473 3163 3691 3217 oppor-

1994 3232 2299 3288 tunitatem
2332 3232 2459 3298 loci,
2488 3238 2545 3287 et
2583 3234 2883 3305 temporis,
2914 3240 2971 3289 et
2999 3250 3263 3305 persona:
3291 3235 3382 3289 cui
3414 3236 3690 3306 loquitur,

1996 3321 2301 3392 diligenter
2330 3320 2589 3392 inquirit.

2067 3410 2228 3464 Vens.
2263 3411 2353 3464 24.
2387 3438 2453 3451 -
2476 3412 2550 3465 De
2573 3411 2790 3477 inferno
2835 3413 3149 3479 novissimo,
3183 3415 3287 3466 etc.
3334 3411 3557 3466 Primus
3603 3427 3691 3466 1n-

1997 3498 2193 3554 fernus
2223 3498 2443 3552 cmcitas
2472 3499 2756 3569 peccantis
2787 3500 3016 3567 animm,
3063 3505 3121 3554 et
3156 3516 3305 3555 verae
3335 3500 3475 3555 lucis
3512 3501 3694 3555 scien-

1997 3587 2077 3642 tia
2106 3587 2366 3655 carentis,
2420 3586 2489 3642 de
2533 3603 2691 3659 quo:
2737 3589 3071 3644 Descendunt
3102 3590 3161 3643 in
3188 3590 3466 3656 infernum
3511 3591 3694 3644 vicen-

2001 3681 2075 3730 tes
2105 3676 2272 3742 (Psal.
2308 3677 2434 3743 LIV).

2067 3765 2229 3817 Vens.
2273 3766 2360 3818 25.
2419 3792 2489 3803 -—
2577 3763 2768 3818 Viduae
2817 3763 3087 3830 Ecclesiae,
3175 3763 3391 3819 scilicet
3472 3781 3694 3836 sponsa:

1999 3867 2135 3918 suae,
2167 3866 2272 3920 pro
2304 3850 2466 3920 cujus
2492 3849 2603 3904 vita
2644 3849 2794 3903 mori
2839 3850 3109 3920 dignatus
3151 3855 3260 3906 est.

2069 3940 2240 3994 Vens.
2284 3942 2375 3994 26.
2408 3970 2477 3979 ——
2505 3939 2851 3993 Firmabitur
2884 3954 2897 3992 :
2938 3939 2995 3992 in
3047 3938 3286 4009 judicio,
3319 3940 3548 4009 quando
3577 3956 3693 3995 non

2000 4028 2184 4081 solum
2214 4027 2397 4094 factis,
2446 4027 2545 4082 sed
2598 4032 2655 4082 et
2705 4025 2895 4081 verbis
2954 4025 3225 4081 omnibus
3256 4028 3431 4097 digna
3458 4029 3695 4098 praemia

1998 4116 2216 4172 reddet.
3322 4137 3334 4146 ·
3384 4122 3389 4127 ’

2070 4205 2235 4259 Vens.
2268 4206 2353 4259 30.
2387 4235 2456 4243 —
2519 4204 2643 4258 Luar:
2691 4204 2960 4258 oculorum
2993 4204 3232 4273 laetiﬁcat
3252 4204 3508 4258 animam.
3562 4204 3695 4260 lure

2002 4298 2254 4348 mentem
2281 4293 2521 4347 delectat
2547 4292 2881 4361 humanam,
2926 4296 3068 4359 etc.,
3089 4306 3260 4362 usque
3288 4291 3361 4346 ad
3408 4292 3488 4346 sic
3539 4292 3694 4347 enim

2002 4382 2185 4451 magis
2214 4382 2394 4436 fervet
2422 4395 2595 4451 opus.

2070 4473 2193 4525 Lua:
2222 4470 2511 4524 oculorum.
2561 4468 2687 4523 Alia
2727 4468 3068 4523 translatio:
3128 4466 3331 4524 Videns
3378 4466 3515 4522 bona
3570 4483 3695 4523 ocu-

2002 4560 2086 4613 lus
2125 4559 2349 4613 delectat
2387 4557 2553 4611 corda
2586 4559 2742 4625 bona,
2777 4556 3013 4623 scilicet,
3063 4555 3288 4610 Domini
3332 4554 3393 4611 in
3438 4560 3591 4611 terra
3621 4556 3699 4612 vi-

2001 4646 2281 4710 ventium,
2324 4661 2473 4716 qum,
2511 4645 2645 4715 quia
2676 4644 2735 4698 in
2792 4645 2954 4699 oculo
3000 4644 3209 4699 montis
3255 4646 3693 4716 contemplatur,

2003 4734 2207 4788 merito
2270 4732 2441 4788 corde
2493 4733 2830 4801 delectatur,
2865 4732 3124 4804 quamvis
3177 4732 3468 4804 afﬂigatur
3504 4736 3695 4788 exte--

2000 4838 2140 4877 T1115.

2637 4891 2861 4946 CAPUT
2911 4891 3052 4947 XVI.

2071 5000 2232 5053 Vens.
2271 5001 2319 5052 l.
2370 5026 2441 5036 -‹
2489 4998 2736 5052 Hominis
2765 5000 2845 5051 est
2887 4998 3130 5051 animum
3175 5011 3511 5067 praeparare.
3543 4997 3699 5062 Quo-

2002 5088 2172 5142 modo
2204 5102 2340 5157 ergo
2389 5084 2641 5140 hominis
2698 5089 2783 5138 est
2836 5084 3064 5138 animus
3115 5100 3460 5156 praeparare,
3516 5091 3573 5140 et
3601 5086 3699 5141 Dei

2001 5177 2322 5246 gubernare
2357 5174 2658 5245 linguam?
2692 5173 2785 5228 sed
2812 5173 3223 5243 persecutionis
3253 5177 3480 5243 tempus
3512 5175 3700 5245 signi-

2000 5266 2151 5329 ticet,
2185 5262 2254 5316 de
2302 5277 2416 5331 quo
2474 5260 2700 5315 dicitur.
2758 5262 2933 5317 Nolite
2976 5263 3211 5328 cogitare
3262 5261 3543 5331 quomodo,
3606 5266 3701 5316 aut

2000 5352 2146 5423 quod
2166 5352 2465 5419 loquamini
2488 5366 2500 5403 :
2526 5350 2697 5403 datur
2750 5351 2892 5403 enim
2920 5352 2979 5403 in
3003 5350 3101 5404 illa
3128 5350 3286 5417 hora,
3344 5349 3483 5420 quid
3511 5352 3701 5421 loqua-

1999 5443 2139 5496 mini
2179 5440 2397 5508 (Matth.
2420 5439 2495 5504 Χ).

2071 5526 2232 5580 Vens.
2264 5527 2317 5579 2.
2358 5553 2428 5566 -
2460 5526 2651 5581 Omnes
2680 5528 2800 5581 viae.
2865 5526 2948 5581 Ita
3000 5525 3252 5581 actiones
3307 5526 3566 5585 omnium
3606 5528 3706 5585 bo-

3176 5643 3258 5700 35
