4082 6184
420 267 556 328 1099

1161 267 1552 322 WALAFRIDI
1592 265 1836 321 STRABI
1876 265 2076 321 FULD.
2122 265 2279 323 NON.
2322 265 2496 322 PARS
2535 265 2576 320 Ι.
2619 293 2687 304 ---
2724 263 3188 322 THEOLOGICA.

3774 265 3905 319 i100

416 403 644 452 norum,
676 387 906 453 scilicet,
957 391 1012 441 et
1062 388 1341 442 malorum
1387 386 1522 457 quid
1574 387 1635 440 in
1674 387 1894 442 occulto
1950 386 2100 456 cogi-
2144 391 2190 443 A
2219 385 2453 442 Constat
2481 386 2550 440 ad
2597 385 2867 453 litteram,
2900 390 3030 451 etc.,
3079 399 3248 454 usque
3291 383 3367 440 ad
3395 382 3529 456 quia
3553 399 3786 440 necesse
3807 383 3907 438 ha-

362 525 370 530 .
415 482 560 542 teut,
593 482 746 529 certa
768 477 924 529 lance
948 477 1234 539 discernit,
1267 474 1416 528 unde
1447 475 1637 528 subdit
1667 491 1678 528 :

491 565 646 618 Vens.
691 567 740 618 3.
774 593 841 603 —
888 565 1081 619 Revela
1110 565 1351 616 Domino.
1416 563 1601 633 Opera
1650 568 1842 616 nostra
1888 564 2102 617 revela-

417 668 567 718 mus,
596 653 847 722 quando,
879 667 1050 721 quem
1114 651 1258 704 nihil
1314 652 1489 704 latere
1527 650 1802 712 novimus,
1863 651 1922 706 in
1963 667 2102 706 cun-

413 739 538 802 ctis,
594 756 721 808 quin
758 740 1000 808 agimus,
1053 739 1109 792 in
1144 739 1483 792 memoriam
1532 739 1877 805 reducimus,
1931 745 2102 810 atque

413 827 567 879 illius
596 826 922 900 ﬂagitamus
950 827 1226 879 auxilium
1260 831 1349 880 :et
1381 831 1516 881 tunc
1543 843 1660 881 non
1690 828 1874 880 solum
1904 841 2098 898 opera,

411 914 507 968 sed
537 913 905 984 cogitationes
935 915 1150 984 dirigit.

500 1003 664 1056 Vens.
740 1003 792 1056 4.
844 1033 912 1041 -
976 1005 1234 1058 Universa
1298 1008 1523 1072 propter
1567 1004 1932 1072 semetipsum,
1991 1007 2098 1059 etc.

415 1089 582 1143 Nulla
632 1089 742 1144 fuit
789 1090 1030 1144 Domino
1065 1107 1234 1144 causa
1265 1090 1540 1161 operandi
1581 1089 1690 1144 nisi
1748 1091 1868 1144 sola
1897 1090 2098 1144 volun-

416 1183 524 1245 tas,
559 1184 621 1232 ut
650 1195 811 1234 suam
853 1181 1082 1246 scilicet,
1115 1179 1432 1234 bonitatem
1460 1179 1784 1233 rationabili
1800 1185 2098 1246 creature,

407 1281 579 1337 quam
639 1272 916 1337 perpetuo
974 1267 1185 1321 faceret
1231 1267 1476 1334 beatam,
1535 1267 1902 1322 ostenderet:
1965 1283 2097 1322 eum

405 1369 540 1408 vero
564 1355 663 1426 qui
695 1354 913 1408 bonum
931 1354 1272 1409 conditionis
1318 1355 1552 1425 propria
1590 1360 1794 1425 sponte
1827 1355 2094 1417 deseruit,

407 1441 464 1496 id
496 1447 581 1496 est
635 1443 951 1510 diabolum,
991 1459 1119 1497 cum
1167 1443 1284 1497 suis
1313 1443 1671 1514 sequacibus,
1712 1444 1868 1514 justa
1897 1443 2097 1497 severi-

405 1535 519 1584 tate
543 1531 854 1584 damnavit.

475 1618 639 1672 Vens.
688 1622 739 1672 5.
769 1647 837 1658 —
869 1618 1212 1673 Abominatio
1256 1623 1353 1674 est.
1388 1618 1725 1690 Quicunque
1755 1617 1954 1672 tribuit
1983 1618 2091 1673 sibi

403 1704 616 1760 bonum
648 1706 800 1776 quod
832 1706 985 1774 facit,
1012 1706 1236 1760 etiamsi
1284 1707 1426 1761 nihil
1467 1707 1693 1761 videtur
1729 1707 1863 1760 mali
1906 1707 2092 1760 maui-

401 1791 507 1846 bus
536 1792 782 1862 operari,
813 1792 1000 1846 cordis
1028 1792 1409 1846 innocentiam
1459 1794 1661 1863 perdit,
1694 1793 1752 1846 in
1779 1810 1892 1863 quo
1917 1793 2098 1864 largi-

400 1880 512 1934 tori
549 1880 833 1934 bonorum
864 1896 922 1933 se
963 1881 1258 1950 praetulit:
1317 1885 1374 1935 et
1419 1882 1546 1936 ideo
1586 1883 1758 1936 talem
1819 1882 2097 1936 Dominus

399 1967 762 2022 abominetur
781 1967 992 2032 virum,
1041 1985 1213 2040 quem
1255 1969 1362 2026 sibi
1393 1969 1451 2024 in
1481 1969 1773 2024 beneﬁciis
1801 1969 1955 2024 videt
2008 1970 2093 2025 in-

399 2060 646 2126 gmmm.

413 2151 420 2159 '
469 2130 628 2197 Vens.
676 2149 727 2198 7.
773 2173 840 2184 —
897 2146 1027 2202 Cum
1078 2146 1396 2214 placuerint
1456 2149 1697 2202 Domino.
1782 2147 1960 2200 Tanta
2011 2152 2096 2200 cst

400 2233 667 2286 sanctitas
686 2233 892 2288 divinae
924 2234 1238 2305 religionis,
1273 2241 1401 2302 etc.,
1443 2251 1612 2304 usque
1679 2235 1754 2290 ad
1791 2236 1889 2290 sed
1919 2236 2090 2290 etiam

398 2321 469 2376 ad
501 2323 793 2376 veritatem
825 2321 956 2376 ﬁdei
990 2322 1243 2376 conversi
1267 2328 1415 2376 sunt.

469 2411 637 2464 Vens.
669 2413 720 2465 8.
765 2441 831 2450 —
861 2412 1051 2465 Melius
1105 2415 1185 2466 est
1242 2426 1469 2480 parum,
1509 2416 1642 2479 etc.,
1672 2427 1792 2466 cum
1844 2411 2086 2480 justitia.

397 2497 595 2552 Melius
620 2497 788 2553 estin
823 2498 1069 2568 simplici
1122 2500 1552 2554 conversatione
1601 2500 1712 2553 Deo
1755 2499 1964 2554 servire
1992 2499 2088 2554 de-

396 2591 542 2655 vote,
569 2603 741 2658 quam
773 2587 966 2642 multis
991 2587 1284 2642 abundare
1324 2587 1648 2655 virtutibus,
1689 2593 1744 2643 et
1802 2589 2089 2660 proximo-

396 2689 526 2728 rum
546 2675 691 2730 facta
717 2675 1026 2746 despicere.

467 2766 626 2822 Vens.
686 2769 768 2821 10.
823 2795 892 2807 -
938 2767 1219 2822 Divinatio
1257 2768 1317 2820 in
1347 2765 1508 2821 labiis
1541 2769 1707 2835 regis.
1756 2766 1894 2831 Quis
1942 2767 2090 2822 alius

396 2869 490 2907 rex
521 2869 638 2907 non
661 2858 813 2906 errat
841 2852 899 2906 iu
923 2853 1158 2923 judicio,
1206 2856 1338 2922 etc.,
1379 2869 1548 2924 usque
1566 2855 1640 2909 ad
1673 2855 1770 2926 qui
1829 2857 2088 2926 prophe-

395 2946 581 2996 tarum
615 2941 739 3011 ejus
767 2957 867 2994 ora
896 2942 1182 3012 impleret.

464 3031 680 3084 Pondus
710 3035 758 3084 et
774 3035 997 3084 statera.
1034 3029 1270 3100 Lapides
1318 3030 1462 3100 justi
1517 3031 1710 3098 fortes,
1745 3035 1873 3100 etc.,
1916 3047 2086 3102 usque

394 3119 469 3174 ad
498 3135 824 3173 mensuram
854 3119 986 3172 iidei
1023 3125 1080 3172 et
1110 3118 1424 3188 gratiarum
1458 3119 1760 3174 distribuit.

467 3205 628 3258 Vens.
675 3208 758 3259 13.
789 3233 862 3246 —
907 3206 1164 3258 Voluntas
1218 3220 1427 3272 regum,
1485 3210 1614 3271 etc.,
1665 3205 1724 3260 id
1769 3211 1872 3274 est,
1899 3207 2084 3277 justo-

395 3307 545 3346 rum.
578 3293 740 3346 Multi
789 3307 939 3360 reges
970 3297 1018 3346 et
1061 3294 1340 3360 prophetae
1381 3293 1666 3346 voluerunt
1712 3294 1916 3362 videre,
1967 3310 2085 3363 quae

393 3395 486 3434 vos
510 3380 752 3448 vidistis,
792 3385 842 3434 et
891 3395 997 3433 non
1025 3379 1294 3433 viderunt.
1356 3379 1422 3433 Hi
1454 3380 1609 3434 enim
1660 3383 1716 3434 et
1756 3382 1909 3436 vitiis
1936 3383 2084 3436 resi-

397 3473 573 3531 stunt,
599 3472 655 3520 et
683 3467 957 3520 virtutum
1004 3467 1300 3537 obsequio,
1333 3468 1496 3537 quasi
1551 3469 1883 3536 satellitum,
1941 3487 2084 3525 con-

395 3555 698 3625 stipantur.
753 3555 931 3625 [leges
973 3555 1132 3608 enim
1175 3560 1343 3610 terrae
1373 3572 1521 3627 saepe
1554 3557 1704 3610 labia
1726 3558 1884 3628 justa
1918 3558 2083 3612 dete-

395 3648 640 3712 stantur,
677 3648 743 3697 ut
767 3643 1011 3698 Herodes
1036 3644 1336 3698 Joannem.

467 3727 624 3783 Vens.
681 3730 763 3783 14.
796 3758 864 3769 -
911 3731 1106 3786 Nuntii
1129 3733 1338 3785 mortis.
1384 3731 1588 3800 Angeli
1615 3730 1860 3801 Satanae,
1893 3732 2082 3786 haere-

393 3815 511 3882 tici,
543 3821 671 3883 etc.,
722 3831 891 3886 usque
919 3817 994 3871 ad
1019 3833 1190 3889 quem
1209 3817 1450 3889 contigit
1477 3821 1646 3874 stulte
1675 3821 1966 3891 loquendo
1991 3820 2078 3874 of-

395 3903 661 3958 tendisse.

465 3993 726 4047 Placabit.
770 3993 976 4062 (litem,
1013 3993 1081 4049 de
1126 3998 1294 4048 morte
1343 3995 1620 4065 Fabiolae.)
1655 3995 1830 4050 David
1885 3995 2079 4050 homi-

390 4081 604 4134 cidium
643 4087 712 4135 et-
729 4081 1071 4136 adulterium
1105 4087 1322 4152 septem
1354 4083 1574 4137 dierum
1607 4083 1758 4138 fame
1789 4084 2074 4154 purgavit.

461 4169 628 4225 Vens.
670 4173 751 4224 15.
787 4164 855 4209 4
893 4173 954 4224 1n
1004 4171 1285 4224 hilaritate
1329 4171 1514 4226 vultus
1571 4175 1713 4240 regis
1750 4175 1887 4227 vita.
1936 4171 2073 4236 Qui-

389 4271 616 4327 cunque
653 4257 896 4311 hilarem
930 4257 1138 4312 Christi
1159 4258 1376 4312 vultum
1417 4259 1610 4314 videre
1642 4265 1957 4327 merentur,
1989 4261 2080 4314 his

391 4345 449 4398 in
490 4350 767 4398 aeternum
812 4361 942 4399 cum
985 4344 1083 4398 illo
1126 4344 1315 4400 vivere
1365 4346 1611 4402 dabitur.
1674 4348 1854 4402 Aliter
1905 4349 2077 4404 etiam

386 4431 592 4486 uidebit
617 4434 798 4486 omnia
839 4447 964 4486 caro
995 4433 1234 4487 salutare
1265 4435 1358 4487 Dei
1387 4449 1400 4487 :
1435 4435 1528 4488 sed
1560 4439 1698 4489 tunc
1721 4436 1863 4506 justi
1889 4437 2075 4506 placa-

388 4524 534 4588 tum,
565 4520 796 4590 reprobi
817 4520 1093 4574 videbunt
1121 4519 1355 4574 iratum.

458 4611 528 4663 Et
581 4609 861 4663 clementia
919 4608 1036 4676 ejus
1067 4610 1229 4677 quasi
1256 4609 1424 4662 imer
1472 4613 1756 4665 serotinus.
1783 4611 2078 4666 Serotinus

387 4694 574 4750 imber
618 4695 678 4749 in
721 4695 918 4750 ludaaa
949 4711 1128 4766 usque
1158 4695 1328 4750 hodie
1370 4697 1490 4766 jam
1525 4698 1767 4752 maturis
1796 4700 2076 4754 messibus

385 4784 580 4840 venire
611 4785 919 4850 consuevit,
953 4789 1083 4852 etc.,
1136 4800 1307 4854 usque
1332 4785 1407 4840 ad
1427 4786 1524 4840 sed
1563 4787 1796 4858 superni
1828 4787 1961 4843 facit
1990 4788 2068 4842 ir-

384 4872 432 4928 ri
440 4872 594 4944 gatio
627 4872 876 4927 Domini.

459 4961 618 5014 Vens.
652 4961 740 5014 22.
777 4990 846 4999 —
873 4963 1011 5014 Fons
1045 4962 1189 5015 vitae.
1223 4959 1366 5024 Quia
1411 4961 1505 5016 ille
1553 4961 1896 5034 praedicator
1942 4980 2074 5019 vere

384 5048 500 5102 suis
529 5046 884 5101 auditoribus
912 5046 1033 5100 vias
1070 5047 1197 5101 vitae
1246 5047 1450 5117 aperit,
1483 5054 1614 5116 etc.,
1643 5064 1811 5119 usque
1839 5051 1914 5105 ad
1943 5068 2072 5123 quas

385 5138 584 5192 dicunt
607 5135 779 5202 bona,
807 5135 965 5189 fatuo
992 5135 1162 5190 corde
1195 5140 1586 5192 contemnunt.

457 5225 614 5279 Vens.
673 5224 765 5277 24.
799 5253 867 5262 —
919 5224 1096 5278 Funus
1167 5224 1340 5277 mellis
1402 5228 1698 5294 composita
1720 5225 1904 5291 verba,
1961 5229 2067 5280 etc.

386 5313 545 5366 Multi
575 5327 676 5382 per
701 5311 1114 5380 eloquentiam,
1134 5315 1274 5376 etc.,
1301 5327 1474 5381 usque
1495 5312 1570 5366 ad
1595 5328 1722 5384 qua:
1750 5328 1815 5368 ex
1845 5313 2072 5370 interna

383 5400 591 5454 animae
621 5399 918 5454 dulcedine
950 5399 1285 5469 procedunt.

453 5489 612 5540 Vsus.
673 5489 761 5542 26.
815 5518 884 5528 ——
939 5491 1145 5542 Anima
1198 5489 1497 5543 laborantis
1551 5489 1760 5544 laborat
1807 5490 1937 5560 sibi,
1959 5493 2065 5545 etc.

2212 473 2306 528 bet
2341 475 2522 528 facere
2552 474 2723 540 bona,
2746 489 2872 543 quae
2894 472 3047 526 dicit.

2281 560 2438 616 Vens.
2489 564 2578 616 27.
2607 591 2673 602 —
2710 562 2808 616 Vir
2838 562 3098 630 insipiens
3123 559 3270 626 fodit
3299 560 3524 616 malum.
3565 562 3762 616 Potest
3798 559 3910 614 hoc

2209 648 2278 703 de
2305 650 2570 703 haeretica
2622 648 2963 718 specialiter,
2989 647 3251 719 intelligi,
3281 654 3412 715 etc.,
3446 663 3614 718 usque
3647 648 3725 702 ad
3755 647 3908 701 unde

2205 739 2484 792 Jacobus:
2541 739 2751 806 Lingua
2804 739 3115 804 inﬂammat
3150 739 3326 792 rotam
3373 738 3686 792 nativitatis
3709 741 3908 792 nostra

2207 828 2548 893 inﬂammata
2569 841 2603 879 a
2631 826 2872 893 gehenna
2913 825 3129 887 (Jacob.
3162 825 3264 893 ιιι).

2276 915 2437 968 Vens.
2470 917 2557 967 29.
2599 945 2665 954 —
2703 916 2803 967 Vir
2833 915 3057 984 iniquus
3101 915 3269 968 lactat
3297 915 3530 967 amicum
3567 929 3745 980 suum,
3787 917 3895 968 etc.

2207 1002 2400 1055 Potest
2431 1002 2538 1054 hoc
2567 1002 2635 1056 de
2661 1001 2930 1056 hmretico
2983 1006 3035 1056 et
3069 1001 3137 1056 de
3170 1001 3326 1055 omni
3364 1001 3586 1055 fautore
3616 1001 3905 1056 malorum

2205 1090 2383 1160 accipi
2439 1077 2766 1160 z'quoniam
2827 1090 3089 1144 laudatur
3139 1087 3412 1158 'peccator
3481 1091 3538 1142 in
3612 1087 3904 1144 desideriis

2203 1180 2398 1232 animae
2424 1194 2553 1238 suae,
2572 1183 2621 1232 et
2651 1181 2874 1248 iniquus
2907 1177 3260 1232 benedicitur.
3823 1229 3828 1244 τ

2277 1265 2433 1318 Vens.
2485 1266 2572 1319 30.
2609 1295 2673 1305 —
2707 1267 2815 1330 Qui
2860 1268 3105 1319 attonitis
3152 1266 3320 1320 oculis
3367 1266 3588 1332 cogitat,
3621 1268 3732 1318 etc.
3765 1265 3905 1320 Gra-

2204 1352 2326 1406 vius
2380 1357 2464 1407 est
2512 1354 2785 1424 perlicere
2834 1354 3052 1407 malum
3093 1369 3266 1425 quam
3318 1352 3524 1420 facere,
3557 1358 3695 1418 etc.,
3730 1369 3905 1422 usque

2201 1439 2277 1494 ad
2299 1444 2359 1494 ut
2388 1456 2514 1511 qua:
2537 1441 2818 1495 malorum
2851 1455 3090 1495 suorum
3115 1439 3418 1495 retributio
3444 1446 3738 1512 sequatur,
3783 1456 3904 1495 non

2199 1527 2410 1582 videat.

2270 1616 2430 1669 Vens.
2480 1618 2566 1670 32.
2595 1645 2668 1658 —
2713 1617 2904 1672 Melior
2947 1621 3026 1671 est
3049 1619 3264 1686 patiens
3310 1619 3428 1672 uiro
3453 1617 3604 1688 forti,
3639 1621 3744 1671 etc.
3803 1617 3907 1672 Mi-

2207 1718 2314 1758 nor
2345 1708 2428 1758 est
2478 1704 2715 1758 victoria
2766 1704 2936 1758 urbes
2965 1720 3311 1774 expugnare,
3349 1711 3480 1772 etc.,
3521 1720 3691 1774 usque
3739 1706 3818 1761 ad
3847 1710 3907 1761 et

2205 1791 2495 1863 patientiae
2535 1792 2858 1846 humilitate
2890 1791 3220 1846 substernit.

2275 1881 2436 1935 Vens.
2486 1883 2572 1936 33.
2632 1911 2700 1921 -
2754 1882 2945 1937 Sortes
2992 1883 3286 1936 mittuntur
3357 1882 3416 1934 in
3452 1883 3650 1936 sinum.
3739 1881 3906 1936 Sicut

2203 1975 2384 2024 sortes
2409 1970 2714 2024 mittuntur
2762 1969 2822 2024 in
2854 1969 3066 2036 sinum,
3113 1974 3242 2036 etc.,
3294 1984 3463 2038 usque
3500 1969 3574 2024 ad
3613 1970 3782 2041 quasi
3828 1971 3901 2026 de

2202 2058 2330 2112 sinu
2360 2058 2641 2113 examinis
2670 2057 2866 2114 divini.

2840 2201 3066 2256 CAPUT
3094 2201 3206 2255 XVI
3214 2201 3254 2255 l.

2269 2323 2431 2378 Vens.
2468 2326 2518 2378 1.
2570 2352 2639 2365 —
2668 2324 2860 2378 Melior
2912 2327 2989 2377 est
3029 2323 3282 2378 buccella.
3340 2322 3537 2378 Melius
3579 2327 3664 2377 est
3720 2339 3897 2393 parva

2197 2410 2349 2466 bona
2403 2428 2535 2466 cum
2605 2411 2882 2466 charitate
2927 2412 3135 2478 facere,
3183 2411 3306 2465 sine
3383 2411 3620 2466 scientia
3680 2413 3897 2482 praedi-

2197 2497 2362 2553 candi
2410 2499 2538 2569 (hoc
2586 2503 2670 2554 est
2726 2499 2880 2553 enim
2911 2499 3120 2553 siccam
3166 2499 3482 2554 buccellam
3539 2502 3686 2568 esse)
3719 2515 3896 2572 quam

2198 2587 2382 2657 magis
2441 2588 2716 2658 eﬁ‘ulgere
2770 2587 3095 2655 virtutibus,
3182 2603 3314 2642 cum
3381 2588 3727 2643 admistione
3778 2588 3895 2642 dis-

2197 2674 2430 2728 cordiae.

2270 2762 2426 2816 Vens.
2458 2764 2509 2816 6.
2570 2792 2639 2801 —
2684 2764 2895 2819 Corona
2949 2779 3156 2831 senum,
3218 2767 3330 2819 etc.
3393 2763 3591 2834 Senes,
3646 2765 3898 2836 patriar.-

2195 2849 2337 2916 chm,
2381 2850 2697 2920 prophetae,
2746 2851 2845 2921 qui
2900 2866 2934 2905 a
2990 2851 3124 2906 ﬁliis
3164 2851 3437 2918 ﬁliorum,
3494 2853 3550 2906 id
3628 2857 3715 2907 est
3763 2870 3895 2907 suc-

2129 2951 2168 3006 ο
2197 2936 2514 2990 cessoribus
2569 2939 2980 3008 apostolorum,
3031 2938 3223 2992 divina
3270 2938 3436 2992 laude
3480 2938 3894 2993 celebrantur:

2193 3029 2250 3078 et
2305 3024 2488 3094 gloria
2539 3030 2623 3078 est
2671 3025 3113 3096 praedicatorum
3181 3025 3321 3080 Novi
3352 3027 3723 3090 Testamenti,
3777 3029 3888 3099 qui

2193 3117 2447 3166 veterum
2477 3119 2704 3183 patrum
2737 3114 2839 3167 ﬁlii
2864 3131 2983 3168 esse
3017 3120 3370 3169 meruerunt.

2270 3202 2430 3255 Vens.
2466 3204 2518 3256 8.
2552 3231 2621 3241 —
2649 3203 2872 3256 Gemma
2898 3204 3234 3270 gratissima.
3280 3202 3388 3266 Qui
3438 3202 3676 3273 prmmia
3699 3202 3903 3259 futura

2192 3288 2438 3342 ﬁdeliter
2502 3295 2806 3360 exspectat,
2861 3297 2990 3356 etc.,
3022 3305 3190 3358 usque
3219 3291 3294 3344 ad
3323 3291 3636 3362 prudenter
3684 3292 3902 3347 intelli-

2192 3391 2352 3447 gens,
2408 3380 2672 3448 Quoniam
2705 3378 3058 3446 diligentibus
3108 3381 3273 3434 Deum
3301 3381 3482 3434 omnia
3510 3387 3897 3450 cooperantur,

2190 3467 2248 3520 in
2271 3465 2462 3520 bonum
2492 3465 2678 3536 (Rom.
2712 3470 2853 3534 vin).

2261 3554 2421 3608 Vnus.
2457 3556 2540 3608 12.
2590 3585 2660 3594 -
2687 3555 2926 3624 Expedit
2949 3557 3125 3622 magis
3155 3571 3310 3616 ursae,
3344 3559 3448 3610 etc.
3485 3556 3728 3610 Facilius
3775 3564 3905 3614 erat

2189 3641 2397 3695 sanctis
2422 3642 2743 3697 doctoribus
2773 3643 2954 3710 furoui
2999 3644 3335 3714 gentilitatis
3382 3659 3700 3711 occurrere,
3760 3654 3898 3713 etc.,

2188 3744 2357 3798 usque
2407 3730 2500 3798 ad,
2546 3737 2603 3785 et
2655 3731 2766 3785 hoc
2811 3747 2960 3802 saepe
3011 3731 3234 3786 facilius
3289 3731 3372 3798 ﬁt,
3463 3748 3636 3798 quam
3713 3734 3902 3789 ἣξει-θη

2189 3817 2366 3872 ticum
2424 3818 2494 3874 ad
2554 3818 2727 3873 ﬁdem
2782 3825 2996 3873 rectam
3069 3835 3359 3885 revocare,
3399 3822 3485 3874 vel
3541 3821 3900 3878 catholicum

2185 3921 2358 3977 prave
2375 3910 2640 3976 agentem
2663 3906 2733 3961 ad
2761 3906 2975 3961 bonum
3004 3923 3150 3977 opus
3182 3907 3470 3961 reducere.

2258 3993 2418 4048 Vens.
2481 3996 2564 4048 13.
2609 4022 2678 4035 —
2725 3994 2855 4060 Qui.
2889 3997 3112 4064 Aquam
3165 3993 3474 4058 dimittere,
3539 4000 3674 4063 etc.,
3715 4013 3900 4068 usque

2186 4079 2261 4135 ad
2304 4080 2457 4135 unde
2487 4084 2684 4136 contra
2716 4098 2728 4136 :
2764 4083 2873 4148 Qui
2922 4083 3155 4152 imponit
3203 4083 3367 4137 stulto
3392 4084 3688 4150 silentium,
3776 4089 3898 4141 iras

2188 4171 2430 4237 mitigat.

2259 4257 2416 4311 Vens.
2482 4259 2565 4312 16.
2617 4287 2686 4299 —
2739 4256 2888 4323 Quid
2935 4257 3172 4327 prodest.
3207 4257 3350 4323 Quid
3381 4259 3615 4329 prodest
3666 4265 3891 4333 populo

2186 4345 2513 4400 Iudaeorum
2562 4345 2802 4413 inﬁdeli,
2844 4351 2975 4406 etc.,
3010 4361 3178 4414 usque
3242 4346 3318 4400 ad
3372 4363 3503 4402 cum
3534 4349 3891 4419 sapientiam

2185 4433 2298 4505 pias
2315 4433 2556 4488 actionis
2586 4433 2796 4488 habere
2818 4433 3182 4504 neglexerit?

2257 4523 2414 4576 Vens.
2504 4526 2584 4578 t7.
2638 4551 2706 4562 —
2754 4523 2913 4578 Omni
2967 4526 3218 4592 tempore.
3289 4522 3398 4587 Qui
3484 4523 3668 4578 Deum
3748 4542 3887 4582 vere

2183 4614 2358 4678 amat,
2397 4609 2555 4664 omni
2583 4613 2840 4681 tempore
2880 4610 3004 4681 ejus
3049 4611 3296 4666 custodit
3344 4627 3634 4678 amorem;
3691 4630 3888 4686 neque

2185 4697 2244 4752 in
2302 4698 2565 4768 angustia
2617 4698 2896 4770 passionis
2927 4697 3158 4766 deserit,
3189 4714 3361 4770 quem
3412 4699 3472 4754 iu
3520 4699 3682 4771 pacis
3720 4707 3887 4756 tran-

2184 4786 2466 4857 quillitate
2491 4786 2780 4840 confessus
2801 4790 2910 4842 est.

2254 4874 2414 4930 Vens.
2454 4877 2536 4930 18.
2572 4903 2636 4916 -
2689 4877 2853 4930 Homo
2881 4875 3080 4929 stultus
3132 4874 3358 4945 plaudet
3415 4875 3689 4930 manibus.
3759 4875 3888 4932 Stal

2182 4966 2275 5037 tus
2320 4967 2424 5026 est,
2456 4961 2557 5034 qui
2611 4979 2744 5017 cum
2793 4962 2984 5016 fratris
3034 4961 3123 5016 sui
3167 4963 3418 5018 animum
3467 4963 3746 5033 suscipiat
3795 4981 3889 5019 re-

2183 5050 2452 5122 gendam,
2492 5049 2563 5106 de
2589 5051 2707 5105 suis
2736 5050 3019 5122 gloriatur
3076 5050 3311 5118 actibus,
3366 5056 3424 5106 et
3445 5067 3556 5106 non
3591 5052 3790 5122 potius
3835 5053 3890 5108 ei

2181 5138 2388 5194 humili
2415 5138 2809 5210 compassione
2838 5137 3118 5211 quidquid
3151 5145 3337 5211 potest
3389 5141 3588 5195 auxilii
3616 5143 3891 5198 salutaris

2183 5226 2496 5297 impendit.

2249 5315 2483 5370 Animus
2504 5314 2767 5384 gaudens.
2799 5314 2906 5380 Qui
2955 5316 3184 5370 interna
3208 5317 3386 5371 sancti
3439 5316 3688 5388 Spiritus
3743 5337 3888 5375 con-

2181 5402 2456 5456 solatione
2530 5403 2778 5470 laetatur,
2862 5409 2993 5471 etc.,
3064 5419 3234 5474 usque
3282 5404 3358 5461 a1
3411 5406 3659 5476 gloriam
3735 5407 3888 5464 dile-

2179 5490 2387 5545 ctionis
2408 5489 2624 5546 amisit.
