4082 6184
226 310 358 363 1101

1367 311 1622 366 GLOSSA
1652 311 2054 366 ORDINARIA.
2098 342 2162 352 -
2207 315 2334 368 LIB.
2379 313 2587 369 PROV.

3594 325 3730 378 1102

310 429 469 484 Vens.
525 429 618 485 24.
658 460 724 470 —
780 431 843 484 In
881 431 1025 497 facie
1040 430 1349 501 prudentis.
1409 433 1474 486 In
1526 433 1667 488 facie
1727 434 1931 489 Christi
1957 436 2004 488 Α
2043 436 2130 505 gis
2162 443 2424 493 amarent
2455 438 2752 493 credentes
2781 455 2847 493 ex
2873 440 3159 510 gentibus,
3187 457 3359 513 quam
3395 460 3513 498 suae
3543 448 3729 516 gentis

223 516 456 571 lucebat
485 518 766 589 sapientia
822 518 1074 585 Deitatis,
1130 524 1259 586 etc.,
1313 536 1480 589 usque
1535 521 1608 575 ad
1663 527 1779 576 tota
1832 524 1921 576 in-

230 605 489 658 tentione
515 606 879 676 perquirunt.

305 692 462 745 Vsus.
534 694 621 746 26.

224 779 395 849 justo.
430 781 496 834 Et
528 781 597 835 de
627 780 749 851 ipso
774 781 967 852 judice
1008 800 1072 837 ac
1110 783 1366 854 principe
1425 786 1765 839 saeculorum
1822 786 1922 857 qui

220 884 329 938 pro
359 870 541 923 nostri
571 870 750 924 salute
790 872 1009 941 percuti
1036 872 1232 937 voluit,
1266 871 1443 944 accipi
1474 878 1680 942 potest,
1739 880 1794 928 et
1851 875 1919 929 de

225 957 498 1011 omnibus
553 959 869 1013 rectoribus
922 960 1202 1030 Ecclesiae,
1263 962 1359 1031 qui
1414 963 1501 1016 vel
1556 962 1919 1019 facultatibus

222 1045 427 1100 nudati
458 1046 529 1101 ab
585 1046 802 1118 impiis,
841 1049 929 1103 vel
986 1049 1107 1119 ipsa
1139 1053 1273 1103 sunt
1330 1055 1513 1104 morte
1569 1051 1913 1122 consumpti.

846 1243 1069 1300 CAPUT
1105 1246 1290 1300 XVIII.

290 1398 453 1452 Vens.
483 1401 531 1463 I,
563 1426 637 1438 —
664 1399 870 1467 Impius
900 1414 1017 1453 cum
1050 1402 1108 1453 in
1137 1400 1471 1469 profundum
1520 1404 1745 1469 venerit,
1805 1407 1910 1459 etc.

220 1486 331 1551 Qui
382 1486 573 1557 longis
647 1491 1009 1557 peccatorum
1072 1489 1320 1542 tenebris
1395 1488 1682 1543 involutus
1737 1493 1911 1546 semel

217 1576 287 1628 de
376 1575 498 1628 luce
553 1574 837 1644 desperat,
898 1590 965 1628 ex
1019 1574 1411 1645 desperatione
1463 1576 1571 1631 sibi
1639 1580 1913 1647 peccandi

710 723 772 733 —
836 696 951 750 Non
1029 700 1108 748 est
1169 695 1360 749 bonum
1390 696 1648 751 damnum
1719 700 1922 764 inferre

2031 524 2373 579 incredulos.

2679 598 2902 653 CAPUT
2940 600 3069 654 XIX.

2101 703 2270 758 Vnas.
2310 708 2362 759 1.
2400 732 2473 745 -
2501 704 2691 760 Melior
2719 710 2798 760 est
2843 721 3070 776 pauper.
3106 706 3302 761 Melior
3347 713 3432 762 est
3482 710 3725 783 simplex

2029 792 2257 846 auditor
2290 792 2447 847 verbi
2473 793 2594 861 Dei,
2655 794 2701 848 si
2741 810 2825 863 ea,
2860 812 2989 865 quae
3034 796 3094 851 in
3150 796 3459 867 Scripturis
3508 801 3722 856 intelli-

2027 880 2128 950 git,
2171 882 2459 951 operando
2532 882 2782 953 proﬁcit,
2832 900 3005 954 quam
3081 886 3357 954 eruditus,
3411 887 3457 940 si
3502 888 3559 941 in
3610 890 3718 957 his,

2027 984 2155 1039 qua:
2217 974 2381 1022 caute
2439 969 2803 1037 intellexerit,
2855 970 2925 1025 ad
2985 972 3248 1026 haeresim
3297 974 3717 1044 prtedicandam

2024 1053 2173 1107 labia
2194 1054 2515 1126 detorquet.

2095 1143 2257 1197 Vens.
2290 1146 2343 1197 2.
2376 1175 2443 1183 —
2478 1145 2578 1199 Ubi
2618 1161 2742 1213 non,
2776 1150 2879 1200 etc.
2913 1147 3135 1202 Animae
3165 1148 3434 1205 humana:
3483 1152 3718 1207 scientia

2023 1229 2153 1284 vitae
2199 1231 2440 1285 caelestis
2483 1235 2798 1288 necessaria
2826 1240 2927 1301 est,
2990 1240 3119 1302 etc.,
3151 1252 3318 1305 usque
3349 1239 3428 1294 ad
3484 1256 3513 1292 a
3567 1245 3715 1295 statu

2020 1317 2390 1373 beatitudinis
2446 1320 2507 1374 in
2557 1338 2786 1392 pcenam
2832 1323 3076 1377 miseria:
3133 1329 3188 1378 et
3234 1326 3598 1381 mortalitatis
3626 1328 3714 1383 in-

2023 1407 2302 1461 ciderunt.

2095 1496 2719 1564 Vens.3.—Stultitia,
2778 1503 2885 1552 etc.
2938 1500 3126 1566 Stulti,
3187 1518 3315 1555 cum
3375 1503 3525 1556 viam
3573 1502 3713 1557 veri-

2023 1584 2155 1637 tatis
2188 1584 2477 1649 deserunt,
2509 1591 2642 1652 etc.,
2676 1602 2843 1654 usque
2870 1588 2944 1641 ad
2990 1589 3174 1658 ipsum
3210 1591 3516 1645 Dominum
3550 1593 3714 1663 quasi

213 1664 377 1717 frena
409 1663 655 1727 relaxat;
711 1664 805 1716 sed
858 1664 1230 1733 opprobrium
1280 1665 1485 1720 futurae
1526 1666 1910 1721 damnationis
1951 1713 1989 1766 Β
2022 1671 2409 1741 importabilia
2457 1690 2632 1727 onera
2684 1674 3040 1745 imposuerit,
3098 1684 3288 1732 mente
3346 1680 3716 1749 reprehendit

212 1752 375 1805 nulla
414 1752 636 1804 ratione
664 1751 868 1818 evadit,
901 1768 1072 1822 quem
1106 1753 1261 1806 nulla
1290 1752 1464 1807 divini
1521 1753 1743 1808 timoris
1795 1772 1910 1811 me-

212 1840 399 1894 moria
430 1839 701 1893 cohibuit.

285 1928 449 1981 Veas.
518 1927 566 1979 4.
617 1957 683 1966 -
770 1928 933 1997 Aqua
977 1928 1276 1997 profunda.
1336 1929 1477 1993 Quia
1526 1930 1802 1986 Dominus
1852 1937 1909 1986 et

213 2013 456 2083 apostoli
525 2015 715 2084 palam
768 2015 1068 2086 utriusque
1132 2017 1477 2070 Testamenti
1552 2026 1907 2074 sacramenta

216 2103 435 2156 mundo
493 2103 846 2170 reserabant,
901 2104 970 2156 de
1024 2103 1232 2174 quibus
1288 2105 1526 2162 subdit:
1595 2110 1658 2161 Et
1702 2114 1906 2164 torrens

207 2190 524 2245 redundans
571 2194 695 2257 fons
742 2194 1044 2261 sapientiai.
1115 2196 1277 2263 Aqua
1334 2194 1634 2263 profunda,
1684 2197 1740 2251 id
1801 2203 1906 2265 est,

209 2279 383 2333 verba
432 2279 772 2351 sapientium
834 2281 1022 2334 lavant
1052 2286 1272 2335 mentes
1301 2288 1357 2336 et
1401 2282 1611 2354 rigant,
1651 2301 1722 2339 ne
1775 2302 1908 2355 pec-

208 2381 467 2421 catorum
525 2368 689 2422 sorde
757 2368 1041 2423 deformes
1100 2376 1432 2425 remaneant
1485 2376 1584 2427 aut
1641 2373 1907 2431 ariditate

207 2455 497 2510 deﬁciant.

284 2546 450 2599 Vens.
499 2547 550 2599 9.
608 2576 675 2584 -—
734 2545 836 2610 Qui
890 2546 1065 2600 mollis
1114 2550 1163 2599 et
1212 2547 1526 2603 dissolutus.
1584 2547 1691 2612 Qui
1750 2548 1901 2603 enim

209 2639 394 2702 empta
444 2633 592 2686 bona
635 2633 886 2687 districte
945 2651 1057 2687 non
1114 2637 1463 2705 exsequitur,
1526 2637 1905 2692 dissolutione

211 2720 583 2790 u:-gligentiae
607 2738 841 2775 manum
877 2723 1222 2777 destruentis
1252 2724 1529 2778 imitatur.

282 2809 441 2862 VHRS.
503 2812 556 2863 ll
627 2840 695 2850 —
742 2811 1067 2867 Substantia
1110 2812 1298 2865 divitis
1332 2813 1462 2868 urbs
1509 2814 1718 2868 roboris
1769 2816 1901 2883 ejus.

208 2896 541 2951 Suhstantia
577 2902 823 2966 terrena,
859 2905 999 2965 etc.,
1033 2915 1202 2968 usque
1230 2900 1303 2954 ad
1334 2901 1496 2969 quasi
1542 2902 1905 2973 inexpugna—

211 2985 313 3038 bili
350 3001 512 3039 muro
542 2988 1049 3041 cunctashostium
1080 2988 1504 3044 arcetinsidias.

283 3074 443 3128 Vens.
501 3077 583 3128 13.
636 3106 698 3116 --
739 3077 843 3141 Qui
902 3080 1059 3145 prius
1114 3078 1398 3146 respondet
1475 3094 1637 3146 quam
1688 3078 1901 3134 audiat.

206 3161 318 3224 Qui
373 3161 534 3230 prius
585 3165 855 3233 magister
913 3180 1031 3217 esse
1116 3165 1418 3233 desiderat,
1475 3182 1648 3236 quam
1702 3166 1903 3236 discat,

205 3249 468 3303 stultitiae
499 3267 703 3303 noxam
732 3268 842 3305 non
879 3252 1142 3306 declinat.
1176 3253 1280 3317 Qui
1305 3254 1562 3324 judicare
1611 3256 1904 3325 proximo-

206 3354 340 3391 rum
377 3338 541 3405 facta,
570 3341 728 3409 prius
760 3357 929 3410 quam
966 3342 1262 3411 utriusque
1322 3343 1490 3411 plene
1523 3359 1751 3398 causam
1801 3360 1901 3398 no-

203 3426 371 3492 verit,
422 3426 743 3481 inordinate
824 3428 1069 3495 festinat,
1153 3445 1212 3483 se
1257 3429 1496 3500 dignum
1571 3431 1904 3486 confusione

207 3517 505 3567 monstrat.

281 3603 441 3655 Vens.
488 3602 569 3656 14.
629 3630 699 3641 -
744 3603 987 3671 Spiritus
1013 3604 1121 3656 viri
1166 3608 1434 3658 sustentat
1462 3604 1897 3659 imbecillitatem.

208 3689 271 3741 Et
304 3688 427 3758 ipse
462 3692 653 3744 autem
682 3690 787 3757 vir,
827 3694 969 3756 etc.,
992 3705 1161 3759 usque
1199 3691 1273 3745 ad
1304 3691 1511 3745 mentis
1566 3690 1901 3745 fortitudine

205 3782 508 3829 sustentat.

276 3866 547 3933 Spiritum
609 3881 733 3919 vero
770 3866 843 3918 ad
899 3867 1266 3922 irascendum.
1340 3867 1481 3920 Dicit
1535 3866 1688 3919 enim
1749 3882 1901 3936 saepe

204 3953 388 4006 iratus
468 3969 532 4006 ea
590 3970 719 4023 qua:
770 3954 1046 4023 placatus,
1099 3955 1233 4025 quia
1279 3955 1438 4020 dixit,
1492 3954 1786 4024 paeniteat,
1846 3959 1898 4008 et

205 4042 547 4110 plerumque
578 4058 649 4093 au
698 4042 923 4108 dixerit,
952 4042 1181 4106 ignoret
1236 4043 1396 4112 cujus
1454 4048 1641 4096 tamen
1676 4043 1901 4097 vesania

201 4144 308 4198 per
334 4128 680 4198 sapientium
716 4129 1053 4182 modestiam
1082 4129 1347 4183 facillime
1405 4129 1674 4183 suﬁ‘ertur
1730 4135 1899 4201 atque

200 4233 261 4268 so
268 4216 442 4285 pitur.

274 4306 484 4357 Donum
536 4304 786 4358 hominis.
844 4304 1069 4356 Donum
1117 4302 1430 4371 charitalis,
1465 4309 1597 4371 etc.,
1628 4320 1797 4373 usque
1825 4304 1898 4358 ad

201 4409 265 4446 ac
294 4391 403 4443 sibi
432 4390 675 4444 libenter
694 4391 1087 4460 obtemperare
1118 4391 1346 4445 faceret.

272 4480 437 4532 Vens.
477 4482 558 4534 17.
590 4509 658 4517 -
682 4481 870 4532 Justus
905 4482 1080 4547 prior.
1137 4480 1333 4533 Omnis
1391 4479 1489 4550 qui
1548 4495 1679 4533 vere
1711 4478 1898 4549 justus

201 4572 311 4632 est,
344 4571 476 4629 etc.,
510 4581 678 4634 usque
709 4567 782 4620 ad
816 4568 938 4637 ejus
1002 4568 1385 4621 humilitatem
1419 4568 1591 4637 digna
1639 4568 1898 4622 mercede

200 4662 554 4709 remunerat.

276 4745 435 4797 Vens.
473 4747 555 4797 19.
596 4773 655 4783 -
691 4744 889 4797 Frater
929 4745 1025 4813 qui
1086 4743 1409 4812 adjuvetur.
1460 4742 1597 4797 Cum
1653 4744 1898 4814 populus

197 4831 529 4885 Judaeorum
559 4835 615 4885 et
643 4831 922 4900 gentium,
955 4836 1086 4898 etc.,
1122 4846 1290 4899 usque
1315 4831 1388 4885 ad
1445 4832 1516 4885 ab
1576 4831 1898 4885 inﬁdelium

197 4919 532 4972 incursione
559 4919 890 4973 defendunt.

276 5006 418 5058 Vens
455 5008 545 5060 23.
578 5036 646 5044 —
704 5008 834 5061 Cum
883 5006 1340 5060 obsecrationibus
1385 5006 1631 5075 loquetur
1665 5022 1894 5075 pauper.

199 5092 465 5147 Humiles
517 5094 721 5163 spiritu
747 5094 1041 5147 humiliter
1074 5094 1382 5147 Dominum
1407 5094 1669 5161 adorant,
1698 5099 1761 5147 ut
1785 5096 1899 5148 Pu-

197 5182 460 5235 blicanus
494 5198 507 5234 :
543 5182 776 5251 superbi
809 5198 909 5234 sua
946 5182 1147 5235 merita
1172 5183 1407 5251 jactant,
1444 5187 1507 5234 ut
1555 5181 1893 5235 Pharismus.

279 5269 433 5323 Vens.
467 5270 553 5322 24.
587 5298 654 5310 -
683 5271 780 5323 Vir
816 5268 1090 5324 amabilis.
1144 5269 1381 5323 Gentilis
1426 5285 1728 5322 conversus
1774 5285 1893 5323 ma-

200 5357 288 5429 gis
316 5362 601 5411 amatura
640 5357 905 5417 Domino,
956 5374 1127 5427 quam
1181 5357 1412 5412 Judaeus
1466 5358 1712 5412 inﬁdelis
1764 5374 1894 5427 per-

202 5445 442 5507 durans,
470 5446 538 5499 de
569 5461 684 5516 quo
716 5445 1027 5499 secundum
1060 5461 1289 5499 carnem
1332 5450 1499 5498 natus
1541 5450 1649 5500 est.
1707 5447 1898 5500 Potest

204 5538 265 5588 et
295 5534 365 5589 de
411 5533 704 5604 apostolis,
741 5532 809 5588 de
855 5534 1071 5597 Iudaea,
1104 5533 1271 5596 natis,
1299 5532 1572 5605 intelligi;
1619 5532 1752 5606 quia
1784 5550 1898 5589 ma-

2018 1777 2236 1813 11158113.

2086 1848 2254 1902 Vens.
2304 1850 2355 1902 4.
2386 1880 2446 1889 -
2488 1852 2704 1904 Divitiz
2750 1851 2964 1906 addunt
3008 1856 3226 1907 amicos.
3278 1854 3498 1909 Divitiae
3546 1856 3712 1926 regni

2015 1936 2279 2003 caelestis,
2335 1953 2462 2007 quae
2524 1954 2629 2007 per
2684 1944 2905 1992 sanctos
2962 1941 3222 1994 doctores
3294 1942 3559 1996 ﬁdelibus
3614 1944 3711 1996 tri-
3784 1990 3791 1993 .

2014 2021 2258 2076 buendae
2289 2024 2689 2092 praedicantur,
2726 2028 2934 2080 multos
2965 2028 3183 2081 amicos
3213 2034 3269 2082 et
3297 2030 3509 2083 eisdem
3559 2047 3707 2100 prte-

2015 2111 2385 2179 dicatoribus,
2464 2116 2519 2165 et
2584 2129 2780 2166 earum
2836 2114 3098 2183 largitori
3159 2117 3273 2170 Deo
3335 2118 3707 2173 asciscunt.A

2014 2198 2309 2270 prophetis
2335 2204 2547 2267 autem,
2572 2202 2709 2270 quia
2748 2202 2891 2255 nihil
2944 2208 3111 2256 certae
3159 2205 3525 2259 beatitudinis
3579 2223 3711 2276 pro-

2015 2287 2272 2353 mittunt,
2309 2293 2365 2342 et
2395 2287 2454 2341 hi
2510 2304 2653 2358 quos
2698 2288 2908 2343 habent
2938 2297 3297 2360 separantur,
3359 2294 3613 2348 conversi
3640 2294 3711 2349 ad

2014 2374 2390 2428 certissimam
2423 2375 2730 2429 Dominicee
2757 2376 2888 2430 ﬁdei
2919 2378 3379 2447 promissionem.

2087 2464 2246 2517 Vnus.
2291 2467 2340 2517 5.
2373 2493 2441 2503 —
2501 2465 2669 2518 Testis
2713 2465 2914 2531 falsus.
2978 2466 3370 2536 Redarguerat
3421 2484 3554 2522 eum
3611 2470 3712 2539 qui

2014 2554 2240 2604 tantum
2268 2551 2440 2605 verba
2469 2552 2813 2617 sectabatur,
2870 2568 3021 2607 nunc
3052 2554 3210 2607 illum
3270 2556 3560 2626 redarguit
3607 2557 3709 2627 qui

2015 2639 2185 2693 verba
2253 2639 2562 2693 Dominicze
2643 2641 2992 2693 auctoritatis
3049 2643 3196 2696 male
3277 2644 3707 2714 interpretando

2015 2727 2351 2797 corrumpit.
2397 2727 2556 2791 Quod
2617 2729 2797 2782 multa
2871 2729 3076 2800 saepius
3142 2729 3443 2799 iterantur,
3494 2734 3711 2787 contir-

2017 2816 2190 2869 matio
2223 2820 2325 2882 est,
2356 2820 2421 2869 ut
2456 2816 2667 2887 loseph
2714 2816 2813 2883 ait,
2844 2833 2909 2871 eo
2941 2817 3094 2887 quod
3138 2833 3325 2872 sermo
3378 2819 3451 2873 sit
3481 2820 3599 2890 Dei,
3655 2826 3712 2876 et

2013 2904 2267 2959 velocius
2296 2905 2674 2975 compleatur.

2086 2994 2246 3046 Vens.
2281 2996 2364 3048 IO.
2398 3024 2465 3031 ——
2498 2995 2614 3047 Non
2681 2993 2865 3047 decent
2913 2994 3157 3048 stultum.
3213 2994 3336 3048 Non
3369 2994 3568 3049 decent
3595 2994 3712 3051 ha:-

2014 3080 2254 3134 reticum
2281 3080 2497 3134 deliciae
2543 3080 2963 3150 Scripturarum
2988 3081 3123 3151 quia
3169 3081 3257 3134 his
3292 3082 3435 3136 bene
3461 3083 3544 3137 uti
3590 3100 3709 3139 non

2014 3168 2190 3234 novit,
2250 3184 2436 3238 neque
2484 3168 2670 3233 illum,
2726 3166 2824 3238 qui
2871 3168 3055 3222 adhuc
3104 3184 3299 3222 servus
3330 3175 3412 3223 est
3469 3172 3707 3241 peccati,

2012 3255 2275 3326 prmferri
2306 3255 2654 3325 decctjustis
2685 3256 2741 3308 in
2771 3256 3053 3325 regimine
3077 3257 3360 3311 Ecclesiae.

2083 3344 2247 3396 Vens.
2308 3346 2391 3396 11.
2450 3373 2517 3383 --
2578 3344 2839 3396 Doctrina
2871 3345 3001 3396 viri.
3064 3343 3332 3397 Doctrina
3377 3345 3709 3402 ecclesiasti-

2011 3446 2096 3498 ca,
2126 3437 2258 3497 etc.,
2291 3447 2461 3499 usque
2499 3432 2573 3485 ad
2596 3436 2740 3485 recte
2771 3435 2962 3485 autem
2992 3431 3255 3486 subditur
3289 3447 3302 3486 :

2024 3532 2027 3535 '
2082 3524 2152 3574 Et
2178 3520 2356 3586 gloria
2384 3521 2496 3588 ejus
2531 3524 2609 3574 est
2652 3521 2846 3587 iniqua
2886 3520 3266 3589 pratergredi.
3329 3519 3569 3574 Perfecti
3623 3522 3709 3573 est

2011 3608 2164 3662 enim
2223 3608 2493 3674 doctoris,
2528 3606 2605 3661 sic
2656 3608 2901 3661 aliorum
2946 3607 3375 3677 improbitatem
3426 3609 3711 3679 patienter

2009 3696 2266 3761 sufferre,
2315 3700 2376 3749 ut
2428 3712 2486 3749 se
2543 3696 2762 3749 noverit
2804 3695 2873 3749 ab
2932 3695 3147 3766 iniquis
3200 3696 3484 3767 patienter
3522 3696 3709 3750 obser-

2008 3800 2160 3837 vare.
2198 3785 2391 3854 Neque
2429 3783 2582 3836 enim
2637 3782 2873 3853 propria
2903 3782 3185 3836 munditia
3241 3783 3363 3837 sine
3403 3784 3706 3837 tolerantia

2012 3870 2242 3939 sufﬁcit,
2269 3887 2456 3939 neque
2487 3870 2792 3923 tolorantia
2814 3869 2936 3922 sine
2970 3869 3273 3922 munditia.

2082 3958 2238 4011 Vens.
2280 3960 2362 4011 13.
2402 3987 2468 3996 -
2496 3958 2655 4011 Dolor
2674 3960 2873 4026 patris.
2908 3957 3055 4010 Deus
3100 3956 3159 4010 in
3217 3961 3423 4010 natura
3481 3974 3708 4027 semper
3802 3970 3813 3973 '

2008 4045 2397 4114 impassibilis,
2432 4045 2623 4098 dolere
2656 4050 2848 4097 tamen
2878 4051 3074 4098 nostro
3107 4061 3262 4099 more
3295 4044 3520 4111 dicitur,
3573 4063 3703 4099 cum

2009 4131 2292 4198 homines,
2370 4148 2515 4202 quos
2587 4132 2657 4185 ad
2718 4147 2776 4184 se
2836 4132 3184 4187 credendum
3238 4134 3703 4203 laudandumque

2008 4220 2239 4289 creavit,
2297 4219 2520 4273 diabolo
2578 4219 2788 4273 servire
2858 4221 3151 4291 conspicit.
3222 4221 3380 4276 Unde
3437 4222 3707 4291 paenituit

2011 4324 2141 4360 eum
2175 4307 2323 4377 quod
2349 4306 2643 4360 hominem
2676 4305 2899 4360 fecisset
2920 4323 3091 4377 super
3129 4312 3365 4375 terram,
3422 4313 3479 4361 et
3528 4313 3703 4362 tactus

2007 4394 2187 4449 dolore
2260 4394 2436 4447 cordis
2486 4397 2856 4448 intrinsecus:
2906 4396 3121 4465 Detebo,
3180 4399 3380 4466 inquit,
3439 4396 3702 4451 hominem

2008 4499 2163 4552 quem
2184 4484 2391 4535 creavit
2422 4498 2455 4535 a
2482 4484 2626 4548 facie
2650 4488 2804 4537 terrae
2834 4483 2982 4552 (Gen.
3008 4491 3098 4551 vx).

2082 4573 2238 4624 Tecta
2289 4570 2520 4638 jugiter.
2597 4570 2751 4624 Sicut
2814 4575 2962 4624 tecta
3019 4571 3400 4640 perstillantia
3446 4571 3699 4642 pluviam

2008 4656 2241 4727 quidem
2299 4656 2638 4727 suscipiunt,
2689 4663 2818 4726 etc.,
2854 4674 3023 4727 usque
3065 4660 3139 4714 ad
3192 4664 3250 4715 et
3310 4660 3477 4715 sorde
3536 4661 3702 4715 mista

2007 4744 2364 4799 auditoribus
2396 4745 2603 4799 reddit.

2076 4834 2236 4887 Vens.
2271 4837 2355 4899 1.23,
2391 4863 2458 4873 —
2505 4834 2735 4900 Pigredo
2769 4836 3018 4889 immittit
3060 4849 3321 4904 soporem.
3395 4836 3564 4906 Piger
3613 4835 3699 4890 di-

2008 4921 2156 4975 citur
2182 4921 2280 4992 qui
2331 4925 2480 4975 recte
2510 4922 2735 4975 sciendo
2783 4923 3002 4992 vigilat,
3058 4924 3154 4976 sed
3213 4924 3359 4977 nihil
3408 4926 3700 4995 operando

2007 5014 2306 5080 torpescit;
2365 5009 2462 5062 sed
2513 5010 2744 5078 pigredo
2792 5012 3317 5080 immittitsoporem,
3378 5012 3513 5084 quia
3558 5030 3700 5084 pau-

2007 5096 2181 5166 lisper
2210 5102 2359 5150 recte
2407 5097 2691 5150 sentiendi
2742 5098 3035 5167 vigilantia
3083 5100 3387 5167 amittitur,
3438 5102 3575 5156 dum
3628 5102 3700 5156 ab

2008 5199 2179 5254 Opere
2210 5188 2487 5237 cessatur.
2525 5186 2693 5237 Recte
2723 5190 2915 5239 autem
2948 5186 3238 5242 subditur:

2077 5272 2147 5323 Et
2170 5273 2356 5323 anima
2385 5271 2654 5325 dissoluta
2684 5274 2900 5325 esuriat.
2952 5273 3090 5327 Nam
3147 5274 3281 5345 quia
3313 5290 3370 5328 se
3407 5275 3477 5329 ad
3526 5292 3702 5346 supe-

2005 5356 2160 5412 riora
2209 5358 2543 5428 stringendo
2593 5374 2709 5412 non
2769 5358 2982 5429 dirigit,
3016 5360 3333 5431 neglectam
3373 5379 3431 5416 se
3463 5363 3701 5418 inferius

2005 5462 2106 5518 per
2126 5446 2406 5501 desideria
2435 5445 2726 5515 expandit,
2760 5450 2814 5500 et
2847 5446 2984 5500 dum
3035 5448 3356 5503 studiorum
3404 5450 3701 5505 subtilium

2005 5535 2202 5605 vigore
2257 5550 2369 5589 non
2400 5533 2835 5607 constringitur,
2894 5534 3221 5606 cupiditatis
3271 5536 3486 5592 intima:
3534 5539 3700 5593 famae
