4082 6184
424 333 557 387 1103

1072 329 1463 386 WALAFRIDI
1505 330 1751 385 STRABI
1794 329 1996 385 FULD.
2043 332 2093 386 Ml

2266 331 2398 386 )PP.
2444 330 2619 385 PARS
2661 331 2700 384 Ι.
2743 359 2811 368 -—-
2850 329 3305 386 THEOLOGICA.

3783 334 3904 386 1104

420 455 725 523 sauciatur,
777 457 840 509 ut
869 471 983 525 quo
1023 469 1124 524 per
1169 452 1530 522 disciplinam
1561 452 1726 522 ligari
1769 452 2109 519 dissimulat,
2139 456 2181 506 A
2295 453 2455 506 Vens.
2486 455 2576 506 21.
2605 483 2669 489 -
2703 451 3030 506 Hereditas.
3057 451 3163 515 Qui
3189 467 3289 522 per
3310 451 3564 506 avaritias
3590 453 3904 523 nequitiam

421 559 488 597 eo
510 544 765 597 esuriens
796 559 895 613 per
928 543 1284 612 voluptatem
1317 542 1599 596 desideria
1628 557 1686 595 se
1717 546 1966 612 spargat.

492 633 760 684 Vens.18.
794 631 1060 684 —Erudi
1107 631 1300 697 ﬁlium.
1363 629 1689 699 Subjectum
1734 630 1860 696 tibi,
1911 631 1958 682 si
2015 645 2110 682 er-

419 735 546 773 rare
574 717 872 788 conspicis,
906 717 1215 786 diligenter
1269 717 1509 787 castiga;
1555 717 1708 787 quod
1749 717 1796 771 si
1847 717 2110 788 castigari

417 807 688 872 renuerit,
730 805 807 859 ita
846 810 1007 859 caute
1046 821 1180 874 erga
1227 805 1388 859 illum
1439 823 1564 877 age,
1599 823 1670 859 ne
1701 805 1838 877 quid
1896 807 1954 860 in
1994 806 2110 860 tuis

415 894 600 947 verbis
629 895 713 947 vel
743 894 1030 963 operibus,
1078 894 1229 947 unde
1261 894 1507 964 amplius
1562 901 1777 965 peccet,
1832 895 2104 949 inveniat.

414 982 552 1036 Huic
581 982 889 1036 concordat
918 982 1067 1052 quod
1102 982 1361 1053 sequitur
1391 1001 1407 1036 :

485 1073 646 1126 Vens.
675 1075 756 1125 19.
790 1101 858 1109 -
919 1073 1023 1140 ()ui
1078 1074 1368 1139 impatiens
1398 1076 1476 1125 est
1504 1071 1791 1126 sustinebit
1848 1072 2106 1126 damnum

412 1164 464 1213 et
503 1175 620 1213 cum
669 1161 934 1228 rapuerit.
967 1159 1024 1213 Si
1080 1160 1230 1212 enim
1263 1175 1366 1229 pro
1415 1159 1624 1212 duritia
1668 1159 2105 1214 contradicentis

411 1247 604 1301 fratris
630 1247 687 1300 in
720 1246 1098 1316 impatientia;
1128 1245 1328 1299 vitium
1361 1245 1588 1309 labaris,
1651 1251 1780 1311 etc.,
1813 1261 1981 1314 usque
2032 1247 2106 1299 ad

412 1350 541 1388 cum
573 1335 723 1388 enim
776 1335 1081 1404 pecuniam
1125 1334 1410 1388 violentus
1463 1333 1779 1402 abstulerit,
1841 1349 1945 1404 pro
1999 1333 2105 1388 hac

411 1423 663 1476 animam
691 1423 899 1477 invitus
931 1423 1107 1476 dabit.

481 1513 642 1565 Vens.
676 1515 764 1567 22.
797 1543 864 1550 —
920 1513 1108 1566 Melior
1158 1515 1236 1565 est
1283 1525 1514 1580 pauper.
1549 1510 1727 1574 Quam
1762 1509 1859 1580 qui
1891 1526 1947 1563 se
2002 1526 2104 1581 per

411 1600 800 1654 excellentiam
863 1601 1140 1675 virtutum
1195 1598 1301 1650 viri
1354 1598 1584 1651 nomine
1616 1597 1853 1667 dignum
1886 1597 2097 1663 dicens,

408 1688 625 1744 fallitur
670 1689 911 1754 nescius,
963 1689 1101 1742 dum
1182 1686 1566 1756 superbieudo
1635 1685 1887 1756 perdidit
1949 1685 2098 1739 bona

410 1794 538 1848 qua:
561 1776 756 1847 gessit.

481 1866 648 1919 Vens.
705 1864 791 1918 24.
851 1893 917 1902 ——
947 1862 1250 1916 Abscondit
1288 1864 1449 1931 piger
1500 1877 1739 1918 manum.
1804 1863 1982 1916 Nemo
2027 1863 2107 1916 ita

407 1952 572 2023 piger
599 1956 700 2018 est,
734 1956 862 2018 etc.,
892 1966 1059 2019 usque
1087 1951 1160 2004 ad
1187 1966 1422 2004 manum
1461 1949 1614 2004 enim
1671 1951 1744 2004 ad
1802 1966 1864 2004 os
1915 1951 2102 2022 porri-

407 2054 560 2109 gere,
594 2044 650 2092 et
673 2038 797 2112 voci
818 2054 990 2107 opere
1019 2038 1382 2092 concordare.

475 2127 640 2180 Vens.
672 2129 760 2180 28.
789 2155 848 2164 —
881 2129 1128 2181 Devorat.
1192 2127 1263 2180 Ut
1311 2125 1606 2180 famelicus
1656 2126 1830 2193 cibos,
1882 2126 2099 2198 iniqui-

407 2218 583 2269 tatem
611 2218 837 2285 patrare
867 2214 1132 2269 ardenter
1161 2214 1425 2285 exquirit.

1075 2357 1301 2412 CAPUT
1341 2359 1446 2414 XX.

477 2481 636 2534 Vens.
672 2482 724 2534 2.
757 2509 821 2520 —
856 2480 1165 2535 Luxuriosa
1203 2496 1306 2535 res.
1341 2480 1628 2552 Sequitur.

479 2569 640 2622 Vens.
677 2569 731 2623 4.
766 2598 832 2609 --
882 2570 1123 2624 ./Estate.
1177 2570 1439 2640 Regnum
1496 2569 1596 2622 Dei
1627 2568 1810 2622 aestati
1861 2583 2099 2639 compa-

403 2659 584 2721 ratur,
617 2655 752 2726 quia
773 2671 926 2710 nunc
955 2656 1215 2710 maeroris
1245 2656 1428 2710 nostri
1453 2656 1651 2710 nubila
1698 2657 1997 2724 transient,
2044 2662 2101 2712 et

405 2745 535 2798 vitae
567 2744 686 2799 dies
717 2744 918 2799 aeterni
958 2745 1090 2799 solis
1123 2746 1399 2799 charitate
1417 2744 1739 2816 fulgebunt.

479 2834 636 2887 Vens.
672 2838 723 2887 7.
754 2864 823 2872 —
852 2835 1041 2888 Beatos
1078 2838 1201 2902 post
1229 2849 1284 2888 se
1305 2834 1450 2904 ﬁlios
1506 2835 1794 2902 relinquet.
1845 2834 1964 2888 Non
2028 2835 2097 2889 ad

407 2921 796 2987 litteram,sed
829 2922 1088 2991 exempla
1142 2922 1265 2992 ejus
1312 2927 1635 2993 sequentes.
1689 2922 1845 2977 Unde
1895 2939 2094 2977 omnes

2221 541 2279 593 in
2305 541 2409 594 hac
2437 541 2550 594 vita
2571 540 2939 610 multiplicari
2977 544 3273 609 appetunt,
3307 543 3434 606 etc.,
3467 556 3634 608 usque
3671 541 3745 594 ad
3774 541 3904 594 abo-

2217 629 2456 684 minatio
2479 633 2563 684 est
2594 629 2744 700 apud
2783 631 2984 683 Deum.

2287 719 2446 772 Vens.
2479 721 2569 773 25.
2602 749 2671 757 —
2711 719 3059 772 Abominatio
3089 723 3166 772 est
3197 718 3347 788 apud
3377 719 3541 772 Deum
3589 719 3802 788 pondus
3858 723 3907 772 et

2212 806 2446 876 pondus,
2469 812 2674 861 statera
2726 805 2928 873 dolosa,
2987 811 3092 860 etc.
3150 808 3367 877 Duplex
3421 807 3642 876 pondus
3684 813 3741 860 et
3794 814 3907 860 sta-

2215 899 2393 948 teram
2423 896 2678 949 dolosam
2707 895 2877 948 habet
2931 895 2989 949 in
3045 897 3212 949 corde
3272 912 3397 958 suo,
3449 899 3578 962 etc.,
3615 911 3783 966 usque
3836 897 3909 950 ad

2213 982 2300 1038 vel
2329 984 2582 1037 animam
2611 981 2772 1036 suam
2800 985 2912 1037 Deo
2943 983 3003 1036 in
3028 983 3316 1053 baptismo
3337 987 3747 1037 consecratam.

2276 1073 2439 1126 Vens.
2473 1075 2562 1125 25.
2597 1103 2666 1112 ——
2691 1074 2871 1127 Ruina
2919 1076 2997 1126 est
3025 1072 3232 1126 homini
3275 1071 3532 1125 devorare
3582 1077 3814 1137 sanctos,
3859 1076 3908 1125 et

2208 1164 2333 1228 post
2379 1165 2506 1214 vota
2551 1165 2866 1214 retractare.
2919 1159 2977 1214 Si
3030 1165 3329 1230 peccatum
3375 1164 3460 1213 est
3513 1159 3750 1213 cuilibet
3801 1175 3905 1212 no-

2212 1263 2358 1315 cere,
2397 1252 2525 1314 etc.,
2572 1263 2742 1316 usque
2790 1247 2864 1300 ad
2910 1253 2967 1300 et
3009 1263 3104 1300 eos
3155 1246 3275 1317 qui,
3306 1251 3370 1300 ut
3422 1262 3521 1299 sua
3579 1252 3707 1299 vota
3751 1262 3907 1300 com-

2210 1335 2427 1406 pleant,
2458 1342 2682 1390 sanctos
2708 1339 3148 1406 persequuntur,
3172 1334 3463 1390 damnatio
3498 1340 3692 1387 manet
3739 1339 3907 1388 aeter-

2213 1437 2305 1476 na.
2343 1422 2475 1476 Ideo
2506 1422 2698 1477 subdit
2723 1439 2735 1476 :

2280 1511 2437 1564 Vens.
2463 1513 2553 1566 26.
2581 1542 2652 1550 —
2681 1513 2926 1580 Dissipat
2963 1511 3157 1586 impios
3182 1526 3282 1564 rex
3338 1511 3575 1578 sapiens,
3630 1514 3682 1563 et
3721 1512 3910 1564 incur-

2209 1602 2303 1652 vat
2334 1613 2498 1667 super
2541 1614 2625 1652 eos
2663 1602 2943 1665 fornicem.
2982 1600 3095 1653 Mos
3151 1600 3260 1652 fuit
3315 1598 3589 1669 antiquis,
3637 1603 3771 1662 etc.,
3821 1615 3912 1653 us-

2211 1701 2312 1754 que
2340 1687 2414 1740 ad
2461 1686 2551 1740 cui
2599 1692 2740 1740 rotae
2785 1692 2868 1740 est
2898 1687 3184 1741 contraria
3212 1703 3408 1742 corona
3453 1690 3578 1742 vita
3621 1702 3789 1756 Quam
3819 1702 3910 1741 re-

2208 1777 2486 1844 promittit
2522 1777 2658 1829 Deus
2696 1775 3048 1844 diligentibus
3077 1791 3150 1828 se.

2287 1864 2443 1916 Vens.
2485 1866 2572 1918 30.
2603 1893 2671 1902 —
2700 1865 2863 1917 Livor
2886 1865 3152 1917 vulneris.
3182 1863 3325 1917 Cum
3363 1862 3520 1917 enim
3566 1869 3723 1917 extra
3773 1878 3912 1934 per-

2211 1951 2480 2018 cutimur,
2532 1955 2666 2020 etc.,
2697 1965 2865 2020 usque
2906 1952 2980 2005 ad
3013 1951 3149 2023 quia
3189 1952 3336 2006 sicut
3383 1963 3582 2007 venter
3628 1967 3777 2019 esca,
3830 1953 3911 2006 ita

2209 2055 2372 2094 mens
2390 2039 2792 2109 pertractanda
2815 2040 3078 2111 excoquit
3108 2056 3292 2094 curas.

2867 2180 3088 2235 CAPUT
3125 2180 3253 2235 XXI.

2280 2305 2439 2358 Vens.
2478 2307 2526 2358 1.
2555 2333 2627 2346 -
2670 2305 2828 2359 Sicut
2886 2305 3197 2360 divisiones.
3247 2303 3519 2359 Omnium
3570 2302 3901 2370 hominum,

2206 2407 2326 2446 non
2357 2393 2542 2447 solum
2572 2393 2722 2464 regis
2750 2409 2867 2460 cor,
2897 2393 2956 2447 in
2988 2409 3163 2448 manu
3194 2393 3446 2461 Domini,
3479 2392 3615 2463 quia
3641 2396 3700 2446 in
3741 2408 3905 2447 manu

2207 2481 2320 2549 eius
2375 2487 2500 2537 sunt
2556 2498 2731 2538 omnes
2788 2486 2921 2552 ﬁnes
2975 2487 3154 2537 terrae.
3203 2482 3314 2536 Sed
3367 2497 3585 2551 regem,
3644 2489 3906 2535 sanctum

2211 2583 2499 2640 quemque
2529 2575 2709 2635 vocat,
2735 2571 2834 2640 qui
2863 2569 3134 2623 vitiorum
3157 2569 3305 2623 bella
3335 2567 3395 2622 in
3427 2585 3486 2622 se
3518 2569 3769 2634 vincere,
3794 2570 3909 2622 vir-

2206 2655 2365 2725 gulta
2386 2657 2617 2710 malitiae
2646 2658 2804 2710 novit
2844 2656 3182 2728 exstirpare.
3222 2657 3378 2713 Sicut
3407 2657 3562 2711 enim
3624 2657 3908 2711 Dominus

2206 2760 2487 2816 aquarum
2517 2745 2914 2814 divisionibus,
2970 2751 3252 2801 terrarum
3306 2746 3451 2800 ﬁnes
3488 2745 3660 2800 simul
3711 2751 3768 2800 et
3824 2762 3916 2801 ae-

2207 2832 2284 2886 ris
2314 2833 2534 2904 implet,
2569 2835 2719 2906 tegit
2774 2851 3005 2906 quoque
3055 2835 3218 2906 aquis
3265 2834 3564 2904 superiora
3605 2835 3911 2901 caelorum,

2203 2922 2290 2976 Ita
2309 2937 2399 2976 cor
2439 2925 2584 2990 regis
2630 2938 2942 2991 quocunque
2986 2924 3215 2977 voluerit
3262 2921 3521 2986 inclinat,
3573 2921 3711 2992 quia
3759 2921 3915 2975 sicut

405 3010 592 3078 electi,
627 3009 728 3064 ﬁlii
753 3010 992 3064 Abrahze
1021 3010 1227 3080 quibus
1249 3026 1362 3064 non
1409 3026 1682 3080 praesens,
1746 3011 1842 3065 sed
1902 3012 2097 3066 futura
2128 3006 2168 3062 C
2207 3009 2514 3064 divisiones
2571 3011 2884 3080 gratiarum
2935 3011 3248 3064 secundum
3296 3011 3655 3064 Voluntatem
3714 3025 3912 3076 suam,

403 3098 690 3152 beatitudo
715 3098 1066 3168 promittitur
1094 3098 1267 3164 unde,
1300 3102 1414 3154 Rea:
1443 3102 1539 3167 qui
1566 3099 1726 3154 sedit.

474 3188 636 3240 Vens.
669 3189 722 3240 8.
759 3216 819 3226 —
844 3189 959 3242 Rea:
1007 3190 1104 3255 qui
1140 3188 1277 3241 sedit
1326 3189 1384 3241 in
1415 3190 1545 3242 solio
1592 3188 1814 3257 judicii.
1866 3189 1985 3243 Etsi
2036 3189 2097 3243 in

406 3275 513 3328 hac
542 3274 658 3327 vita
696 3273 860 3328 electi
881 3275 1031 3328 mala
1051 3275 1343 3344 patiantur
1389 3275 1784 3345 reproborum.
1827 3282 1958 3345 etc.,
2013 3293 2098 3333 us-

407 3379 508 3430 que
535 3363 608 3415 ad
637 3361 811 3430 digna
843 3362 1004 3415 factis
1027 3363 1246 3431 recipit.

478 3451 617 3503 Vens
643 3452 695 3502 9.
719 3479 787 3490 —
817 3451 924 3515 Qui
949 3453 1124 3518 potest
1172 3450 1365 3502 dicere.
1405 3449 1529 3503 Non
1591 3448 1749 3516 dicit,
1806 3451 1932 3521 quis
1993 3453 2096 3520 ha-

408 3535 522 3601 bet,
558 3539 688 3600 etc.,
735 3551 903 3604 usque
960 3535 1034 3588 ad
1078 3535 1466 3605 proximorum
1519 3535 1682 3606 quasi
1728 3536 1862 3591 vilia
1908 3538 2097 3610 despi-

406 3622 586 3690 ciunt,
614 3621 804 3675 subdit
838 3639 850 3677 :

476 3709 690 3764 Pondus
720 3713 770 3762 et
803 3707 1036 3778 pondus.
1089 3709 1384 3764 Diversum
1439 3710 1686 3780 pondus,
1741 3715 1870 3780 etc.,
1928 3728 2099 3782 usque

405 3796 480 3850 ad
510 3797 718 3867 quibus
739 3796 1261 3867 indiciisjudicium
1283 3798 1463 3851 nostri
1491 3797 1736 3868 dirigere
1766 3799 2092 3854 debeamus.

479 3887 636 3939 Vens.
675 3889 758 3939 11.
792 3915 859 3924 -
890 3888 977 3940 Ea:
997 3885 1197 3939 studiis
1228 3888 1341 3940 suis
1388 3886 1731 3954 intelligitur.
1783 3886 2098 3950 Quemcun-

406 3990 515 4045 que
544 3972 696 4026 enim
721 3973 1022 4027 virtutibus
1049 3978 1179 4028 dum
1227 3974 1506 4027 modestia
1534 3974 1922 4040 continentize,
1957 3980 2088 4043 etc.,

404 4077 572 4130 usque
597 4062 670 4115 ad
702 4062 845 4115 sicut
871 4077 900 4114 e
923 4067 1123 4116 contra
1151 4078 1164 4116 :
1199 4062 1422 4116 Amicus
1452 4063 1739 4116 stultorum
1767 4064 1971 4118 similis
2005 4065 2092 4130 ef-

402 4152 605 4217 ﬁcitur.

466 4237 635 4293 Vens.
677 4240 761 4291 l2.
814 4267 881 4277 --
924 4239 1179 4291 Dominus
1237 4239 1367 4304 fecit
1417 4242 1720 4306 utrumque.
1786 4239 1963 4292 Nemo
2021 4239 2088 4294 ad

403 4325 833 4395 praedicandum
915 4324 1154 4378 idoneus
1218 4326 1451 4379 fratrem
1520 4327 1834 4396 simplicem
1907 4327 2095 4398 despi-

404 4415 536 4477 ciat,
571 4419 704 4482 etc.,
738 4430 907 4482 usque
927 4415 1002 4468 ad
1031 4415 1170 4468 dans
1203 4415 1512 4486 unicuique
1569 4416 1884 4470 secundum
1933 4432 2096 4470 men-

403 4519 596 4557 suram
625 4502 950 4557 donationis
981 4518 1120 4556 suae.

435 4651 440 4656 ,
479 4593 634 4646 Vens.
684 4592 767 4644 14.
810 4619 878 4631 -
933 4591 1139 4644 Malum
1181 4594 1276 4644 est.
1324 4589 1432 4654 Qui
1485 4595 1700 4644 aeterna
1749 4590 1988 4660 praemia
2035 4592 2094 4645 in

403 4678 556 4734 caelis
584 4693 906 4747 praeparare
935 4677 1238 4744 desiderat,
1275 4679 1488 4731 malum
1521 4683 1628 4746 est,
1662 4678 1814 4749 quod
1849 4677 1908 4731 in
1951 4695 2096 4748 pras-

403 4767 550 4821 senti
581 4766 745 4820 debet
776 4764 1078 4831 sustinere,
1113 4768 1176 4818 ut
1204 4780 1333 4818 cum
1384 4765 1682 4819 recesserit
1733 4765 1801 4820 de
1854 4767 2091 4832 mundo,

401 4855 700 4925 glorietur,
734 4857 928 4923 aperte
976 4851 1350 4923 prospiciens,
1380 4851 1514 4923 quia
1547 4852 1681 4924 {non
1731 4855 1858 4907 sunt
1902 4855 2093 4908 condi-

401 4961 518 5014 gnae
544 4945 817 5013 passiones
851 4942 1012 5010 hujus
1043 4944 1315 5010 temporis,
1349 4946 1452 4994 etc.

472 5035 627 5087 Vens.
666 5033 749 5086 15.
781 5061 850 5069 -
882 5033 980 5085 Est
1009 5045 1203 5082 aurum
1231 5033 1280 5082 et
1310 5028 1618 5083 multitudo.
1655 5030 1783 5083 Haec
1836 5033 1921 5083 est
1967 5029 2090 5100 glo-

383 5113 566 5176 riatio
593 5119 861 5191 sapientis
888 5118 1185 5188 emptoris,
1218 5122 1348 5185 etc.,
1380 5133 1547 5186 usque
1576 5118 1650 5172 ad
1699 5123 1756 5172 et
1783 5118 1930 5172 vasis
1969 5134 2090 5171 esse

399 5207 770 5265 assimilanda
801 5206 1085 5280 pretiosis.

469 5299 634 5352 Vens.
677 5301 760 5352 17.
795 5327 860 5338 -
886 5297 1088 5350 Suavis
1131 5298 1210 5350 est
1239 5295 1442 5349 homini
1460 5296 1621 5364 panis
1642 5294 1932 5361 mendacii,
1966 5298 2081 5350 etc.

399 5389 459 5440 ln
490 5401 832 5456 quocunque
865 5377 1124 5438 membro
1155 5383 1281 5455 quis
1307 5383 1554 5453 amplius
1585 5383 1920 5454 peccaverit,
1955 5387 2084 5452 etc.,

397 5489 564 5542 usque
584 5475 657 5529 ad
686 5489 814 5546 quae
835 5472 895 5526 in
935 5471 1118 5527 verbis
1146 5471 1448 5541 superﬂuis
1475 5471 1532 5525 iu
1588 5471 1873 5542 epulando
1903 5469 2088 5526 deﬂu-

397 5567 574 5617 xerat.

2208 3101 2265 3150 et
2291 3097 2507 3167 angelis
2540 3104 2596 3151 et
2621 3098 2950 3153 hominibus
2971 3097 3205 3165 tribuit;
3237 3098 3316 3152 ita
3346 3097 3519 3151 corda
3571 3101 3914 3152 sanctorum

2206 3187 2647 3257 quibuscunque
2705 3187 2950 3241 voluerit
2995 3187 3168 3257 digna
3222 3186 3626 3240 donationibus
3677 3185 3908 3242 reddit.

2208 3275 2274 3329 Et
2327 3279 2508 3330 taceat
2558 3276 2918 3346 Pelagianus,
2962 3275 3098 3346 quia
3117 3275 3334 3346 absque
3385 3274 3569 3345 gratia
3614 3274 3718 3328 Dei
3768 3276 3916 3329 nul—

2206 3363 2295 3417 lus
2313 3368 2395 3417 est
2425 3364 2580 3418 locus
2612 3364 2800 3418 saluti.

2275 3451 2435 3506 Vens.
2464 3454 2516 3506 8.
2550 3482 2618 3492 —
2638 3454 2894 3507 Perversa
2922 3453 3034 3506 via.
3056 3451 3214 3505 Juste
3243 3466 3434 3505 coram
3469 3451 3737 3518 Domino,
3769 3455 3913 3518 etc.,

2204 3553 2374 3608 usque
2402 3539 2478 3593 ad
2504 3545 2656 3593 recte
2678 3540 2830 3611 quod
2861 3555 2965 3611 per
2992 3544 3256 3594 naturam
3291 3538 3649 3609 originaliter
3699 3555 3911 3609 sump-

2206 3625 2302 3690 sit,
2333 3627 2682 3696 exsequitur.

2276 3715 2436 3768 Vens.
2475 3719 2560 3770 l3.
2593 3747 2660 3755 —
2706 3715 2814 3782 Qui
2841 3715 3058 3770 obturat
3088 3731 3292 3769 aurem.
3336 3713 3707 3776 Generaliter,
3769 3718 3908 3778 etc.,

2203 3817 2373 3870 usque
2441 3804 2516 3857 ad
2583 3820 2770 3875 neque
2812 3803 3012 3858 auditu
3074 3803 3282 3858 divinae
3352 3801 3762 3856 misericordiae
3816 3802 3911 3856 di-

2203 3905 2404 3959 gnum.

2274 3978 2432 4031 Vens.
2473 3982 2555 4032 15.
2607 3980 2689 4018 ’-
2725 3980 2902 4033 Pavor
2950 3977 3298 4048 operantibus
3339 3979 3706 4045 iniquitatem.
3754 3977 3911 4042 Quia

2202 4063 2440 4118 sciunta
2470 4066 2583 4118 Deo
2615 4065 2998 4133 prohibitum;
3033 4064 3292 4136 quamvis
3323 4064 3564 4118 luxurias
3593 4081 3716 4118 sua:
3771 4081 3911 4136 per-

2201 4152 2520 4223 petratione
2551 4154 2856 4207 carnaliter
2911 4153 3268 4207 delectentur
3324 4151 3534 4206 mentis
3566 4157 3770 4206 tamen
3809 4169 3913 4224 pa-

2202 4257 2337 4294 vore
2365 4240 2592 4294 interno
2619 4258 2733 4295 non
2760 4246 2976 4309 carent,
3026 4241 3162 4312 quia
3195 4256 3253 4295 se
3303 4245 3584 4310 perpetuo
3630 4256 3910 4311 passuros

2202 4344 2307 4398 pro
2340 4328 2446 4396 his,
2467 4344 2596 4400 quas
2645 4329 3038 4400 temporaliter
3067 4328 3215 4383 male
3259 4328 3535 4396 fecerunt,
3569 4344 3681 4382 non
3715 4330 3908 4384 ambi-

2246 4421 2368 4470 unt.

2246 4431 2368 4470 unt.

2205 4431 2243 4487 Β
2273 4505 2433 4556 Vens.
2461 4505 2545 4557 16.
2577 4532 2644 4542 -
2673 4503 2737 4558 1η
2781 4507 2915 4556 coetu
2951 4504 3283 4571 gigantium.
3349 4503 3713 4568 Daemonum,
3768 4487 3906 4568 etc.,

2202 4605 2371 4660 usque
2399 4591 2473 4644 ad
2495 4589 2619 4660 ipso
2638 4589 2829 4660 judice
2869 4594 3030 4656 teste,
3063 4589 3341 4645 Discedite
3378 4605 3412 4643 a
3455 4605 3554 4656 me,
3596 4591 3908 4658 maledicti,

2203 4680 2262 4731 in
2289 4681 2465 4745 ignem
2492 4683 2770 4745 wternum,
2804 4679 2902 4747 qui
2935 4683 3168 4747 paratus
3202 4682 3280 4732 est
3311 4677 3527 4732 diabolo
3580 4683 3634 4732 et
3684 4681 3908 4746 angelis

2199 4767 2314 4836 ejus
2345 4768 2559 4836 (Matth.
2591 4765 2740 4837 xxv).

2271 4855 2435 4908 Vens.
2489 4857 2572 4909 18.
2641 4883 2713 4895 -
2769 4854 2878 4908 Pro
2925 4853 3075 4922 justo
3119 4853 3303 4907 datur.
3355 4853 3548 4907 Justus
3596 4857 3656 4906 et
3706 4859 3910 4908 rectus

2199 4943 2374 5011 idem,
2398 4948 2527 5009 etc.,
2548 4957 2716 5010 usque
2746 4941 2820 4995 ad
2848 4956 2978 4995 cum
3019 4941 3199 4995 multo
3239 4940 3462 4995 facilius
3509 4947 3768 5013 possent,
3817 4960 3910 4997 sa-

2199 5031 2428 5101 pientiae
2459 5046 2653 5084 curam
2685 5045 2802 5084 non
2821 5029 3175 5084 habuerunt.
3232 5081 3235 5084 .

2263 5120 2424 5174 Vens.
2446 5121 2534 5173 20.
2559 5149 2627 5159 -
2655 5120 2962 5174 Thesaurus
2998 5118 3392 5172 desiderabilis.
3459 5117 3710 5188 Reprobi
3782 5135 3908 5173 non

2197 5211 2422 5261 tantum
2465 5207 2702 5261 virtutes
2741 5223 2858 5260 non
2880 5205 3123 5276 assequi,
3185 5211 3308 5267 etc.,
3364 5221 3533 5274 usque
3590 5207 3667 5260 ad
3716 5209 3904 5273 unde,

2197 5297 2370 5352 Nolite
2429 5298 2614 5350 timere
2665 5311 2753 5350 eos
2795 5297 2893 5364 qui
2937 5294 3184 5350 occidunt
3239 5309 3454 5364 corpus,
3501 5299 3608 5349 etc.
3672 5295 3903 5366 (Matth.

2196 5383 2276 5455 x.)

2264 5472 2423 5528 Vens.
2480 5473 2570 5526 22.
2619 5500 2691 5512 —
2739 5473 3022 5528 Civitatem
3092 5471 3339 5538 fortium.
3408 5469 3686 5526 Mundum
3746 5473 3904 5526 scili-

2193 5565 2299 5624 cet,
2324 5564 2454 5625 etc.,
2491 5575 2657 5630 usque
2685 5559 2760 5613 ad
2789 5557 3164 5614 ecclesiastica
3207 5557 3510 5628 disciplina
3568 5558 3898 5630 redarguit.
