4020 6184
160 266 306 319 1105

1297 264 1551 320 GLOSSA
1593 262 1988 321 ORDINARIA.
2032 297 2101 309 -
2146 269 2275 323 LIB.
2322 268 2521 323 PBOV.

3532 275 3665 327 1106

234 387 403 441 Vens.
440 388 528 439 28.
559 413 629 425 —
657 386 827 440 Testis
856 385 1117 440 mendae).
1154 384 1261 450 Qui
1311 402 1368 439 se
1401 388 1514 440 Deo
1548 387 1757 441 servire
1782 391 1860 442 te—
1891 391 1937 443 A
1975 390 2201 457 vicinia,
2251 396 2308 446 et
2335 390 2445 462 ipsi
2474 396 2730 460 pereant,
2782 392 2936 463 quod
2968 408 3101 447 casu
3148 393 3307 448 Judae
3352 394 3476 450 ﬁeri
3504 413 3666 466 posse

150 479 363 541 statur,
408 478 537 543 etc.,
568 489 737 544 usque
793 474 867 527 ad
922 489 1029 545 per
1072 473 1350 543 justitiam
1376 474 1587 545 judicis
1626 480 1756 545 post
1784 476 1867 530 vi-

149 564 400 616 ctoriam
429 562 684 632 palmam
727 560 989 631 percipit.

230 652 397 704 Vens.
448 653 534 704 29.
569 680 638 689 —
674 651 775 705 Vir
793 652 1014 720 impius.
1044 650 1236 712 ludas,
1270 654 1399 722 etc.,
1424 667 1592 721 usque
1618 652 1867 724 adquod

150 739 428 810 negando
472 738 729 809 deliquit.

795 878 1023 933 CAPUT
1072 880 1229 934 XXII.

224 1005 393 1058 Vens.
433 1006 479 1057 l.
513 1003 793 1057 —Melius
827 1008 923 1058 est.
970 1006 1111 1059 Nam
1161 1003 1207 1058 si
1253 1005 1382 1075 quis
1413 1007 1692 1062 mundum
1723 1009 1863 1062 uni-

146 1108 386 1147 versum
442 1092 780 1158 lucraretur,
828 1093 1036 1147 merito
1096 1098 1278 1148 totum
1339 1101 1749 1163 contemneret,
1803 1102 1864 1150 ut

82 1202 99 1225 -ι
148 1181 282 1251 ejus
330 1196 546 1234 nomen
576 1180 921 1234 scriberetur
970 1181 1030 1236 in
1060 1182 1234 1248 ccelis,
1284 1183 1522 1254 ejusque
1577 1184 1859 1239 memoria

146 1270 309 1323 inter
342 1274 567 1322 sanctos
598 1272 769 1339 atque
798 1270 1033 1339 angelos
1060 1270 1333 1340 ﬁgeretur
1359 1277 1591 1326 aeterna.

222 1360 429 1414 Nomen
473 1357 689 1411 bonum.
742 1356 904 1421 Quod
936 1358 1191 1413 fidelium
1242 1359 1536 1413 testimnio
1572 1361 1856 1427 laudatur,

150 1462 273 1498 non
308 1445 459 1514 vulgi
496 1445 769 1515 imperiti,
801 1445 984 1499 unde:
1019 1447 1080 1501 Si
1134 1447 1311 1501 adhuc
1343 1448 1648 1517 hominibus
1675 1450 1856 1518 place-

145 1550 290 1599 rem,
329 1533 542 1587 Christi
565 1548 750 1588 servus
775 1550 882 1589 non
904 1549 1067 1588 essem
1093 1534 1104 1588 l

228 1621 425 1677 Gratia
474 1621 630 1675 bona.
656 1621 799 1685 Quia
824 1639 856 1675 a
885 1621 1035 1676 bono
1066 1638 1168 1692 pro
1198 1621 1365 1677 bonis
1418 1623 1686 1678 laudatur
1716 1641 1853 1695 ope-

146 1708 315 1762 ribus
347 1708 504 1778 quis:
530 1708 645 1762 imo
678 1725 783 1779 pro
814 1710 1032 1763 collatis
1063 1711 1114 1764 ei
1163 1710 1330 1765 donis
1361 1712 1699 1767 meritorum
1726 1713 1856 1783 glo-

143 1796 412 1851 riﬁcatur
442 1798 605 1851 Pater
631 1797 730 1868 qui
760 1797 819 1850 in
860 1797 1015 1852 caelis
1040 1803 1150 1854 est.

224 1887 387 1939 Vens.
419 1888 479 1939 2.
520 1914 589 1925 —-
616 1887 771 1939 Dives
799 1890 849 1940 et
897 1901 1130 1955 pauper.
1166 1887 1358 1957 Neque
1390 1888 1625 1942 divitem
1674 1904 1852 1959 prop-

143 1976 240 2028 ter
269 1973 495 2028 divitias
525 1974 765 2039 honora,
816 1989 1004 2044 neque
1038 1992 1140 2045 pro
1186 1976 1381 2046 inopia
1413 1993 1724 2047 pauperem
1754 1978 1851 2031 de-

144 2062 336 2132 spice:
372 2061 506 2131 quia
534 2077 677 2131 opus
734 2068 867 2115 sunt
910 2062 1189 2131 divinum,
1243 2069 1300 2118 et
1329 2065 1400 2119 ad
1425 2065 1759 2136 imaginem,
1796 2071 1854 2120 et

150 2151 229 2205 ad
254 2167 397 2221 opus
428 2150 528 2204 Dei
548 2150 782 2203 factum.

223 2238 401 2295 Vens.
428 2242 478 2293 3.
512 2267 581 2279 —
609 2238 869 2292 Callidus
906 2237 1055 2294 vidit
1086 2240 1306 2293 malum.
1342 2239 1496 2294 Multi
1528 2257 1594 2294 ex
1636 2241 1848 2310 princi-

145 2326 324 2397 pibus
347 2326 730 2393 crediderunt,
779 2331 910 2393 etc.,
944 2342 1113 2396 usque
1166 2328 1240 2381 ad
1271 2333 1327 2382 et
1354 2328 1415 2382 in
1447 2329 1849 2384 communibus

149 2420 592 2487 consequuntur
622 2414 862 2469 actibus.

224 2506 389 2557 Vens.
431 2505 482 2557 4.
518 2533 579 2543 -
636 2504 788 2557 Finis
844 2504 1135 2558 modestia.
1186 2504 1330 2568 Quia
1386 2505 1658 2558 nimirum
1718 2521 1847 2575 per-

144 2593 319 2647 fectio
354 2592 632 2646 virtutum
654 2596 760 2659 est,
792 2596 917 2656 etc.,
946 2607 1113 2662 usque
1132 2593 1207 2647 ad
1243 2608 1314 2647 ne
1344 2592 1526 2664 pcenis
1558 2592 1702 2646 forte
1736 2610 1848 2647 me-

150 2685 349 2735 reatur
369 2679 581 2750 subigi.

228 2771 446 2823 Divitiae
473 2774 522 2822 et
543 2769 738 2836 gloria.
769 2767 921 2823 Finis
944 2767 1239 2822 modestia:
1256 2767 1427 2822 timor
1456 2769 1702 2832 Domini,
1733 2771 1848 2840 glo-

153 2857 241 2912 ria
271 2864 327 2912 et
356 2857 493 2922 vita,
526 2856 663 2928 quia
708 2856 982 2926 perfectio
1014 2856 1289 2911 virtutum
1343 2862 1428 2911 est
1461 2857 1519 2910 in
1575 2858 1679 2911 hac
1707 2858 1838 2924 vita,

1978 479 2283 550 probatum
2309 483 2413 532 est.

2051 568 2206 621 Vens.
2236 569 2322 621 26.
2357 596 2428 607 —
2462 566 2582 623 Noli
2618 581 2727 621 esse
2754 583 2873 621 cum
2917 567 3023 633 his,
3057 570 3154 637 qui
3182 569 3422 639 deﬁgunt
3453 587 3662 627 manus.

1977 655 2104 708 Noli
2127 672 2246 709 esse
2295 673 2424 711 cum
2473 656 2583 723 his,
2618 658 2748 723 etc.,
2792 670 2960 725 usque
3006 656 3080 709 ad
3109 672 3223 726 quo
3254 658 3487 712 indutus
3515 660 3667 714 vide-

1974 743 2127 797 baris
2138 743 2166 798 ?

2045 834 2205 888 Vens.
2236 835 2324 888 28.
2361 865 2428 872 —
2484 835 2555 887 Ne
2607 833 3052 901 transgrediaris.
3107 835 3226 888 Non
3276 838 3666 905 transgredia-

1972 922 2049 975 ris
2080 923 2354 976 terminos
2385 921 2687 976 Catholica:
2718 921 2873 985 ﬁdei,
2907 937 3051 990 quos
3082 922 3151 976 ab
3202 923 3365 977 initio
3420 930 3665 980 statuere

1971 1008 2245 1063 doctores.

2041 1097 2197 1149 Vens.
2250 1100 2336 1149 29.
2371 1127 2438 1134 —
2503 1096 2705 1149 Vidisti
2753 1098 2932 1149 virum
2972 1097 3197 1150 relocem
3248 1099 3305 1149 in
3352 1112 3508 1165 opere
3531 1098 3664 1152 suo?

1969 1199 2167 1238 coram.
2189 1184 2598 1253 Quemcunque
2618 1185 2867 1237 velocem
2886 1184 3095 1237 videris
3110 1185 3168 1237 in
3187 1200 3358 1253 opere
3384 1201 3508 1252 suo,
3532 1191 3661 1252 etc.,

1967 1287 2136 1341 usque
2165 1273 2238 1326 ad
2269 1289 2516 1343 quorum
2544 1272 2690 1326 cavit
2720 1288 2972 1325 errorem
3004 1289 3124 1326 esse
3150 1273 3507 1343 ponendum.

2595 1415 2819 1469 CAPUT
2845 1415 3029 1469 XXIII.

2037 1538 2200 1591 Vens.
2246 1541 2292 1591 1.
2334 1567 2403 1576 —-
2461 1538 2685 1603 Quando
2714 1539 2938 1592 sederis.
2994 1538 3311 1607 Allegorice
3350 1539 3659 1610 legendum

1965 1630 2069 1693 est,
2102 1630 2230 1691 etc.,
2262 1641 2431 1696 usque
2450 1626 2524 1679 ad
2556 1626 2704 1679 unde
2720 1627 2864 1679 bene
2888 1627 3221 1697 subjungit:

2036 1716 2194 1769 Vens.
2247 1716 2304 1768 3.
2361 1744 2430 1753 —-
2487 1716 2560 1769 Ne
2599 1714 2886 1779 desideres,
2938 1715 3043 1768 hoc
3100 1719 3201 1781 est,
3259 1731 3327 1769 ne
3375 1715 3659 1769 desideres

1965 1803 2087 1872 ejus
2120 1803 2438 1855 auscultare
2470 1802 2850 1864 sermonibus,
2881 1803 2981 1873 qui
3028 1802 3327 1857 dulcedine
3374 1804 3658 1858 mendacii

1965 1890 2253 1945 auditores
2286 1890 2450 1944 fallit.

2032 1980 2192 2033 Vens.
2246 1979 2299 2032 4.
2366 2008 2437 2018 -υ
2506 1981 2640 2032 Pone
2696 1979 2929 2033 modum.
3001 1980 3079 2032 De
3162 1995 3275 2049 quo
3323 1996 3522 2048 supra:
3580 1981 3659 2036 Ne

1963 2067 2389 2135 transgrediaris
2444 2069 2704 2121 terminos
2759 2070 3011 2135 antiquos
3045 2082 3176 2136 quos
3227 2072 3527 2135 posuerunt
3551 2084 3656 2136 pa-

1961 2160 2087 2222 tres,
2136 2154 2347 2209 scilicet
2393 2154 2668 2207 terminos
2700 2154 2853 2218 ﬁdei,
2894 2158 2951 2208 et
3012 2155 3264 2208 veritatis
3319 2155 3465 2209 data:
3497 2172 3530 2208 a
3555 2173 3656 2226 pa-

1960 2243 2164 2298 tribus.

2030 2332 2188 2384 Vens.
2223 2334 2274 2384 6.
2323 2360 2392 2369 ——
2447 2331 2524 2385 Ne
2563 2329 2825 2395 comedas,
2860 2328 2915 2383 id
2974 2333 3075 2395 est,
3118 2346 3190 2382 ne
3225 2330 3294 2383 de
3351 2330 3654 2401 Scripturis

1958 2435 2088 2473 cum
2120 2417 2387 2472 hmretico
2431 2416 2702 2487 loquaris,
2762 2416 2861 2487 qui
2910 2416 3131 2470 invidet
3158 2417 3426 2470 humanae
3458 2418 3647 2483 saluti,

1959 2508 2174 2561 malens
2197 2505 2455 2575 decipere
2487 2521 2657 2575 quam
2690 2504 2929 2576 corrigi;
2963 2505 3237 2574 quoniam
3268 2504 3413 2558 sicut
3456 2505 3650 2559 hario-

1956 2597 2044 2650 lus
2075 2601 2131 2651 et
2162 2596 2505 2665 conjectator
2535 2593 2910 2659 somniorum,
2970 2593 3234 2658 aestimat,
3294 2610 3423 2663 quae
3482 2593 3648 2663 igno-

1955 2689 2071 2739 rat:
2104 2685 2185 2738 ita
2240 2683 2564 2747 haereticus,
2598 2699 2726 2752 quas
2757 2698 2871 2735 non
2914 2681 3182 2749 intelligit
3232 2681 3291 2734 in
3323 2680 3647 2752 Scripturis,

1956 2777 2017 2826 ut
2046 2772 2183 2826 libet
2213 2771 2661 2841 interpretatur?

2025 2860 2263 2925 Comede,
2297 2864 2403 2914 etc.
2437 2859 2699 2925 Securus,
2751 2857 2957 2928 inquit,
3009 2858 3181 2921 disce,
3218 2874 3347 2928 quae
3393 2857 3541 2927 dico,
3592 2863 3652 2912 et

151 2950 213 2999 nt
243 2951 394 2999 caste
426 2944 732 2998 timeamus
784 2946 993 3011 Deum;
1044 2945 1174 2999 ﬁnis
1205 2946 1478 3000 virtutum
1535 2945 1597 2999 in
1628 2946 1841 3012 futuro,
1876 2939 1915 2994 C
1954 2964 2059 3018 age
2086 2964 2215 3018 quae
2246 2948 2454 3013 doceo;
2484 2962 2615 3000 cum
2660 2946 2720 2999 in
2756 2946 2865 3009 his,
2929 2962 3056 3016 quae
3094 2947 3278 3013 docet,
3325 2945 3443 3016 ipse
3474 2946 3649 3000 tidem

156 3039 219 3088 ut
242 3033 468 3088 divitias
493 3032 785 3103 promissa;
834 3033 1202 3101 haereditatis,
1237 3034 1401 3104 regni
1449 3034 1690 3088 caelestis
1719 3037 1842 3105 glo-

156 3122 325 3187 riam,
361 3126 419 3176 et
446 3120 619 3174 vitam
650 3120 994 3191 recipiamus
1024 3125 1318 3175 aeternam.

227 3212 394 3264 Vens.
436 3212 487 3263 6.
519 3238 588 3249 —
618 3208 967 3262 Proverbium
991 3214 1087 3263 est.
1117 3208 1278 3272 Quod
1301 3209 1477 3263 semel
1509 3214 1595 3263 est
1623 3209 1845 3263 imbuta

153 3313 350 3352 recens
380 3296 628 3351 servabit
677 3297 912 3351 odorem
946 3300 1087 3350 testa
1133 3298 1253 3351 diu.
1304 3299 1368 3351 Et
1416 3298 1608 3351 Graeca
1651 3302 1847 3351 narrat

150 3387 391 3442 historia
433 3385 817 3439 Alexandrum
850 3401 1127 3456 magnum
1157 3390 1215 3439 et
1242 3386 1499 3440 moribus
1545 3391 1600 3439 et
1624 3386 1843 3440 incessu

156 3476 411 3530 Leonidis
458 3473 760 3545 paedagogi
791 3473 879 3526 sui
938 3489 1054 3527 non
1093 3474 1343 3544 potuisse
1376 3489 1591 3541 carere,
1615 3478 1670 3528 et
1696 3475 1847 3529 vitiis

154 3566 362 3637 quibus
387 3579 596 3634 parvus
617 3562 859 3615 infectus
886 3560 1090 3615 fuerat.

238 3656 399 3707 Vens.
435 3656 486 3708 8.
519 3682 589 3692 —-
642 3652 751 3716 Qui
788 3652 1018 3704 seminat
1073 3651 1444 3718 iniquitatem.
1502 3652 1678 3717 Patet,
1712 3652 1849 3723 quia

151 3743 201 3798 is
225 3742 325 3812 qui
356 3742 443 3794 vel
472 3740 644 3794 verbo
683 3739 770 3791 vel
802 3738 1062 3808 exemplo
1089 3737 1252 3791 docet
1272 3737 1656 3809 iniquitatem,
1686 3740 1849 3793 susti-

152 3831 319 3886 nebit
336 3829 661 3883 vindictam.
687 3827 792 3883 Sed
825 3826 959 3897 quia
990 3826 1274 3896 sequitur:

227 3922 298 3974 Et
326 3920 488 3984 virga
526 3919 622 3971 ire
684 3930 817 3970 suae.
878 3914 1039 3967 Illam
1086 3913 1446 3984 iniquitatem
1506 3914 1733 3969 videtur
1763 3914 1847 3967 di-

154 4022 305 4072 cere,
340 4010 470 4072 etc.,
495 4020 662 4072 usque
687 4004 761 4057 ad
791 4003 967 4056 unde:
998 4003 1186 4058 Omnes
1217 4006 1355 4057 enim
1407 4005 1503 4072 qui
1551 4004 1853 4073 acceperint

152 4095 427 4164 gladium,
455 4093 640 4160 gladio
664 4092 918 4161 peribunt
936 4092 1155 4157 (Matth.
1183 4093 1355 4160 xxvr).

1949 3034 2162 3091 certam
2217 3052 2335 3089 non
2375 3035 2602 3100 habeat,
2664 3035 2846 3088 sciens
2905 3050 2963 3087 se
3010 3034 3259 3100 ﬁnxisse,
3300 3050 3429 3105 quae
3462 3035 3646 3088 docet.

2018 3126 2183 3183 Vens.
2218 3126 2268 3178 8.
2305 3155 2371 3162 —
2414 3123 2567 3178 Cibos
2617 3138 2747 3191 quos
2796 3122 3114 3177 comederas.
3161 3123 3369 3177 Sensus
3424 3137 3649 3192 perver-

1950 3230 2058 3275 sos,
2117 3229 2259 3283 quos
2289 3212 2358 3265 ab
2388 3210 2670 3265 haereticis
2701 3210 2983 3265 didiceras
3038 3226 3264 3263 necesse
3316 3214 3420 3276 est,
3455 3215 3517 3263 ut
3556 3211 3645 3264 vel

1951 3317 2052 3372 per
2072 3299 2468 3371 paenitentiam
2525 3298 2896 3369 corrigendus
2949 3297 3191 3365 deseras,
3253 3298 3340 3351 vel
3398 3314 3502 3369 pro
3558 3297 3646 3351 his

1950 3394 2078 3461 post
2107 3394 2351 3444 mortem
2380 3404 2577 3458 poenas
2628 3386 2930 3453 sustineas,
2988 3387 3307 3458 perdasque
3355 3403 3645 3440 sermones

1951 3477 2343 3543 confessionis,
2408 3477 2615 3547 quibus
2683 3475 2764 3530 eis
2835 3475 3278 3546 praedicantibus
3352 3475 3648 3529 humiliter

1951 3567 2255 3622 favendum
2286 3581 2405 3620 esse
2433 3569 2752 3635 putaveras.

2023 3655 2194 3707 Vens.
2228 3657 2276 3707 9.
2328 3682 2397 3692 —-
2426 3655 2489 3707 In
2539 3653 2782 3707 auribus.
2816 3654 2994 3710 Nolite
3023 3658 3267 3707 sanctum
3323 3652 3455 3705 dare
3502 3653 3648 3705 canis-

1956 3741 2070 3803 bus,
2105 3756 2273 3808 neque
2324 3742 2514 3794 mittas
2551 3742 2884 3805 margaritas
2938 3746 3063 3793 ante
3107 3754 3318 3808 porcos.
3356 3739 3510 3793 Sicut
3547 3739 3646 3791 ad-

1955 3829 2203 3895 monuit,
2236 3842 2307 3881 ne
2357 3826 2757 3880 haereticorum
2814 3827 3089 3880 doctrinis
3147 3826 3531 3879 auscultares:
3568 3825 3648 3879 ita

1956 3932 2128 3982 nunc,
2177 3931 2247 3969 ne
2306 3930 2498 3968 amore
2550 3930 2710 3967 vanae
2768 3914 2963 3981 gloriae
3001 3913 3266 3966 seductus
3333 3912 3646 3967 immundis

1956 4003 2286 4059 hominibus
2306 4002 2515 4073 passim
2540 4017 2745 4055 arcana
2765 4001 3016 4055 veritatis
3038 4002 3292 4070 ingeras.

2032 4093 2198 4145 Vens.
2244 4090 2325 4144 l0.
2381 4119 2448 4128 —-
2478 4091 2552 4144 Ne
2603 4091 2865 4155 attingas,
2900 4092 3005 4142 etc.
3057 4087 3453 4158 Propinquum
3513 4103 3645 4158 par-

228 4184 389 4236 Vens.
418 4183 501 4235 13.
531 4212 598 4220 -
627 4183 777 4235 Dicet
800 4179 981 4249 piger,
1024 4180 1094 4233 ad
1116 4180 1265 4234 bona
1294 4195 1485 4250 opera,
1520 4183 1648 4241 etc.,
1683 4193 1852 4249 usque
1879 4217 1922 4270 Β
1961 4180 2225 4234 vulorum
2255 4182 2312 4232 et
2338 4178 2693 4248 pupillorum
2725 4176 3035 4231 Dominum
3081 4177 3350 4248 appellat,
3381 4181 3491 4230 etc.
3511 4219 3525 4243 ,
3561 4191 3649 4230 us-

154 4271 230 4326 ad
251 4275 369 4335 aut,
403 4269 550 4323 sicut
574 4269 712 4322 alios
744 4268 950 4338 justos,
981 4273 1279 4322 consumat
1302 4269 1618 4324 tormentis.

228 4359 397 4413 Vens.
443 4360 524 4412 16.
558 4387 626 4396 -
677 4358 786 4423 Qui
837 4358 1223 4411 calumniatur.
1276 4357 1526 4422 Constat,
1584 4355 1720 4428 quia
1751 4371 1848 4410 ra—

153 4463 345 4519 paces,
380 4451 436 4500 et
494 4461 623 4517 quae
678 4445 1030 4516 pauperibus
1079 4445 1356 4508 auferunt,
1418 4450 1473 4499 et
1529 4461 1657 4516 quae
1697 4445 1849 4515 juste

154 4536 504 4592 videbantur
541 4534 857 4604 possidere,
900 4533 1168 4604 perdunt,
1202 4550 1331 4593 cum
1363 4534 1424 4588 in
1470 4533 1689 4604 judicio
1746 4550 1849 4604 pro

155 4626 273 4694 his,
296 4640 426 4694 qua:
458 4627 781 4695 gesserunt,
805 4638 1001 4692 poenas
1029 4621 1333 4693 recipiunt.

230 4714 350 4767 Fili
376 4716 472 4778 mi,
521 4714 820 4782 Hucusque
852 4711 1051 4765 titulus
1083 4710 1486 4780 parabolarum
1529 4708 1852 4765 Salomonis

156 4801 262 4873 qui
291 4817 463 4872 supra
490 4799 732 4870 positus,
781 4804 910 4865 etc.,
956 4814 1124 4868 usque
1179 4800 1253 4853 ad
1297 4804 1354 4853 et
1408 4815 1503 4853 cor
1563 4813 1852 4869 apponere

156 4891 232 4945 ad
277 4889 717 4960 intelligendum
743 4905 873 4961 qna:
930 4888 1214 4959 sapientes
1263 4889 1595 4960 loquantur,
1648 4886 1851 4959 praeci-

160 4979 305 5051 piat.

230 5068 397 5120 Vens.
455 5068 543 5121 24.
605 5096 673 5105 —
726 5068 850 5123 Noli
894 5081 1004 5121 esse
1061 5068 1285 5121 amicus.
1355 5064 1705 5121 Generaliter
1753 5081 1852 5118 au-

152 5162 295 5218 tem,
333 5160 464 5223 etc.,
496 5171 664 5225 usque
684 5156 757 5210 ad
786 5155 1064 5226 incipiant
1092 5155 1326 5209 imitari.

229 5246 453 5299 Homini
497 5244 781 5307 iracundo,
837 5260 1005 5314 neque
1033 5243 1272 5299 ambules
1319 5260 1438 5297 cum
1489 5244 1627 5297 viro.
1681 5241 1854 5297 Cuili-

152 5336 277 5398 bet,
305 5332 589 5403 praecipue
645 5333 863 5397 Judazo,
912 5332 1012 5403 qui
1053 5338 1250 5387 contra
1297 5332 1583 5389 Christum
1629 5334 1686 5384 et
1736 5330 1857 5399 ejus

155 5422 476 5493 discipulos
521 5438 728 5475 vesana
784 5426 976 5475 mente
1023 5422 1363 5487 furebant,a
1413 5434 1658 5490 quorum
1713 5417 1855 5472 ami-

155 5512 296 5568 citia
356 5510 756 5581 prohibentur,
816 5510 912 5580 qui
979 5509 1182 5564 salvari
1232 5513 1463 5564 curant:
1527 5524 1596 5561 ne
1655 5523 1855 5563 eorum

1964 4284 2065 4337 que
2118 4266 2193 4320 ad
2248 4265 2347 4336 qui
2391 4264 2881 4319 conversationem
2930 4280 3131 4319 eorum
3182 4265 3390 4319 bonam
3422 4263 3646 4334 inquie-

1955 4355 2126 4411 tando
2150 4353 2378 4420 laeserit,
2406 4353 2691 4423 judicium
2725 4352 2950 4407 Domini
2973 4368 3092 4407 non
3119 4352 3327 4406 evadit.

2030 4445 2192 4499 Vens.
2244 4446 2333 4497 17.
2388 4472 2457 4481 —
2503 4443 2635 4497 Non
2676 4444 2953 4501 aemuletur
3007 4458 3096 4496 cor
3141 4447 3291 4496 tuum
3326 4444 3645 4506 peccatores.

1957 4533 2014 4588 Si
2070 4536 2187 4586 tota
2233 4530 2345 4593 die,
2405 4535 2535 4597 etc.,
2586 4546 2758 4599 usque
2820 4531 2893 4583 ad
2946 4530 3093 4583 unde
3159 4529 3218 4582 in
3266 4527 3644 4598 Apocalypsi:

1962 4624 2085 4676 Esto
2127 4620 2303 4689 ﬁdelis
2355 4635 2523 4688 usque
2564 4619 2639 4673 ad
2682 4622 2923 4685 mortem,
2975 4622 3025 4672 et
3054 4618 3192 4671 dabo
3247 4615 3349 4671 tibi
3403 4630 3651 4669 coronam

1956 4714 2080 4763 vitae
2101 4708 2297 4779 (Apoc.
2333 4707 2415 4777 ιι).

2032 4798 2206 4852 Vens.
2258 4798 2348 4851 20.
2408 4824 2481 4836 —
2530 4796 2657 4850 Noli
2702 4810 2812 4848 esse
2858 4796 2918 4847 in
2977 4795 3237 4847 conviviis
3287 4797 3647 4862 peccatorum.

1960 4888 2169 4942 Carnes
2190 4884 2259 4939 ad
2290 4884 2629 4939 vescendum
2652 4883 2929 4950 conferre,
2962 4887 3047 4937 est
3070 4882 3129 4935 in
3161 4881 3541 4936 collocutione
3560 4880 3653 4933 de-

1959 4973 2272 5044 rogationis
2304 4972 2547 5027 vicissim
2575 4972 2711 5025 vitia
2751 4972 3143 5042 proximorum
3173 4970 3386 5024 dicere:
3420 4969 3489 5023 de
3519 4984 3653 5038 quo-

1960 5079 2089 5116 rum
2116 5078 2284 5132 poena
2333 5077 2461 5115 mox
2520 5060 2810 5113 subditur:
2853 5060 2993 5124 Quia
3043 5063 3239 5113 vacant
3276 5059 3509 5127 potibus,
3545 5061 3648 5110 etc.

2034 5154 2238 5206 Dantes
2323 5151 2564 5219 symbola
2620 5154 3011 5205 consumentur.
3072 5147 3428 5218 Symbolum,
3480 5146 3654 5201 colla-

1961 5240 2065 5305 tio,
2099 5244 2227 5305 etc.,
2259 5254 2427 5308 usque
2446 5238 2519 5291 ad
2539 5237 2904 5291 detractionis
2923 5252 3040 5290 suae
3070 5237 3314 5304 languor
3339 5233 3652 5303 occupavit.

2034 5330 2204 5383 Vens.
2263 5331 2353 5381 29.
2404 5359 2471 5367 ——
2524 5328 2621 5383 Cui
2671 5342 2770 5393 υω,
2800 5326 2975 5395 cujus.
3028 5323 3243 5388 Qmerit
3289 5323 3652 5391 disputando,

1967 5422 2099 5486 etc.,
2126 5432 2294 5485 usque
2338 5417 2411 5470 ad
2458 5416 2527 5470 de
2574 5432 2687 5486 quo
2741 5413 2990 5470 Iudaeis:
3044 5415 3145 5469 Vos
3203 5428 3271 5466 ea:
3324 5417 3482 5482 patre
3530 5411 3655 5464 dia-

1968 5508 2082 5562 bolo
2114 5508 2241 5561 estis
2270 5504 2445 5572 (Joan.
2470 5504 2608 5572 νιιι).
