4020 6184
350 301 484 355 1107

974 297 1368 353 “'ALAFRIDI
1405 295 1655 352 STRABI
1698 299 1897 354 FULD.
1942 300 2058 354 MO!

2240 300 2291 354 P.
2337 299 2530 354 PARS.
2577 299 2618 353 Ι.
2662 327 2731 338 -
2768 296 3207 354 TIIEOLOGICA

3715 303 3832 353 1108

417 422 516 479 Cui
541 420 720 478 rima?
749 423 836 476 cui
880 422 1086 488 foveae?
1114 422 1288 482 Bimae,
1341 420 1477 492 quia
1517 421 1879 476 concordiam
1920 438 2033 475 non
2066 425 2112 477 A
2219 421 2380 477 Vens.
2411 425 2499 476 2t.
2539 450 2602 462 —
2661 422 2808 476 Time
2839 420 3152 483 Dominum,
3212 420 3296 488 ﬁli
3351 422 3445 473 mi.
3505 421 3690 474 Potest
3747 437 3838 490 per

347 515 551 574 servat,
581 514 711 575 etc.,
759 525 928 578 usque
953 508 1027 562 ad
1079 513 1135 562 et
1189 508 1500 578 szepissime
1549 509 1607 562 in
1652 509 1873 563 foveam
1905 508 2042 562 inci-

350 597 455 664 dit,
497 598 564 652 de
591 585 748 668 quaz'
777 599 951 652 Fovea
977 599 1118 651 enim
1163 597 1446 666 profunda
1495 602 1571 651 est
1604 601 1881 664 meretrix,
1931 603 2037 651 etc.

422 687 532 738 Cui
581 687 695 738 sine
740 699 906 738 causa
954 685 1220 737 vulnera?
1266 684 1401 754 quia
1459 684 1624 737 multi
1663 684 1833 738 nimis
1863 685 2045 755 potati

349 774 582 826 vulnera
615 787 719 840 per
765 776 1054 825 tumorem
1103 775 1466 841 acceperunt,
1525 788 1653 843 quas
1702 774 1863 828 nulla
1907 773 2045 827 ferri

351 875 519 913 causa
543 858 929 928 pertulerunt.

419 948 519 1003 Cui
566 946 816 1014 suﬂ'ossio
873 947 1196 1000 oculorum?
1261 947 1397 1018 quia
1452 946 1863 1002 immoderatus
1909 949 2048 1003 hau-

349 1040 471 1090 stus
490 1035 630 1104 vini,
682 1040 740 1089 et
769 1034 1062 1089 exterioris
1093 1040 1149 1089 et
1178 1035 1466 1090 interioris
1509 1036 1660 1090 visus
1698 1036 1910 1109 ingerit
1938 1055 2047 1094 cae-

349 1123 576 1177 citatem
588 1165 599 1176 .

423 1211 582 1264 Vens.
620 1213 706 1264 30.
764 1211 978 1265 —Non
1033 1211 1136 1264 his.
1208 1211 1330 1264 Non
1383 1215 1533 1265 vetat
1596 1211 1788 1266 bibere
1851 1212 2049 1266 vinum

351 1297 421 1352 ad
452 1298 870 1364 necessitatem,
909 1299 1004 1352 sed
1035 1299 1246 1352 morari
1273 1305 1428 1352 extra
1477 1304 1705 1370 tempus
1735 1305 1791 1354 et
1831 1301 2049 1355 utilita-

353 1391 471 1441 tem
520 1386 580 1440 in
634 1386 790 1454 vino,
851 1393 908 1441 et
957 1387 1300 1441 evacuandis
1330 1393 1546 1442 certare
1578 1389 1870 1454 calicibus,
1904 1389 2052 1443 unde

353 1473 559 1529 Isaias:
595 1476 687 1530 Vw
732 1477 829 1544 qui
870 1481 1108 1544 potentes
1151 1478 1282 1529 estis
1323 1476 1398 1530 ad
1430 1477 1718 1530 bibendum
1762 1479 1970 1543 vinum,
2005 1481 2055 1530 et

353 1564 466 1616 viri
490 1565 660 1630 fortes
690 1563 764 1616 ad
793 1565 1120 1618 miscendam
1152 1565 1461 1618 ebrietatem
1493 1566 1628 1633 (Isa.
1662 1568 1742 1633 v).

428 1652 590 1706 Vens.
641 1653 728 1706 33.
799 1681 872 1694 —
918 1653 1070 1708 Oculi
1114 1655 1197 1707 tui
1257 1653 1542 1709 videbunt.
1596 1655 1746 1706 Pene
1795 1654 2054 1707 naturale

357 1737 560 1792 vitium
609 1743 692 1793 est
749 1744 873 1809 post.
917 1740 1048 1792 vina
1098 1739 1157 1792 in
1221 1740 1388 1792 corde
1443 1739 1747 1794 mulierem
1794 1741 2056 1810 concupi-

356 1843 532 1890 scere,
563 1826 872 1880 comitante
903 1827 1076 1880 etiam
1099 1827 1457 1897 turpitudine
1485 1828 1810 1884 verborum.

429 1915 596 1968 Vens.
658 1916 743 1968 34.
789 1944 859 1954 -—
910 1917 977 1968 Et
1034 1917 1146 1968 eris
1192 1918 1334 1969 sicut
1385 1915 1679 1972 dormiens.
1762 1918 1824 1971 In
1868 1917 2056 1972 medio

364 2003 510 2057 mari
540 2002 852 2070 dormiunt,
899 2008 1030 2069 etc.,
1060 2018 1228 2072 usque
1271 2003 1349 2058 ad
1378 2004 1627 2058 studium
1656 2005 2057 2061 sollicitudinis

334 2090 571 2171 ,perdit.
1372 2077 1378 2081 ’

437 2179 595 2233 Vens.
622 2180 709 2233 35.
759 2208 827 2220 —
872 2180 1298 2235 Verberaverunt
1349 2197 1450 2236 me.
1501 2181 1618 2236 Vox
1667 2183 1921 2254 percussi
1974 2190 2061 2240 est

364 2271 423 2321 et
447 2265 809 2336 dormientis,
853 2273 982 2334 etc.,
1038 2283 1207 2337 usque
1244 2270 1319 2324 ad
1369 2275 1431 2324 ut
1478 2286 1706 2342 semper
1752 2273 2060 2346 voluptati-

365 2353 470 2408 bus
489 2354 798 2409 debrietur.

989 2497 1214 2551 CAPUT
1262 2497 1436 2552 XXIV.

437 2617 600 2672 Vens.
654 2621 704 2672 l.
757 2646 826 2658 --
883 2619 961 2674 Ne
1011 2620 1297 2674 emulcris.
1362 2621 1442 2674 Ne
1500 2621 1785 2676 desideres
1843 2623 2060 2680 imitari

364 2721 509 2776 quos
530 2704 820 2775 praedictis
860 2705 1010 2759 vitiis
1037 2705 1244 2759 videris
1275 2705 1587 2778 implicari;
1641 2711 1737 2765 sed
1767 2712 2061 2782 sapientia:

363 2809 600 2864 operam
636 2793 771 2846 dare.
812 2799 1030 2860 curato,
1088 2794 1236 2848 unde
1272 2795 1496 2850 subdit:
1555 2798 1840 2868 Sapientia
1888 2802 2060 2871 aedi/i-

362 2882 578 2936 cabitur
605 2881 822 2935 domus.

2153 510 2458 564 Dominum
2482 514 2538 564 et
2561 525 2773 580 regem,
2804 510 2970 562 Pater
3006 503 3085 561 et'
3112 507 3286 561 Filius
3313 506 3579 577 intelligi,
3619 508 3719 578 qui
3751 525 3838 562 eo-

2151 598 2282 652 dem
2323 598 2636 652 divinitatis
2674 597 2892 650 honore
2924 595 3146 649 colendi
3204 600 3364 648 sunt:
3393 596 3503 660 Qui
3549 599 3691 648 enim
3745 613 3842 651 non

2151 687 2475 744 honoroﬁcat
2524 687 2749 750 Filium,
2780 700 2886 738 non
2916 685 3242 752 honoroficat
3299 684 3533 752 Patrem,
3567 686 3668 752 qui
3696 686 3838 738 misit

2151 777 2328 839 illum,
2361 779 2466 828 etc.
2493 775 2675 840 (Joan.
2713 775 2817 841 ιιι).

2226 864 2366 916 Cum
2421 861 2832 914 detractoribus.
2881 860 3023 913 Cum
3068 859 3180 912 illis
3240 858 3473 923 scilicet,
3511 864 3646 926 etc.,
3689 875 3844 928 usque

2154 951 2230 1006 ad
2251 956 2307 1004 et
2337 947 2779 1002 auscultantium
2805 949 2916 1001 illis
2944 947 3290 1000 auditorum.

2230 1039 2388 1092 Vens.
2421 1040 2506 1091 23.
2539 1067 2607 1076 ——
2649 1038 2771 1091 Haec
2817 1051 3026 1104 quoque
3076 1035 3434 1103 sapientibus.
3480 1035 3726 1099 Quando
3755 1052 3843 1090 re-

2157 1126 2368 1197 probus
2390 1125 2518 1196 quis
2551 1124 2850 1194 repentino
2873 1123 3109 1176 interitu
3142 1124 3360 1192 rapitur
3386 1139 3418 1176 a
3455 1124 3694 1186 saeculo,
3724 1129 3846 1191 etc.,

2159 1229 2327 1282 usque
2371 1213 2446 1267 ad
2477 1214 2562 1267 vel
2594 1212 2795 1266 timore
2861 1227 3156 1282 nunquam
3188 1227 3221 1264 a
3274 1211 3362 1264 via
3410 1212 3670 1265 veritatis
3699 1227 3850 1265 rece-

2163 1302 2350 1356 datur.

2234 1387 2394 1442 Vens.
2444 1389 2532 1442 26.
2571 1417 2640 1426 --
2689 1387 2861 1442 Labia
2905 1385 3321 1441 deosculabitur.
3383 1386 3654 1441 Osculum
3709 1386 3853 1457 pacis

2164 1481 2222 1530 et
2249 1475 2458 1530 amoris
2478 1476 2708 1546 signum
2755 1480 2859 1540 est,
2889 1479 3017 1542 etc.,
3051 1490 3220 1543 usque
3257 1475 3332 1528 ad
3360 1475 3420 1529 in
3475 1475 3692 1529 melius
3729 1491 3853 1528 con-

2164 1579 2377 1618 versos.

2235 1653 2396 1706 Vens.
2441 1655 2530 1707 27.
2589 1681 2658 1693 —
2717 1654 2992 1722 Praepara.
3051 1653 3375 1724 Prwparato
3434 1667 3612 1722 opere
3661 1668 3855 1723 agrum

2167 1741 2472 1811 diligenter
2515 1756 2796 1808 exercere,
2830 1746 2961 1806 etc.,
2995 1755 3164 1810 usque
3208 1741 3282 1794 ad
3329 1741 3482 1794 intus
3537 1744 3664 1794 tota
3693 1741 3859 1793 virtu-

2165 1833 2291 1883 tum
2321 1828 2534 1882 fabrica
2560 1829 2707 1882 fame
2732 1828 2869 1883 boni
2900 1833 3185 1883 crescente
3217 1829 3569 1883 destruatur.

2239 1917 2396 1970 Vens.
2437 1917 2522 1971 30.
2559 1945 2626 1956 —-
2656 1919 2755 1970 Per
2787 1932 2980 1984 agrum
3002 1917 3234 1970 hominis
3278 1918 3431 1986 pigri
3469 1919 3726 1982 transivi,
3756 1919 3855 1968 etc.

2168 2005 2274 2060 Per
2303 2018 2506 2074 agrum
2556 2004 2901 2075 vineamque
2954 2005 3103 2074 pigri
3137 2020 3199 2059 ac
3230 2005 3387 2059 stulti
3434 2005 3707 2071 transire,
3736 2009 3856 2067 etc.,

2166 2109 2336 2164 usque
2365 2093 2440 2148 ad
2490 2093 2579 2148 vel
2608 2093 2820 2148 diaboli
2863 2093 3230 2164 persuasione
3261 2093 3506 2165 quisque
3561 2092 3858 2163 negligens

2169 2182 2385 2254 perdit.

2807 2253 3030 2308 CAPUT
3062 2253 3218 2307 XXV.

2241 2356 2402 2410 Vens.
2451 2386 2520 2396 —
2580 2359 2673 2410 Hae
2721 2372 2930 2425 quoque
2979 2358 3273 2427 parabolz.
3341 2357 3483 2412 Hinc
3538 2372 3694 2410 novo
3771 2371 3855 2409 or-

2171 2445 2302 2500 dine
2332 2443 2491 2515 loqui
2523 2444 2744 2516 iucipit,
2777 2450 2906 2511 etc.,
2955 2461 3123 2514 usque
3151 2445 3226 2499 ad
3255 2445 3468 2499 scilicet
3499 2461 3633 2517 quae
3663 2443 3854 2515 ﬁguris

2171 2539 2319 2604 aptae
2351 2533 2640 2587 videntur.

2247 2622 2402 2674 Vens.
2437 2624 2488 2674 2.
2523 2651 2590 2660 —-
2619 2619 2806 2678 Gloria
2835 2623 2946 2675 Dei.
3003 2621 3190 2675 Gloria
3224 2620 3468 2687 Domini,
3532 2624 3672 2688 etc.,
3701 2633 3863 2688 usque

2172 2709 2247 2764 ad
2277 2709 2428 2764 unde
2458 2725 2516 2763 se
2573 2709 2754 2780 magis
2783 2709 2962 2762 tilium
3025 2709 3274 2763 hominis
3303 2725 3476 2780 quam
3508 2708 3721 2762 Filium
3768 2707 3862 2762 Dei

2174 2799 2444 2869 appeHaL

2245 2887 2597 2954 [nvestigare
2652 2885 3011 2954 Sermonem,
3059 2891 3190 2952 etc.,
3223 2901 3392 2956 usque
3419 2885 3494 2939 ad
3542 2902 3680 2940 nam
3715 2884 3862 2939 illico

436 2969 597 3022 Vens.
626 2969 678 3022 4.
706 2998 776 3008 -
814 2970 912 3023 Vir
940 2971 1176 3038 sapiens.
1211 2971 1336 3024 Non
1380 2972 1568 3026 omnis
1599 2974 1758 3029 fortis
1811 2976 2059 3047 sapiens,
2095 2976 2134 3031 C
2172 2975 2416 3029 audivit:
2449 2977 2643 3028 Beatus
2669 2989 2721 3028 es
2747 2975 2942 3028 Simon
2973 2975 3234 3042 Barjona,
3264 2979 3395 3042 quia
3427 2990 3573 3041 caro,
3613 2979 3723 3028 etc.

366 3055 466 3110 sed
493 3071 522 3109 e
548 3071 850 3110 converso:
882 3056 1016 3127 quia
1047 3057 1155 3111 etsi
1201 3073 1442 3129 corpore
1479 3060 1682 3116 debilis
1710 3067 1815 3128 est,
1861 3064 1908 3118 si
1959 3065 2063 3120 ad-

365 3143 438 3197 sit
463 3143 764 3213 sapientia,
808 3145 1046 3199 omnino
1093 3145 1282 3214 fortis,
1334 3147 1658 3217 adversarii,
1691 3150 1748 3206 id
1805 3158 1889 3206 est
1943 3153 2063 3208 dia-

366 3229 504 3294 boli,
535 3230 848 3285 certamina
877 3231 1071 3286 vincit.

439 3317 595 3372 Vens.
626 3322 776 3371 7.—-
812 3321 1040 3374 Emcelsa
1090 3323 1273 3376 stulto.
1343 3323 1465 3376 Non
1528 3329 1708 3394 potest
1765 3327 1970 3381 stultus
1995 3329 2063 3384 ad

367 3403 707 3474 sapientiam
738 3406 1062 3474 ascendere,
1113 3409 1249 3479 quia
1301 3409 1355 3462 in
1413 3410 1624 3464 intimis
1672 3413 1942 3468 vitiorum
1968 3415 2060 3484 ja-

369 3497 489 3557 cet;
522 3491 659 3561 quia
705 3491 810 3544 etsi
839 3492 898 3544 iu
947 3497 1213 3563 praesenti
1244 3513 1304 3549 se
1346 3498 1565 3569 aliquid
1622 3516 1821 3570 sapere
1880 3506 2062 3572 putat,

371 3577 430 3631 in
455 3583 639 3647 porta,
672 3579 726 3633 id
759 3583 844 3634 est
870 3579 930 3634 in
987 3584 1145 3638 exitu
1195 3585 1365 3656 hujus
1395 3587 1541 3652 vitae,
1603 3587 1745 3642 nihil
1776 3589 1946 3643 fuisse
1975 3591 2063 3644 in-

371 3665 579 3720 veniet.

444 3753 604 3807 Vens.
644 3756 694 3809 8.
719 3785 789 3796 —
820 3757 928 3821 Qui
953 3761 1171 3826 cogitat.
1214 3761 1431 3830 Aperit,
1481 3777 1652 3832 quem
1694 3766 1932 3819 stultum
1979 3767 2064 3820 di-

373 3847 487 3895 cat:
525 3858 642 3896 non
693 3843 925 3915 ingenio
972 3847 1221 3916 tardum,
1280 3849 1377 3902 sed
1438 3866 1571 3905 eum
1622 3852 1722 3922 qui
1778 3854 1862 3907 vel
1915 3855 2067 3925 cogi-

374 3931 546 3984 tando
577 3939 801 4001 peccat.

446 4018 605 4071 Vens.
643 4022 724 4074 10.
767 4051 834 4060 -
892 4023 955 4078 Si
1003 4023 1391 4092 desperaveris.
1452 4025 1604 4080 Nihil
1661 4029 2066 4084 exsecrabilius

374 4107 800 4177 desperatione:
835 4125 1005 4180 quam
1056 4111 1155 4182 qui
1188 4113 1468 4180 habuerit,
1498 4118 1556 4168 et
1605 4115 1666 4168 in
1704 4117 2066 4186 generalibus

374 4195 545 4264 hujus
569 4195 694 4249 vitae
722 4197 1034 4266 laboribus,
1085 4205 1142 4253 et
1168 4201 1322 4270 quod
1357 4203 1519 4272 pejus
1541 4206 1646 4265 est,
1694 4202 1754 4257 iu
1785 4203 1920 4258 ﬁdei
1951 4221 2065 4259 cer-

373 4282 610 4345 tamine,
664 4285 1038 4338 constantiam
1071 4287 1273 4356 perdit.

448 4371 607 4424 Vens.
646 4374 728 4424 lt.
771 4401 841 4410 —-
879 4374 1049 4426 Erues
1077 4388 1180 4427 eos.
1215 4375 1362 4428 Erue
1394 4390 1491 4428 eos
1540 4376 1638 4447 qui
1669 4378 1740 4432 ab
1783 4379 2064 4435 haereticis

373 4456 757 4528 decipiuntur,
808 4464 949 4528 etc.,
981 4476 1151 4529 usque
1205 4462 1279 4516 ad
1307 4463 1355 4516 si
1388 4465 1582 4534 algore
1640 4467 1935 4536 perituros,
1988 4468 2062 4522 vi-

374 4547 512 4607 ctus,
551 4552 703 4600 veste
734 4563 946 4601 recrea.

445 4635 608 4688 Vens.
673 4637 758 4689 t3.
827 4665 894 4676 -
927 4637 1173 4703 Comede,
1205 4637 1294 4708 ﬁli
1312 4641 1408 4694 mi.
1462 4641 1611 4695 Metti
1667 4647 1722 4696 et
1757 4643 1882 4697 favo
1914 4659 2064 4699 com-

371 4727 534 4791 parat
563 4723 880 4778 doctrinam
911 4725 1228 4796 sapientiaa,
1283 4733 1413 4792 etc.,
1467 4745 1637 4800 usque
1686 4731 1761 4785 ad
1817 4736 1873 4786 et
1906 4748 2064 4787 mora

369 4809 702 4879 percipitur.

439 4898 600 4953 Vens.
661 4902 738 4952 l5.
801 4929 868 4940 --
913 4903 992 4958 Nc
1045 4903 1344 4959 insidieris.
1398 4906 1476 4960 Ne
1540 4922 1765 4977 quaeras
1809 4909 2062 4965 occasio-

368 5001 520 5053 nem,
557 4992 681 5052 etc.,
712 5003 881 5058 usque
896 4990 969 5043 ad
994 4991 1142 5046 unde
1171 4993 1493 5064 subjuugit:

445 5075 597 5129 Vens.
634 5078 716 5129 l6.
750 5105 819 5116 -
851 5079 1054 5147 Septies
1098 5083 1237 5134 enim
1288 5082 1459 5136 cadet.
1511 5084 1700 5136 Justus
1727 5083 1956 5148 dicitur,
2005 5092 2062 5140 et

366 5162 585 5228 cadere,
621 5168 752 5226 etc.,
800 5181 968 5234 usque
999 5167 1072 5220 ad
1103 5168 1182 5222 sic
1219 5177 1447 5239 peccato
1471 5171 1788 5226 assentiuut
1835 5181 1898 5227 ut
1945 5191 2058 5228 non

365 5250 698 5318 poeniteant.

437 5337 595 5391 Vens.
631 5343 714 5393 l7.
751 5369 820 5379 —
871 5341 1002 5395 Cum
1045 5343 1296 5398 ceciderit
1359 5347 1613 5400 inimicus
1667 5353 1807 5402 tuus.
1876 5348 2056 5419 Supra

355 5423 542 5493 justos
565 5425 802 5481 insidias
841 5430 1036 5496 vetuit,
1070 5438 1203 5496 etc.,
1237 5448 1403 5502 usque
1430 5435 1504 5487 ad
1533 5453 1602 5487 uc
1648 5441 1700 5489 te
1732 5436 1966 5492 cadente
1993 5439 2056 5492 in

359 5517 612 5581 peccato,
639 5513 732 5569 ille
760 5516 1096 5586 resipiscens
1125 5525 1378 5578 sanetur.

2243 3063 2400 3116 Vens.
2444 3063 2495 3115 3.
2520 3089 2592 3102 --
2627 3062 2822 3117 Caelum
2851 3076 3064 3115 sursum
3111 3066 3162 3115 et
3211 3066 3358 3115 terra
3387 3061 3660 3115 deorsum.
3714 3059 3865 3114 Sicut

2172 3151 2412 3205 altitudo
2463 3149 2590 3204 οωιί
2661 3153 2717 3203 et
2776 3149 3130 3218 profunditas
3198 3155 3362 3203 terra:
3417 3149 3487 3203 ab
3537 3149 3871 3202 hominibus

2173 3239 2306 3294 sciri
2331 3255 2444 3292 non
2476 3243 2686 3308 potest,
2724 3237 2802 3292 ita
2829 3238 3064 3292 scientia
3103 3240 3496 3308 apostolorum
3523 3241 3579 3290 et
3621 3237 3868 3308 prophe-

2175 3333 2380 3387 tarum,
2415 3326 2515 3396 qui
2569 3341 2774 3379 arcana
2831 3326 3152 3380 Divinitatis
3200 3326 3408 3396 spiritu
3452 3327 3749 3380 revelante
3779 3341 3868 3380 co-

2173 3419 2515 3486 gnoverunt,
2540 3419 2792 3467 nostram
2820 3414 3185 3484 fragilitatem
3209 3413 3581 3468 transcendit.

2248 3504 2405 3556 Vens.
2423 3505 2474 3555 5.
2490 3503 3111 3573 —Auferimpietatem.
3145 3502 3319 3557 Aufer
3341 3502 3725 3573 impietatem,
3741 3508 3868 3567 etc.,

2174 3608 2342 3661 usque
2392 3591 2466 3644 ad
2511 3607 2582 3644 ne
2611 3607 2716 3662 per
2767 3591 3150 3662 arrogantiam
3194 3591 3379 3662 rigidi,
3439 3590 3624 3662 plebis
3673 3591 3866 3645 odium

2175 3677 2487 3732 incurrant.

2246 3767 2407 3820 Vens.
2441 3769 2496 3820 6.
2557 3798 2625 3806 —
2655 3769 2730 3824 Ne
2757 3767 3023 3836 gloriosus
3071 3783 3366 3838 apparear.
3413 3769 3572 3823 Sicut
3604 3768 3869 3839 superius

2175 3856 2498 3925 praelatum,
2533 3861 2662 3922 etc.,
2696 3872 2865 3926 usque
2889 3856 2963 3909 ad
2991 3857 3171 3910 unde:
3227 3857 3618 3911 Humiliamini
3648 3859 3752 3911 sub
3779 3872 3870 3926 po-

2177 3946 2310 3997 tenti
2338 3960 2502 3997 manu
2557 3945 2684 4012 Dei,
2731 3951 2792 3998 ut
2819 3945 3018 3999 exultet
3043 3959 3133 4000 vos
3155 3948 3214 3999 in
3260 3955 3494 4014 tempore
3533 3947 3873 4000 uisitationis

2175 4032 2233 4100 (Ι
2260 4033 2400 4084 Petr.
2429 4031 2528 4100 ιιι).

2246 4119 2405 4172 Vens.
2441 4123 2524 4172 tl.
2578 4149 2646 4158 —
2703 4120 2853 4174 Mala
2881 4135 3066 4174 aurea.
3100 4119 3268 4174 Sacra
3298 4119 3547 4190 eloquia,
3592 4125 3685 4174 etc
3729 4160 3745 4186 ,
3781 4134 3865 4173 us-

2175 4223 2276 4278 que
2301 4207 2375 4260 ad
2401 4213 2616 4261 remoto
2648 4207 2851 4262 litterze
2883 4209 3164 4262 velamine
3201 4208 3419 4279 pandit.

2246 4297 2406 4349 Vens.
2454 4298 2535 4349 12.
2578 4326 2646 4335 -
2691 4298 2910 4351 Inauris
2940 4313 3108 4351 aurea
3157 4299 3589 4364 margaritarum
3628 4297 3865 4365 fulgens.

2175 4386 2344 4439 Recte
2375 4383 2608 4437 humilis
2639 4385 2882 4453 auditor,
2936 4391 3066 4449 etc.,
3100 4400 3270 4454 usque
3319 4385 3392 4438 ad
3436 4385 3868 4456 gratioremque

2105 4519 2122 4529 .
2171 4473 2453 4542 fulgorem
2483 4489 2727 4543 gemmm
2749 4473 3000 4527 ardentis
3023 4474 3294 4527 annectit.

2242 4561 2410 4616 Vens.
2477 4565 2558 4616 13.
2605 4591 2672 4601 -
2728 4561 2878 4616 Sicut
2911 4563 3114 4628 frigus.
3179 4562 3578 4630 Importunum
3645 4561 3867 4615 videtur

2170 4653 2428 4720 tempore
2479 4650 2674 4703 messis
2714 4650 2974 4720 ningere,
3027 4655 3159 4716 etc.,
3214 4665 3382 4718 usque
3423 4649 3497 4702 ad
3553 4649 3866 4719 prudenter

2171 4739 2392 4808 agendo
2424 4743 2710 4809 repausat.

2239 4826 2412 4880 Vens.
2452 4827 2530 4880 14.
2585 4857 2650 4866 -
2693 4829 2788 4882 Vir
2837 4827 3118 4895 gloriosus.
3155 4827 3308 4881 Idem
3342 4826 3585 4894 videtur,
3644 4828 3750 4882 Nec
3788 4826 3865 4881 la-

2169 4919 2274 4969 ctes
2321 4931 2642 4984 quemquam
2668 4916 2828 4969 labiis
2883 4918 3010 4970 tuis.
3061 4915 3168 4970 Sed
3199 4915 3340 4968 illud
3397 4920 3480 4968 est
3529 4915 3682 4969 idem
3716 4914 3862 4985 quod

2170 5002 2306 5056 dicit
2336 5003 2668 5073 Apostolus:
2732 5005 2993 5058 Habentes
3039 5006 3266 5071 speciem
3291 5005 3533 5074 pietatis,
3582 5006 3862 5057 veritatem

2167 5095 2344 5144 autem
2363 5092 2480 5160 ejus
2508 5091 2830 5157 abnegantes
2863 5093 2937 5156 (11
2961 5093 3094 5145 Tim.
3122 5094 3221 5157 ιιι).

2241 5179 2409 5232 Vens.
2467 5181 2548 5232 t6.
2593 5209 2661 5217 —
2706 5180 2810 5233 Met
2859 5181 3133 5242 invenisti,
3184 5179 3394 5232 comede
3466 5179 3611 5248 quod
3657 5179 3861 5247 sufﬁcit

2167 5265 2281 5317 tibi.
2329 5267 2520 5318 Potest
2549 5271 2604 5319 et
2633 5266 2713 5320 sic
2743 5267 3010 5336 intelligi,
3067 5273 3198 5332 etc.,
3245 5281 3413 5336 usque
3441 5268 3515 5320 ad
3562 5268 3651 5320 vel
3692 5268 3859 5319 toties

2167 5351 2232 5404 ad
2261 5352 2419 5405 illum
2454 5353 2642 5406 venias
2683 5360 2744 5408 ut
2772 5355 3040 5409 fastidiat.

2239 5439 2401 5493 Vens.
2437 5442 2523 5493 t9.
2569 5471 2636 5480 —~
2673 5443 2814 5496 Deus
2843 5443 3101 5510 putridus
3151 5449 3200 5497 et
3241 5459 3354 5512 pes.
3397 5443 3694 5509 Jeremias,
3727 5449 3851 5508 etc.,

2166 5543 2332 5596 usque
2359 5528 2434 5580 ad
2458 5528 2514 5581 in
2545 5529 2856 5599 diejudicii
2879 5532 3067 5584 nudus
3093 5531 3328 5602 patebit.
