4082 6184
216 328 357 382 1109

1365 327 1617 383 GLOSSA
1654 329 2053 385 ORDINARIA.
2095 360 2163 369 —
2205 331 2331 384 LIB.
2376 330 2575 385 PROV.

3584 338 3718 388 1110

284 448 445 502 Vens.
476 448 565 502 20.
595 476 665 488 --
694 447 918 502 Acetum
948 448 1005 501 in
1034 448 1179 501 nitro
1236 450 1334 516 qui
1382 453 1585 503 cantat.
1622 451 1843 503 Nitrum
1876 467 1909 502 a
1949 455 1991 503 A
2090 451 2250 505 Vens.
2290 454 2374 507 13.
2418 481 2488 492 -
2532 453 2676 506 Dicit
2708 454 2886 522 piger.
2944 453 3101 506 Multi
3160 468 3291 507 cum
3325 455 3494 509 verba
3520 457 3717 510 exhor-

206 534 391 589 Nitria
421 535 730 604 provincia,
781 538 913 602 etc.,
945 549 1114 603 usque
1143 535 1217 589 ad
1273 536 1368 590 sed
1404 553 1609 607 aquam
1641 537 1907 591 lavationi

206 622 463 677 habilem
492 623 704 677 reddit.

283 711 443 765 Vens.
476 713 563 764 22.
593 713 897 765 —Prunas
925 711 1067 764 enim
1121 711 1491 781 congregabis,
1554 711 1610 765 id
1671 717 1775 781 est,
1818 728 1907 765 ar-

208 798 409 853 dorem
450 798 761 852 charitatis.
835 799 957 853 Non
1016 798 1171 852 enim
1226 800 1453 853 doceret
1510 800 1812 870 sapientia,
1846 805 1910 855 ut

206 887 359 941 bona
418 886 670 951 inimico,
725 886 860 940 mali
916 903 1105 949 causa,
1149 888 1379 942 faceres.
1419 889 1505 943 Fit
1555 889 1711 943 enim
1758 905 1907 959 saepe

208 978 276 1028 ut
304 974 574 1028 inimicus
626 975 836 1028 crebris
888 974 1067 1028 victus
1105 974 1414 1045 beneﬁciis,
1476 977 1591 1031 odii
1623 982 1799 1048 ponat
1830 978 1907 1031 ri-

210 1079 437 1135 gorem,
467 1068 523 1117 et
543 1064 788 1117 calorem
818 1062 1107 1117 charitatis
1138 1065 1319 1117 menti
1352 1069 1619 1134 apponat.

290 1153 490 1206 Ventus
512 1152 715 1220 aquilo.
770 1152 823 1206 Si
874 1150 1043 1204 hilari
1088 1150 1249 1205 vultu
1306 1152 1553 1206 audieris
1595 1152 1905 1207 detrahen-

209 1242 351 1303 tem,
382 1242 443 1293 tu
476 1238 560 1293 illi
614 1238 713 1293 das
768 1238 1028 1292 fomitem
1061 1239 1417 1295 detrahendi.
1468 1241 1525 1296 Si
1565 1258 1700 1295 vero
1734 1240 1902 1308 tristi,

209 1332 275 1381 ut
304 1327 385 1380 ait
419 1327 671 1397 quidam,
731 1326 894 1381 discit
926 1342 1041 1379 non
1094 1326 1340 1382 libenter
1399 1328 1609 1393 dicere,
1639 1329 1794 1400 quod
1827 1329 1909 1383 di-

207 1414 415 1469 dicerit
446 1431 561 1468 non
592 1415 839 1469 libenter
869 1415 1087 1469 audire.

280 1504 442 1556 Vens.
474 1504 563 1557 24.
597 1533 666 1542 -
718 1504 910 1558 Melius
967 1508 1046 1559 est
1087 1502 1269 1557 sedere
1314 1505 1372 1557 in
1395 1504 1602 1570 angulo
1648 1505 1903 1570 domatis,

206 1607 396 1661 quam.
426 1591 603 1644 Doma
632 1594 717 1644 est
750 1592 999 1645 excelsus
1049 1595 1105 1645 et
1124 1595 1373 1645 secretus
1420 1592 1594 1646 locus.
1650 1594 1715 1646 In
1763 1594 1908 1647 Acti-

206 1681 316 1735 bus
339 1678 493 1733 enim
521 1679 923 1768 apostolorum;
946 1680 1098 1746 (Act.
1164 1680 1239 1748 x),
1268 1679 1368 1733 ubi
1399 1681 1596 1734 Petrus
1628 1681 1697 1735 ad
1730 1698 1902 1751 supe-
1937 1715 1977 1768 Β

206 1768 365 1823 riora
393 1767 645 1822 ascendit
657 1768 727 1821 ad
750 1766 1054 1834 orandum,
1077 1783 1181 1838 pro
1203 1768 1594 1838 superioribus
1620 1768 1679 1823 in
1711 1770 1905 1824 Graeco

207 1858 382 1911 doma
414 1857 689 1927 scriptum
728 1860 833 1910 est.

282 1946 443 1997 Vens.
478 1948 565 1999 25.
613 1976 678 1985 —
738 1946 903 2013 Aqua
959 1944 1195 2011 frigida.
1259 1946 1422 2015 Aqua
1472 1960 1610 2016 ergo
1676 1944 1904 2015 frigida,

206 2037 341 2096 etc.,
386 2048 557 2101 usque
633 2034 708 2087 ad
767 2034 853 2087 vel
931 2032 1093 2087 finito
1152 2033 1461 2087 certamine
1519 2034 1593 2088 ad
1658 2034 1906 2104 palmam

206 2120 608 2175 retributionis
638 2120 938 2176 inducunt.

281 2211 444 2264 Vens.
480 2212 573 2264 26.
613 2240 681 2250 —
710 2212 850 2265 Fons
897 2210 1167 2265 turbatus.
1230 2210 1427 2264 Evenit
1484 2227 1657 2281 saepe,
1713 2210 1907 2281 utqui

206 2298 420 2368 majori
445 2297 673 2368 prmditi
722 2298 958 2352 scientia
1007 2298 1325 2366 fulgebant,
1381 2298 1450 2352 ad
1480 2300 1746 2353 ultimum
1779 2300 1909 2369 plus

204 2386 463 2440 volentes
484 2401 681 2456 sapere
713 2402 887 2456 quam
916 2386 1210 2458 fragilitati
1250 2386 1518 2441 humanae
1574 2403 1908 2442 concessum

201 2478 311 2541 est,
333 2474 394 2528 in
423 2474 767 2545 insipientia;
793 2475 1015 2529 foveam
1065 2475 1351 2545 decidant,
1392 2476 1544 2529 unde
1602 2476 1903 2545 adjungit:

280 2563 439 2616 Vens.
474 2565 559 2616 27.
590 2592 659 2601 —
705 2563 856 2619 Sicut
903 2565 1000 2632 qui
1053 2563 1175 2616 mel.
1230 2562 1478 2617 Dulcedo
1546 2563 1700 2617 enim
1760 2564 1907 2618 mel-

205 2651 298 2709 lis.
331 2655 463 2714 etc.,
494 2665 663 2720 usque
690 2650 764 2703 ad
792 2650 941 2704 unde
986 2649 1243 2720 sequitur
1274 2666 1286 2704 :

280 2740 445 2794 Vens.
474 2743 569 2794 28.
603 2768 673 2780 —
700 2740 857 2793 Sicut
912 2739 1041 2793 urbs
1069 2744 1284 2808 patens,
1318 2743 1424 2794 etc.
1460 2739 1518 2795 Si
1574 2739 1727 2794 enim
1778 2755 1904 2793 mu—

206 2842 340 2881 rum
359 2826 571 2881 silentii
599 2844 710 2882 non
744 2827 934 2893 habet,
982 2832 1111 2893 etc.,
1142 2842 1311 2895 usque
1366 2828 1441 2882 ad
1469 2833 1668 2883 contra
1699 2834 1906 2883 semct-

206 2915 393 2987 ipsam
426 2932 529 2987 per
558 2916 987 2987 multiloquium
1017 2921 1255 2987 pugnat.

853 3056 1079 3112 CAPUT
1128 3055 1304 3110 XXVI.

285 3179 456 3234 Vens.
494 3182 540 3233 1.
592 3209 661 3219 -
692 3180 965 3245 Quomodo
992 3182 1093 3235 nim
1113 3182 1171 3235 in
1198 3184 1409 3237 astate.
1460 3180 1566 3235 Nix
1600 3179 1659 3235 in
1710 3186 1906 3237 testate

206 3272 267 3322 et
289 3268 501 3338 pluviae
529 3267 585 3321 in
619 3284 821 3335 messe,
854 3275 962 3322 etc.
982 3311 996 3330 .
1025 3284 1194 3338 usque
1223 3270 1297 3323 ad
1325 3269 1476 3340 quod
1507 3269 1731 3324 Arianae
1762 3275 1906 3324 tem-

209 3355 452 3425 pestatis
476 3356 770 3410 calamitas
798 3357 1079 3427 probavit.

278 3445 444 3499 Vens.
472 3447 524 3499 2.
553 3475 625 3516 _——
650 3447 792 3501 Nam
855 3448 1000 3501 sicut
1032 3448 1172 3499 avis.
1233 3446 1413 3500 Verba
1467 3451 1761 3516 comparat
1790 3447 1906 3501 avi-

205 3532 333 3599 bus,
366 3538 498 3599 etc.,
528 3514 698 3601 usque
739 3533 815 3586 ad
847 3533 917 3587 de
961 3532 1171 3604 quibus
1206 3548 1220 3587 :
1258 3514 1621 3603 Quodcunque
1652 3535 1906 3603 ligaveris

202 3637 367 3691 super
392 3626 594 3675 terram
624 3624 729 3677 erit
756 3623 985 3689 ligatum
1015 3628 1065 3676 et
1089 3624 1148 3675 in
1178 3623 1319 3675 cmlis
1366 3622 1590 3691 (Matth.
1626 3628 1759 3689 xw).

272 3711 434 3763 Vens.
485 3710 533 3763 4.
597 3737 665 3750 -
756 3712 874 3766 Νοη
927 3710 1330 3779 respondeas...
1409 3712 1686 3779 Responde
1743 3714 1907 3767 stulto

191 3798 367 3867 juxta
406 3799 724 3851 stultitiam.
762 3798 883 3851 Non
906 3803 1042 3851 sunt
1062 3797 1345 3852 contraria
1375 3817 1391 3865 ;
1419 3801 1730 3868 utrumque
1753 3799 1906 3851 enim

204 3899 313 3953 pro
346 3888 604 3954 tempore
654 3889 709 3938 et
764 3901 1141 3955 personarum
1191 3886 1516 3940 diversitate
1547 3887 1854 3940 concordat
1889 3902 1903 3953 ;

211 3972 351 4025 dum
384 3975 441 4025 et
470 3973 676 4026 stultus
716 3974 1050 4041 contemnit,
1110 3974 1245 4045 quia
1275 3990 1389 4028 non
1441 3974 1644 4043 recipit
1683 3975 1907 4045 sapien-

210 4060 354 4113 tiam
380 4076 392 4112 :
427 4064 485 4113 et
509 4061 681 4114 stulta
696 4061 1009 4131 superbiae
1028 4077 1130 4115 sua
1142 4062 1406 4132 dejicitur
1420 4062 1687 4130 stultitia,
1705 4062 1857 4116 unde
1890 4078 1904 4115 :

210 4150 408 4202 Factus
462 4163 581 4202 sum
630 4150 912 4217 insipiens,
960 4164 1052 4204 vos
1079 4165 1161 4203 me
1220 4153 1465 4217 coegistis
1526 4150 1602 4218 (ΙΙ
1632 4152 1750 4207 Cor.
1784 4153 1905 4217 xu).

2018 538 2249 592 tationis
2273 540 2532 607 audiunt,
2565 547 2696 601 etc.,
2721 556 2890 609 usque
2933 541 3008 594 ad
3061 542 3122 595 in
3156 542 3273 595 suis
3294 543 3479 612 jacere
3529 545 3715 614 pravi-

2016 627 2225 680 tatibus
2254 644 2371 681 non
2403 628 2707 681 desistunt.

2088 715 2246 768 Vens.
2333 718 2415 769 16.
2474 716 2800 784 Sapientior,
2857 722 2960 771 etc.
3024 717 3251 788 Septem
3301 718 3409 772 viri
3470 720 3710 790 loquen-

2016 805 2101 855 tes
2147 803 2477 869 sententias,
2526 807 2654 873 etc.,
2725 819 2893 873 usque
2941 805 3016 859 ad
3062 810 3116 859 et
3171 807 3380 860 multos
3412 807 3715 877 perfecisse

2016 894 2497 944 monstraverunt.

2090 980 2249 1034 Vens.
2312 983 2395 1033 l7.
2441 1011 2509 1020 —-
2560 981 2712 1037 Sicut
2769 982 2865 1049 qui
2921 981 3299 1050 apprehendit.
3336 982 3459 1036 Noli
3525 982 3712 1036 verbis

2014 1068 2376 1133 contendere,
2409 1068 2479 1122 ad
2514 1069 2761 1123 nihilum
2814 1069 2951 1123 utile
3001 1075 3083 1123 est
3126 1068 3239 1123 nisi
3282 1070 3354 1124 ad
3400 1070 3714 1124 subversio-

2014 1172 2147 1210 nem
2178 1156 2552 1212 audientium.
2613 1157 2993 1229 Quincunque
3050 1158 3286 1229 simplex
3342 1175 3514 1212 sensu
3543 1164 3627 1213 est
3656 1164 3715 1213 et

2015 1244 2241 1299 duobus
2264 1245 2417 1298 inter
2445 1262 2504 1299 se
2530 1245 2916 1315 jurgantibus,
2968 1246 3222 1301 mordaci
3254 1262 3518 1301 sermone
3549 1253 3713 1318 capta

2015 1334 2138 1403 ejus
2168 1349 2327 1400 aure,
2360 1332 2473 1388 cito
2502 1333 2704 1405 incipit
2724 1334 2885 1404 quasi
2912 1334 3067 1387 canis
3098 1335 3305 1388 latrare
3334 1339 3419 1389 est
3474 1339 3709 1390 conten-

2014 1422 2197 1477 tiones
2225 1438 2519 1492 generare,
2554 1423 2648 1477 sed
2677 1422 2900 1493 sapiens
2930 1423 3166 1476 omnino
3195 1422 3353 1477 vitat.

2664 1510 2891 1566 CAPUT
2947 1513 3147 1566 XXVII.

2086 1598 2251 1653 Vens.
2288 1602 2336 1652 1.
2365 1628 2426 1639 -
2462 1600 2539 1653 Ne
2557 1599 2827 1665 glorieris.
2855 1601 2934 1653 Ne
2958 1616 3188 1654 securus
3211 1600 3284 1653 sis
3306 1600 3616 1670 aliquando
3639 1600 3709 1653 de

2014 1684 2208 1740 futuro
2243 1702 2258 1753 ;
2296 1686 2432 1758 quia
2465 1686 2569 1741 etsi
2608 1687 2775 1741 hodie
2815 1687 2987 1741 servis
3020 1688 3262 1742 Domino
3293 1688 3475 1759 qualis
3502 1705 3622 1742 esse
3649 1689 3709 1742 in

2015 1773 2273 1829 futurum
2298 1775 2498 1845 possis,
2541 1777 2833 1846 quomodo
2866 1776 3015 1829 viam
3046 1776 3232 1840 ﬁnire,
3253 1794 3486 1846 prorsus
3516 1777 3706 1830 videre

2016 1878 2132 1916 non
2153 1864 2322 1917 vales.
2356 1866 2551 1918 Beatus
2582 1866 2733 1919 homo
2755 1868 2851 1933 qui
2870 1880 3076 1934 semper
3102 1871 3180 1921 est
3206 1866 3462 1935 pavidus.

2086 1950 2246 2004 Vens.
2308 1954 2360 2005 3.
2412 1981 2481 1992 —
2533 1954 2713 2005 Grave
2771 1958 2847 2007 est
2896 1969 3113 2007 samum.
3177 1954 3352 2008 Grave
3409 1958 3511 2021 est,
3569 1958 3702 2022 etc.,

2014 2052 2184 2106 usque
2203 2038 2277 2091 ad
2305 2038 2386 2092 ita
2416 2041 2623 2093 mentis
2669 2056 2899 2112 quoque
2931 2048 3116 2095 motus
3144 2043 3469 2095 examinant
3524 2046 3580 2095 et
3607 2058 3703 2095 ca-

2016 2126 2244 2195 stigant.

2088 2217 2179 2270 Ira
2203 2215 2358 2269 stulti
2411 2220 2638 2286 utroque
2668 2218 2907 2284 gravior,
2957 2221 3064 2271 etc.
3120 2219 3196 2273 De
3227 2235 3341 2290 quo
3374 2235 3567 2289 supra,
3599 2223 3705 2273 etc.

2014 2317 2183 2370 usque
2203 2303 2277 2356 ad
2308 2308 2364 2358 et
2396 2304 2575 2357 furori
2595 2304 2756 2357 frena
2784 2304 2954 2357 laxat.

2086 2392 2246 2446 Vens.
2290 2396 2340 2447 5.
2391 2422 2459 2432 —
2520 2395 2702 2447 Melior
2728 2398 2806 2447 est
2854 2394 3147 2458 manifesta
3194 2397 3468 2448 correctio.
3532 2395 3710 2447 Amor

2017 2480 2397 2544 absconditus,
2459 2481 2711 2547 illicitus,
2772 2486 2901 2546 etc.,
2956 2496 3123 2549 usque
3167 2482 3242 2535 ad
3300 2498 3471 2552 quam
3522 2482 3709 2535 studio

2016 2567 2280 2623 similiter
2309 2570 2583 2640 peccandi
2613 2570 2759 2624 clam
2809 2568 3085 2639 diligere.

2085 2650 2339 2711 Vens.'7.
2380 2689 2447 2698 —
2502 2658 2703 2712 Anima
2749 2662 3001 2711 saturata
3053 2656 3283 2711 calcabit
3337 2658 3548 2726 favum,
3598 2661 3705 2713 etc.

2014 2745 2221 2799 Anima
2269 2744 2532 2811 divitum,
2584 2750 2714 2813 etc.,
2769 2761 2938 2815 usque
2983 2745 3058 2800 ad
3114 2750 3361 2800 mortem
3394 2746 3577 2816 ipsam
3607 2762 3709 2816 pro

2016 2832 2259 2888 Domino
2292 2833 2413 2904 pati
2440 2834 2603 2888 dulce
2632 2834 2822 2889 habet.

2087 2923 2241 2976 Vens.
2294 2925 2344 2976 8.
2391 2950 2457 2961 —
2513 2924 2665 2977 Sicut
2723 2924 2841 2977 avis
2895 2924 3313 2989 transmigrans.
3384 2922 3537 2977 Sicut
3594 2922 3712 2976 avis

1945 2992 1985 3045 (ἶ
2015 3026 2139 3076 ova,
2173 3013 2305 3078 etc.,
2360 3025 2529 3079 usque
2573 3010 2648 3065 ad
2685 3027 2755 3065 ne
2810 3027 2840 3064 a
2869 3010 3039 3075 bono,
3100 3012 3253 3081 quod
3302 3010 3565 3077 faciebat,
3612 3012 3709 3065 de-

2015 3098 2182 3150 sistas
2195 3138 2207 3151 .

2088 3186 2245 3239 Vens.
2282 3187 2366 3239 10.
2387 3213 2454 3225 -
2476 3186 2665 3239 Melior
2691 3191 2770 3240 est
2800 3187 3031 3240 vicinus.
3079 3186 3274 3240 Melior
3303 3192 3389 3242 est
3412 3187 3539 3254 tibi,
3573 3192 3707 3254 etc.,

2013 3286 2180 3339 usque
2209 3273 2283 3326 ad
2310 3274 2367 3326 in
2420 3273 2653 3341 Jericho,
2705 3279 2755 3327 et
2794 3275 3007 3339 incidit,
3068 3279 3173 3328 etc.

2084 3358 2247 3413 Vens.
2313 3359 2397 3425 14»,
2457 3389 2529 3399 -
2581 3361 2691 3425 Qui
2742 3360 3000 3414 benedicit
3046 3362 3317 3429 proximo,
3362 3360 3421 3414 id
3474 3366 3578 3422 est,
3611 3360 3711 3432 qui
3782 3397 3791 3406 -

2014 3444 2206 3499 favore
2237 3446 2543 3516 superflue
2595 3447 2782 3501 laudis
2840 3464 2971 3500 eum
3026 3447 3269 3515 extollit,
3312 3448 3400 3501 vel
3436 3448 3599 3502 malis
3628 3448 3711 3502 fa-

2013 3531 2218 3597 vendo,
2240 3532 2328 3586 vel
2357 3532 2509 3587 bona
2557 3534 2687 3602 plus
2720 3550 2887 3604 aequo
2918 3534 3224 3589 laudando.
3277 3534 3383 3589 Sed
3416 3534 3507 3589 hic
3536 3536 3712 3589 male-

2016 3618 2226 3673 dicenti
2256 3620 2643 3688 assimilatur;
2670 3622 2807 3693 quia
2838 3623 2924 3675 vel
2956 3622 3013 3675 in
3043 3623 3193 3675 malo
3223 3638 3396 3692 opere
3426 3623 3711 3677 laudando

2014 3708 2413 3763 confidentiam
2462 3709 2685 3778 tribuit,
2744 3710 2830 3763 vel
2886 3710 2944 3763 in
2990 3710 3142 3763 bono
3198 3727 3369 3780 opere
3429 3712 3709 3781 simplici-

2016 3800 2191 3849 tatem
2220 3797 2352 3866 puri
2398 3797 2584 3850 cordis
2628 3796 2857 3863 minuit,
2920 3802 2983 3850 ut
3010 3797 3165 3867 quod
3226 3798 3461 3867 superni
3494 3800 3709 3852 amoris

2013 3900 2182 3937 causa
2211 3883 2542 3954 incasperat,
2570 3885 2826 3938 humano
2856 3884 3048 3937 favore
3079 3884 3259 3938 ﬁniat.

2107 3973 2374 4027 Vens.l7.
2408 4001 2477 4012 —
2527 3973 2749 4026 Ferrum
2806 3974 2973 4039 ferro.
3022 3973 3177 4025 Bona
3230 3972 3540 4025 consolatio
3573 3988 3711 4024 con-

2016 4061 2205 4114 silium
2237 4060 2561 4129 sapientum
2589 4077 2602 4115 :
2657 4060 2756 4130 qui
2806 4060 2943 4114 dum
2974 4077 3032 4113 se
3088 4061 3333 4115 invicem
3367 4061 3712 4114 consolando

2016 4149 2326 4216 instruunt,
2361 4150 2573 4203 ferrum
2606 4149 2755 4203 ferro
2787 4149 3035 4203 acuitur.

292 4238 453 4291 Vens.
484 4239 534 4291 6.
583 4267 652 4276 -—
698 4238 936 4294 Claudus
975 4238 1225 4308 pedibus.
1286 4241 1472 4293 Potest
1504 4239 1728 4309 sapiens
1767 4240 1907 4293 stul-
1938 4267 1982 4319 ι)
2094 4239 2258 4291 Vens.
2309 4240 2397 4292 20.
2466 4267 2532 4278 —-
2568 4240 2852 4306 Infernus.
2914 4238 3126 4292 Inferni
3149 4242 3433 4291 tormenta
3469 4253 3583 4291 non
3633 4253 3715 4289 re-

221 4328 345 4378 tum
368 4325 589 4378 mittere
621 4326 896 4391 nesciens,
925 4342 1028 4380 nec
1066 4331 1257 4381 tamen
1296 4327 1590 4397 sapientia:
1642 4344 1761 4381 sua:
1792 4328 1910 4397 glo-

217 4412 363 4465 riam
396 4413 582 4482 perdit
614 4430 627 4467 :
654 4415 790 4485 quia
819 4414 886 4469 de
938 4414 1159 4484 ignoto,
1194 4416 1407 4469 bonum
1451 4416 1603 4486 quod
1632 4416 1910 4481 audierat,

216 4501 427 4557 credit.
460 4501 567 4556 Sed
598 4508 651 4556 et
671 4503 771 4573 qui
818 4503 1150 4558 haereticum
1209 4503 1388 4557 sciens
1440 4505 1615 4558 mittit
1646 4505 1714 4557 ad
1761 4521 1913 4573 prae-

215 4589 553 4658 dicandum,
575 4590 812 4645 claudus
824 4597 907 4645 est
922 4592 1162 4663 pedibus
1186 4609 1199 4647 :
1226 4595 1296 4647 Et
1325 4595 1669 4661 iniquitatem
1688 4593 1869 4647 bibens
1896 4609 1910 4658 ;

210 4677 352 4748 quia
382 4682 437 4732 et
469 4679 661 4749 operis
690 4679 827 4733 boni
880 4680 1021 4734 foris
1079 4680 1364 4734 incessum
1430 4680 1636 4747 amisit,
1670 4685 1728 4734 et
1772 4680 1915 4734 inte-

219 4767 370 4819 riora
402 4767 487 4820 sui
527 4783 726 4821 sensus
760 4768 964 4822 haustu
996 4768 1251 4823 stultitia:
1282 4769 1523 4823 debriat.

288 4855 450 4908 Vens.
484 4857 534 4908 9.
570 4885 635 4894 —
667 4856 934 4921 Quomodo
992 4858 1042 4911 si
1068 4859 1231 4925 spina
1284 4861 1563 4911 nascatur.
1613 4854 1789 4925 Spina
1820 4872 1914 4909 na-

215 4942 472 4996 sciturin
504 4959 680 4997 manu
711 4944 1030 5010 temulenti,
1063 4950 1197 5015 etc.,
1237 4960 1406 5015 usque
1443 4944 1517 4999 ad
1546 4950 1645 4999 aut
1673 4944 1916 5015 vitupel-

216 5030 506 5085 rationem
537 5031 743 5102 quaerit
780 5032 1048 5086 aliorum.

312 5120 471 5174 Vens.
523 5123 608 5175 11.
670 5152 735 5162 —-
790 5122 943 5178 Sicut
1021 5124 1197 5177 canis.
1249 5120 1417 5176 Canis
1463 5134 1698 5172 vomens
1723 5118 1913 5172 cibum

213 5224 336 5278 quo
370 5214 567 5278 pectus
606 5210 730 5279 ejus
784 5210 1173 5280 premebatur,
1234 5209 1453 5279 adjicit,
1501 5216 1822 5277 etc.,usque
1842 5208 1916 5262 ad

219 5311 399 5367 quam
430 5302 558 5365 post
582 5298 1018 5362 confessionem,
1079 5298 1216 5351 dum
1256 5300 1557 5368 appetunt,
1590 5299 1911 5349 resumunt.

296 5383 461 5436 Vens.
504 5385 585 5439 l2.
620 5414 687 5423 —
724 5384 927 5439 Vidisti
948 5386 1229 5440 hominem.
1270 5386 1330 5439 In
1349 5384 1629 5454 judicium
1689 5399 1824 5452 ergo
1856 5382 1916 5436 in

217 5472 378 5525 hunc
407 5472 685 5525 mundum
714 5472 838 5525 veni
878 5476 1053 5540 (Joan.
1088 5479 1184 5543 ιι),
1242 5477 1305 5528 ut
1330 5473 1429 5545 qui
1460 5488 1575 5527 non
1615 5458 1807 5525 vident
1834 5472 1913 5525 vi-

211 5561 414 5627 deant,
447 5563 502 5613 et
520 5560 619 5631 qui
640 5559 854 5627 vident,
877 5562 1011 5617 caeci
1043 5562 1184 5618 ﬁant
1214 5562 1377 5633 (Eccl.
1410 5563 1484 5634 ι).

2023 4326 2272 4396 plentur,
2329 4330 2459 4391 etc.,
2512 4341 2680 4394 usque
2725 4326 2799 4379 ad
2847 4325 2894 4379 si
2950 4330 3215 4379 naturam
3262 4325 3540 4378 haberent
3590 4325 3712 4378 sine

2024 4416 2134 4468 line
2162 4413 2407 4468 vivendi.

2093 4503 2264 4557 Vens.
2307 4505 2395 4556 23.
2462 4530 2524 4542 —
2606 4502 2927 4570 Diligenter.
2982 4502 3198 4556 Pastori
3255 4502 3516 4555 Ecclesiae
3573 4501 3711 4556 dici-

2023 4594 2134 4656 tur,
2166 4594 2299 4655 etc.,
2322 4605 2492 4659 usque
2509 4590 2585 4644 ad
2613 4590 2657 4643 si
2680 4593 2780 4643 tuo
2812 4594 3073 4659 tempore
3135 4590 3279 4643 bene
3328 4590 3568 4660 paveris.

2090 4679 2249 4732 Vens.
2282 4680 2368 4732 25.
2405 4708 2475 4718 —
2504 4678 2714 4747 Aperta
2758 4683 2883 4733 sunt
2903 4684 3087 4747 prata.
3121 4682 3332 4749 Aperta
3378 4678 3712 4751 suntlmodo

2023 4781 2231 4835 pascua
2283 4770 2768 4820 sacramentorum
2845 4766 3182 4833 ccelestium,
3239 4771 3370 4836 etc.,
3446 4782 3614 4836 usque
3643 4767 3717 4821 ad

2021 4855 2092 4908 ad
2124 4854 2419 4925 spirituale
2450 4855 2765 4909 subsidium
2795 4855 2944 4908 data.

2092 4943 2254 4996 Vens.
2287 4944 2377 4997 26.
2412 4972 2473 4983 ——
2513 4945 2664 5009 Αρηί
2691 4947 2818 4997 sunt
2865 4943 2939 4997 ad
2962 4945 3353 4998 vestimentum.
3414 4944 3712 5012 Agnorum

2021 5031 2325 5085 velleribus
2375 5031 2652 5097 vestieris,
2706 5032 2842 5086 dum
2901 5032 3064 5086 bonis
3122 5031 3534 5102 discipulorum
3587 5030 3718 5083 obe-

2022 5118 2301 5174 dientium
2333 5120 2590 5173 moribus
2639 5125 2831 5189 pastor
2860 5121 2980 5190 ipse
3024 5120 3354 5190 profeceris,
3403 5134 3717 5190 eorumque

2023 5208 2331 5262 laudabilia
2359 5208 2506 5261 facta
2531 5223 2788 5272 cernens,
2823 5213 2878 5261 et
2906 5208 2966 5261 in
3003 5214 3209 5262 ornatu
3238 5208 3536 5274 virtutum,
3572 5212 3627 5261 et
3658 5207 3717 5260 in

2024 5295 2207 5348 calore
2266 5295 2585 5349 dilectionis
2639 5296 2757 5365 ipse
2813 5295 3092 5366 gloriosus
3140 5295 3441 5349 exstiteris.
3528 5295 3716 5349 Haedis

2025 5400 2227 5453 agrum
2272 5400 2587 5454 comparas,
2650 5384 2784 5437 dum
2844 5389 3166 5452 peccatores
3221 5384 3288 5437 ad
3322 5383 3715 5453 paenitentiam

2024 5473 2301 5539 vocando,
2334 5471 2726 5525 sublimiorem
2760 5473 2860 5525 tibi
2888 5475 2945 5525 in
2982 5477 3127 5524 terra
3184 5472 3494 5525 viventium
3532 5473 3716 5525 locum

2026 5560 2289 5631 acquiris.
