4020 6184
389 301 518 356 1111

1030 295 1428 353 WALAFRIDI
1465 295 1718 352 STRABI
1761 295 1958 353 FULD.
2003 295 2162 352 MON.
2202 295 2354 353 OPP.
2397 293 2575 350 PARS
2611 291 2653 347 Ι.
2692 320 2761 334 —
2798 290 3268 350 THEOLOGICA.

3746 297 3856 348 1112

451 428 614 482 Vsus.
642 429 729 481 27.
756 454 824 464 —--
852 424 1106 493 Sufﬁciat
1149 423 1250 477 tibi
1294 423 1376 476 lac
1413 436 1726 491 caprarum.
1775 421 1953 476 Tanta
1989 420 2076 474 in-
2118 424 2160 477 Α
2261 419 2422 474 Vens.
2453 418 2542 473 20.
2594 445 2667 458 —
2725 414 2931 472 Vidisti
2978 415 3262 470 hominem.
3302 416 3482 471 Grave
3532 414 3761 486 quidem
3784 416 3858 470 vi-

383 515 592 570 stantia
620 530 793 586 pecus
813 511 1182 567 commissum
1227 526 1414 580 pasce,
1447 514 1586 573 etc.,
1637 524 1806 578 usque
1831 509 1905 563 ad
1933 508 2086 563 haedi

383 619 490 674 pro
543 604 726 675 pretio
781 606 1128 667 sanctorum,
1189 599 1396 670 quibus
1457 603 1794 666 nocuerant,
1854 597 2086 668 ignibus

390 693 706 746 tradentur.

1078 758 1302 814 CAPUT
1340 757 1569 812 XXVIII.

458 868 615 921 Vsas.
655 871 708 922 1.
740 895 806 907 —-
833 867 997 934 Fugit
1025 868 1245 935 impius.
1299 864 1406 929 Qui
1441 879 1557 918 non
1584 865 1669 917 est
1697 861 1880 929 fortis,
1913 861 2084 917 etiam

387 954 436 1009 si
493 955 684 1009 nullus
727 962 1123 1024 persequatur,
1167 958 1366 1023 sponte
1419 951 1592 1008 fidem
1647 951 1902 1005 deserit:
1949 950 2087 1004 dum

388 1043 721 1108 latrociniis,
752 1042 840 1095 vel
887 1041 1174 1112 perjuriis,
1208 1041 1448 1111 aliisque
1505 1039 1842 1110 hujusmodi
1870 1038 2089 1093 inﬁdeli

389 1147 448 1185 se
481 1130 729 1184 similem
761 1129 968 1184 reddit.

457 1221 642 1274 Justus
669 1223 848 1273 autem
871 1220 1031 1286 quasi
1085 1218 1180 1272 leo.
1233 1219 1297 1271 In
1357 1233 1594 1272 occursu
1627 1217 1942 1271 bestiarum
1973 1232 2091 1272 non

389 1307 659 1377 trepidat,
695 1311 826 1374 etc.,
850 1320 1019 1374 usque
1049 1305 1123 1359 ad
1149 1320 1322 1375 quem
1380 1321 1552 1360 nemo
1614 1304 1826 1359 invitus
1858 1303 2086 1359 amittit.

463 1397 639 1448 Vens.
698 1397 748 1448 5.
792 1423 865 1435 —
911 1396 1020 1459 Qui
1089 1399 1270 1448 autem
1343 1395 1651 1463 requirunt.
1712 1391 1918 1447 Omnia
1975 1391 2092 1446 ani-

395 1482 763 1537 madvertunt
793 1482 976 1549 electi,
1009 1481 1069 1536 id
1112 1486 1195 1535 est
1224 1486 1280 1535 et
1327 1482 1586 1536 futurum
1618 1479 1922 1535 discrimen
1955 1480 2092 1534 uui-

396 1570 631 1625 versalis
679 1570 926 1640 judicii;
973 1573 1029 1622 et
1102 1569 1312 1640 quibus
1391 1568 1662 1639 operibus
1720 1568 1992 1640 requies;
2037 1575 2091 1623 et

393 1659 603 1731 quibus
632 1674 802 1729 paena
830 1657 1180 1712 retribuatur
1202 1662 1434 1711 aeterna.

467 1749 633 1801 Vens.
695 1748 759 1800 10
817 1776 884 1784 —
931 1746 1041 1811 Qui
1088 1742 1288 1814 decipit
1333 1744 1512 1813 justas
1545 1745 1605 1798 in
1649 1746 1742 1798 via
1796 1759 1934 1812 mea,
1984 1747 2087 1798 etc.

396 1835 505 1900 Qui
535 1851 638 1905 per
677 1833 997 1888 doctrinam
1056 1833 1379 1888 haereticam
1440 1831 1652 1902 decipit
1703 1838 1983 1886 amatores
2007 1833 2096 1902 ju-

397 1923 586 1989 stitim,
617 1927 746 1989 etc.,
771 1937 940 1992 usque
986 1921 1060 1976 ad
1118 1922 1442 1992 exemplum
1473 1921 1647 1975 etiam
1701 1921 1770 1975 de
1809 1936 1938 1974 casu
1973 1920 2096 1991 ejus

397 2015 652 2066 sumunt.

469 2101 632 2153 Vens.
698 2101 782 2153 12.
815 2128 884 2139 —
931 2100 1000 2154 1n
1073 2099 1456 2164 emsultalione,
1499 2101 1606 2152 etc.
1664 2097 1788 2150 Non
1837 2097 1907 2151 de
1945 2112 2096 2167 prae-

400 2187 672 2252 sentibus,
710 2193 840 2255 etc.,
875 2202 1044 2257 usque
1080 2187 1153 2240 ad
1191 2185 1344 2257 quod
1384 2189 1440 2240 et
1488 2185 1557 2239 de
1598 2185 1858 2256 paganis,
1889 2191 1946 2240 et
1974 2185 2097 2239 ha:-

400 2275 608 2340 reticis,
633 2279 690 2329 et
719 2275 883 2328 malis
908 2273 1213 2330 Catholicis
1246 2279 1434 2344 potest
1462 2271 1659 2345 accipi.

473 2366 629 2418 Vaas.
667 2365 750 2418 14.
809 2394 880 2406 -—
935 2366 1129 2418 Beatus
1181 2365 1355 2429 homo,
1422 2367 1528 2416 etc.
1580 2364 1668 2416 Ira
1707 2361 1912 2432 judicii
1939 2366 2098 2417 tanto

405 2453 715 2507 districtior
759 2452 1102 2523 portabitur,
1145 2457 1357 2522 quanto
1413 2467 1566 2505 nunc
1598 2450 1787 2504 minus
1838 2451 2094 2510 timetur.

474 2543 636 2595 Vens.
688 2544 775 2594 22.
825 2570 885 2580 —-
944 2543 1044 2596 Vir
1118 2543 1216 2608 qui
1278 2541 1509 2606 festinat
1559 2540 1753 2605 ditari,
1823 2539 1930 2604 Qui
1990 2557 2097 2594 au-

405 2644 540 2700 gere
595 2644 732 2699 opes
778 2628 978 2694 ambit,
1053 2631 1349 2699 peccatum
1408 2628 1666 2699 negligit,
1719 2644 1879 2682 more
1909 2628 2097 2682 avium

407 2722 628 2787 captus,
682 2732 812 2772 cum
891 2733 1077 2771 escam
1135 2722 1420 2771 terrenam
1477 2717 1674 2771 avidus
1710 2716 1957 2788 inspicit,
1986 2733 2099 2787 quo

406 2807 792 2876 stranguletur
820 2806 1036 2876 peccati
1059 2807 1284 2876 laqueo,
1311 2822 1426 2859 non
1453 2805 1711 2876 agnoscit
1734 2823 1747 2860 :
1785 2822 1915 2859 cum
1947 2821 2096 2876 queas

408 2894 545 2948 libet
567 2894 765 2948 mundi
812 2894 960 2948 bona
1007 2894 1310 2959 desiderat,
1374 2911 1501 2966 quae
1561 2895 1630 2948 de
1670 2895 1862 2948 futuro
1892 2893 2101 2948 damna

407 2983 658 3054 patiatur
682 2983 927 3053 ignorat.

483 3072 650 3126 Vens.
702 3074 788 3126 28.
853 3101 914 3111 —
951 3071 1080 3128 Cum
1127 3069 1465 3126 surrexerint
1493 3073 1670 3140 impii.
1720 3071 1957 3124 Eosdem
1999 3070 2100 3124 ho-

411 3159 611 3227 mines,
644 3175 786 3230 quos
811 3159 998 3230 justus
1027 3158 1182 3225 dicit,
1227 3159 1327 3230 qui
1375 3158 1537 3228 justi,
1591 3158 1893 3212 creationis
1950 3157 2102 3211 ordi-

412 3264 545 3301 nem
576 3252 828 3301 servant:
884 3248 1042 3302 Unde
1072 3247 1129 3300 in
1175 3248 1281 3302 Job
1328 3247 1396 3300 de
1447 3247 1805 3316 poenitente:
1845 3248 2104 3315 Respiciet

413 3337 668 3401 homines,
705 3339 755 3388 et
815 3336 975 3402 dicet,
1059 3337 1280 3389 Peccavi
1338 3335 1475 3405 (Job.
1535 3338 1751 3400 xxxui).
1800 3334 1962 3398 Quod
1996 3339 2100 3401 est,

413 3422 697 3492 Respiciet
728 3439 843 3488 eos,
891 3423 991 3491 qui
1040 3427 1302 3476 naturam
1358 3422 1625 3478 humanae
1679 3422 1983 3476 creationis
2013 3437 2105 3476 cu-

413 3511 686 3578 stodiunt,
723 3514 778 3563 et
808 3525 866 3564 se
886 3510 1173 3579 peccando
1211 3509 1487 3579 jumentis
1541 3509 1882 3564 assimilatos
1929 3526 2104 3581 agno-

415 3603 597 3653 scunt.

1087 3667 1310 3722 CAPUT
1365 3668 1537 3723 XXIX.

485 3773 647 3826 Vens.
686 3775 730 3826 1.
758 3774 1012 3827 —Homo
1043 3775 1140 3841 qui
1191 3772 1424 3837 blandis,
1483 3777 1585 3826 etc.
1639 3772 1746 3837 Qui
1806 3773 1951 3827 fictis
1989 3787 2106 3826 ser-

414 3862 680 3916 monibus
719 3862 1068 3931 proximum,
1095 3861 1306 3927 laudat,
1337 3865 1501 3932 parat
1530 3861 1582 3915 ei
1635 3861 1868 3930 insidas,
1903 3861 2108 3933 quibus

415 3950 474 4004 in
501 3950 820 4020 periculum
852 3950 1011 4003 verbi
1067 3955 1164 4003 aut
1195 3950 1382 4019 operis
1436 3949 1688 4002 securior
1717 3949 1968 4003 incidiat.
2001 3949 2108 4004 Sed

415 4038 705 4092 videamus
761 4038 860 4110 qui
907 4038 1179 4109 capiatur,
1237 4039 1329 4092 cui
1357 4037 1440 4104 ﬁt,
1491 4043 1590 4092 aut
1643 4039 1743 4110 qui
1797 4038 1949 4093 facit.
2007 4039 2106 4094 Se-

414 4127 610 4198 quitur
637 4143 651 4180 :

478 4216 636 4269 Vens.
671 4217 722 4270 6.
774 4243 846 4256 —
903 4217 1212 4270 Peccantem
1257 4217 1456 4269 virum.
1508 4216 1632 4269 Non
1665 4231 1801 4285 ergo
1827 4215 1980 4286 justo
2014 4216 2104 4270 la-

415 4319 596 4374 queus
627 4302 1002 4374 peccantium,
1067 4309 1193 4371 etc.,
1240 4319 1407 4371 usque
1465 4304 1540 4356 ad
1566 4319 1696 4357 nam
1727 4304 1827 4376 qui
1849 4304 1991 4359 fodit
2020 4304 2104 4359 fo-

413 4409 574 4446 veam
606 4392 866 4463 proximo
891 4407 1014 4456 suo,
1051 4391 1264 4445 incidet
1299 4392 1359 4444 in
1406 4409 1552 4446 eam.

514 4482 672 4534 Vens.
721 4484 773 4535 9.
827 4511 898 4520 —
961 4482 1060 4534 Vir
1135 4482 1372 4548 sapiens.
1431 4482 1632 4535 Doctor
1674 4481 1860 4536 tidelis
1915 4485 1970 4536 et
2015 4497 2102 4535 sa-

414 4569 593 4639 piens,
627 4574 757 4636 etc.,
788 4584 955 4638 usque
979 4569 1053 4622 ad
1080 4584 1196 4622 non
1221 4568 1453 4622 auditur
1474 4586 1505 4622 a
1553 4571 1746 4624 stulto.

484 4657 646 4712 Vnus.
708 4661 792 4712 11.
851 4688 917 4697 —
975 4659 1162 4712 Totum
1201 4659 1458 4726 spiritum
1505 4674 1682 4713 suum.
1743 4657 2106 4730 Impatientia

411 4747 745 4817 impellente
768 4750 920 4800 totus
941 4745 1176 4816 spiritus
1205 4745 1356 4800 foras
1389 4746 1736 4818 prorumpit,
1765 4754 1900 4814 etc.,
1937 4762 2106 4817 usque

412 4836 490 4890 ad
518 4835 745 4907 sapiens
774 4839 962 4889 autem
1009 4834 1286 4906 paulatim
1333 4851 1459 4889 eam
1515 4835 1838 4890 maturitate
1883 4836 2106 4891 consilii

414 4928 687 4980 extenuat
710 4927 767 4977 et
792 4922 1044 4994 expellit.

485 5015 644 5067 Vens.
682 5015 766 5068 13.
800 5041 870 5052 —-
907 5014 1121 5080 Pauper
1150 5017 1201 5066 et
1263 5012 1499 5067 creditor
1535 5011 1907 5066 obviaverunt.
1964 5014 2107 5067 Pan-

412 5119 533 5172 per,
568 5107 698 5168 etc.,
741 5117 910 5170 usque
970 5101 1045 5155 ad
1103 5101 1273 5168 unde,
1333 5104 1451 5156 sine
1479 5117 1560 5156 me
1606 5102 1746 5155 nihil
1768 5105 1994 5170 potestis
2016 5104 2106 5168 fa-

411 5207 544 5246 cere.

484 5279 648 5334 Vens.
686 5281 769 5332 18.
797 5307 869 5317 —
900 5278 1029 5334 Cum
1084 5275 1400 5346 prophetia.
1447 5277 1588 5332 Cum
1641 5276 1946 5332 sacerdotis
1973 5292 2102 5333 eru-

414 5366 552 5420 ditio
586 5367 900 5431 cessaverit,
933 5366 1184 5420 solvetur
1237 5365 1510 5420 continuo
1567 5365 1865 5436 disciplina
1895 5365 2103 5420 divinae

412 5453 582 5521 legis:
623 5471 736 5524 qua
785 5454 1034 5526 populus
1063 5454 1136 5509 ad
1170 5453 1543 5509 beatitudinis
1597 5454 1839 5526 praemia
1889 5454 2105 5526 pertin-

412 5557 547 5611 gere
575 5541 869 5596 debuerat.

2195 506 2340 562 tium
2371 504 2649 571 stultitiae,
2683 503 2784 559 sed
2824 520 2942 558 non
2977 504 3152 558 levius
3176 503 3570 559 verbositatis:
3605 520 3734 558 nam
3771 521 3861 559 sa:-

2193 609 2266 663 pe
2305 592 2606 662 contingit,
2679 597 2743 646 ut
2782 591 2961 646 idiota
3001 591 3212 661 aliquis
3275 592 3440 645 citius
3500 593 3669 646 verba
3697 608 3862 647 corre-

2193 681 2406 752 ptionis
2438 681 2698 750 accipiat,
2731 696 2906 752 quam
2930 680 3030 751 qui
3077 696 3180 734 sua
3211 680 3365 750 (quas
3403 680 3583 742 novit,
3613 681 3698 734 vel
3722 697 3862 736 nosse

2193 772 2376 840 putat)
2402 769 2580 838 magis
2604 769 2800 839 jaclut,
2834 785 3006 839 quam
3037 769 3283 823 aliorum
3313 768 3534 823 monita
3568 769 3772 822 audiat.

2271 859 2432 914 Vnus.
2471 860 2560 912 21.
2597 887 2663 897 —
2696 861 2802 922 Qui
2821 859 3045 911 delicate
3073 874 3108 911 α
3135 860 3375 926 pueritia
3403 873 3523 911 sua.
3557 858 3682 911 Alia
3704 863 3863 910 trans-

2195 946 2329 1000 latio
2386 946 2621 1016 pulchre
2655 961 2669 999 :
2703 945 2806 1012 Qui
2855 945 3143 1000 deiiciatur
3181 962 3216 1000 ιι
3265 948 3506 1016 pueritia
3535 961 3653 1008 sua,
3708 961 3864 1000 serv-us

2193 1038 2333 1089 erit:
2394 1036 2680 1088 novissime
2709 1038 2896 1088 autem
2926 1035 3359 1089 contristabitur.
3390 1035 3528 1089 Sero
3577 1034 3729 1087 enim
3758 1050 3864 1088 ma-

2195 1123 2383 1178 lorum
2421 1122 2678 1193 poenitet,
2713 1121 2814 1193 qui
2840 1122 2900 1175 in
2926 1125 3123 1176 tenera
3153 1127 3322 1176 aetate
3361 1122 3570 1176 noluit.

2267 1213 2425 1266 Vsus.
2479 1214 2567 1265 22.
2625 1242 2694 1250 -
2751 1213 2852 1268 Vir
2898 1210 3215 1265 iracundus.
3271 1211 3456 1264 Janua
3513 1210 3766 1264 omnium
3805 1211 3869 1265 vi-

2197 1299 2411 1354 tiorum
2460 1298 2808 1353 iracundia:
2863 1313 2979 1369 qua
3053 1299 3263 1363 clausa,
3326 1299 3631 1352 virtutibus
3689 1298 3869 1352 intrin-

2198 1406 2358 1443 secus
2387 1389 2614 1443 dabitur
2643 1387 2826 1458 quies,
2860 1390 3076 1459 aperta,
3110 1387 3180 1441 ad
3233 1403 3405 1441 omne
3455 1387 3677 1441 facinus
3707 1402 3869 1441 arma-

2197 1477 2354 1531 bitur
2382 1476 2632 1531 animus.

2270 1565 2431 1619 Vsus.
2460 1565 2548 1619 24.
2581 1595 2644 1604 --
2681 1565 2789 1630 Qui
2817 1579 2936 1618 cum
2988 1564 3115 1630 fure
3148 1565 3478 1633 participat,
3511 1563 3629 1618 odit
3659 1566 3874 1618 animum

2200 1665 2374 1707 suam.
2420 1653 2543 1706 Non
2588 1653 2774 1706 solum
2808 1669 2840 1706 a
2877 1655 3127 1722 peccato,
3177 1651 3276 1706 sed
3317 1652 3551 1706 etiama
3609 1668 3873 1706 consensu

2204 1740 2486 1794 abstinere
2515 1741 2679 1795 docet
2705 1739 2985 1811 sapientia
3017 1755 3030 1793 :
3087 1755 3158 1793 ne
3194 1739 3392 1794 audiat
3419 1757 3453 1794 a
3497 1740 3750 1794 districto
3787 1740 3874 1810 ju-

2203 1827 2368 1882 dice:
2403 1829 2463 1884 Si
2518 1830 2741 1884 videbas
2795 1831 2994 1896 furem,
3055 1829 3308 1882 currebas
3352 1844 3471 1882 cum
3526 1844 3607 1896 eo,
3640 1835 3741 1882 etc.
3769 1829 3873 1882 Non

2205 1917 2360 1970 enim
2386 1917 2478 1971 fur
2517 1918 2721 1983 solum,
2771 1919 2870 1972 sed
2918 1922 2974 1972 et
3002 1917 3099 1971 ille
3155 1933 3286 1972 reus
3318 1923 3570 1981 tenetur,
3631 1917 3727 1988 qui
3755 1916 3872 1970 furti

2204 2004 2482 2073 conscius,
2536 2010 2829 2076 quaerente
2885 2021 3208 2077 possessore
3267 2022 3384 2060 non
3444 2005 3687 2060 indicat.
3728 2007 3786 2059 Et
3809 2021 3868 2058 ne

2202 2099 2361 2148 metu
2418 2110 2680 2164 personae
2739 2095 3079 2165 potentioris
3137 2110 3198 2148 se
3283 2100 3531 2162 excuset,
3565 2095 3749 2150 addit:
3789 2095 3876 2160 Qui

2204 2185 2352 2238 timet
2381 2185 2689 2253 Dominum,
2710 2188 2841 2252 etc.,

2911 2327 3135 2382 CAPUT
3189 2327 3335 2381 XXX.

2275 2453 2441 2506 Vsus.
2481 2453 2606 2506 1.—
2647 2451 3370 2518 Verbacongregantis.lluc
3395 2467 3579 2522 usque
3610 2452 3870 2522 parabolis

2204 2538 2547 2608 Salomonis,
2569 2556 2710 2610 quas
2723 2540 3138 2593 transtulerunt
3157 2539 3262 2592 viri
3285 2540 3534 2594 Ezechiae
3567 2541 3717 2609 regis
3733 2541 3756 2594 .l
3764 2540 3872 2594 uda.

2206 2629 2352 2682 Hinc
2381 2644 2578 2682 rursus
2616 2628 2786 2682 verba
2831 2627 3168 2688 Salomonis.
3229 2629 3383 2698 quod
3421 2629 3792 2699 perpenditur
3819 2628 3880 2681 ab

2205 2716 2331 2787 ipso
2356 2716 2591 2770 nomine
2623 2732 2736 2788 quo
2764 2717 2952 2771 Graece
3002 2714 3402 2784 ἐκκλησιαστής,
3462 2717 3643 2771 latine
3670 2732 3882 2787 congre-

2207 2821 2384 2876 gans;
2419 2804 2663 2858 Ecclesia
2702 2805 2853 2858 enim
2885 2805 3233 2858 convocatio.
3887 2869 3893 2873 _

2287 2895 2435 2948 Visio
2465 2909 2646 2961 quam.
2708 2893 2858 2946 Visio
2914 2909 3088 2963 quam
3137 2893 3363 2946 locutus
3422 2898 3528 2958 est,
3586 2893 3724 2964 quia
3747 2891 3882 2964 quod

2132 2982 2172 3037 C
2210 2981 2349 3035 vidit
2369 2981 2520 3051 apud
2569 2983 2747 3035 Deum
2803 2981 3108 3035 secretiora
3163 2982 3603 3052 contemplanda
3645 2981 3887 3052 patefecit

2209 3069 2559 3122 hominibus.
2602 3069 2868 3140 Quisquis
2918 3069 3070 3122 enim
3123 3069 3339 3140 Spiritu
3397 3071 3495 3124 Dei
3553 3071 3887 3124 confortatus

2212 3163 2316 3223 est,
2353 3174 2481 3228 qua:
2526 3163 2848 3228 sequuntur
2898 3157 3104 3212 humili
3142 3158 3312 3212 corde
3363 3158 3518 3226 dicit,
3549 3161 3887 3215 stultissimus

2211 3259 2336 3300 sum
2362 3248 2624 3313 virorum,
2651 3251 2756 3299 etc.

2284 3335 2446 3387 Vens.
2490 3337 2542 3387 2.
2596 3335 3077 3389 —Stultissimus.
3116 3335 3244 3388 Filii
3298 3322 3462 3404 hujus
3522 3337 3708 3390 sarculi
3765 3352 3890 3406 pru-

2215 3422 2480 3476 dentiores
2507 3427 2632 3476 sunt
2656 3423 2794 3487 ﬁliis
2851 3425 2985 3478 lucis
3015 3425 3071 3477 in
3102 3426 3443 3490 generatione
3461 3439 3562 3478 sua
3597 3427 3747 3491 (Luc.
3771 3425 3884 3488 xvi).

2216 3511 2281 3564 Et
2329 3511 2682 3579 Apostolus:
2745 3511 2811 3564 Si
2858 3514 2980 3580 quis
3021 3512 3240 3567 videtur
3288 3527 3400 3566 esse
3427 3511 3650 3582 sapiens
3700 3517 3756 3567 in
3809 3512 3888 3566 hoc

2215 3601 2422 3664 saeculo,
2449 3600 2646 3653 stultus
2673 3602 2790 3668 ﬁat,
2816 3605 2875 3653 ut
2903 3602 2975 3654 sit
3016 3602 3232 3669 sapiens
3254 3603 3301 3670 (Ι
3329 3602 3454 3656 Cor.
3487 3601 3591 3670 Ill).

2285 3687 2404 3742 Non
2425 3686 2600 3740 didici
2622 3687 2692 3740 ab
2745 3687 3002 3754 homine,
3035 3687 3152 3755 sed,
3190 3687 3438 3742 donante
3499 3689 3638 3752 Deo,
3693 3694 3753 3742 ut
3779 3705 3885 3742 san-

2215 3779 2438 3830 ctorum
2487 3776 2781 3830 scientiam
2830 3793 3081 3831 noscam.
3140 3779 3202 3831 Et
3245 3778 3588 3848 Apostolus:
3622 3780 3728 3834 Nos
3755 3778 3890 3833 stulti

2212 3869 2437 3934 propter
2480 3866 2752 3922 Christum
2787 3881 2800 3919 :
2853 3864 3063 3918 iterum
3105 3865 3203 3932 ait,
3240 3866 3580 3934 Sapientiam
3628 3867 3889 3921 autemlo-

2219 3956 2442 4022 quimur
2484 3957 2626 4008 inter
2674 3955 2958 4022 perfectos.
3023 3954 3359 4022 Sapientiam
3411 3970 3534 4009 vero
3577 3971 3688 4010 non
3741 3955 3888 4008 homi-

2216 4057 2366 4107 num,
2399 4042 2612 4095 scilicet
2631 4057 2819 4112 neque
2847 4040 3175 4113 principum
3229 4041 3399 4114 hujus
3430 4043 3650 4111 seaculi,
3678 4043 3776 4114 qui
3803 4042 3889 4096 de-

2105 4143 2114 4154 ‘
2219 4135 2547 4184 struuntur.

2289 4218 2455 4272 Vsus.
2519 4217 2572 4271 4.
2625 4247 2694 4256 -
2763 4218 2897 4282 Quis
2967 4217 3212 4272 ascendit
3247 4219 3306 4271 in
3343 4218 3548 4271 malum.
3605 4218 3780 4272 Filius
3810 4215 3888 4270 Dei

2212 4311 2343 4376 post
2383 4305 2876 4371 resurrectionem,
2918 4310 2974 4360 et
3017 4311 3225 4359 nostrae
3289 4306 3728 4360 resurrectionis
3762 4311 3887 4360 tem-

2214 4411 2354 4466 pore
2383 4395 2756 4448 descensurus
2775 4401 2860 4449 est
2888 4395 2957 4449 ad
2981 4393 3284 4464 judicium.

2286 4484 2422 4549 Quis
2451 4486 2730 4539 continuit.
2765 4483 2962 4538 Omnis
3017 4483 3274 4553 spiritus,
3325 4483 3688 4552 angelorum,
3720 4482 3888 4538 homi-

2215 4587 2375 4640 num,
2427 4571 2763 4626 animalium
2813 4577 2871 4626 et
2925 4571 3323 4643 procellarum,
3385 4588 3459 4627 ne
3514 4573 3763 4634 deficiat,
3807 4569 3888 4624 Dei

2213 4659 2472 4731 potentia
2500 4660 2844 4715 continetur.

2288 4749 2397 4814 Qui
2451 4747 2734 4803 suscitavit
2789 4763 2985 4804 omnes.
3050 4749 3117 4804 Et
3161 4764 3316 4804 nunc
3360 4747 3576 4816 omnia,
3630 4765 3760 4822 quas
3802 4763 3888 4818 per

2215 4835 2410 4890 orbem
2431 4835 2624 4890 vivunt
2664 4841 2720 4890 et
2744 4840 3020 4903 crescunt,
3065 4837 3346 4904 homines,
3401 4837 3742 4904 animantia,
3773 4852 3887 4908 ger-

2214 4924 2394 4992 mina,
2430 4925 2598 4992 Deus,
2658 4929 2722 4978 ut
2779 4941 2882 4979 sua
2927 4925 3045 4979 vita
3097 4926 3428 4994 subsistant,
3488 4925 3884 4982 excitatzetin

2216 5013 2307 5067 die
2329 5013 2536 5084 judicii
2567 5029 2749 5083 genus
2777 5013 3096 5068 humanum
3128 5031 3162 5069 a
3189 5020 3440 5086 quatuor
3469 5015 3655 5071 ventis
3675 5033 3709 5071 a
3727 5017 3884 5069 morte

2216 5101 2506 5157 excitabit.

2287 5191 2444 5257 Quod
2470 5205 2659 5245 nomen
2686 5196 2764 5245 est
2802 5191 2942 5260 ejus,
2990 5195 3042 5246 et
3070 5191 3214 5260 quod
3263 5207 3452 5246 nomen
3504 5192 3612 5261 filii
3639 5193 3767 5262 ejus,
3799 5188 3882 5245 Dei

2213 5279 2392 5350 patris
2420 5284 2478 5334 et
2511 5278 2618 5332 ﬁlii
2671 5295 2887 5334 nomen
2938 5279 3073 5334 dicit
3105 5296 3117 5334 :
3153 5281 3313 5349 cujus
3343 5280 3685 5349 mysterium
3732 5295 3881 5335 saecuo

2213 5367 2350 5422 laris
2381 5366 2617 5421 scientia
2665 5368 3004 5422 naturaliter
3055 5369 3196 5422 scire
3253 5385 3371 5422 non
3402 5369 3612 5438 potuit,
3644 5368 3878 5440 quamvis

2214 5471 2335 5511 esse
2367 5457 2568 5524 Deum,
2601 5454 2702 5528 qui
2739 5455 2935 5511 omnia
2989 5456 3203 5524 fecerit,
3253 5473 3357 5529 per
3377 5457 3526 5514 facta
3580 5457 3875 5528 intelligam

2213 5543 2410 5618 possit.
