4020 6184
240 314 378 367 lil3

1353 309 1614 369 GLOSSA
1658 310 2063 371 ORDINARIA.
2113 344 2181 355 —
2227 314 2354 370 LIB.
2407 314 2605 371 PROV.

3598 314 3734 367 1114

307 436 375 489 Si
402 436 544 490 nosti
584 450 599 488 :
632 437 694 488 tu
716 433 943 496 scilicet,
991 433 1090 505 qui
1118 438 1277 489 tuam
1304 434 1642 506 sapientiam
1686 436 1929 506 jactans,
1961 441 2007 492 A
2045 437 2259 504 didicit,
2292 436 2446 508 quod
2471 440 2555 491 est
2600 435 2786 491 cubile
2843 434 3056 489 habere
3084 434 3146 488 in
3192 437 3374 505 petra,
3406 434 3558 489 unde
3606 434 3745 489 dicit

234 528 451 575 nostrae
482 521 616 575 ﬁdei
646 522 917 592 mysteria
946 522 1245 575 stultitiam
1278 538 1458 578 vocas.

312 611 475 663 Vens.
535 613 585 663 5.
645 640 715 649 -
774 612 960 666 Omnis
1035 624 1225 664 sermo.
1288 610 1701 681 Proprietatem
1760 612 1938 668 (ἕτερρί

233 698 515 765 nominis,
547 703 677 761 etc.,
708 713 875 766 usque
903 698 977 751 ad
1024 713 1155 751 vera
1207 698 1362 752 enim
1412 700 1605 753 omnia
1635 706 1690 754 et
1734 700 1933 771 ignita.

316 789 545 856 Clypeus
595 791 692 853 est,
727 786 784 839 id
811 792 895 839 est
949 791 1238 856 protector
1267 788 1527 842 omnium
1581 790 1937 860 sperantium

235 873 303 927 in
335 890 420 927 se.
461 873 704 945 Clypeus
734 880 930 929 contra
960 875 1211 929 hostium
1250 876 1488 930 insidias
1537 882 1594 931 et
1621 877 1814 931 omnia
1841 878 1939 931 ad-

240 978 424 1015 versa.

318 1053 479 1105 Vens.
512 1056 563 1105 7.
599 1080 663 1091 --
712 1054 828 1106 Duo
861 1054 1053 1120 rogavi
1098 1056 1164 1106 te.
1214 1054 1341 1107 llam
1397 1053 1583 1107 adhuc
1638 1054 1740 1122 vir,
1806 1059 1938 1121 etc.,

239 1154 414 1208 usque
434 1140 508 1193 ad
539 1140 599 1193 in
629 1140 980 1196 oblivionem
1021 1140 1242 1194 decidat
1276 1146 1642 1195 aiternorum.

318 1229 478 1281 Vens.
518 1229 599 1281 lt.
658 1259 725 1267 —
786 1229 1071 1284 Generatio
1102 1245 1220 1297 quae
1269 1232 1443 1297 patri.
1482 1230 1757 1300 Superius
1809 1230 1939 1285 vitae

240 1316 573 1386 puritatem,
607 1321 733 1379 etc.,
793 1331 960 1385 usque
1006 1317 1080 1370 ad
1119 1318 1166 1372 si
1219 1322 1384 1371 natus
1441 1323 1544 1384 est,
1577 1318 1684 1371 fuit
1714 1324 1939 1389 tempus

241 1405 477 1475 quando
500 1421 615 1458 non
643 1405 749 1459 fuit
780 1406 951 1458 ﬁlius.

316 1493 474 1545 Vens.
512 1493 595 1545 14.
644 1521 703 1531 --
762 1494 1083 1577 GeneratiqRt
1107 1508 1225 1561 qua:
1268 1508 1368 1562 pro
1425 1493 1674 1548 dentibus
1725 1494 1937 1561 gladios

242 1580 422 1633 habet.
452 1582 580 1634 H120
616 1583 718 1649 est,
771 1596 898 1651 qua:
944 1598 1105 1634 suam
1140 1582 1441 1652 perﬁdiam
1473 1582 1599 1637 aliis
1630 1583 1938 1636 immittere

240 1674 522 1734 conatur;
591 1674 649 1723 et
702 1668 848 1723 sicut
899 1686 1135 1740 corpora
1182 1667 1529 1741 gladiis,'ita
1581 1672 1937 1725 audientium

244 1756 468 1810 animas
499 1772 715 1810 veneno
742 1758 1097 1811 allocutionis
1126 1758 1349 1812 occidit.

318 1846 478 1899 Vens.
515 1848 595 1899 15.
632 1875 701 1885 -
737 1847 1099 1915 δἀηρυίευῃω
1129 1846 1249 1900 duae
1277 1852 1403 1901 sunt
1450 1849 1595 1916 ﬁlia.
1646 1847 1934 1915 Diabolus,

244 1934 347 2005 qui
377 1934 468 1987 siti
500 1940 730 2005 peccata
763 1935 1040 1988 suadendi
1083 1940 1360 2005 perpetuo
1405 1937 1592 2001 ardet;
1626 1936 1762 1990 Duae
1788 1938 1936 2005 ﬁlim,

244 2039 376 2093 quae
402 2023 525 2093 ejus
572 2023 871 2076 imitantur
910 2025 1197 2091 ardorem,
1231 2025 1452 2078 luxuria
1480 2029 1536 2078 et
1566 2024 1937 2095 philargyria.

248 2112 391 2165 Nam
424 2112 685 2180 luxuriae,
717 2129 830 2183 quo
884 2112 1118 2166 liberius
1147 2113 1305 2166 frena
1335 2114 1595 2166 laxantur
1636 2128 1701 2165 eo
1738 2112 1939 2165 noxius

246 2200 588 2266 delectatur;
654 2206 711 2254 et
782 2202 985 2257 Crescit
1032 2216 1183 2254 amor
1229 2203 1456 2267 nummi,
1508 2206 1772 2269 quantum
1818 2203 1942 2269 ipsa

239 2291 474 2358 pecunia
499 2291 707 2343 crescit.

324 2379 458 2429 Tria
485 2380 611 2429 sunt
650 2375 1055 2430 insaturabilia.
1091 2375 1352 2430 Infernus
1386 2392 1682 2447 nunquam
1724 2375 1941 2430 redun-

245 2463 373 2529 dat;
430 2464 697 2517 meretrix
749 2463 921 2517 habet
977 2464 1204 2518 similia.
1267 2465 1484 2533 Corpus
1541 2481 1659 2518 non
1704 2464 1943 2518 satiatur

243 2552 479 2616 deliciis,
514 2556 569 2605 et
597 2568 799 2605 avarus
830 2568 947 2605 non
991 2553 1147 2618 dicit,
1202 2552 1436 2619 sufficit;
1500 2552 1597 2606 alii
1652 2553 1942 2606 infernum

244 2642 445 2695 dicunt
498 2641 812 2708 diabolum,
845 2641 943 2713 qui
1001 2658 1117 2695 non
1181 2642 1419 2695 satiatur
1465 2641 1796 2696 seductione
1835 2642 1941 2696 hu-

247 2744 439 2781 mana.

317 2817 482 2871 Vens.
527 2821 609 2871 t6.
641 2847 712 2858 —
740 2818 807 2874 Os
838 2819 1027 2884 vulvae,
1062 2824 1113 2871 et
1166 2822 1312 2871 terra
1366 2833 1484 2880 alue
1546 2834 1652 2873 non
1706 2821 1944 2873 satiatur

249 2922 417 2974 aqua,
452 2912 516 2959 ut
544 2922 737 2976 supra,
755 2907 967 2977 ignem,
992 2906 1323 2960 incendium
1346 2906 1644 2977 gehennae,
1672 2906 1771 2977 qui
1794 2922 1941 2960 nun-

253 3010 428 3063 quam
451 2994 680 3049 desinit.

324 3085 482 3137 Vens.
535 3089 619 3139 l7.
671 3114 739 3123 —
793 3085 1017 3139 Oculum
1070 3086 1167 3154 qui
1220 3084 1539 3139 subsannat.
1591 3083 1697 3148 Qui
1758 3082 1950 3137 divina

250 3172 467 3242 judicia
496 3174 939 3242 reprehendunt,
976 3179 1105 3240 etc.,
1144 3189 1311 3241 usque
1340 3174 1413 3227 ad
1470 3172 1567 3244 qui
1608 3172 1823 3243 peccati
1853 3172 1948 3224 ni-

257 3260 556 3332 gredinem
582 3262 877 3315 humiliter
904 3261 1272 3315 conﬁtentur.

323 3352 455 3403 Filii
481 3352 681 3419 aquilae
725 3367 737 3404 :
773 3350 908 3421 quia
943 3366 1043 3419 per
1092 3350 1336 3419 gratiam
1396 3348 1519 3418 ejus
1574 3352 1707 3402 sunt
1736 3347 1941 3413 renati,

254 3438 353 3508 qui
381 3439 443 3491 in
482 3454 653 3492 carne
701 3439 770 3493 ad
820 3440 1026 3492 caelum
1074 3436 1463 3501 transvolavit,
1526 3435 1626 3507 qui
1678 3435 1812 3489 alibi
1843 3436 1948 3489 ﬁlii

256 3526 453 3597 sponsi
486 3527 774 3581 dicuntur.

324 3615 492 3667 Vaas.
542 3617 624 3667 18.
670 3644 739 3653 -—
791 3616 926 3667 Tria
972 3618 1097 3667 sunt
1150 3614 1286 3667 mihi
1337 3614 1611 3681 difﬁcilia.
1640 3614 1719 3666 Ita
1749 3617 1831 3667 est
1879 3614 1948 3667 ad

256 3702 526 3770 litteram,
578 3707 709 3767 etc.,
751 3718 918 3771 usque
946 3701 1024 3758 ad
1080 3701 1156 3754 sic
1187 3701 1415 3755 difﬁcile
1474 3706 1557 3755 est
1609 3701 1749 3755 scire
1809 3708 1951 3772 quot

254 3790 699 3859 cogitationibus
723 3790 951 3860 juvenis
981 3790 1190 3860 agitur,
1222 3790 1319 3861 qui
1370 3790 1519 3843 viam
1567 3789 1819 3843 veritatis
1843 3790 1947 3844 de-

254 3879 447 3951 servit.

329 3972 498 4023 γωδ.
545 3971 632 4025 20.
688 3998 757 4009 —
802 3969 947 4022 Talis
989 3972 1067 4021 est
1122 3973 1173 4024 et
1216 3970 1308 4021 via
1371 3968 1609 4021 mulieris
1668 3966 1946 4020 adultera.

257 4060 611 4125 Adulteram,
641 4073 871 4127 quoque
906 4072 1066 4110 mens
1119 4061 1183 4110 ut
1208 4072 1272 4110 ea
1299 4072 1427 4125 quas
1458 4054 1947 4123 commemoravit,

258 4163 489 4217 semper
526 4162 670 4217 vaga
690 4151 792 4211 est,
818 4162 949 4217 quae
970 4144 1070 4199 ubi
1100 4146 1281 4198 celare
1310 4150 1537 4214 peccata
1583 4143 1816 4214 poterit,
1849 4160 1946 4196 ne-

256 4240 354 4307 gat
375 4252 433 4288 se
463 4235 680 4305 aliquid
709 4239 961 4305 patrasse
994 4233 1150 4287 mali.

330 4327 492 4379 Vens.
538 4325 627 4379 24.
686 4353 749 4363 —
793 4324 1033 4389 Quatuor
1081 4339 1094 4375 :
1146 4321 1359 4375 scilicet
1405 4320 1654 4375 minores
1687 4319 1949 4374 videntur

248 4413 393 4485 justi
417 4414 475 4466 in
506 4417 675 4479 terra,
710 4428 885 4482 quam
938 4410 1186 4481 reprobi,
1221 4410 1276 4463 id
1329 4414 1415 4463 est
1461 4408 1823 4478 abjectiores;
1858 4410 1955 4462 sed

256 4507 454 4556 tamen
507 4500 882 4570 sapientiores
923 4504 1056 4553 sunt
1106 4498 1458 4568 sapientibus
1536 4498 1755 4564 mundi,
1821 4498 1956 4568 quia

255 4595 476 4643 interna
507 4592 793 4658 quaerunt,
828 4592 882 4641 et
904 4604 1007 4656 pro
1034 4586 1121 4640 his
1151 4585 1271 4656 pati
1306 4585 1651 4639 desiderant.

327 4679 487 4733 Vens.
520 4682 608 4732 25.
646 4707 712 4719 —
770 4679 1024 4731 Formica:
1076 4677 1307 4745 populus
1354 4678 1625 4744 inﬁrmus.
1672 4675 1739 4727 Et
1768 4673 1952 4728 Eccle-

260 4768 357 4821 εἰῶ
389 4768 658 4837 populus,
692 4770 822 4835 etc.,
850 4781 1015 4833 usque
1035 4764 1108 4818 ad
1138 4763 1345 4834 quibus
1376 4764 1523 4816 vivat
1554 4763 1612 4815 in
1652 4768 1951 4816 aeternum.

332 4859 497 4911 Vnus.
532 4859 620 4910 26.
681 4884 742 4894 —
785 4855 1137 4923 Lepusculus,
1191 4852 1290 4906 alii
1339 4852 1770 4921 chcerogryllus,
1820 4856 1953 4917 etc.,

260 4962 432 5015 usque
473 4946 546 5000 ad
575 4945 674 4999 sed
727 4943 820 4998 hic
871 4944 1108 5015 quidam
1164 4958 1268 5013 pro
1346 4940 1640 5011 lepusculo
1676 4940 1953 4994 hericium

258 5037 620 5195 hafliilistnox.)
676 5121 890 5176 Habent
950 5117 1104 5174 enim
1154 5118 1389 5174 Hebraea
1437 5117 1674 5172 verbum
1720 5118 1953 5187 saphan,

257 5214 413 5286 quod
440 5228 661 5266 murem
685 5214 742 5265 et
778 5210 1192 5280 chaerogyllum
1223 5212 1277 5261 et
1328 5209 1576 5279 leporem
1612 5211 1668 5261 et
1696 5206 1953 5261 hericum

258 5304 732 5372 interpretantur.

334 5393 683 5460 Lepusculus,
714 5394 819 5443 etc.
878 5388 1011 5441 Haec
1067 5390 1152 5439 est
1177 5385 1337 5455 plebs
1388 5382 1671 5449 Ecclesiaa,
1705 5397 1834 5453 quze
1874 5381 1957 5436 in-

259 5480 471 5543 valida,
500 5479 637 5548 quia
663 5476 903 5547 injurias
923 5491 1053 5529 suas
1073 5473 1269 5528 ulcisci
1302 5487 1417 5526 non
1464 5470 1693 5541 quaerit,
1745 5475 1802 5524 et
1822 5471 1957 5540 quia

266 5586 381 5624 non
416 5568 533 5621 suis
563 5568 797 5627 viribus,
831 5565 927 5620 sed
959 5564 1016 5618 in
1063 5562 1157 5617 Dei
1185 5561 1395 5616 auxilio
1451 5575 1682 5631 sperare
1714 5561 1955 5615 salutem

2047 542 2177 580 cum
2230 525 2526 579 Psalmista
2558 541 2570 578 :
2604 527 2732 578 Esto
2752 525 2889 577 mihi
2910 525 2968 576 in
2990 523 3226 591 lapidem
3276 523 3657 589 fortissimum,
3682 525 3743 577 in

2046 614 2261 667 domum
2294 615 2582 680 munitam,
2642 617 2702 665 ut
2730 613 2903 666 salves
2932 627 3031 677 me,
3064 613 3196 679 quia
3228 616 3386 681 petra
3406 626 3524 665 mea
3551 615 3602 665 et
3621 626 3742 665 mu-

2046 704 2183 756 nitio
2210 718 2326 755 mea
2351 717 2403 756 es
2436 706 2514 755 tu.

2119 792 2275 845 Vens.
2317 794 2404 844 27.
2450 819 2511 833 -
2557 791 2755 855 Regem
2812 789 3033 841 locusta.
3088 787 3344 852 Locusta,
3387 790 3514 852 etc.,
3574 802 3745 857 usque

2048 879 2121 932 ad
2150 884 2342 932 tamen
2374 878 2655 932 instanter
2684 878 2741 931 in
2770 876 2885 931 suis
2927 875 3067 929 locis
3124 874 3345 929 Christo
3392 874 3659 940 militare,
3684 879 3739 929 et

2048 967 2308 1039 germina
2338 967 2651 1021 carnalium
2674 964 2972 1020 consuevit
3003 963 3301 1017 absumere
3328 963 3702 1031 voluptatum.

2121 1057 2389 1111 Vaas.28.
2438 1084 2509 1095 —
2537 1056 2704 1110 Stella
2755 1053 3024 1107 manibus.
3069 1051 3264 1105 Stellio
3291 1052 3406 1104 alas
3460 1067 3580 1105 non
3634 1052 3743 1104 ha-

2047 1145 2163 1210 bet,
2196 1149 2328 1212 etc.,
2367 1159 2535 1211 usque
2584 1142 2658 1196 ad
2688 1140 3001 1195 obtinenda
3051 1139 3253 1194 aeterni
3310 1139 3473 1210 regni
3532 1140 3744 1193 muenia

2045 1234 2223 1287 virtus
2254 1231 2603 1301 operationis
2630 1232 2801 1285 levat.

2116 1323 2275 1376 Vens.
2303 1323 2390 1374 29.
2421 1349 2492 1361 —
2556 1319 2686 1373 Tria
2732 1322 2857 1373 sunt
2906 1332 3023 1386 quae
3075 1317 3429 1385 gradiuntur.
3483 1318 3604 1370 Non
3638 1333 3741 1371 nos

2049 1414 2296 1473 moveat,
2327 1414 2457 1474 etc.,
2481 1423 2648 1475 usque
2679 1406 2752 1460 ad
2772 1405 2908 1476 quia
2929 1405 2987 1458 in
3016 1404 3237 1459 fallacia
3265 1421 3368 1457 sua
3414 1404 3483 1459 ad
3514 1408 3742 1475 tempus

2046 1496 2423 1551 Antichristus
2454 1500 2845 1566 prosperatur.

2118 1587 2275 1639 Vens.
2339 1588 2423 1638 31.
2485 1614 2553 1622 -
2611 1584 2826 1650 Gallus,
2864 1580 3077 1635 scilicet
3120 1580 3546 1651 prmdicatores,
3590 1580 3745 1635 inter

2047 1674 2219 1743 hujus
2250 1672 2443 1727 seaculi
2464 1670 2728 1725 tenebras
2750 1686 2946 1724 verum
2980 1685 3145 1723 mane
3169 1658 3523 1723 nuntiantes.

2117 1766 2186 1817 Et
2216 1764 2375 1815 aries.
2414 1760 2636 1815 Primus
2683 1759 2824 1812 ordo
2856 1758 3233 1825 sacerdotum,
3282 1762 3412 1823 etc.,
3452 1772 3621 1825 usque
3668 1756 3744 1811 ad

2045 1857 2334 1921 postquam
2363 1850 2597 1903 elevatus
2619 1852 2695 1902 est
2726 1850 2783 1901 in
2809 1846 3054 1901 sublime.

2120 1940 2278 1993 Vens.
2314 1940 2401 1992 33.
2450 1966 2518 1976 —
2549 1940 2654 2006 Qui
2683 1940 2863 1989 autem
2892 1934 3068 1987 ubera
3098 1932 3319 1987 fortiter
3348 1932 3580 1999 premit,
3611 1937 3746 1999 etc.,

2048 2041 2215 2094 usque
2268 2025 2343 2078 ad
2398 2024 2534 2094 quia
2586 2024 2812 2078 Carnale
2870 2021 3118 2077 efﬁcitur
3170 2022 3278 2075 hoc
3334 2020 3493 2092 quod
3569 2020 3751 2074 nimia

2050 2113 2395 2169 discussione
2418 2112 2679 2166 sentitur.

2120 2205 2191 2257 Et
2236 2204 2334 2271 qui
2360 2206 2615 2270 provocat
2646 2198 3075 2268 iras,producit.
3109 2197 3257 2262 Quid
3293 2196 3450 2267 prior
3475 2195 3750 2266 parabole

2050 2292 2121 2346 ad
2146 2292 2393 2346 litteram
2452 2289 2752 2359 signiticet,
2812 2287 3018 2358 aperit,
3050 2291 3182 2353 etc.,
3242 2300 3411 2353 usque
3468 2286 3543 2340 ad
3598 2285 3753 2339 elicit

2050 2380 2409 2451 sanguinem.

2680 2446 2905 2502 CAPUT
2945 2446 3119 2501 XXXI.

2124 2558 2282 2612 Vens.
2317 2559 2363 2610 l.
2407 2584 2476 2594 —
2527 2554 2705 2610 Verba
2757 2554 3045 2608 Lamuelis.
3113 2550 3367 2617 Lamnel,
3402 2550 3459 2603 in
3494 2565 3613 2620 quo
3668 2552 3753 2602 est

2053 2647 2221 2711 Deus,
2253 2650 2397 2711 etc.,
2438 2658 2605 2712 usque
2629 2642 2703 2696 ad
2725 2641 2863 2695 vidit
2891 2655 3065 2711 quam
3118 2638 3433 2708 prudenter
3461 2653 3520 2690 se
3569 2640 3753 2689 mater

2053 2750 2153 2788 sua
2194 2732 2476 2787 docuerit.

2128 2824 2287 2877 Vens.
2321 2825 2373 2875 3.
2401 2850 2469 2861 —
2518 2820 2597 2874 Et
2627 2819 2852 2873 divitias
2891 2820 3032 2871 tuas.
3068 2817 3182 2871 Hoc
3212 2818 3318 2883 est,
3352 2813 3475 2867 noli
3506 2811 3753 2867 terrenis

2053 2910 2269 2966 deliciis
2298 2909 2598 2964 hominum
2628 2908 2798 2962 corda
2850 2920 3240 2974 corrumpere,
3291 2906 3416 2965 etc.,
3474 2917 3645 2971 usque
3672 2901 3746 2955 ad

1983 3001 2024 3057 C
2056 3017 2161 3070 per
2216 2999 2509 3053 illecebras
2561 2996 2753 3051 saeculi
2804 2998 3101 3049 merentur
3163 2990 3440 3047 eradicari
3493 2990 3563 3045 de
3598 2996 3749 3045 terra

2058 3087 2395 3143 viventium.

2127 3178 2283 3231 Vens.
2318 3176 2370 3229 4.
2402 3203 2473 3215 ——
2528 3174 2653 3231 Noli
2680 3172 2914 3240 regibus.
2960 3171 3088 3224 Haec
3130 3173 3189 3223 et
3216 3167 3517 3238 sequentia
3547 3167 3619 3221 ad
3647 3166 3750 3221 lit-

2058 3270 2239 3319 teram
2268 3267 2484 3333 patent,
2516 3266 2648 3328 etc.,
2677 3276 2845 3329 usque
2875 3258 2950 3313 ad
2978 3258 3231 3312 carnales
3261 3261 3606 3311 scrutantur.

2130 3356 2294 3408 Vens.
2336 3358 2386 3407 6.
2437 3382 2505 3390 —
2562 3352 2703 3404 Date
2760 3350 2986 3403 siceram
3036 3346 3404 3401 maerentibus.
3438 3345 3645 3398 Vinum
3689 3347 3749 3398 et

2057 3442 2255 3509 sicera,
2290 3446 2433 3509 _etc.,
2486 3454 2653 3507 usque
2706 3437 2781 3491 ad
2837 3452 2905 3489 ne
2930 3433 3336 3490 abundantiori
3388 3432 3624 3488 tristitia
3652 3433 3754 3487 ab-

2058 3531 2396 3585 sorbeantur
2424 3528 2525 3599 qui
2553 3524 2883 3597 hujusmodi
2911 3528 3060 3579 sunt.

2130 3620 2289 3673 Vaas.
2352 3620 2403 3672 8.
2436 3646 2506 3658 —
2541 3617 2713 3685 Aperi
2768 3629 2846 3668 os.
2892 3616 3000 3667 Pro
3058 3628 3227 3666 causa
3273 3610 3562 3681 pauperis,
3620 3614 3754 3676 etc.,

2058 3722 2226 3774 usque
2255 3706 2329 3759 ad
2356 3705 2450 3757 sed
2482 3708 2538 3757 et
2565 3702 2783 3757 cunctis
2810 3717 2914 3771 per
2938 3700 3134 3754 orbem
3167 3697 3500 3752 nationibus
3556 3711 3754 3751 curam

2058 3795 2255 3848 salutis
2276 3792 2634 3861 impendere.

2129 3884 2291 3937 Vens.
2341 3884 2391 3935 9.
2453 3908 2522 3921 —-
2574 3879 2747 3947 Aperi
2793 3891 2849 3931 os
2929 3880 3101 3941 tuum,
3153 3873 3392 3928 decerne.
3449 3871 3605 3927 Sicut
3651 3888 3755 3942 pro

2058 3986 2227 4025 causa
2264 3967 2531 4039 pauperis
2559 3970 2614 4019 et
2637 3964 2932 4034 ereptione
2958 3978 3023 4017 os
3054 3960 3277 4031 aperire
3306 3960 3597 4030 praecepit,
3650 3959 3751 4026 ita,

2058 4059 2159 4113 ubi
2190 4056 2473 4118 erraverit,
2508 4054 2660 4124 juste
2711 4052 2986 4122 castigare
3056 4050 3330 4103 admonet
3359 4066 3422 4101 ac
3475 4048 3753 4117 judicare.

2059 4150 2124 4202 Et
2181 4148 2390 4217 Moyses
2444 4160 2457 4197 ε
2509 4144 2771 4211 Pauperis
2827 4142 2886 4193 in
2924 4138 3138 4208 judicio
3218 4152 3326 4192 non
3425 4134 3757 4190 misereberis

2060 4234 2253 4305 (Exod.
2282 4237 2418 4297 xm).
2467 4230 2623 4295 Quod
2663 4236 2970 4298 utrumque
3029 4224 3333 4280 Dominum
3376 4224 3558 4277 facere
3613 4222 3755 4276 Pro-

1977 4280 2019 4334 υ
2475 4280 2623 4375 ..έέᾶ
2653 4280 3042 4387 ᾖλὰἱοαίίιὶη
3087 4315 3314 4384 justitia
3358 4324 3645 4382 pauperes,
3704 4313 3756 4364 et

2063 4416 2253 4479 arguet
2272 4413 2329 4463 in
2350 4410 2606 4478 aequitate
2633 4422 2735 4476 pro
2765 4408 3058 4460 mansuetis
3082 4409 3255 4458 terrae.

2136 4502 2294 4555 Vens.
2342 4501 2425 4553 lO.
2482 4528 2551 4537 -—-
2616 4497 2896 4551 Mulierem
2958 4496 3174 4560 fortem.
3234 4491 3538 4559 Hucusque
3585 4485 3756 4541 verba

2066 4587 2348 4644 Lamuelis
2378 4585 2547 4657 regis,
2571 4590 2704 4651 etc.,
2730 4598 2899 4653 usque
2929 4582 3003 4637 ad
3062 4580 3300 4635 virtutes
3361 4576 3757 4633 describantur

2064 4692 2128 4731 ac
2152 4675 2407 4746 praemia.

2132 4765 2411 4818 Mulierem
2434 4765 2630 4828 fortem
2680 4761 2807 4829 quis
2834 4759 3085 4812 inveniet.
3118 4754 3321 4811 Muliea
3375 4751 3537 4808 fortis
3566 4753 3760 4805 sancta

2066 4852 2328 4918 Ecclesia,
2353 4856 2485 4916 etc.,
2533 4864 2701 4918 usque
2728 4848 2802 4901 ad
2826 4862 2927 4918 per
2976 4845 3256 4899 mundum
3287 4842 3596 4914 praedicare
3654 4839 3758 4894 do-

2063 4940 2235 5001 navit,
2271 4939 2501 4993 addidit
2529 4954 2542 4991 :

2134 5030 2294 5083 Vens.
2329 5030 2410 5082 ll.
2446 5056 2505 5068 —
2542 5025 2777 5097 Conﬁdit
2804 5027 2862 5079 in
2884 5040 2947 5079 ea
2976 5039 3066 5078 cor
3094 5023 3222 5077 viri.
3246 5021 3358 5085 Vir,
3406 5018 3757 5089 redemptor,

2064 5122 2197 5185 etc.,
2240 5132 2405 5185 usque
2433 5116 2507 5170 ad
2540 5131 2667 5169 cum
2693 5130 2795 5185 per
2821 5113 3245 5184 praedicatores,
3277 5125 3417 5182 quos
3437 5109 3757 5177 deceperat,

2066 5208 2133 5261 ad
2162 5207 2461 5261 veritatem
2490 5210 2734 5258 revocat.

2136 5298 2205 5349 Et
2265 5295 2453 5363 spoliis
2519 5308 2623 5347 non
2681 5292 2965 5359 indigebit.
2997 5290 3141 5354 Quia
3174 5304 3469 5359 nunquam
3521 5285 3765 5340 cessabit

2066 5382 2308 5437 Ecclesia
2346 5381 2661 5451 deceptasa
2689 5378 2913 5433 diabolo
2965 5378 3183 5432 animas
3239 5375 3447 5432 Christi
3496 5374 3632 5429 ﬁdei
3675 5390 3759 5427 re-

2064 5472 2319 5536 stituere,
2371 5469 2552 5523 donec
2601 5468 2802 5523 mundi
2850 5484 3019 5522 cursu
3073 5465 3235 5521 ﬁnito
3262 5481 3535 5519 numerus
3574 5463 3761 5535 justo-

2065 5577 2191 5614 rum
2220 5559 2591 5628 compleatur.
2626 5557 2731 5613 Sed
2765 5557 2898 5629 quia
2930 5556 3207 5628 quidquid
3241 5553 3375 5611 boni
3426 5559 3619 5610 sancta
3667 5555 3763 5608 Ec-
