4082 6184
309 314 443 366 ms
915 308 1306 364 WALAFRIDI
1346 308 1594 363 STRABI
1636 306 1839 363 FULD.
1894 310 1921 363 Ν

2192 310 2253 364 Ρ.
2297 309 2471 365 PARS
2507 308 2553 362 Ι.
2602 337 2663 389 -ξ
2706 307 3168 363 TllEOLOGICA.
3678 308 3804 360 1116

303 433 477 488 clesia
507 432 592 487 vel
622 431 809 486 ﬁdelis
865 430 1055 485 anima
1113 431 1248 501 agit,
1296 430 1543 500 desuper
1578 430 1787 502 accipit
1848 434 2069 486 recteA
2111 432 2395 504 longeque
2451 431 2853 503 praedicatores
2941 430 3010 485 ad
3062 434 3260 502 gentes
3314 435 3546 487 aeterna:
3611 430 3810 486 salutis

309 520 573 575 subditur
601 536 614 573 :
1122 560 1135 564 ς
2120 527 2353 592 egentes
2382 520 2669 591 dispersit.

378 610 542 663 Vens.
583 611 666 663 l2.
701 638 766 647 —
802 606 1005 662 Reddet
1034 608 1083 660 ei
1112 607 1305 660 bonum
1347 612 1398 661 et
1422 622 1528 660 non
1563 608 1782 662 malum.
1851 607 2007 662 Red-
2187 612 2347 665 Vens.
2379 613 2468 664 21.
2499 639 2567 650 -
2601 612 2719 666 Νοη
2749 609 2970 664 timebit.
3006 607 3239 679 Frigora
3262 607 3427 674 nivis,
3469 612 3611 676 etc.,
3645 624 3811 677 usque

311 696 407 751 det
438 696 631 750 anima
678 696 897 750 Christo
932 696 1169 761 bonum,
1202 699 1331 761 etc.,
1364 710 1532 765 usque
1573 696 1647 750 ad
1671 698 1759 750 cui
1798 696 2005 763 simile,
2117 699 2343 770 adquia
2375 698 2614 752 credidit
2672 700 2784 753 Deo
2825 697 3035 752 dicenti
3081 698 3236 768 quod
3278 702 3451 767 portae
3506 699 3679 764 inferi
3706 712 3813 751 non

311 788 608 840 serviamus
639 783 748 847 illi,
779 788 883 837 etc.
2112 787 2483 857 praevalebunt
2512 787 2774 841 adversus
2803 802 2920 840 eam
2950 787 3164 854 (Matth.
3200 785 3337 854 1m).

385 874 551 927 Vens.
609 875 691 927 l3.
777 902 846 912 --
900 872 1187 938 Quaesivit.
1253 872 1468 937 Quibus
1519 874 1812 943 operibus,
1872 877 2001 936 etc.,
2190 876 2380 932 Omnes
2434 877 2573 930 enim
2631 874 2911 929 domestici
2962 875 3078 943 ejus
3162 876 3344 927 vestiti
3396 877 3523 928 sunt
3569 872 3812 942 duplici-

313 976 484 1029 usque
513 960 587 1014 ad
606 960 675 1014 de
714 961 821 1015 hac
851 961 1228 1015 retributione
1258 962 1509 1031 apertius
1530 962 1828 1017 subditur:
2120 964 2237 1028 bus,
2272 968 2376 1017 etc.
2411 962 2704 1034 Sapientia
2728 963 2960 1028 scilicet,
2985 963 3055 1016 ad
3104 962 3349 1015 htereses
3376 961 3729 1025 revelandas,
3761 964 3815 1013 et

387 1050 549 1103 Vens.
586 1050 670 1103 14.
695 1078 763 1089 —
794 1050 1058 1104 Factae-st
1086 1051 1248 1119 quasi
1268 1052 1427 1104 navis
1460 1052 1723 1105 institoris
1748 1050 1813 1104 de
1834 1052 2005 1119 longe.
2119 1051 2393 1123 patientia
2448 1052 2516 1105 ad
2564 1050 2887 1104 tolerandas
2966 1056 3294 1121 apertorum
3374 1050 3623 1103 hostium
3706 1064 3815 1117 pu-

315 1136 619 1206 Navigator
644 1136 852 1191 dicitur
879 1140 1118 1204 institor,
1151 1153 1217 1192 eo
1252 1139 1407 1208 quod
1446 1138 1807 1209 acquirendis
1856 1155 2010 1193 mer-
2121 1157 2280 1211 gnas,
2315 1146 2444 1205 etc.,
2476 1154 2645 1209 usque
2688 1140 2763 1193 ad
2804 1138 2903 1208 qui
2934 1136 3139 1191 merito
3165 1138 3225 1191 in
3272 1137 3484 1209 frigore
3513 1137 3810 1207 religatur,

314 1225 474 1279 cibus
505 1225 734 1279 sedulus
756 1225 952 1291 instat,
984 1230 1112 1293 etc.,
1146 1242 1313 1295 usque
1332 1226 1407 1279 ad
1434 1226 1503 1279 de
1525 1226 1735 1296 quibus
1767 1225 2007 1281 dicitur:
2122 1229 2258 1299 quia
2288 1232 2500 1282 vestem
2530 1227 2757 1297 pietatis
2787 1242 2902 1280 non
2921 1226 3186 1280 habebat.

314 1314 620 1368 Amendico
650 1314 820 1382 vobis,
850 1319 1160 1382 receperunt
1186 1314 1474 1367 mercedem
1495 1329 1670 1369 suam.
2188 1318 2349 1371 Vens.
2404 1318 2494 1370 22.
2573 1345 2643 1355 --
2727 1315 3105 1383 Stragulatam
3206 1317 3419 1367 vestem.
3495 1313 3822 1383 Stragulata

390 1403 553 1456 Vens.
594 1404 677 1456 l5.
728 1433 796 1442 —
844 1405 917 1457 De
963 1408 1136 1457 nocte.
1179 1402 1335 1458 Sicut
1374 1407 1527 1456 totus
1554 1401 1851 1472 praesentis
1906 1417 2011 1455 sm-
2123 1404 2292 1457 vestis
2325 1407 2410 1457 est
2440 1419 2569 1474 qua:
2598 1402 2849 1457 variante
2896 1407 3143 1467 textura,
3193 1402 3338 1454 solet
3375 1400 3577 1454 conﬁci
3603 1400 3820 1453 ﬁrmis-

313 1491 427 1545 culi
487 1506 703 1556 cursus,
783 1496 916 1557 etc.,
966 1507 1134 1561 usque
1184 1491 1257 1545 ad
1312 1495 1370 1545 et
1446 1490 1775 1561 hujusmodi
1802 1495 2013 1544 secreto
2125 1492 2291 1559 sima,
2346 1497 2475 1558 etc.,
2535 1507 2701 1561 usque
2758 1492 2833 1545 ad
2884 1489 3130 1561 byssina:
3174 1490 3324 1543 enim
3384 1488 3824 1559 justiﬁcationes

317 1595 595 1634 exercere.
2124 1586 2443 1634 sanctorum
2474 1586 2649 1651 sunt.‘

389 1670 657 1724 Surrexit.
691 1668 833 1723 Cum
879 1666 1007 1738 quis
1061 1667 1248 1721 ﬁdelis
1295 1668 1361 1721 ad
1392 1667 1677 1736 agendum
1723 1667 2014 1737 proximo-
2056 1711 2097 1765 Β
2198 1671 2359 1724 Vens.
2396 1672 2483 1723 23.
2534 1699 2601 1709 —
2638 1668 2843 1725 Nobilis
2901 1670 2960 1721 in
3006 1668 3179 1736 portis
3234 1668 3340 1720 vir.
3393 1666 3490 1718 Vir
3542 1664 3824 1719 Dominus

317 1770 447 1809 rum
478 1771 674 1809 curam
720 1755 959 1809 sollicite
991 1754 1325 1825 accingitur.
1377 1755 1537 1819 Quod
1576 1755 1799 1809 duobus
1832 1755 2014 1808 modis
2058 1754 2096 1765 “’
2127 1757 2225 1828 qui
2250 1758 2400 1810 visus
2449 1761 2533 1811 est
2583 1756 2871 1827 ignobilis,
2914 1760 3045 1821 etc.,
3077 1770 3246 1825 usque
3274 1754 3348 1808 ad
3380 1754 3597 1808 cunctis
3643 1769 3823 1823 appa-

318 1844 477 1912 facit,
509 1843 643 1914 quia
674 1847 730 1896 et
761 1860 876 1909 cos,
928 1844 1026 1914 qui
1057 1843 1194 1897 foris
1235 1849 1447 1912 errant,
1477 1845 1549 1898 ad
1587 1843 1761 1898 ﬁdem
1818 1848 2011 1910 vocat;
2126 1845 2275 1900 rehit
2294 1846 2579 1899 sublimis.

319 1936 376 1986 et
401 1932 503 2003 qui
551 1932 610 1985 in
641 1932 754 1985 ﬁde
786 1937 939 1999 sunt,
988 1936 1050 1985 ut
1104 1933 1352 2003 amplius
1409 1933 1678 2003 operibus
1717 1932 2012 2003 insistant;
2198 1934 2357 1988 Vens.
2383 1934 2471 1987 24.
2505 1963 2573 1974 -
2599 1933 2891 1987 Sindonem
2928 1935 3060 1999 fecit
3104 1937 3154 1985 et
3217 1930 3486 1985 vendidit.
3538 1930 3601 1983 ln
3636 1929 3819 1983 linteo

323 2021 478 2074 unde
505 2019 697 2073 subdit
726 2035 739 2072 :
2127 2021 2383 2075 sindonis
2414 2021 2658 2088 subtilis,
2692 2026 2821 2086 etc.,
2847 2036 3018 2089 usque
3057 2020 3131 2074 ad
3169 2024 3366 2089 gentes
3416 2018 3567 2072 enim
3597 2034 3628 2070 a
3668 2017 3823 2070 vitiis

392 2108 656 2175 Deditque
688 2107 930 2176 praedam
982 2108 1282 2163 domesticis
1313 2111 1445 2163 suis.
1483 2111 1589 2164 Dat
1631 2110 1882 2179 praedam
1915 2110 2015 2164 do-
2127 2110 2194 2165 ad
2224 2113 2479 2176 virtutes,
2522 2126 2553 2164 a
2582 2109 2809 2165 diabolo
2851 2108 3241 2179 migraverunt
3266 2108 3334 2161 ad
3358 2107 3665 2162 Christum.

324 2195 576 2249 mesticis
600 2197 738 2261 suis,
770 2212 899 2251 cum
927 2213 1043 2263 eos,
1074 2214 1218 2268 quos
1264 2198 1524 2252 diabolus
1550 2197 1782 2268 eripuit,
1816 2213 2016 2251 eorum
2197 2199 2357 2253 Vens.
2426 2201 2509 2252 25.
2560 2227 2633 2240 —
2679 2198 2984 2252 Fortitudo.
3061 2196 3351 2251 Fortitudo
3427 2196 3495 2248 ad
3570 2196 3827 2247 toleran-

324 2284 600 2349 societati,
645 2284 743 2354 qui
774 2285 833 2339 in
881 2285 990 2339 ﬁde
1012 2292 1443 2357 praecesserunt,
1473 2287 1757 2341 conciliat.
1786 2288 1891 2340 Dat
1914 2302 2017 2339 an-
2127 2286 2287 2354 dum,
2320 2292 2450 2351 etc.,
2485 2302 2657 2355 usque
2686 2286 2759 2338 ad
2789 2292 2908 2338 esto
2940 2284 3102 2339 fortis
3143 2284 3407 2337 adversus
3453 2282 3824 2336 detractores.

326 2371 471 2425 cillis
500 2371 617 2425 suis
664 2372 895 2440 cibaria,
938 2390 1068 2429 cum
1117 2374 1363 2428 humiles
1392 2391 1672 2446 quosque,
1703 2380 1761 2429 et
1810 2375 2018 2428 timore
2200 2377 2361 2429 Vens.
2394 2377 2490 2428 26.
2527 2410 2579 2420 —
2619 2378 2687 2430 Os
2745 2389 2919 2428 suum.
2953 2373 3038 2427 Ad
3097 2373 3204 2425 hoc
3229 2376 3449 2424 tantum
3481 2370 3723 2440 loquens
3767 2386 3830 2421 os

318 2460 481 2529 jussa
511 2466 919 2530 servantes,ne
982 2463 1286 2516 lassescant
1340 2463 1434 2534 pio
1486 2463 1697 2526 labore,
1744 2463 2019 2519 mercedis
2128 2464 2375 2535 aperuit,
2405 2468 2534 2529 etc.,
2584 2477 2751 2531 usque
2806 2462 2878 2515 ad
2910 2461 3137 2533 utrique
3187 2459 3451 2513 convenit
3507 2458 3656 2529 quod
3691 2458 3833 2510 sub-

328 2548 874 2603 commemoratione
905 2550 1104 2603 reﬁcit.
2121 2552 2317 2625 jungit
2348 2568 2361 2605 :

399 2634 570 2689 Vens.
609 2636 689 2688 16.
723 2663 795 2675 -
821 2635 1225 2690 Consideravit.
1262 2636 1436 2690 Hodie
1467 2639 1523 2690 et
1550 2652 1733 2707 usque
1751 2635 1811 2690 in
1842 2635 2021 2690 ﬁnem
2203 2642 2315 2695 Lea:
2340 2640 2645 2694 clementia.
2676 2638 2747 2692 Ut
2774 2654 2890 2691 non
2923 2637 3116 2691 statim
3148 2635 3351 2708 puniat
3406 2640 3470 2689 ut
3519 2635 3604 2689 lex
3634 2634 3831 2704 Moysi,

327 2722 753 2777 saeculimulier
782 2722 966 2786 fortis,
998 2728 1125 2790 etc.,
1160 2740 1329 2794 usque
1353 2725 1428 2778 ad
1458 2740 1587 2796 quae
1617 2724 1691 2778 sit
1720 2724 2023 2779 beatitudi-
2131 2734 2265 2794 etc.,
2332 2742 2501 2796 usque
2549 2726 2624 2781 ad
2665 2729 2721 2780 et
2770 2725 2850 2779 sic
2897 2726 3138 2779 absolvit
3190 2739 3364 2779 eam:
3423 2723 3573 2779 Vade
3626 2729 3677 2776 et
3728 2740 3839 2778 am-

326 2809 416 2864 nis
435 2810 729 2880 plenitudo
746 2810 806 2864 in
827 2827 1004 2881 regno
1038 2812 1157 2868 Dei.
2128 2819 2279 2888 ptius
2309 2818 2422 2871 noti
2437 2830 2682 2885 peccare.

391 2900 475 2954 De
526 2900 714 2965 fructu
766 2915 1022 2954 manuum
1076 2916 1321 2954 suarum.
1379 2901 1523 2965 Quia
1576 2902 1647 2956 de
1716 2902 2022 2957 fructiferis
2206 2907 2369 2959 Vens.
2409 2907 2499 2958 27.
2545 2932 2619 2945 —
2657 2902 3047 2960 Consideravit.
3078 2900 3184 2966 Qui
3248 2904 3479 2955 cunctas
3531 2900 3834 2954 conscien-

332 3002 569 3040 suorum
601 2987 861 3042 ﬁdelium
889 2988 1071 3058 factis,
1094 2994 1222 3057 etc.,
1246 3004 1415 3059 usque
1437 2990 1512 3044 ad
1537 2994 1592 3046 et
1618 3007 1723 3062 pro
1774 2990 1855 3046 eis
1884 2990 2024 3063 quid
2063 2989 2103 3044 Ο
2134 2994 2228 3049 tiae
2259 3009 2376 3047 sum
2402 2992 2776 3063 cogitationes
2822 2990 3106 3044 subtiliter
3149 2990 3475 3059 investigat,
3503 2993 3636 3056 etc.,
3661 3004 3839 3057 usque

330 3081 536 3146 Potest,
574 3075 812 3131 laborat.
2131 3082 2206 3137 ad
2231 3086 2286 3135 et
2310 3092 2439 3152 Quae
2462 3080 2657 3134 didicit
2691 3079 2931 3151 agenda,
2962 3094 3221 3132 exercere
3253 3093 3369 3132 non
3388 3077 3613 3131 desinit.

402 3164 564 3218 Vens.
600 3169 683 3221 l7.
747 3195 814 3205 —
843 3166 1121 3222 Accinxit.
1161 3167 1301 3221 Cum
1350 3181 1409 3220 se
1443 3166 1509 3221 ad
1541 3166 1818 3222 virtutum
1851 3182 2026 3237 opera
2208 3173 2405 3225 Panem
2436 3171 2606 3223 otiosa
2629 3183 2736 3222 non
2782 3167 3029 3222 comedit.
3091 3166 3235 3231 Quia
3264 3182 3489 3220 sacrum
3534 3164 3841 3235 eloquium

332 3258 635 3323 preparat,
699 3258 830 3322 etc.,
884 3269 1054 3323 usque
1136 3254 1209 3307 ad
1269 3258 1333 3308 ut
1389 3252 1554 3309 bonis
1607 3255 1879 3326 operibus
1916 3255 2024 3308 ful-
2133 3257 2286 3330 quod
2328 3256 2590 3327 percipit,
2622 3272 2794 3325 opere
2824 3254 3179 3325 exsequitur,
3205 3258 3335 3321 etc.,
3393 3252 3666 3323 usquead
3714 3269 3842 3307 non

334 3339 536 3411 ὃθδῖίεο
2134 3346 2319 3400 solum
2340 3343 2559 3409 otiosae,
2593 3343 2691 3397 sed
2723 3342 2976 3396 verbosa:
3005 3346 3061 3396 et
3090 3341 3348 3396 curiosae.

405 3429 565 3483 Vens.
598 3430 683 3483 18.
708 3457 778 3470 -
808 3430 1059 3485 Gustavit
1110 3434 1160 3485 et
1196 3430 1338 3485 vidit
1376 3432 1509 3500 quia
1552 3430 1689 3485 bona
1736 3435 1833 3485 est.
1891 3431 2027 3501 Agri
2206 3435 2372 3488 Vens.
2414 3435 2503 3488 28.
2532 3460 2600 3473 -
2649 3432 3016 3488 Sun-emerunt
3042 3432 3149 3499 ﬁlii
3177 3431 3315 3499 ejus.
3361 3429 3524 3493 Quod
3572 3428 3846 3482 futurum

335 3514 549 3569 scilicet
585 3514 760 3583 illius,
810 3521 941 3583 etc.,
990 3532 1159 3585 usque
1202 3518 1276 3571 ad
1319 3518 1415 3572 sed
1482 3522 1538 3572 et
1582 3522 1748 3572 nocte
1792 3534 2028 3572 accensa
2137 3520 2293 3576 novit
2347 3526 2407 3574 ut
2463 3520 2767 3591 propheta,
2826 3525 2959 3588 etc.,
3018 3534 3187 3588 usque
3239 3517 3314 3571 ad
3364 3517 3459 3571 sed
3509 3516 3568 3570 in
3614 3516 3846 3586 judicio

335 3604 567 3657 lucerna
592 3604 859 3658 manibus
890 3610 1176 3675 operatur.
2138 3613 2354 3681 quanta
2382 3609 2455 3662 sit
2484 3607 2915 3662 resurrectionis
2937 3623 3055 3661 sum
3088 3606 3272 3676 gloria
3296 3604 3732 3661 demonstrabit.

407 3693 565 3747 Vens.
610 3695 694 3746 19.
746 3722 815 3733 -—
878 3696 1102 3749 Manum
1156 3710 1312 3749 suam
1382 3692 1550 3749 misit.
1612 3694 1805 3749 Fortia
1869 3694 2027 3759 dicit,
2211 3700 2374 3753 Vens.
2404 3700 2492 3752 29.
2524 3728 2593 3737 —
2634 3698 2817 3752 Multa:
2868 3696 2997 3764 ﬁliae
3045 3699 3502 3763 congregaverant
3556 3693 3845 3746 divitias:

336 3781 593 3851 perfecta
620 3781 682 3835 in
713 3781 987 3836 charitate
1026 3799 1220 3853 opera,
1272 3787 1405 3849 etc.,
1436 3798 1605 3852 usque
1632 3783 1707 3837 ad
1756 3784 1825 3838 de
1868 3786 2031 3853 cujus
2140 3792 2200 3842 tu
2271 3801 2621 3856 supergressa
2702 3800 2756 3839 es
2826 3787 3130 3838 universas.
3207 3782 3466 3835 Ecclesiae
3538 3781 3850 3836 haeretico-

334 3869 671 3924 fortitudine
702 3870 910 3925 dicitur
943 3887 955 3925 :
983 3872 1233 3939 Regnum
1262 3872 1508 3925 caelorum
1536 3874 1647 3925 vim
1697 3875 1931 3942 patitur,
1983 3876 2034 3926 et
2142 3892 2290 3939 rum,
2320 3880 2452 3941 etc.,
2506 3889 2676 3943 usque
2692 3873 2768 3927 ad
2800 3889 2929 3944 quas
2961 3871 3069 3926 ﬁde
3093 3876 3243 3925 casta
3273 3876 3330 3925 et
3349 3885 3521 3941 opere
3581 3868 3850 3939 perfecto

335 3959 560 4013 violenti
588 3961 814 4029 rapiunt
841 3960 982 4015 illud
1010 3961 1230 4031 (Matth.
1256 3959 1355 4026 χι).
2142 3962 2539 4035 Redemptoris
2570 3962 2657 4016 sui
2698 3961 2936 4031 vestigia
2962 3964 3227 4013 sectatur.

411 4050 481 4102 Et
513 4047 681 4116 digiti
715 4050 852 4116 ejus,
918 4048 1124 4119 inquit,
1171 4048 1639 4118 apprehenderunt
1675 4051 1881 4115 fusum.
1935 4050 2035 4104 Co-
2216 4053 2373 4106 Vens.
2410 4053 2496 4107 30.
2527 4079 2600 4092 —
2649 4050 2848 4105 Fallax
2870 4050 3056 4115 gratia
3081 4053 3133 4101 et
3156 4063 3300 4101 vana
3328 4050 3407 4100 est
3458 4044 3849 4115 pulchritudo,

338 4136 427 4190 lus
461 4135 520 4190 in
550 4136 799 4203 sinistra,
859 4137 1020 4191 fusus
1052 4137 1113 4191 in
1140 4137 1389 4203 dextera,
1422 4142 1549 4206 etc.,
1601 4154 1769 4206 usque
1797 4139 1872 4192 ad
1897 4138 2033 4208 quid
2147 4140 2334 4195 Fallax
2388 4145 2474 4193 est
2525 4138 2709 4208 gloria
2768 4137 2968 4199 laudis,
3028 4140 3155 4201 etc.,
3214 4150 3383 4203 usque
3430 4133 3505 4188 ad
3586 4134 3851 4204 qualiter

345 4227 539 4278 autem
586 4225 796 4279 mulier
849 4226 1032 4291 fortis,
1102 4225 1314 4280 scilicet
1377 4232 1571 4280 sancta
1656 4226 1899 4281 Ecclesia
1948 4227 2034 4280 vel
2067 4270 2108 4323 υ
2148 4228 2300 4282 enim
2342 4243 2469 4282 eam
2496 4227 2709 4291 laudet,
2742 4225 3008 4279 ostendit.
3046 4228 3175 4280 Date
3203 4225 3253 4277 ei
3280 4223 3346 4276 de
3375 4224 3581 4288 fructu.

345 4312 540 4367 anima
570 4313 819 4383 perfecta
873 4329 975 4383 per
1028 4314 1218 4368 fusum
1271 4318 1504 4384 operata
1531 4314 1638 4374 sit;
1690 4315 2031 4387 subjungit:
2069 4312 2105 4323 “’
2220 4317 2380 4370 Vens.
2413 4318 2498 4369 31.
2531 4345 2599 4353 --
2646 4315 2788 4367 Date
2842 4316 2892 4367 ei
2920 4313 2984 4366 de
3029 4314 3216 4379 fructu
3274 4326 3533 4366 manuum
3588 4325 3848 4364 suarum.

417 4401 579 4455 Vens.
616 4403 703 4454 20.
732 4431 802 4440 —
829 4402 1052 4455 Manum
1080 4416 1236 4457 suam
1264 4405 1480 4472 aperuit
1522 4405 1691 4471 inopi,
1725 4408 1775 4457 et
1823 4404 2039 4472 palmas
2149 4404 2264 4456 Hoc
2289 4401 2375 4455 vir
2395 4400 2511 4469 ille,
2541 4401 2610 4455 de
2635 4417 2749 4472 quo
2773 4416 2946 4471 supra
2967 4399 3184 4454 dictum
3202 4401 3309 4467 est,
3338 4402 3467 4462 etc.,
3490 4413 3662 4465 usque
3686 4398 3767 4451 ad
3796 4404 3855 4451 et

346 4504 494 4545 suas.
528 4492 640 4544 Hoc
692 4489 762 4543 de
800 4489 1197 4560 eleemosynis,
1255 4496 1386 4555 etc.,
1433 4506 1599 4559 usque
1626 4490 1701 4544 ad
1748 4506 1877 4544 cum
1929 4491 2038 4545 late
2149 4490 2423 4561 probante
2454 4505 2519 4542 ac
2548 4492 2951 4543 remunerante
2974 4488 3086 4540 Deo
3116 4486 3204 4539 cui
3228 4490 3312 4539 est
3336 4486 3521 4539 honor
3550 4490 3605 4537 et
3638 4486 3849 4555 gloria.

1542 4692 1837 4769 LIBER
1913 4690 2659 4770 ECCLESIASTES.

1608 4824 1739 4890 Quis
1768 4825 2006 4879 Hebreis
2037 4825 2317 4879 CoueLere
2349 4808 2572 4909 (n‘mp).

1165 5001 1223 5053 Β.
1269 4998 1656 5054 HIERONYMI
1697 4998 1768 5051 IN
1809 4997 2070 5053 LIBRUM
2113 4996 2613 5053 ECCLESIASTEN
2647 4995 3031 5051 PROLOGUS.

1397 5094 1587 5180 (Vide
1622 5095 1786 5159 inter
1814 5095 2016 5179 Opera
2046 5094 2441 5179 Hieronymi,
2476 5103 2629 5159 tom.
2662 5092 2800 5177 Ill.)

915 5339 1140 5395 CAPUT
1182 5339 1451 5394 PRIMUM
2150 5300 2320 5353 usque
2348 5283 2422 5337 ad
2451 5287 2506 5336 et
2535 5281 2773 5352 (aqualis
2830 5279 3104 5350 magister
3136 5282 3240 5347 est,
3273 5284 3331 5332 ct
3388 5278 3568 5332 nescit
3614 5296 3675 5332 se
3727 5294 3857 5332 esse

1457 5378 1472 5393 '
2150 5387 2364 5441 regem.

424 5461 592 5517 Vens.
631 5465 683 5516 l.
714 5492 783 5502 —-
818 5463 989 5518 Verba
1044 5464 1380 5518 Ecclesiaste
1430 5464 1688 5532 (HienoN.
1740 5464 1799 5515 in
1848 5462 2039 5523 Eecle.,
2225 5457 2531 5531 (Αιηικυε.)
2579 5457 2833 5511 Tradunt
2881 5453 3100 5510 Hebraei
3157 5453 3308 5507 hunc
3336 5452 3547 5506 librum
3578 5453 3858 5507 Salomo-

349 5555 384 5603 t.
422 5548 541 5619 111.)
586 5550 791 5603 Tribus
822 5550 1152 5604 nominibus
1202 5556 1428 5604 voratus
1480 5557 1565 5604 est
1600 5550 1891 5616 Salomon,
1935 5556 2043 5604 etc.
2156 5549 2245 5604 nis
2274 5565 2394 5602 esse
2444 5546 2666 5619 agentis
2732 5544 3147 5617 pcenitcnliam,
3199 5541 3334 5612 quia
3419 5540 3474 5594 in
3564 5542 3862 5612 sapientia
