  <div class='ocr_page' id='page_1' title='image "/cluster/home/n/w/nwhite01/storage/ocr_20150623/113/hvd.32044054759782/564.png"; bbox 0 0 4020 6184; ppageno 0'>
   <div class='ocr_carea' id='block_1_1' title="bbox 220 334 353 385">
    <p class='ocr_par' dir='ltr' id='par_1_1' title="bbox 220 334 353 385">
     <span class='ocr_line' id='line_1_1' title="bbox 220 334 353 385; baseline -0.015 0"><span class='ocrx_word' id='word_1_1' title='bbox 220 334 353 385; x_wconf 75' lang='grc'><strong>1117</strong></span> 
     </span>
    </p>
   </div>
   <div class='ocr_carea' id='block_1_2' title="bbox 1356 325 2613 391">
    <p class='ocr_par' dir='ltr' id='par_1_2' title="bbox 1356 325 2613 391">
     <span class='ocr_line' id='line_1_2' title="bbox 1356 325 2613 391; baseline -0.001 -2"><span class='ocrx_word' id='word_1_2' title='bbox 1356 325 1612 389; x_wconf 76' lang='lat' dir='ltr'>GLOSSA</span> <span class='ocrx_word' id='word_1_3' title='bbox 1651 329 2052 391; x_wconf 77' lang='lat' dir='ltr'><strong>ORDINARIA.</strong></span> <span class='ocrx_word' id='word_1_4' title='bbox 2092 365 2161 373; x_wconf 92' lang='lat'><strong>—</strong></span> <span class='ocrx_word' id='word_1_5' title='bbox 2203 335 2333 390; x_wconf 86' lang='lat' dir='ltr'>LIB.</span> <span class='ocrx_word' id='word_1_6' title='bbox 2374 334 2613 391; x_wconf 85' lang='lat' dir='ltr'>ECCLE.</span> 
     </span>
    </p>
   </div>
   <div class='ocr_carea' id='block_1_3' title="bbox 3589 336 3725 388">
    <p class='ocr_par' dir='ltr' id='par_1_3' title="bbox 3589 336 3725 388">
     <span class='ocr_line' id='line_1_3' title="bbox 3589 336 3725 388; baseline 0 0"><span class='ocrx_word' id='word_1_7' title='bbox 3589 336 3725 388; x_wconf 91' lang='grc'><strong>1118</strong></span> 
     </span>
    </p>
   </div>
   <div class='ocr_carea' id='block_1_4' title="bbox 212 452 3726 526">
    <p class='ocr_par' dir='ltr' id='par_1_4' title="bbox 212 452 3726 526">
     <span class='ocr_line' id='line_1_4' title="bbox 212 452 3726 526; baseline 0.001 -19"><span class='ocrx_word' id='word_1_8' title='bbox 212 452 530 524; x_wconf 88' lang='lat' dir='ltr'>divisitque</span> <span class='ocrx_word' id='word_1_9' title='bbox 597 452 845 509; x_wconf 80' lang='lat' dir='ltr'>conlisus</span> <span class='ocrx_word' id='word_1_10' title='bbox 908 470 1011 524; x_wconf 89' lang='lat' dir='ltr'>per</span> <span class='ocrx_word' id='word_1_11' title='bbox 1076 455 1343 509; x_wconf 82' lang='lat' dir='ltr'>mulieres</span> <span class='ocrx_word' id='word_1_12' title='bbox 1429 456 1575 510; x_wconf 89' lang='lat' dir='ltr'>Dum</span> <span class='ocrx_word' id='word_1_13' title='bbox 1664 457 1916 513; x_wconf 78' lang='lat' dir='ltr'>offendit.</span> <span class='ocrx_word' id='word_1_14' title='bbox 1949 460 1994 514; x_wconf 82' lang='grc' dir='ltr'>Α</span> <span class='ocrx_word' id='word_1_15' title='bbox 2029 472 2129 526; x_wconf 86' lang='lat' dir='ltr'>per</span> <span class='ocrx_word' id='word_1_16' title='bbox 2161 457 2433 525; x_wconf 84' lang='lat' dir='ltr'>speculum</span> <span class='ocrx_word' id='word_1_17' title='bbox 2464 457 2522 509; x_wconf 86' lang='lat' dir='ltr'>in</span> <span class='ocrx_word' id='word_1_18' title='bbox 2573 456 2857 523; x_wconf 74' lang='lat' dir='ltr'>aenigmate</span> <span class='ocrx_word' id='word_1_19' title='bbox 2885 458 2935 509; x_wconf 84' lang='lat' dir='ltr'>et</span> <span class='ocrx_word' id='word_1_20' title='bbox 2974 470 3048 508; x_wconf 78' lang='lat' dir='ltr'>ea:</span> <span class='ocrx_word' id='word_1_21' title='bbox 3095 460 3273 525; x_wconf 88' lang='lat' dir='ltr'>parte,</span> <span class='ocrx_word' id='word_1_22' title='bbox 3334 454 3497 509; x_wconf 84' lang='lat' dir='ltr'>donec</span> <span class='ocrx_word' id='word_1_23' title='bbox 3544 458 3726 511; x_wconf 81' lang='lat' dir='ltr'>veniat</span> 
     </span>
    </p>
   </div>
   <div class='ocr_carea' id='block_1_5' title="bbox 212 541 1919 614">
    <p class='ocr_par' dir='ltr' id='par_1_5' title="bbox 212 541 1919 614">
     <span class='ocr_line' id='line_1_5' title="bbox 212 541 1919 614; baseline 0.001 -17"><span class='ocrx_word' id='word_1_24' title='bbox 212 541 429 597; x_wconf 80' lang='lat' dir='ltr'><strong>Secum</strong></span> <span class='ocrx_word' id='word_1_25' title='bbox 461 541 617 595; x_wconf 91' lang='lat' dir='ltr'>enim</span> <span class='ocrx_word' id='word_1_26' title='bbox 640 542 836 597; x_wconf 85' lang='lat' dir='ltr'>omnia</span> <span class='ocrx_word' id='word_1_27' title='bbox 886 559 1032 597; x_wconf 87' lang='lat' dir='ltr'>vana</span> <span class='ocrx_word' id='word_1_28' title='bbox 1062 543 1346 614; x_wconf 83' lang='lat' dir='ltr'>reputavit</span> <span class='ocrx_word' id='word_1_29' title='bbox 1375 560 1496 598; x_wconf 91' lang='lat' dir='ltr'>esse</span> <span class='ocrx_word' id='word_1_30' title='bbox 1529 549 1586 598; x_wconf 88' lang='lat' dir='ltr'>et</span> <span class='ocrx_word' id='word_1_31' title='bbox 1628 545 1698 599; x_wconf 88' lang='lat' dir='ltr'>ad</span> <span class='ocrx_word' id='word_1_32' title='bbox 1754 546 1919 600; x_wconf 93' lang='lat' dir='ltr'>mise-</span> 
     </span>
    </p>
   </div>
   <div class='ocr_carea' id='block_1_6' title="bbox 213 631 1551 703">
    <p class='ocr_par' dir='ltr' id='par_1_6' title="bbox 213 631 1551 703">
     <span class='ocr_line' id='line_1_6' title="bbox 213 631 1551 703; baseline 0.001 -19"><span class='ocrx_word' id='word_1_33' title='bbox 213 631 362 684; x_wconf 82' lang='lat' dir='ltr'>riam</span> <span class='ocrx_word' id='word_1_34' title='bbox 392 631 657 684; x_wconf 83' lang='lat' dir='ltr'>devenire</span> <span class='ocrx_word' id='word_1_35' title='bbox 681 647 777 684; x_wconf 90' lang='lat' dir='ltr'>eos</span> <span class='ocrx_word' id='word_1_36' title='bbox 809 631 909 700; x_wconf 88' lang='lat' dir='ltr'>qui</span> <span class='ocrx_word' id='word_1_37' title='bbox 939 632 999 685; x_wconf 92' lang='lat' dir='ltr'>in</span> <span class='ocrx_word' id='word_1_38' title='bbox 1030 632 1111 685; x_wconf 91' lang='lat' dir='ltr'>eis</span> <span class='ocrx_word' id='word_1_39' title='bbox 1129 649 1285 703; x_wconf 88' lang='lat' dir='ltr'>spem</span> <span class='ocrx_word' id='word_1_40' title='bbox 1313 639 1551 703; x_wconf 89' lang='lat' dir='ltr'>ponunt.</span> 
     </span>
    </p>
   </div>
   <div class='ocr_carea' id='block_1_7' title="bbox 138 706 1917 791">
    <p class='ocr_par' dir='ltr' id='par_1_7' title="bbox 138 706 1917 791">
     <span class='ocr_line' id='line_1_7' title="bbox 138 706 1917 791; baseline 0.003 -20"><span class='ocrx_word' id='word_1_41' title='bbox 138 706 139 713; x_wconf 33' lang='grc'><em>“</em></span> <span class='ocrx_word' id='word_1_42' title='bbox 286 718 930 791; x_wconf 74' lang='lat' dir='ltr'>(llinnon.)Allegorice.</span> <span class='ocrx_word' id='word_1_43' title='bbox 962 720 1235 774; x_wconf 85' lang='lat' dir='ltr'>Paciﬁcus</span> <span class='ocrx_word' id='word_1_44' title='bbox 1283 728 1340 775; x_wconf 89' lang='lat' dir='ltr'>et</span> <span class='ocrx_word' id='word_1_45' title='bbox 1369 722 1606 775; x_wconf 89' lang='lat' dir='ltr'>dilectus</span> <span class='ocrx_word' id='word_1_46' title='bbox 1666 721 1765 775; x_wconf 76' lang='lat' dir='ltr'>Dei</span> <span class='ocrx_word' id='word_1_47' title='bbox 1813 723 1917 776; x_wconf 86' lang='lat' dir='ltr'>Pa-</span> 
     </span>
    </p>
   </div>
   <div class='ocr_carea' id='block_1_8' title="bbox 212 806 1919 883">
    <p class='ocr_par' dir='ltr' id='par_1_8' title="bbox 212 806 1919 883">
     <span class='ocr_line' id='line_1_8' title="bbox 212 806 1919 883; baseline 0.002 -23"><span class='ocrx_word' id='word_1_48' title='bbox 212 806 318 860; x_wconf 84' lang='lat' dir='ltr'>tris</span> <span class='ocrx_word' id='word_1_49' title='bbox 376 808 570 873; x_wconf 81' lang='lat' dir='ltr'>Filius,</span> <span class='ocrx_word' id='word_1_50' title='bbox 604 813 733 871; x_wconf 89' lang='lat' dir='ltr'>etc.,</span> <span class='ocrx_word' id='word_1_51' title='bbox 766 823 933 877; x_wconf 87' lang='lat' dir='ltr'>usque</span> <span class='ocrx_word' id='word_1_52' title='bbox 966 809 1040 861; x_wconf 84' lang='lat' dir='ltr'>ad</span> <span class='ocrx_word' id='word_1_53' title='bbox 1098 810 1291 863; x_wconf 88' lang='lat' dir='ltr'>unde:</span> <span class='ocrx_word' id='word_1_54' title='bbox 1335 813 1412 883; x_wconf 5' lang='lat' dir='ltr'>plu</span> <span class='ocrx_word' id='word_1_55' title='bbox 1463 826 1664 864; x_wconf 89' lang='lat' dir='ltr'>omnem</span> <span class='ocrx_word' id='word_1_56' title='bbox 1718 816 1919 864; x_wconf 64' lang='lat' dir='ltr'>terram</span> 
     </span>
    </p>
   </div>
   <div class='ocr_carea' id='block_1_9' title="bbox 211 897 1917 966">
    <p class='ocr_par' dir='ltr' id='par_1_9' title="bbox 211 897 1917 966">
     <span class='ocr_line' id='line_1_9' title="bbox 211 897 1917 966; baseline 0.004 -19"><span class='ocrx_word' id='word_1_57' title='bbox 211 897 391 948; x_wconf 72' lang='lat' dir='ltr'>exivit</span> <span class='ocrx_word' id='word_1_58' title='bbox 419 911 580 949; x_wconf 87' lang='lat' dir='ltr'>sonus</span> <span class='ocrx_word' id='word_1_59' title='bbox 605 910 783 949; x_wconf 88' lang='lat' dir='ltr'>eorum</span> <span class='ocrx_word' id='word_1_60' title='bbox 826 911 840 948; x_wconf 86' lang='lat'><strong>:</strong></span> <span class='ocrx_word' id='word_1_61' title='bbox 865 900 913 949; x_wconf 88' lang='lat' dir='ltr'>et</span> <span class='ocrx_word' id='word_1_62' title='bbox 933 898 991 949; x_wconf 87' lang='lat' dir='ltr'>in</span> <span class='ocrx_word' id='word_1_63' title='bbox 1019 900 1150 966; x_wconf 76' lang='lat' dir='ltr'>ﬁnes</span> <span class='ocrx_word' id='word_1_64' title='bbox 1179 898 1324 953; x_wconf 89' lang='lat' dir='ltr'>orbis</span> <span class='ocrx_word' id='word_1_65' title='bbox 1359 904 1512 953; x_wconf 75' lang='lat' dir='ltr'>terra:</span> <span class='ocrx_word' id='word_1_66' title='bbox 1535 899 1699 953; x_wconf 84' lang='lat' dir='ltr'>verba</span> <span class='ocrx_word' id='word_1_67' title='bbox 1735 914 1917 954; x_wconf 86' lang='lat' dir='ltr'>eorum</span> 
     </span>
    </p>
   </div>
   <div class='ocr_carea' id='block_1_10' title="bbox 212 984 611 1049">
    <p class='ocr_par' dir='ltr' id='par_1_10' title="bbox 212 984 611 1049">
     <span class='ocr_line' id='line_1_10' title="bbox 212 984 611 1049; baseline 0.003 -13"><span class='ocrx_word' id='word_1_68' title='bbox 212 984 397 1049; x_wconf 81' lang='lat' dir='ltr'>(Psal.</span> <span class='ocrx_word' id='word_1_69' title='bbox 431 986 611 1048; x_wconf 85' lang='lat' dir='ltr'>xvm).</span> 
     </span>
    </p>
   </div>
   <div class='ocr_carea' id='block_1_11' title="bbox 287 1071 1917 1144">
    <p class='ocr_par' dir='ltr' id='par_1_11' title="bbox 287 1071 1917 1144">
     <span class='ocr_line' id='line_1_11' title="bbox 287 1071 1917 1144; baseline 0.005 -22"><span class='ocrx_word' id='word_1_70' title='bbox 287 1071 462 1125; x_wconf 73' lang='lat' dir='ltr'>Vens.</span> <span class='ocrx_word' id='word_1_71' title='bbox 515 1074 569 1125; x_wconf 83' lang='lat'>2.</span> <span class='ocrx_word' id='word_1_72' title='bbox 601 1101 668 1110; x_wconf 91' lang='lat'>-—</span> <span class='ocrx_word' id='word_1_73' title='bbox 708 1072 935 1125; x_wconf 82' lang='lat' dir='ltr'>Vanitas</span> <span class='ocrx_word' id='word_1_74' title='bbox 987 1074 1319 1127; x_wconf 64' lang='lat' dir='ltr'>sanitatum.</span> <span class='ocrx_word' id='word_1_75' title='bbox 1384 1074 1510 1144; x_wconf 94' lang='lat'>(10.)</span> <span class='ocrx_word' id='word_1_76' title='bbox 1562 1076 1668 1129; x_wconf 96' lang='lat' dir='ltr'>Pro</span> <span class='ocrx_word' id='word_1_77' title='bbox 1698 1078 1917 1130; x_wconf 78' lang='lat' dir='ltr'>vanitas</span> 
     </span>
    </p>
   </div>
   <div class='ocr_carea' id='block_1_12' title="bbox 209 1158 1918 1231">
    <p class='ocr_par' dir='ltr' id='par_1_12' title="bbox 209 1158 1918 1231">
     <span class='ocr_line' id='line_1_12' title="bbox 209 1158 1918 1231; baseline 0.002 -19"><span class='ocrx_word' id='word_1_78' title='bbox 209 1160 526 1212; x_wconf 79' lang='lat' dir='ltr'>vanitatum</span> <span class='ocrx_word' id='word_1_79' title='bbox 556 1158 873 1211; x_wconf 90' lang='lat' dir='ltr'>secundum</span> <span class='ocrx_word' id='word_1_80' title='bbox 922 1159 1197 1228; x_wconf 85' lang='lat' dir='ltr'>quosdam</span> <span class='ocrx_word' id='word_1_81' title='bbox 1249 1161 1586 1231; x_wconf 80' lang='lat' dir='ltr'>interpretes</span> <span class='ocrx_word' id='word_1_82' title='bbox 1615 1178 1918 1231; x_wconf 76' lang='lat' dir='ltr'>possumus</span> 
     </span>
    </p>
   </div>
   <div class='ocr_carea' id='block_1_13' title="bbox 212 1244 1917 1321">
    <p class='ocr_par' dir='ltr' id='par_1_13' title="bbox 212 1244 1917 1321">
     <span class='ocr_line' id='line_1_13' title="bbox 212 1244 1917 1321; baseline 0.004 -22"><span class='ocrx_word' id='word_1_83' title='bbox 212 1245 430 1312; x_wconf 82' lang='lat' dir='ltr'>dicere,</span> <span class='ocrx_word' id='word_1_84' title='bbox 492 1251 621 1314; x_wconf 88' lang='lat' dir='ltr'>etc.,</span> <span class='ocrx_word' id='word_1_85' title='bbox 655 1262 823 1316; x_wconf 81' lang='lat' dir='ltr'>usque</span> <span class='ocrx_word' id='word_1_86' title='bbox 881 1247 956 1300; x_wconf 88' lang='lat' dir='ltr'>ad</span> <span class='ocrx_word' id='word_1_87' title='bbox 985 1244 1163 1302; x_wconf 77' lang='lat' dir='ltr'>donec</span> <span class='ocrx_word' id='word_1_88' title='bbox 1207 1248 1396 1302; x_wconf 83' lang='lat' dir='ltr'>veniat</span> <span class='ocrx_word' id='word_1_89' title='bbox 1426 1250 1575 1320; x_wconf 92' lang='lat' dir='ltr'>quod</span> <span class='ocrx_word' id='word_1_90' title='bbox 1600 1252 1917 1321; x_wconf 84' lang='lat' dir='ltr'>perfectum</span> 
     </span>
    </p>
   </div>
   <div class='ocr_carea' id='block_1_14' title="bbox 212 1340 323 1387">
    <p class='ocr_par' dir='ltr' id='par_1_14' title="bbox 212 1340 323 1387">
     <span class='ocr_line' id='line_1_14' title="bbox 212 1340 323 1387; baseline 0 0"><span class='ocrx_word' id='word_1_91' title='bbox 212 1340 323 1387; x_wconf 89' lang='lat' dir='ltr'>est.</span> 
     </span>
    </p>
   </div>
   <div class='ocr_carea' id='block_1_15' title="bbox 289 1424 1918 1500">
    <p class='ocr_par' dir='ltr' id='par_1_15' title="bbox 289 1424 1918 1500">
     <span class='ocr_line' id='line_1_15' title="bbox 289 1424 1918 1500; baseline 0.004 -25"><span class='ocrx_word' id='word_1_92' title='bbox 289 1426 613 1493; x_wconf 82' lang='lat' dir='ltr'>Antequam</span> <span class='ocrx_word' id='word_1_93' title='bbox 641 1439 800 1477; x_wconf 90' lang='lat' dir='ltr'>suam</span> <span class='ocrx_word' id='word_1_94' title='bbox 834 1428 1010 1493; x_wconf 91' lang='lat' dir='ltr'>ponat</span> <span class='ocrx_word' id='word_1_95' title='bbox 1052 1424 1417 1491; x_wconf 85' lang='lat' dir='ltr'>sententiam,</span> <span class='ocrx_word' id='word_1_96' title='bbox 1453 1426 1759 1497; x_wconf 86' lang='lat' dir='ltr'>quemdam</span> <span class='ocrx_word' id='word_1_97' title='bbox 1816 1444 1918 1500; x_wconf 86' lang='lat' dir='ltr'>ap-</span> 
     </span>
    </p>
   </div>
   <div class='ocr_carea' id='block_1_16' title="bbox 214 1512 1913 1581">
    <p class='ocr_par' dir='ltr' id='par_1_16' title="bbox 214 1512 1913 1581">
     <span class='ocr_line' id='line_1_16' title="bbox 214 1512 1913 1581; baseline 0.005 -18"><span class='ocrx_word' id='word_1_98' title='bbox 214 1517 487 1581; x_wconf 80' lang='lat' dir='ltr'>paratum</span> <span class='ocrx_word' id='word_1_99' title='bbox 537 1512 760 1564; x_wconf 88' lang='lat' dir='ltr'>videtur</span> <span class='ocrx_word' id='word_1_100' title='bbox 808 1516 864 1565; x_wconf 90' lang='lat' dir='ltr'>et</span> <span class='ocrx_word' id='word_1_101' title='bbox 901 1518 1303 1567; x_wconf 83' lang='lat' dir='ltr'>ornamentum</span> <span class='ocrx_word' id='word_1_102' title='bbox 1336 1514 1539 1581; x_wconf 82' lang='lat' dir='ltr'>facere,</span> <span class='ocrx_word' id='word_1_103' title='bbox 1584 1532 1713 1569; x_wconf 90' lang='lat' dir='ltr'>cum</span> <span class='ocrx_word' id='word_1_104' title='bbox 1735 1517 1913 1571; x_wconf 83' lang='lat' dir='ltr'>dicit:</span> 
     </span>
    </p>
   </div>
   <div class='ocr_carea' id='block_1_17' title="bbox 223 1601 1914 1676">
    <p class='ocr_par' dir='ltr' id='par_1_17' title="bbox 223 1601 1914 1676">
     <span class='ocr_line' id='line_1_17' title="bbox 223 1601 1914 1676; baseline 0.002 -22"><span class='ocrx_word' id='word_1_105' title='bbox 223 1601 457 1655; x_wconf 84' lang='lat' dir='ltr'>Vanitas</span> <span class='ocrx_word' id='word_1_106' title='bbox 488 1602 810 1666; x_wconf 78' lang='lat' dir='ltr'>vanitatum,</span> <span class='ocrx_word' id='word_1_107' title='bbox 843 1605 893 1654; x_wconf 88' lang='lat' dir='ltr'>et</span> <span class='ocrx_word' id='word_1_108' title='bbox 916 1604 1097 1655; x_wconf 80' lang='lat' dir='ltr'>omnia</span> <span class='ocrx_word' id='word_1_109' title='bbox 1120 1604 1357 1656; x_wconf 81' lang='lat' dir='ltr'>vanitas.</span> <span class='ocrx_word' id='word_1_110' title='bbox 1402 1604 1605 1658; x_wconf 81' lang='lat' dir='ltr'>Postea</span> <span class='ocrx_word' id='word_1_111' title='bbox 1626 1621 1659 1657; x_wconf 92' lang='lat' dir='ltr'>a</span> <span class='ocrx_word' id='word_1_112' title='bbox 1690 1607 1914 1676; x_wconf 82' lang='lat' dir='ltr'>majori,</span> 
     </span>
    </p>
   </div>
   <div class='ocr_carea' id='block_1_18' title="bbox 214 1687 1917 1760">
    <p class='ocr_par' dir='ltr' id='par_1_18' title="bbox 214 1687 1917 1760">
     <span class='ocr_line' id='line_1_18' title="bbox 214 1687 1917 1760; baseline 0.004 -19"><span class='ocrx_word' id='word_1_113' title='bbox 214 1687 278 1741; x_wconf 98' lang='lat' dir='ltr'>id</span> <span class='ocrx_word' id='word_1_114' title='bbox 306 1690 393 1741; x_wconf 85' lang='lat' dir='ltr'>est</span> <span class='ocrx_word' id='word_1_115' title='bbox 422 1688 490 1740; x_wconf 90' lang='lat' dir='ltr'>ab</span> <span class='ocrx_word' id='word_1_116' title='bbox 546 1687 782 1741; x_wconf 88' lang='lat' dir='ltr'>homine</span> <span class='ocrx_word' id='word_1_117' title='bbox 811 1688 1035 1759; x_wconf 77' lang='lat' dir='ltr'>incipit,</span> <span class='ocrx_word' id='word_1_118' title='bbox 1084 1690 1393 1743; x_wconf 90' lang='lat' dir='ltr'>ostendens</span> <span class='ocrx_word' id='word_1_119' title='bbox 1423 1691 1615 1760; x_wconf 89' lang='lat' dir='ltr'>ipsum</span> <span class='ocrx_word' id='word_1_120' title='bbox 1677 1693 1917 1748; x_wconf 73' lang='lat' dir='ltr'>vanitati</span> 
     </span>
    </p>
   </div>
   <div class='ocr_carea' id='block_1_19' title="bbox 218 1775 1915 1849">
    <p class='ocr_par' dir='ltr' id='par_1_19' title="bbox 218 1775 1915 1849">
     <span class='ocr_line' id='line_1_19' title="bbox 218 1775 1915 1849; baseline 0.005 -22"><span class='ocrx_word' id='word_1_121' title='bbox 218 1775 566 1845; x_wconf 87' lang='lat' dir='ltr'>subjectum,</span> <span class='ocrx_word' id='word_1_122' title='bbox 626 1775 685 1828; x_wconf 88' lang='lat' dir='ltr'>id</span> <span class='ocrx_word' id='word_1_123' title='bbox 730 1781 813 1829; x_wconf 90' lang='lat' dir='ltr'>est</span> <span class='ocrx_word' id='word_1_124' title='bbox 864 1778 1253 1832; x_wconf 87' lang='lat' dir='ltr'>mutabititati.</span> <span class='ocrx_word' id='word_1_125' title='bbox 1326 1780 1389 1832; x_wconf 84' lang='lat' dir='ltr'>Et</span> <span class='ocrx_word' id='word_1_126' title='bbox 1434 1778 1543 1832; x_wconf 89' lang='lat' dir='ltr'>hoc</span> <span class='ocrx_word' id='word_1_127' title='bbox 1598 1786 1701 1849; x_wconf 91' lang='lat' dir='ltr'>est,</span> <span class='ocrx_word' id='word_1_128' title='bbox 1756 1786 1915 1835; x_wconf 59' lang='lat' dir='ltr'>vani-</span> 
     </span>
    </p>
   </div>
   <div class='ocr_carea' id='block_1_20' title="bbox 222 1864 1921 1941">
    <p class='ocr_par' dir='ltr' id='par_1_20' title="bbox 222 1864 1921 1941">
     <span class='ocr_line' id='line_1_20' title="bbox 222 1864 1921 1941; baseline 0.004 -23"><span class='ocrx_word' id='word_1_129' title='bbox 222 1871 330 1929; x_wconf 83' lang='lat' dir='ltr'>tas,</span> <span class='ocrx_word' id='word_1_130' title='bbox 357 1869 461 1917; x_wconf 91' lang='lat' dir='ltr'>etc.</span> <span class='ocrx_word' id='word_1_131' title='bbox 496 1864 722 1917; x_wconf 86' lang='lat' dir='ltr'>Vanitas</span> <span class='ocrx_word' id='word_1_132' title='bbox 759 1866 947 1918; x_wconf 89' lang='lat' dir='ltr'>omnis</span> <span class='ocrx_word' id='word_1_133' title='bbox 973 1867 1145 1919; x_wconf 89' lang='lat' dir='ltr'>homo</span> <span class='ocrx_word' id='word_1_134' title='bbox 1172 1867 1363 1920; x_wconf 85' lang='lat' dir='ltr'>vivens</span> <span class='ocrx_word' id='word_1_135' title='bbox 1397 1884 1409 1921; x_wconf 91' lang='lat'>:</span> <span class='ocrx_word' id='word_1_136' title='bbox 1470 1874 1685 1939; x_wconf 90' lang='lat' dir='ltr'>quanto</span> <span class='ocrx_word' id='word_1_137' title='bbox 1740 1871 1921 1941; x_wconf 87' lang='lat' dir='ltr'>magis</span> 
     </span>
    </p>
   </div>
   <div class='ocr_carea' id='block_1_21' title="bbox 218 1951 1921 2021">
    <p class='ocr_par' dir='ltr' id='par_1_21' title="bbox 218 1951 1921 2021">
     <span class='ocr_line' id='line_1_21' title="bbox 218 1951 1921 2021; baseline 0.004 -16"><span class='ocrx_word' id='word_1_138' title='bbox 218 1951 457 2005; x_wconf 66' lang='lat' dir='ltr'>eraterat</span> <span class='ocrx_word' id='word_1_139' title='bbox 522 1951 699 2018; x_wconf 89' lang='lat' dir='ltr'>Unde,</span> <span class='ocrx_word' id='word_1_140' title='bbox 781 1954 1031 2006; x_wconf 88' lang='lat' dir='ltr'>Vanitati</span> <span class='ocrx_word' id='word_1_141' title='bbox 1075 1953 1318 2021; x_wconf 85' lang='lat' dir='ltr'>subjecta</span> <span class='ocrx_word' id='word_1_142' title='bbox 1371 1960 1451 2009; x_wconf 87' lang='lat' dir='ltr'>est</span> <span class='ocrx_word' id='word_1_143' title='bbox 1511 1962 1761 2011; x_wconf 90' lang='lat' dir='ltr'>creatura</span> <span class='ocrx_word' id='word_1_144' title='bbox 1817 1974 1921 2012; x_wconf 87' lang='lat' dir='ltr'>non</span> 
     </span>
    </p>
   </div>
   <div class='ocr_carea' id='block_1_22' title="bbox 216 2040 1921 2114">
    <p class='ocr_par' dir='ltr' id='par_1_22' title="bbox 216 2040 1921 2114">
     <span class='ocr_line' id='line_1_22' title="bbox 216 2040 1921 2114; baseline 0.004 -20"><span class='ocrx_word' id='word_1_145' title='bbox 216 2042 420 2104; x_wconf 84' lang='lat' dir='ltr'>volens,</span> <span class='ocrx_word' id='word_1_146' title='bbox 453 2040 784 2109; x_wconf 79' lang='lat' dir='ltr'>sedpropter</span> <span class='ocrx_word' id='word_1_147' title='bbox 824 2056 942 2094; x_wconf 90' lang='lat' dir='ltr'>eum</span> <span class='ocrx_word' id='word_1_148' title='bbox 964 2040 1083 2109; x_wconf 84' lang='lat' dir='ltr'>qui,</span> <span class='ocrx_word' id='word_1_149' title='bbox 1116 2046 1221 2095; x_wconf 85' lang='lat' dir='ltr'>etc.</span> <span class='ocrx_word' id='word_1_150' title='bbox 1265 2042 1551 2114; x_wconf 89' lang='lat' dir='ltr'>Quidquid</span> <span class='ocrx_word' id='word_1_151' title='bbox 1597 2046 1752 2099; x_wconf 92' lang='lat' dir='ltr'>enim</span> <span class='ocrx_word' id='word_1_152' title='bbox 1804 2062 1921 2099; x_wconf 91' lang='lat' dir='ltr'>non</span> 
     </span>
    </p>
   </div>
   <div class='ocr_carea' id='block_1_23' title="bbox 220 2129 1915 2206">
    <p class='ocr_par' dir='ltr' id='par_1_23' title="bbox 220 2129 1915 2206">
     <span class='ocr_line' id='line_1_23' title="bbox 220 2129 1915 2206; baseline 0.006 -26"><span class='ocrx_word' id='word_1_153' title='bbox 220 2144 345 2180; x_wconf 90' lang='lat' dir='ltr'>esse</span> <span class='ocrx_word' id='word_1_154' title='bbox 378 2131 582 2197; x_wconf 86' lang='lat' dir='ltr'>potest,</span> <span class='ocrx_word' id='word_1_155' title='bbox 613 2129 832 2183; x_wconf 84' lang='lat' dir='ltr'>vanitas</span> <span class='ocrx_word' id='word_1_156' title='bbox 862 2130 973 2183; x_wconf 90' lang='lat' dir='ltr'>dici</span> <span class='ocrx_word' id='word_1_157' title='bbox 1027 2135 1235 2200; x_wconf 88' lang='lat' dir='ltr'>potest,</span> <span class='ocrx_word' id='word_1_158' title='bbox 1277 2133 1412 2203; x_wconf 88' lang='lat' dir='ltr'>quia</span> <span class='ocrx_word' id='word_1_159' title='bbox 1453 2135 1663 2189; x_wconf 89' lang='lat' dir='ltr'>mutari</span> <span class='ocrx_word' id='word_1_160' title='bbox 1708 2141 1915 2206; x_wconf 86' lang='lat' dir='ltr'>potest.</span> 
     </span>
    </p>
   </div>
   <div class='ocr_carea' id='block_1_24' title="bbox 222 2216 1919 2290">
    <p class='ocr_par' dir='ltr' id='par_1_24' title="bbox 222 2216 1919 2290">
     <span class='ocr_line' id='line_1_24' title="bbox 222 2216 1919 2290; baseline 0.007 -21"><span class='ocrx_word' id='word_1_161' title='bbox 222 2216 389 2269; x_wconf 89' lang='lat' dir='ltr'>Solus</span> <span class='ocrx_word' id='word_1_162' title='bbox 424 2217 569 2269; x_wconf 90' lang='lat' dir='ltr'>Deus</span> <span class='ocrx_word' id='word_1_163' title='bbox 602 2232 830 2287; x_wconf 88' lang='lat' dir='ltr'>semper</span> <span class='ocrx_word' id='word_1_164' title='bbox 857 2217 1012 2271; x_wconf 91' lang='lat' dir='ltr'>idem</span> <span class='ocrx_word' id='word_1_165' title='bbox 1043 2223 1125 2272; x_wconf 90' lang='lat' dir='ltr'>est</span> <span class='ocrx_word' id='word_1_166' title='bbox 1160 2220 1315 2290; x_wconf 90' lang='lat' dir='ltr'>quod</span> <span class='ocrx_word' id='word_1_167' title='bbox 1348 2226 1447 2276; x_wconf 89' lang='lat' dir='ltr'>est.</span> <span class='ocrx_word' id='word_1_168' title='bbox 1509 2224 1671 2287; x_wconf 88' lang='lat' dir='ltr'>Quod</span> <span class='ocrx_word' id='word_1_169' title='bbox 1728 2230 1919 2281; x_wconf 89' lang='lat' dir='ltr'>autem</span> 
     </span>
    </p>
   </div>
   <div class='ocr_carea' id='block_1_25' title="bbox 222 2304 1916 2384">
    <p class='ocr_par' dir='ltr' id='par_1_25' title="bbox 222 2304 1916 2384">
     <span class='ocr_line' id='line_1_25' title="bbox 222 2304 1916 2384; baseline 0.006 -27"><span class='ocrx_word' id='word_1_170' title='bbox 222 2308 500 2365; x_wconf 86' lang='lat' dir='ltr'>mutatur,</span> <span class='ocrx_word' id='word_1_171' title='bbox 538 2304 965 2374; x_wconf 88' lang='lat' dir='ltr'>quodammodo</span> <span class='ocrx_word' id='word_1_172' title='bbox 1024 2309 1326 2375; x_wconf 84' lang='lat' dir='ltr'>evanescit,</span> <span class='ocrx_word' id='word_1_173' title='bbox 1356 2314 1411 2363; x_wconf 92' lang='lat' dir='ltr'>et</span> <span class='ocrx_word' id='word_1_174' title='bbox 1465 2327 1576 2365; x_wconf 91' lang='lat' dir='ltr'>non</span> <span class='ocrx_word' id='word_1_175' title='bbox 1634 2316 1718 2366; x_wconf 88' lang='lat' dir='ltr'>est</span> <span class='ocrx_word' id='word_1_176' title='bbox 1767 2314 1916 2384; x_wconf 89' lang='lat' dir='ltr'>quod</span> 
     </span>
    </p>
   </div>
   <div class='ocr_carea' id='block_1_26' title="bbox 223 2392 1922 2464">
    <p class='ocr_par' dir='ltr' id='par_1_26' title="bbox 223 2392 1922 2464">
     <span class='ocr_line' id='line_1_26' title="bbox 223 2392 1922 2464; baseline 0.007 -20"><span class='ocrx_word' id='word_1_177' title='bbox 223 2397 382 2458; x_wconf 89' lang='lat' dir='ltr'>erat;</span> <span class='ocrx_word' id='word_1_178' title='bbox 415 2392 484 2446; x_wconf 90' lang='lat' dir='ltr'>ad</span> <span class='ocrx_word' id='word_1_179' title='bbox 530 2394 1017 2462; x_wconf 89' lang='lat' dir='ltr'>comparationem</span> <span class='ocrx_word' id='word_1_180' title='bbox 1066 2397 1369 2464; x_wconf 87' lang='lat' dir='ltr'>Creatoris,</span> <span class='ocrx_word' id='word_1_181' title='bbox 1425 2399 1610 2453; x_wconf 90' lang='lat' dir='ltr'>omnis</span> <span class='ocrx_word' id='word_1_182' title='bbox 1662 2407 1922 2456; x_wconf 88' lang='lat' dir='ltr'>creatura</span> 
     </span>
    </p>
   </div>
   <div class='ocr_carea' id='block_1_27' title="bbox 221 2480 1713 2558">
    <p class='ocr_par' dir='ltr' id='par_1_27' title="bbox 221 2480 1713 2558">
     <span class='ocr_line' id='line_1_27' title="bbox 221 2480 1713 2558; baseline 0.009 -27"><span class='ocrx_word' id='word_1_183' title='bbox 221 2480 445 2533; x_wconf 88' lang='lat' dir='ltr'>vanitas</span> <span class='ocrx_word' id='word_1_184' title='bbox 477 2486 662 2551; x_wconf 85' lang='lat' dir='ltr'>potest</span> <span class='ocrx_word' id='word_1_185' title='bbox 690 2481 800 2535; x_wconf 91' lang='lat' dir='ltr'>dici</span> <span class='ocrx_word' id='word_1_186' title='bbox 839 2488 894 2536; x_wconf 91' lang='lat' dir='ltr'>et</span> <span class='ocrx_word' id='word_1_187' title='bbox 914 2484 1078 2553; x_wconf 90' lang='lat' dir='ltr'>quasi</span> <span class='ocrx_word' id='word_1_188' title='bbox 1109 2484 1353 2539; x_wconf 85' lang='lat' dir='ltr'>nihilum</span> <span class='ocrx_word' id='word_1_189' title='bbox 1377 2489 1713 2558; x_wconf 89' lang='lat' dir='ltr'>computari.</span> 
     </span>
    </p>
   </div>
   <div class='ocr_carea' id='block_1_28' title="bbox 296 2569 1922 2645">
    <p class='ocr_par' dir='ltr' id='par_1_28' title="bbox 296 2569 1922 2645">
     <span class='ocr_line' id='line_1_28' title="bbox 296 2569 1922 2645; baseline 0.007 -24"><span class='ocrx_word' id='word_1_190' title='bbox 296 2569 501 2638; x_wconf 68' lang='grc' dir='ltr'>(Ηιειπι.)</span> <span class='ocrx_word' id='word_1_191' title='bbox 556 2569 612 2623; x_wconf 89' lang='lat' dir='ltr'>Si</span> <span class='ocrx_word' id='word_1_192' title='bbox 652 2574 854 2623; x_wconf 91' lang='lat' dir='ltr'>cuncta</span> <span class='ocrx_word' id='word_1_193' title='bbox 902 2587 1032 2641; x_wconf 74' lang='lat' dir='ltr'>quae</span> <span class='ocrx_word' id='word_1_194' title='bbox 1062 2572 1192 2626; x_wconf 86' lang='lat' dir='ltr'>fecit</span> <span class='ocrx_word' id='word_1_195' title='bbox 1223 2574 1390 2641; x_wconf 91' lang='lat' dir='ltr'>Deus,</span> <span class='ocrx_word' id='word_1_196' title='bbox 1443 2580 1574 2638; x_wconf 90' lang='lat' dir='ltr'>etc.,</span> <span class='ocrx_word' id='word_1_197' title='bbox 1626 2592 1793 2645; x_wconf 86' lang='lat' dir='ltr'>usque</span> <span class='ocrx_word' id='word_1_198' title='bbox 1848 2578 1922 2631; x_wconf 91' lang='lat' dir='ltr'>ad</span> 
     </span>
    </p>
   </div>
   <div class='ocr_carea' id='block_1_29' title="bbox 224 2658 1918 2728">
    <p class='ocr_par' dir='ltr' id='par_1_29' title="bbox 224 2658 1918 2728">
     <span class='ocr_line' id='line_1_29' title="bbox 224 2658 1918 2728; baseline 0.006 -19"><span class='ocrx_word' id='word_1_199' title='bbox 224 2673 398 2725; x_wconf 81' lang='lat' dir='ltr'>cogor</span> <span class='ocrx_word' id='word_1_200' title='bbox 425 2673 538 2709; x_wconf 88' lang='lat' dir='ltr'>non</span> <span class='ocrx_word' id='word_1_201' title='bbox 570 2658 763 2724; x_wconf 89' lang='lat' dir='ltr'>semel,</span> <span class='ocrx_word' id='word_1_202' title='bbox 809 2658 905 2712; x_wconf 90' lang='lat' dir='ltr'>sed</span> <span class='ocrx_word' id='word_1_203' title='bbox 934 2659 1022 2713; x_wconf 91' lang='lat' dir='ltr'>bis</span> <span class='ocrx_word' id='word_1_204' title='bbox 1082 2661 1289 2728; x_wconf 90' lang='lat' dir='ltr'>dicere,</span> <span class='ocrx_word' id='word_1_205' title='bbox 1347 2664 1574 2718; x_wconf 60' lang='lat' dir='ltr'>Vanitas</span> <span class='ocrx_word' id='word_1_206' title='bbox 1612 2668 1918 2720; x_wconf 81' lang='lat' dir='ltr'>vanitatum</span> 
     </span>
    </p>
   </div>
   <div class='ocr_carea' id='block_1_30' title="bbox 222 2745 749 2799">
    <p class='ocr_par' dir='ltr' id='par_1_30' title="bbox 222 2745 749 2799">
     <span class='ocr_line' id='line_1_30' title="bbox 222 2745 749 2799; baseline 0 -2"><span class='ocrx_word' id='word_1_207' title='bbox 222 2748 273 2797; x_wconf 84' lang='lat' dir='ltr'>et</span> <span class='ocrx_word' id='word_1_208' title='bbox 304 2745 488 2797; x_wconf 84' lang='lat' dir='ltr'>omnia</span> <span class='ocrx_word' id='word_1_209' title='bbox 512 2747 749 2799; x_wconf 83' lang='lat' dir='ltr'>vanitas.</span> 
     </span>
    </p>
   </div>
   <div class='ocr_carea' id='block_1_31' title="bbox 297 2832 1919 2906">
    <p class='ocr_par' dir='ltr' id='par_1_31' title="bbox 297 2832 1919 2906">
     <span class='ocr_line' id='line_1_31' title="bbox 297 2832 1919 2906; baseline 0.008 -23"><span class='ocrx_word' id='word_1_210' title='bbox 297 2832 459 2884; x_wconf 59' lang='grc' dir='ltr'><strong><em>νεεδ.</em></strong></span> <span class='ocrx_word' id='word_1_211' title='bbox 493 2834 544 2895; x_wconf 87' lang='lat'>3,</span> <span class='ocrx_word' id='word_1_212' title='bbox 593 2861 665 2871; x_wconf 91' lang='lat'>—</span> <span class='ocrx_word' id='word_1_213' title='bbox 713 2833 858 2900; x_wconf 83' lang='lat' dir='ltr'>Quid</span> <span class='ocrx_word' id='word_1_214' title='bbox 888 2834 1047 2889; x_wconf 86' lang='lat' dir='ltr'>habet</span> <span class='ocrx_word' id='word_1_215' title='bbox 1084 2838 1320 2905; x_wconf 85' lang='lat' dir='ltr'>amplius</span> <span class='ocrx_word' id='word_1_216' title='bbox 1376 2839 1547 2892; x_wconf 88' lang='lat' dir='ltr'>homo.</span> <span class='ocrx_word' id='word_1_217' title='bbox 1603 2841 1736 2906; x_wconf 92' lang='lat'>(10.)</span> <span class='ocrx_word' id='word_1_218' title='bbox 1788 2842 1919 2896; x_wconf 82' lang='lat' dir='ltr'>Post</span> 
     </span>
    </p>
   </div>
   <div class='ocr_carea' id='block_1_32' title="bbox 223 2919 1917 2992">
    <p class='ocr_par' dir='ltr' id='par_1_32' title="bbox 223 2919 1917 2992">
     <span class='ocr_line' id='line_1_32' title="bbox 223 2919 1917 2992; baseline 0.008 -23"><span class='ocrx_word' id='word_1_219' title='bbox 223 2919 553 2987; x_wconf 82' lang='lat' dir='ltr'>generalem</span> <span class='ocrx_word' id='word_1_220' title='bbox 602 2922 964 2990; x_wconf 90' lang='lat' dir='ltr'>sententiam,</span> <span class='ocrx_word' id='word_1_221' title='bbox 998 2927 1127 2990; x_wconf 90' lang='lat' dir='ltr'>etc.,</span> <span class='ocrx_word' id='word_1_222' title='bbox 1161 2939 1329 2992; x_wconf 85' lang='lat' dir='ltr'>usque</span> <span class='ocrx_word' id='word_1_223' title='bbox 1387 2926 1462 2980; x_wconf 89' lang='lat' dir='ltr'>ad</span> <span class='ocrx_word' id='word_1_224' title='bbox 1514 2927 1610 2981; x_wconf 85' lang='lat' dir='ltr'>sed</span> <span class='ocrx_word' id='word_1_225' title='bbox 1667 2928 1804 2982; x_wconf 92' lang='lat' dir='ltr'>nudi</span> <span class='ocrx_word' id='word_1_226' title='bbox 1858 2929 1917 2982; x_wconf 92' lang='lat' dir='ltr'>in</span> 
     </span>
    </p>
   </div>
   <div class='ocr_carea' id='block_1_33' title="bbox 224 3008 1322 3081">
    <p class='ocr_par' dir='ltr' id='par_1_33' title="bbox 224 3008 1322 3081">
     <span class='ocr_line' id='line_1_33' title="bbox 224 3008 1322 3081; baseline 0.01 -25"><span class='ocrx_word' id='word_1_227' title='bbox 224 3011 437 3059; x_wconf 88' lang='lat' dir='ltr'>terram</span> <span class='ocrx_word' id='word_1_228' title='bbox 459 3008 720 3075; x_wconf 90' lang='lat' dir='ltr'>redeunt,</span> <span class='ocrx_word' id='word_1_229' title='bbox 754 3009 904 3063; x_wconf 92' lang='lat' dir='ltr'>unde</span> <span class='ocrx_word' id='word_1_230' title='bbox 932 3010 1142 3081; x_wconf 88' lang='lat' dir='ltr'>sumpti</span> <span class='ocrx_word' id='word_1_231' title='bbox 1176 3017 1322 3067; x_wconf 88' lang='lat' dir='ltr'>sunt.</span> 
     </span>
    </p>
   </div>
   <div class='ocr_carea' id='block_1_34' title="bbox 294 3094 1919 3171">
    <p class='ocr_par' dir='ltr' id='par_1_34' title="bbox 294 3094 1919 3171">
     <span class='ocr_line' id='line_1_34' title="bbox 294 3094 1919 3171; baseline 0.007 -26"><span class='ocrx_word' id='word_1_232' title='bbox 294 3094 457 3146; x_wconf 77' lang='lat' dir='ltr'>Vens.</span> <span class='ocrx_word' id='word_1_233' title='bbox 506 3094 559 3148; x_wconf 77' lang='grc'><strong>4.</strong></span> <span class='ocrx_word' id='word_1_234' title='bbox 593 3125 659 3135; x_wconf 89' lang='grc'><strong><em>-</em></strong></span> <span class='ocrx_word' id='word_1_235' title='bbox 719 3099 999 3151; x_wconf 87' lang='lat' dir='ltr'>Generatio</span> <span class='ocrx_word' id='word_1_236' title='bbox 1043 3102 1308 3168; x_wconf 71' lang='lat' dir='ltr'>praeterit,</span> <span class='ocrx_word' id='word_1_237' title='bbox 1380 3106 1484 3155; x_wconf 86' lang='lat' dir='ltr'>etc.</span> <span class='ocrx_word' id='word_1_238' title='bbox 1555 3103 1682 3171; x_wconf 87' lang='lat'>(10.)</span> <span class='ocrx_word' id='word_1_239' title='bbox 1727 3102 1919 3157; x_wconf 90' lang='lat' dir='ltr'>Prima</span> 
     </span>
    </p>
   </div>
   <div class='ocr_carea' id='block_1_35' title="bbox 224 3181 1916 3257">
    <p class='ocr_par' dir='ltr' id='par_1_35' title="bbox 224 3181 1916 3257">
     <span class='ocr_line' id='line_1_35' title="bbox 224 3181 1916 3257; baseline 0.008 -24"><span class='ocrx_word' id='word_1_240' title='bbox 224 3181 443 3234; x_wconf 88' lang='lat' dir='ltr'>recedit</span> <span class='ocrx_word' id='word_1_241' title='bbox 468 3183 761 3251; x_wconf 81' lang='lat' dir='ltr'>generatio</span> <span class='ocrx_word' id='word_1_242' title='bbox 789 3185 1139 3252; x_wconf 71' lang='lat' dir='ltr'>Judazorum,</span> <span class='ocrx_word' id='word_1_243' title='bbox 1185 3192 1315 3255; x_wconf 90' lang='lat' dir='ltr'>etc.,</span> <span class='ocrx_word' id='word_1_244' title='bbox 1347 3204 1515 3257; x_wconf 85' lang='lat' dir='ltr'>usque</span> <span class='ocrx_word' id='word_1_245' title='bbox 1540 3191 1614 3244; x_wconf 86' lang='lat' dir='ltr'>ad</span> <span class='ocrx_word' id='word_1_246' title='bbox 1667 3206 1770 3244; x_wconf 91' lang='lat' dir='ltr'>nos</span> <span class='ocrx_word' id='word_1_247' title='bbox 1817 3208 1916 3245; x_wconf 89' lang='lat' dir='ltr'>au-</span> 
     </span>
    </p>
   </div>
   <div class='ocr_carea' id='block_1_36' title="bbox 221 3270 1916 3342">
    <p class='ocr_par' dir='ltr' id='par_1_36' title="bbox 221 3270 1916 3342">
     <span class='ocr_line' id='line_1_36' title="bbox 221 3270 1916 3342; baseline 0.007 -20"><span class='ocrx_word' id='word_1_248' title='bbox 221 3274 340 3323; x_wconf 90' lang='lat' dir='ltr'>tem</span> <span class='ocrx_word' id='word_1_249' title='bbox 370 3270 548 3324; x_wconf 90' lang='lat' dir='ltr'>Deum</span> <span class='ocrx_word' id='word_1_250' title='bbox 582 3272 879 3326; x_wconf 88' lang='lat' dir='ltr'>laudamus</span> <span class='ocrx_word' id='word_1_251' title='bbox 907 3290 1021 3327; x_wconf 92' lang='lat' dir='ltr'>non</span> <span class='ocrx_word' id='word_1_252' title='bbox 1051 3274 1111 3329; x_wconf 91' lang='lat' dir='ltr'>in</span> <span class='ocrx_word' id='word_1_253' title='bbox 1144 3292 1255 3330; x_wconf 90' lang='lat' dir='ltr'>uno</span> <span class='ocrx_word' id='word_1_254' title='bbox 1285 3279 1510 3342; x_wconf 60' lang='lat' dir='ltr'>saeculo,</span> <span class='ocrx_word' id='word_1_255' title='bbox 1567 3279 1663 3333; x_wconf 89' lang='lat' dir='ltr'>sed</span> <span class='ocrx_word' id='word_1_256' title='bbox 1696 3279 1757 3332; x_wconf 91' lang='lat' dir='ltr'>in</span> <span class='ocrx_word' id='word_1_257' title='bbox 1810 3297 1916 3335; x_wconf 71' lang='lat' dir='ltr'>sa:-</span> 
     </span>
    </p>
   </div>
   <div class='ocr_carea' id='block_1_37' title="bbox 221 3356 748 3414">
    <p class='ocr_par' dir='ltr' id='par_1_37' title="bbox 221 3356 748 3414">
     <span class='ocr_line' id='line_1_37' title="bbox 221 3356 748 3414; baseline 0.006 -3"><span class='ocrx_word' id='word_1_258' title='bbox 221 3356 367 3411; x_wconf 89' lang='lat' dir='ltr'>culis</span> <span class='ocrx_word' id='word_1_259' title='bbox 388 3360 748 3414; x_wconf 61' lang='lat' dir='ltr'>seculorum.</span> 
     </span>
    </p>
   </div>
   <div class='ocr_carea' id='block_1_38' title="bbox 294 3446 1913 3521">
    <p class='ocr_par' dir='ltr' id='par_1_38' title="bbox 294 3446 1913 3521">
     <span class='ocr_line' id='line_1_38' title="bbox 294 3446 1913 3521; baseline 0.008 -24"><span class='ocrx_word' id='word_1_260' title='bbox 294 3446 455 3499; x_wconf 80' lang='lat' dir='ltr'>Vens.</span> <span class='ocrx_word' id='word_1_261' title='bbox 481 3450 532 3501; x_wconf 87' lang='grc'>5.</span> <span class='ocrx_word' id='word_1_262' title='bbox 560 3478 628 3487; x_wconf 86' lang='grc'><strong>-</strong></span> <span class='ocrx_word' id='word_1_263' title='bbox 658 3447 853 3503; x_wconf 81' lang='lat' dir='ltr'>Oritur</span> <span class='ocrx_word' id='word_1_264' title='bbox 883 3449 963 3502; x_wconf 85' lang='lat' dir='ltr'>sol</span> <span class='ocrx_word' id='word_1_265' title='bbox 986 3454 1037 3503; x_wconf 88' lang='lat' dir='ltr'>et</span> <span class='ocrx_word' id='word_1_266' title='bbox 1076 3450 1291 3504; x_wconf 84' lang='lat' dir='ltr'>occidit.</span> <span class='ocrx_word' id='word_1_267' title='bbox 1322 3452 1453 3519; x_wconf 77' lang='lat'>(10.)</span> <span class='ocrx_word' id='word_1_268' title='bbox 1486 3453 1610 3521; x_wconf 88' lang='lat' dir='ltr'>Ipse</span> <span class='ocrx_word' id='word_1_269' title='bbox 1642 3454 1748 3521; x_wconf 91' lang='lat' dir='ltr'>so],</span> <span class='ocrx_word' id='word_1_270' title='bbox 1783 3459 1913 3521; x_wconf 91' lang='lat' dir='ltr'>etc.,</span> 
     </span>
    </p>
   </div>
   <div class='ocr_carea' id='block_1_39' title="bbox 222 3536 1552 3605">
    <p class='ocr_par' dir='ltr' id='par_1_39' title="bbox 222 3536 1552 3605">
     <span class='ocr_line' id='line_1_39' title="bbox 222 3536 1552 3605; baseline 0.005 -18"><span class='ocrx_word' id='word_1_271' title='bbox 222 3548 391 3602; x_wconf 86' lang='lat' dir='ltr'>usque</span> <span class='ocrx_word' id='word_1_272' title='bbox 420 3536 493 3589; x_wconf 87' lang='lat' dir='ltr'>ad</span> <span class='ocrx_word' id='word_1_273' title='bbox 521 3536 621 3605; x_wconf 92' lang='lat' dir='ltr'>qui</span> <span class='ocrx_word' id='word_1_274' title='bbox 651 3536 835 3591; x_wconf 89' lang='lat' dir='ltr'>oritur</span> <span class='ocrx_word' id='word_1_275' title='bbox 865 3536 1044 3599; x_wconf 86' lang='lat' dir='ltr'>ﬁdeli,</span> <span class='ocrx_word' id='word_1_276' title='bbox 1077 3538 1281 3592; x_wconf 87' lang='lat' dir='ltr'>occidit</span> <span class='ocrx_word' id='word_1_277' title='bbox 1314 3539 1552 3594; x_wconf 80' lang='lat' dir='ltr'>inﬁdeli.</span> 
     </span>
    </p>
   </div>
   <div class='ocr_carea' id='block_1_40' title="bbox 299 3622 1916 3700">
    <p class='ocr_par' dir='ltr' id='par_1_40' title="bbox 299 3622 1916 3700">
     <span class='ocr_line' id='line_1_40' title="bbox 299 3622 1916 3700; baseline 0.007 -26"><span class='ocrx_word' id='word_1_278' title='bbox 299 3622 464 3676; x_wconf 74' lang='lat' dir='ltr'>Vens.</span> <span class='ocrx_word' id='word_1_279' title='bbox 529 3626 579 3677; x_wconf 89' lang='lat'>6.</span> <span class='ocrx_word' id='word_1_280' title='bbox 635 3654 703 3663; x_wconf 91' lang='lat'>—-—</span> <span class='ocrx_word' id='word_1_281' title='bbox 762 3625 929 3678; x_wconf 86' lang='lat' dir='ltr'>Vadit</span> <span class='ocrx_word' id='word_1_282' title='bbox 984 3626 1060 3679; x_wconf 85' lang='lat' dir='ltr'>ad</span> <span class='ocrx_word' id='word_1_283' title='bbox 1118 3633 1385 3693; x_wconf 79' lang='lat' dir='ltr'>austrum,</span> <span class='ocrx_word' id='word_1_284' title='bbox 1440 3633 1543 3682; x_wconf 89' lang='lat' dir='ltr'>etc.</span> <span class='ocrx_word' id='word_1_285' title='bbox 1602 3631 1724 3700; x_wconf 90' lang='lat'>(10.)</span> <span class='ocrx_word' id='word_1_286' title='bbox 1779 3633 1916 3686; x_wconf 83' lang='lat' dir='ltr'>Hinc</span> 
     </span>
    </p>
   </div>
   <div class='ocr_carea' id='block_1_41' title="bbox 220 3710 1914 3783">
    <p class='ocr_par' dir='ltr' id='par_1_41' title="bbox 220 3710 1914 3783">
     <span class='ocr_line' id='line_1_41' title="bbox 220 3710 1914 3783; baseline 0.007 -21"><span class='ocrx_word' id='word_1_287' title='bbox 220 3710 548 3764; x_wconf 80' lang='lat' dir='ltr'>existimare</span> <span class='ocrx_word' id='word_1_288' title='bbox 578 3729 899 3782; x_wconf 86' lang='lat' dir='ltr'>possumus,</span> <span class='ocrx_word' id='word_1_289' title='bbox 934 3718 1065 3783; x_wconf 91' lang='lat' dir='ltr'>etc.,</span> <span class='ocrx_word' id='word_1_290' title='bbox 1104 3729 1274 3783; x_wconf 87' lang='lat' dir='ltr'>usque</span> <span class='ocrx_word' id='word_1_291' title='bbox 1302 3716 1377 3769; x_wconf 82' lang='lat' dir='ltr'>ad</span> <span class='ocrx_word' id='word_1_292' title='bbox 1402 3721 1459 3770; x_wconf 89' lang='lat' dir='ltr'>et</span> <span class='ocrx_word' id='word_1_293' title='bbox 1497 3717 1576 3771; x_wconf 90' lang='lat' dir='ltr'>ita</span> <span class='ocrx_word' id='word_1_294' title='bbox 1604 3718 1677 3772; x_wconf 91' lang='lat' dir='ltr'>ad</span> <span class='ocrx_word' id='word_1_295' title='bbox 1724 3720 1914 3774; x_wconf 90' lang='lat' dir='ltr'>orien-</span> 
     </span>
    </p>
   </div>
   <div class='ocr_carea' id='block_1_42' title="bbox 216 3799 682 3853">
    <p class='ocr_par' dir='ltr' id='par_1_42' title="bbox 216 3799 682 3853">
     <span class='ocr_line' id='line_1_42' title="bbox 216 3799 682 3853; baseline 0.004 -3"><span class='ocrx_word' id='word_1_296' title='bbox 216 3800 337 3851; x_wconf 88' lang='lat' dir='ltr'>tem</span> <span class='ocrx_word' id='word_1_297' title='bbox 364 3799 682 3853; x_wconf 87' lang='lat' dir='ltr'>revertitur.</span> 
     </span>
    </p>
   </div>
   <div class='ocr_carea' id='block_1_43' title="bbox 290 3888 1913 3965">
    <p class='ocr_par' dir='ltr' id='par_1_43' title="bbox 290 3888 1913 3965">
     <span class='ocr_line' id='line_1_43' title="bbox 290 3888 1913 3965; baseline 0.004 -26"><span class='ocrx_word' id='word_1_298' title='bbox 290 3888 355 3940; x_wconf 90' lang='lat' dir='ltr'>In</span> <span class='ocrx_word' id='word_1_299' title='bbox 379 3888 668 3940; x_wconf 84' lang='lat' dir='ltr'>circumitu</span> <span class='ocrx_word' id='word_1_300' title='bbox 702 3891 881 3958; x_wconf 78' lang='lat' dir='ltr'>pergit</span> <span class='ocrx_word' id='word_1_301' title='bbox 911 3891 1162 3957; x_wconf 83' lang='lat' dir='ltr'>spiritus.</span> <span class='ocrx_word' id='word_1_302' title='bbox 1195 3890 1326 3961; x_wconf 88' lang='lat'>(10.)</span> <span class='ocrx_word' id='word_1_303' title='bbox 1357 3890 1549 3960; x_wconf 87' lang='lat' dir='ltr'>Ipsum</span> <span class='ocrx_word' id='word_1_304' title='bbox 1579 3894 1758 3946; x_wconf 86' lang='lat' dir='ltr'>solem</span> <span class='ocrx_word' id='word_1_305' title='bbox 1791 3895 1913 3965; x_wconf 89' lang='lat' dir='ltr'>spi-</span> 
     </span>
    </p>
   </div>
   <div class='ocr_carea' id='block_1_44' title="bbox 220 3973 1909 4049">
    <p class='ocr_par' dir='ltr' id='par_1_44' title="bbox 220 3973 1909 4049">
     <span class='ocr_line' id='line_1_44' title="bbox 220 3973 1909 4049; baseline 0.005 -22"><span class='ocrx_word' id='word_1_306' title='bbox 220 3973 398 4028; x_wconf 87' lang='lat' dir='ltr'>ritum</span> <span class='ocrx_word' id='word_1_307' title='bbox 432 3979 607 4041; x_wconf 87' lang='lat' dir='ltr'>vocat,</span> <span class='ocrx_word' id='word_1_308' title='bbox 642 3982 772 4041; x_wconf 91' lang='lat' dir='ltr'>etc.,</span> <span class='ocrx_word' id='word_1_309' title='bbox 804 3991 972 4045; x_wconf 86' lang='lat' dir='ltr'>usque</span> <span class='ocrx_word' id='word_1_310' title='bbox 1024 3977 1099 4031; x_wconf 87' lang='lat' dir='ltr'>ad</span> <span class='ocrx_word' id='word_1_311' title='bbox 1141 3978 1251 4031; x_wconf 88' lang='lat' dir='ltr'>alia</span> <span class='ocrx_word' id='word_1_312' title='bbox 1298 3978 1479 4049; x_wconf 81' lang='lat' dir='ltr'>frigus</span> <span class='ocrx_word' id='word_1_313' title='bbox 1532 3988 1909 4036; x_wconf 87' lang='lat' dir='ltr'>consumeret.</span> 
     </span>
    </p>
   </div>
   <div class='ocr_carea' id='block_1_45' title="bbox 292 4063 1911 4133">
    <p class='ocr_par' dir='ltr' id='par_1_45' title="bbox 292 4063 1911 4133">
     <span class='ocr_line' id='line_1_45' title="bbox 292 4063 1911 4133; baseline 0.006 -19"><span class='ocrx_word' id='word_1_314' title='bbox 292 4063 454 4115; x_wconf 75' lang='lat' dir='ltr'>Vens.</span> <span class='ocrx_word' id='word_1_315' title='bbox 489 4068 541 4117; x_wconf 91' lang='lat'>7.</span> <span class='ocrx_word' id='word_1_316' title='bbox 576 4094 641 4102; x_wconf 96' lang='lat'><em>—</em></span> <span class='ocrx_word' id='word_1_317' title='bbox 683 4064 873 4119; x_wconf 84' lang='lat' dir='ltr'>Omnia</span> <span class='ocrx_word' id='word_1_318' title='bbox 938 4067 1164 4133; x_wconf 79' lang='lat' dir='ltr'>ﬂumina</span> <span class='ocrx_word' id='word_1_319' title='bbox 1213 4069 1424 4120; x_wconf 85' lang='lat' dir='ltr'>intrant</span> <span class='ocrx_word' id='word_1_320' title='bbox 1484 4070 1541 4121; x_wconf 90' lang='lat' dir='ltr'>in</span> <span class='ocrx_word' id='word_1_321' title='bbox 1589 4085 1754 4123; x_wconf 83' lang='lat' dir='ltr'>mare.</span> <span class='ocrx_word' id='word_1_322' title='bbox 1818 4070 1911 4123; x_wconf 90' lang='lat' dir='ltr'>Di-</span> 
     </span>
    </p>
   </div>
   <div class='ocr_carea' id='block_1_46' title="bbox 218 4151 1909 4226">
    <p class='ocr_par' dir='ltr' id='par_1_46' title="bbox 218 4151 1909 4226">
     <span class='ocr_line' id='line_1_46' title="bbox 218 4151 1909 4226; baseline 0.006 -24"><span class='ocrx_word' id='word_1_323' title='bbox 218 4155 361 4203; x_wconf 91' lang='lat' dir='ltr'>cunt</span> <span class='ocrx_word' id='word_1_324' title='bbox 388 4151 712 4221; x_wconf 87' lang='lat' dir='ltr'>philosophi</span> <span class='ocrx_word' id='word_1_325' title='bbox 741 4169 938 4223; x_wconf 89' lang='lat' dir='ltr'>,aquas</span> <span class='ocrx_word' id='word_1_326' title='bbox 990 4154 1202 4218; x_wconf 89' lang='lat' dir='ltr'>dulces,</span> <span class='ocrx_word' id='word_1_327' title='bbox 1264 4171 1393 4226; x_wconf 68' lang='lat' dir='ltr'>qua:</span> <span class='ocrx_word' id='word_1_328' title='bbox 1444 4159 1589 4210; x_wconf 88' lang='lat' dir='ltr'>mari</span> <span class='ocrx_word' id='word_1_329' title='bbox 1640 4158 1909 4224; x_wconf 88' lang='lat' dir='ltr'>inﬂuunt,</span> 
     </span>
    </p>
   </div>
   <div class='ocr_carea' id='block_1_47' title="bbox 219 4239 1911 4314">
    <p class='ocr_par' dir='ltr' id='par_1_47' title="bbox 219 4239 1911 4314">
     <span class='ocr_line' id='line_1_47' title="bbox 219 4239 1911 4314; baseline 0.007 -24"><span class='ocrx_word' id='word_1_330' title='bbox 219 4239 308 4291; x_wconf 86' lang='lat' dir='ltr'>vel</span> <span class='ocrx_word' id='word_1_331' title='bbox 340 4240 572 4293; x_wconf 87' lang='lat' dir='ltr'>ardente</span> <span class='ocrx_word' id='word_1_332' title='bbox 629 4241 747 4293; x_wconf 91' lang='lat' dir='ltr'>sole</span> <span class='ocrx_word' id='word_1_333' title='bbox 785 4242 1062 4307; x_wconf 87' lang='lat' dir='ltr'>consumi,</span> <span class='ocrx_word' id='word_1_334' title='bbox 1107 4244 1192 4297; x_wconf 90' lang='lat' dir='ltr'>vel</span> <span class='ocrx_word' id='word_1_335' title='bbox 1224 4244 1528 4314; x_wconf 87' lang='lat' dir='ltr'>salsuginis</span> <span class='ocrx_word' id='word_1_336' title='bbox 1578 4249 1750 4299; x_wconf 86' lang='lat' dir='ltr'>maris</span> <span class='ocrx_word' id='word_1_337' title='bbox 1790 4263 1911 4301; x_wconf 89' lang='lat' dir='ltr'>esse</span> 
     </span>
    </p>
   </div>
   <div class='ocr_carea' id='block_1_48' title="bbox 221 4328 1909 4403">
    <p class='ocr_par' dir='ltr' id='par_1_48' title="bbox 221 4328 1909 4403">
     <span class='ocr_line' id='line_1_48' title="bbox 221 4328 1909 4403; baseline 0.005 -22"><span class='ocrx_word' id='word_1_338' title='bbox 221 4328 452 4395; x_wconf 88' lang='lat' dir='ltr'>pabula.</span> <span class='ocrx_word' id='word_1_339' title='bbox 500 4328 605 4382; x_wconf 89' lang='lat' dir='ltr'>Sed</span> <span class='ocrx_word' id='word_1_340' title='bbox 666 4330 1023 4384; x_wconf 88' lang='lat' dir='ltr'>Ecclesiastes</span> <span class='ocrx_word' id='word_1_341' title='bbox 1070 4336 1263 4385; x_wconf 88' lang='lat' dir='ltr'>noster</span> <span class='ocrx_word' id='word_1_342' title='bbox 1310 4338 1364 4387; x_wconf 91' lang='lat' dir='ltr'>et</span> <span class='ocrx_word' id='word_1_343' title='bbox 1392 4334 1649 4403; x_wconf 88' lang='lat' dir='ltr'>ipsarum</span> <span class='ocrx_word' id='word_1_344' title='bbox 1704 4338 1909 4390; x_wconf 77' lang='lat' dir='ltr'>Condi-</span> 
     </span>
    </p>
   </div>
   <div class='ocr_carea' id='block_1_49' title="bbox 218 4417 1908 4489">
    <p class='ocr_par' dir='ltr' id='par_1_49' title="bbox 218 4417 1908 4489">
     <span class='ocr_line' id='line_1_49' title="bbox 218 4417 1908 4489; baseline 0.007 -22"><span class='ocrx_word' id='word_1_345' title='bbox 218 4423 310 4468; x_wconf 89' lang='lat' dir='ltr'>tor</span> <span class='ocrx_word' id='word_1_346' title='bbox 340 4432 640 4485; x_wconf 89' lang='lat' dir='ltr'>aquarum,</span> <span class='ocrx_word' id='word_1_347' title='bbox 674 4417 809 4471; x_wconf 89' lang='lat' dir='ltr'>dicit</span> <span class='ocrx_word' id='word_1_348' title='bbox 838 4434 933 4472; x_wconf 83' lang='lat' dir='ltr'>eas</span> <span class='ocrx_word' id='word_1_349' title='bbox 969 4435 1073 4489; x_wconf 93' lang='lat' dir='ltr'>per</span> <span class='ocrx_word' id='word_1_350' title='bbox 1111 4421 1358 4474; x_wconf 90' lang='lat' dir='ltr'>occultas</span> <span class='ocrx_word' id='word_1_351' title='bbox 1393 4425 1560 4476; x_wconf 68' lang='lat' dir='ltr'>terra:</span> <span class='ocrx_word' id='word_1_352' title='bbox 1617 4439 1785 4477; x_wconf 88' lang='lat' dir='ltr'>venas</span> <span class='ocrx_word' id='word_1_353' title='bbox 1839 4425 1908 4479; x_wconf 90' lang='lat' dir='ltr'>ad</span> 
     </span>
    </p>
   </div>
   <div class='ocr_carea' id='block_1_50' title="bbox 215 4504 1911 4580">
    <p class='ocr_par' dir='ltr' id='par_1_50' title="bbox 215 4504 1911 4580">
     <span class='ocr_line' id='line_1_50' title="bbox 215 4504 1911 4580; baseline 0.006 -24"><span class='ocrx_word' id='word_1_354' title='bbox 215 4504 407 4573; x_wconf 85' lang='lat' dir='ltr'>capita</span> <span class='ocrx_word' id='word_1_355' title='bbox 458 4504 700 4559; x_wconf 79' lang='lat' dir='ltr'>fontium</span> <span class='ocrx_word' id='word_1_356' title='bbox 750 4508 975 4577; x_wconf 88' lang='lat' dir='ltr'>regredi</span> <span class='ocrx_word' id='word_1_357' title='bbox 1008 4513 1063 4561; x_wconf 85' lang='lat' dir='ltr'>et</span> <span class='ocrx_word' id='word_1_358' title='bbox 1091 4509 1159 4562; x_wconf 94' lang='lat' dir='ltr'>de</span> <span class='ocrx_word' id='word_1_359' title='bbox 1202 4510 1432 4564; x_wconf 79' lang='lat' dir='ltr'>matrice</span> <span class='ocrx_word' id='word_1_360' title='bbox 1462 4511 1662 4580; x_wconf 81' lang='lat' dir='ltr'>abysso</span> <span class='ocrx_word' id='word_1_361' title='bbox 1720 4513 1777 4565; x_wconf 90' lang='lat' dir='ltr'>in</span> <span class='ocrx_word' id='word_1_362' title='bbox 1809 4530 1911 4567; x_wconf 90' lang='lat' dir='ltr'>sua</span> 
     </span>
    </p>
   </div>
   <div class='ocr_carea' id='block_1_51' title="bbox 216 4591 1910 4669">
    <p class='ocr_par' dir='ltr' id='par_1_51' title="bbox 216 4591 1910 4669">
     <span class='ocr_line' id='line_1_51' title="bbox 216 4591 1910 4669; baseline 0.006 -24"><span class='ocrx_word' id='word_1_363' title='bbox 216 4609 445 4662; x_wconf 87' lang='lat' dir='ltr'>semper</span> <span class='ocrx_word' id='word_1_364' title='bbox 466 4591 707 4648; x_wconf 84' lang='lat' dir='ltr'>ebullire</span> <span class='ocrx_word' id='word_1_365' title='bbox 739 4596 1041 4666; x_wconf 86' lang='lat' dir='ltr'>principia.</span> <span class='ocrx_word' id='word_1_366' title='bbox 1075 4599 1379 4652; x_wconf 90' lang='lat' dir='ltr'>Possumus</span> <span class='ocrx_word' id='word_1_367' title='bbox 1409 4616 1511 4669; x_wconf 90' lang='lat' dir='ltr'>per</span> <span class='ocrx_word' id='word_1_368' title='bbox 1539 4601 1799 4667; x_wconf 90' lang='lat' dir='ltr'>ﬂumina,</span> <span class='ocrx_word' id='word_1_369' title='bbox 1854 4608 1910 4657; x_wconf 93' lang='lat' dir='ltr'>et</span> 
     </span>
    </p>
   </div>
   <div class='ocr_carea' id='block_1_52' title="bbox 217 4680 1904 4759">
    <p class='ocr_par' dir='ltr' id='par_1_52' title="bbox 217 4680 1904 4759">
     <span class='ocr_line' id='line_1_52' title="bbox 217 4680 1904 4759; baseline 0.006 -26"><span class='ocrx_word' id='word_1_370' title='bbox 217 4697 397 4747; x_wconf 88' lang='lat' dir='ltr'>mare,</span> <span class='ocrx_word' id='word_1_371' title='bbox 448 4680 765 4736; x_wconf 88' lang='lat' dir='ltr'>humanum</span> <span class='ocrx_word' id='word_1_372' title='bbox 798 4700 978 4754; x_wconf 89' lang='lat' dir='ltr'>genus</span> <span class='ocrx_word' id='word_1_373' title='bbox 1022 4686 1298 4756; x_wconf 91' lang='lat' dir='ltr'>accipere,</span> <span class='ocrx_word' id='word_1_374' title='bbox 1360 4688 1510 4759; x_wconf 89' lang='lat' dir='ltr'>quod</span> <span class='ocrx_word' id='word_1_375' title='bbox 1547 4688 1602 4742; x_wconf 91' lang='lat' dir='ltr'>in</span> <span class='ocrx_word' id='word_1_376' title='bbox 1671 4694 1904 4758; x_wconf 88' lang='lat' dir='ltr'>terram,</span> 
     </span>
    </p>
   </div>
   <div class='ocr_carea' id='block_1_53' title="bbox 216 4767 1901 4840">
    <p class='ocr_par' dir='ltr' id='par_1_53' title="bbox 216 4767 1901 4840">
     <span class='ocr_line' id='line_1_53' title="bbox 216 4767 1901 4840; baseline 0.007 -21"><span class='ocrx_word' id='word_1_377' title='bbox 216 4767 368 4821; x_wconf 90' lang='lat' dir='ltr'>unde</span> <span class='ocrx_word' id='word_1_378' title='bbox 400 4775 692 4838; x_wconf 90' lang='lat' dir='ltr'>sumptum</span> <span class='ocrx_word' id='word_1_379' title='bbox 723 4776 804 4824; x_wconf 88' lang='lat' dir='ltr'>est</span> <span class='ocrx_word' id='word_1_380' title='bbox 838 4771 1005 4839; x_wconf 88' lang='lat' dir='ltr'>redit,</span> <span class='ocrx_word' id='word_1_381' title='bbox 1040 4773 1353 4827; x_wconf 90' lang='lat' dir='ltr'>secundum</span> <span class='ocrx_word' id='word_1_382' title='bbox 1388 4774 1525 4827; x_wconf 92' lang='lat' dir='ltr'>illud</span> <span class='ocrx_word' id='word_1_383' title='bbox 1554 4791 1568 4828; x_wconf 87' lang='lat'><strong>:</strong></span> <span class='ocrx_word' id='word_1_384' title='bbox 1619 4778 1785 4829; x_wconf 83' lang='lat' dir='ltr'>Terra</span> <span class='ocrx_word' id='word_1_385' title='bbox 1831 4792 1901 4840; x_wconf 90' lang='lat' dir='ltr'>es,</span> 
     </span>
    </p>
   </div>
   <div class='ocr_carea' id='block_1_54' title="bbox 212 4857 1905 4931">
    <p class='ocr_par' dir='ltr' id='par_1_54' title="bbox 212 4857 1905 4931">
     <span class='ocr_line' id='line_1_54' title="bbox 212 4857 1905 4931; baseline 0.007 -25"><span class='ocrx_word' id='word_1_386' title='bbox 212 4859 264 4907; x_wconf 87' lang='lat' dir='ltr'>et</span> <span class='ocrx_word' id='word_1_387' title='bbox 282 4857 340 4907; x_wconf 89' lang='lat' dir='ltr'>in</span> <span class='ocrx_word' id='word_1_388' title='bbox 372 4859 572 4910; x_wconf 87' lang='lat' dir='ltr'>terram</span> <span class='ocrx_word' id='word_1_389' title='bbox 605 4857 710 4911; x_wconf 87' lang='lat' dir='ltr'>ibis</span> <span class='ocrx_word' id='word_1_390' title='bbox 740 4858 890 4928; x_wconf 87' lang='lat' dir='ltr'>(Gen.</span> <span class='ocrx_word' id='word_1_391' title='bbox 938 4858 1038 4930; x_wconf 83' lang='lat'>111).</span> <span class='ocrx_word' id='word_1_392' title='bbox 1066 4861 1174 4914; x_wconf 87' lang='lat' dir='ltr'>Nec</span> <span class='ocrx_word' id='word_1_393' title='bbox 1202 4866 1353 4914; x_wconf 89' lang='lat' dir='ltr'>terra</span> <span class='ocrx_word' id='word_1_394' title='bbox 1384 4862 1658 4931; x_wconf 89' lang='lat' dir='ltr'>impletur</span> <span class='ocrx_word' id='word_1_395' title='bbox 1713 4864 1905 4918; x_wconf 89' lang='lat' dir='ltr'>multi-</span> 
     </span>
    </p>
   </div>
   <div class='ocr_carea' id='block_1_55' title="bbox 212 4938 1907 5017">
    <p class='ocr_par' dir='ltr' id='par_1_55' title="bbox 212 4938 1907 5017">
     <span class='ocr_line' id='line_1_55' title="bbox 212 4938 1907 5017; baseline 0.007 -25"><span class='ocrx_word' id='word_1_396' title='bbox 212 4939 412 4993; x_wconf 88' lang='lat' dir='ltr'>tudine</span> <span class='ocrx_word' id='word_1_397' title='bbox 450 4946 837 4996; x_wconf 76' lang='lat' dir='ltr'>mortuorum.‘</span> <span class='ocrx_word' id='word_1_398' title='bbox 899 4946 962 4998; x_wconf 83' lang='lat' dir='ltr'>Et</span> <span class='ocrx_word' id='word_1_399' title='bbox 1012 4938 1393 5017; x_wconf 78' lang='lat' dir='ltr'>Hieronymus</span> <span class='ocrx_word' id='word_1_400' title='bbox 1441 4948 1580 5003; x_wconf 90' lang='lat' dir='ltr'>dicit</span> <span class='ocrx_word' id='word_1_401' title='bbox 1625 4953 1907 5005; x_wconf 88' lang='lat' dir='ltr'>torrentes</span> 
     </span>
    </p>
   </div>
   <div class='ocr_carea' id='block_1_56' title="bbox 211 5030 1563 5102">
    <p class='ocr_par' dir='ltr' id='par_1_56' title="bbox 211 5030 1563 5102">
     <span class='ocr_line' id='line_1_56' title="bbox 211 5030 1563 5102; baseline 0.009 -22"><span class='ocrx_word' id='word_1_402' title='bbox 211 5044 330 5081; x_wconf 89' lang='lat' dir='ltr'>non</span> <span class='ocrx_word' id='word_1_403' title='bbox 359 5030 620 5095; x_wconf 89' lang='lat' dir='ltr'>ﬂumina,</span> <span class='ocrx_word' id='word_1_404' title='bbox 647 5047 712 5084; x_wconf 91' lang='lat' dir='ltr'>eo</span> <span class='ocrx_word' id='word_1_405' title='bbox 742 5032 894 5102; x_wconf 89' lang='lat' dir='ltr'>quod</span> <span class='ocrx_word' id='word_1_406' title='bbox 926 5033 1036 5087; x_wconf 91' lang='lat' dir='ltr'>cito</span> <span class='ocrx_word' id='word_1_407' title='bbox 1065 5041 1372 5090; x_wconf 85' lang='lat' dir='ltr'>transeant.</span> <span class='ocrx_word' id='word_1_408' title='bbox 1553 5037 1563 5044; x_wconf 84' lang='grc'><em>’</em></span> 
     </span>
    </p>
   </div>
   <div class='ocr_carea' id='block_1_57' title="bbox 285 5117 1904 5197">
    <p class='ocr_par' dir='ltr' id='par_1_57' title="bbox 285 5117 1904 5197">
     <span class='ocr_line' id='line_1_57' title="bbox 285 5117 1904 5197; baseline 0.008 -28"><span class='ocrx_word' id='word_1_409' title='bbox 285 5117 487 5185; x_wconf 74' lang='grc' dir='ltr'>(Ηιειι.)</span> <span class='ocrx_word' id='word_1_410' title='bbox 518 5117 748 5185; x_wconf 89' lang='lat' dir='ltr'>Omnes,</span> <span class='ocrx_word' id='word_1_411' title='bbox 790 5124 1087 5189; x_wconf 87' lang='lat' dir='ltr'>torrentes,</span> <span class='ocrx_word' id='word_1_412' title='bbox 1137 5128 1268 5191; x_wconf 91' lang='lat' dir='ltr'>etc.,</span> <span class='ocrx_word' id='word_1_413' title='bbox 1300 5139 1467 5193; x_wconf 87' lang='lat' dir='ltr'>usque</span> <span class='ocrx_word' id='word_1_414' title='bbox 1495 5125 1570 5180; x_wconf 84' lang='lat' dir='ltr'>ad</span> <span class='ocrx_word' id='word_1_415' title='bbox 1616 5127 1904 5197; x_wconf 89' lang='lat' dir='ltr'>quomodo</span> 
     </span>
    </p>
   </div>
   <div class='ocr_carea' id='block_1_58' title="bbox 208 5205 1193 5281">
    <p class='ocr_par' dir='ltr' id='par_1_58' title="bbox 208 5205 1193 5281">
     <span class='ocr_line' id='line_1_58' title="bbox 208 5205 1193 5281; baseline 0.007 -23"><span class='ocrx_word' id='word_1_416' title='bbox 208 5205 267 5258; x_wconf 93' lang='lat' dir='ltr'>in</span> <span class='ocrx_word' id='word_1_417' title='bbox 294 5206 612 5273; x_wconf 87' lang='lat' dir='ltr'>proverbiis</span> <span class='ocrx_word' id='word_1_418' title='bbox 644 5207 777 5260; x_wconf 63' lang='lat' dir='ltr'>tilias</span> <span class='ocrx_word' id='word_1_419' title='bbox 809 5209 1193 5281; x_wconf 56' lang='lat' dir='ltr'>sanguisuga.</span> 
     </span>
    </p>
   </div>
   <div class='ocr_carea' id='block_1_59' title="bbox 280 5292 1902 5372">
    <p class='ocr_par' dir='ltr' id='par_1_59' title="bbox 280 5292 1902 5372">
     <span class='ocr_line' id='line_1_59' title="bbox 280 5292 1902 5372; baseline 0.009 -28"><span class='ocrx_word' id='word_1_420' title='bbox 280 5292 447 5347; x_wconf 76' lang='lat' dir='ltr'>Vens.</span> <span class='ocrx_word' id='word_1_421' title='bbox 487 5296 537 5348; x_wconf 89' lang='lat'>8.</span> <span class='ocrx_word' id='word_1_422' title='bbox 564 5325 629 5335; x_wconf 89' lang='lat'><strong><em>—</em></strong></span> <span class='ocrx_word' id='word_1_423' title='bbox 662 5297 874 5351; x_wconf 59' lang='lat' dir='ltr'>Cuncta</span> <span class='ocrx_word' id='word_1_424' title='bbox 902 5313 986 5352; x_wconf 87' lang='lat' dir='ltr'>res</span> <span class='ocrx_word' id='word_1_425' title='bbox 1016 5299 1289 5368; x_wconf 80' lang='lat' dir='ltr'>difﬁciles.</span> <span class='ocrx_word' id='word_1_426' title='bbox 1319 5302 1442 5355; x_wconf 87' lang='lat' dir='ltr'>Non</span> <span class='ocrx_word' id='word_1_427' title='bbox 1484 5308 1675 5372; x_wconf 88' lang='lat' dir='ltr'>potest</span> <span class='ocrx_word' id='word_1_428' title='bbox 1730 5304 1902 5358; x_wconf 90' lang='lat' dir='ltr'>homo</span> 
     </span>
    </p>
   </div>
   <div class='ocr_carea' id='block_1_60' title="bbox 207 5388 1901 5458">
    <p class='ocr_par' dir='ltr' id='par_1_60' title="bbox 207 5388 1901 5458">
     <span class='ocr_line' id='line_1_60' title="bbox 207 5388 1901 5458; baseline 0.008 -25"><span class='ocrx_word' id='word_1_429' title='bbox 207 5397 413 5434; x_wconf 89' lang='lat' dir='ltr'>causas</span> <span class='ocrx_word' id='word_1_430' title='bbox 467 5390 522 5435; x_wconf 91' lang='lat' dir='ltr'>et</span> <span class='ocrx_word' id='word_1_431' title='bbox 574 5392 803 5437; x_wconf 88' lang='lat' dir='ltr'>naturas</span> <span class='ocrx_word' id='word_1_432' title='bbox 852 5401 1043 5441; x_wconf 88' lang='lat' dir='ltr'>rerum</span> <span class='ocrx_word' id='word_1_433' title='bbox 1100 5388 1400 5458; x_wconf 83' lang='lat' dir='ltr'>explicare,</span> <span class='ocrx_word' id='word_1_434' title='bbox 1462 5407 1565 5444; x_wconf 92' lang='lat' dir='ltr'>nec</span> <span class='ocrx_word' id='word_1_435' title='bbox 1613 5393 1803 5446; x_wconf 84' lang='lat' dir='ltr'>oculos</span> <span class='ocrx_word' id='word_1_436' title='bbox 1833 5393 1901 5446; x_wconf 89' lang='lat' dir='ltr'>ad</span> 
     </span>
    </p>
   </div>
   <div class='ocr_carea' id='block_1_61' title="bbox 206 5470 1901 5545">
    <p class='ocr_par' dir='ltr' id='par_1_61' title="bbox 206 5470 1901 5545">
     <span class='ocr_line' id='line_1_61' title="bbox 206 5470 1901 5545; baseline 0.008 -23"><span class='ocrx_word' id='word_1_437' title='bbox 206 5470 446 5541; x_wconf 88' lang='lat' dir='ltr'>plenum</span> <span class='ocrx_word' id='word_1_438' title='bbox 496 5471 727 5536; x_wconf 88' lang='lat' dir='ltr'>intueri,</span> <span class='ocrx_word' id='word_1_439' title='bbox 787 5489 887 5525; x_wconf 83' lang='lat' dir='ltr'>nec</span> <span class='ocrx_word' id='word_1_440' title='bbox 946 5474 1118 5541; x_wconf 83' lang='lat' dir='ltr'>auris,</span> <span class='ocrx_word' id='word_1_441' title='bbox 1169 5476 1484 5531; x_wconf 90' lang='lat' dir='ltr'>instruente</span> <span class='ocrx_word' id='word_1_442' title='bbox 1537 5479 1784 5545; x_wconf 89' lang='lat' dir='ltr'>doctore,</span> <span class='ocrx_word' id='word_1_443' title='bbox 1834 5483 1901 5535; x_wconf 88' lang='lat' dir='ltr'>ad</span> 
     </span>
    </p>
   </div>
   <div class='ocr_carea' id='block_1_62' title="bbox 206 5561 1898 5632">
    <p class='ocr_par' dir='ltr' id='par_1_62' title="bbox 206 5561 1898 5632">
     <span class='ocr_line' id='line_1_62' title="bbox 206 5561 1898 5632; baseline 0.008 -23"><span class='ocrx_word' id='word_1_444' title='bbox 206 5574 496 5611; x_wconf 86' lang='lat' dir='ltr'>summam</span> <span class='ocrx_word' id='word_1_445' title='bbox 540 5561 832 5615; x_wconf 86' lang='lat' dir='ltr'>scientiam</span> <span class='ocrx_word' id='word_1_446' title='bbox 888 5565 1209 5632; x_wconf 80' lang='lat' dir='ltr'>pervenire.</span> <span class='ocrx_word' id='word_1_447' title='bbox 1272 5567 1527 5621; x_wconf 84' lang='lat' dir='ltr'>Videmus</span> <span class='ocrx_word' id='word_1_448' title='bbox 1581 5570 1721 5622; x_wconf 80' lang='lat' dir='ltr'>enim</span> <span class='ocrx_word' id='word_1_449' title='bbox 1759 5584 1898 5623; x_wconf 89' lang='lat' dir='ltr'>nunc</span> 
     </span>
    </p>
   </div>
   <div class='ocr_carea' id='block_1_63' title="bbox 2025 544 3713 615">
    <p class='ocr_par' dir='ltr' id='par_1_63' title="bbox 2025 544 3713 615">
     <span class='ocr_line' id='line_1_63' title="bbox 2025 544 3713 615; baseline -0.001 -17"><span class='ocrx_word' id='word_1_450' title='bbox 2025 545 2169 615; x_wconf 86' lang='lat' dir='ltr'>quod</span> <span class='ocrx_word' id='word_1_451' title='bbox 2194 548 2491 613; x_wconf 79' lang='lat' dir='ltr'>perfectum</span> <span class='ocrx_word' id='word_1_452' title='bbox 2510 548 2586 597; x_wconf 88' lang='lat' dir='ltr'>est</span> <span class='ocrx_word' id='word_1_453' title='bbox 2616 546 2671 613; x_wconf 80' lang='grc' dir='ltr'>(Ι</span> <span class='ocrx_word' id='word_1_454' title='bbox 2691 547 2809 598; x_wconf 81' lang='lat' dir='ltr'>Cor.</span> <span class='ocrx_word' id='word_1_455' title='bbox 2838 544 2976 612; x_wconf 87' lang='lat' dir='ltr'>xm),</span> <span class='ocrx_word' id='word_1_456' title='bbox 3028 545 3176 614; x_wconf 90' lang='lat' dir='ltr'>quod</span> <span class='ocrx_word' id='word_1_457' title='bbox 3236 544 3293 596; x_wconf 91' lang='lat' dir='ltr'>in</span> <span class='ocrx_word' id='word_1_458' title='bbox 3337 544 3443 598; x_wconf 89' lang='lat' dir='ltr'>hoc</span> <span class='ocrx_word' id='word_1_459' title='bbox 3487 544 3713 598; x_wconf 89' lang='lat' dir='ltr'>mortali</span> 
     </span>
    </p>
   </div>
   <div class='ocr_carea' id='block_1_64' title="bbox 2024 632 3714 703">
    <p class='ocr_par' dir='ltr' id='par_1_64' title="bbox 2024 632 3714 703">
     <span class='ocr_line' id='line_1_64' title="bbox 2024 632 3714 703; baseline -0.001 -17"><span class='ocrx_word' id='word_1_460' title='bbox 2024 649 2260 703; x_wconf 89' lang='lat' dir='ltr'>corpore</span> <span class='ocrx_word' id='word_1_461' title='bbox 2285 649 2406 687; x_wconf 90' lang='lat' dir='ltr'>esse</span> <span class='ocrx_word' id='word_1_462' title='bbox 2439 648 2553 685; x_wconf 93' lang='lat' dir='ltr'>non</span> <span class='ocrx_word' id='word_1_463' title='bbox 2586 632 2816 702; x_wconf 91' lang='lat' dir='ltr'>poterit.</span> <span class='ocrx_word' id='word_1_464' title='bbox 2862 633 2988 685; x_wconf 73' lang='lat' dir='ltr'>Hmc</span> <span class='ocrx_word' id='word_1_465' title='bbox 3020 632 3304 685; x_wconf 89' lang='lat' dir='ltr'>sententia</span> <span class='ocrx_word' id='word_1_466' title='bbox 3360 637 3561 686; x_wconf 89' lang='lat' dir='ltr'>contra</span> <span class='ocrx_word' id='word_1_467' title='bbox 3616 648 3714 686; x_wconf 90' lang='lat' dir='ltr'>eos</span> 
     </span>
    </p>
   </div>
   <div class='ocr_carea' id='block_1_65' title="bbox 2026 720 3718 792">
    <p class='ocr_par' dir='ltr' id='par_1_65' title="bbox 2026 720 3718 792">
     <span class='ocr_line' id='line_1_65' title="bbox 2026 720 3718 792; baseline -0.001 -17"><span class='ocrx_word' id='word_1_468' title='bbox 2026 726 2111 775; x_wconf 90' lang='lat' dir='ltr'>est</span> <span class='ocrx_word' id='word_1_469' title='bbox 2166 721 2265 792; x_wconf 90' lang='lat' dir='ltr'>qui</span> <span class='ocrx_word' id='word_1_470' title='bbox 2323 722 2445 774; x_wconf 87' lang='lat' dir='ltr'>sine</span> <span class='ocrx_word' id='word_1_471' title='bbox 2497 721 2692 774; x_wconf 89' lang='lat' dir='ltr'>labore</span> <span class='ocrx_word' id='word_1_472' title='bbox 2742 725 2798 773; x_wconf 90' lang='lat' dir='ltr'>et</span> <span class='ocrx_word' id='word_1_473' title='bbox 2844 720 3067 773; x_wconf 90' lang='lat' dir='ltr'>dicendi</span> <span class='ocrx_word' id='word_1_474' title='bbox 3111 720 3300 773; x_wconf 91' lang='lat' dir='ltr'>studio</span> <span class='ocrx_word' id='word_1_475' title='bbox 3330 728 3549 775; x_wconf 87' lang='lat' dir='ltr'>sanctas</span> <span class='ocrx_word' id='word_1_476' title='bbox 3576 720 3718 774; x_wconf 90' lang='lat' dir='ltr'>Scri-</span> 
     </span>
    </p>
   </div>
   <div class='ocr_carea' id='block_1_66' title="bbox 2024 809 3715 880">
    <p class='ocr_par' dir='ltr' id='par_1_66' title="bbox 2024 809 3715 880">
     <span class='ocr_line' id='line_1_66' title="bbox 2024 809 3715 880; baseline -0.001 -16"><span class='ocrx_word' id='word_1_477' title='bbox 2024 815 2223 880; x_wconf 88' lang='lat' dir='ltr'>pturas</span> <span class='ocrx_word' id='word_1_478' title='bbox 2249 827 2307 863; x_wconf 91' lang='lat' dir='ltr'>se</span> <span class='ocrx_word' id='word_1_479' title='bbox 2334 811 2557 863; x_wconf 87' lang='lat' dir='ltr'>novisse</span> <span class='ocrx_word' id='word_1_480' title='bbox 2588 814 2810 880; x_wconf 89' lang='lat' dir='ltr'>putant,</span> <span class='ocrx_word' id='word_1_481' title='bbox 2844 814 2899 862; x_wconf 91' lang='lat' dir='ltr'>et</span> <span class='ocrx_word' id='word_1_482' title='bbox 2945 826 3001 863; x_wconf 79' lang='lat' dir='ltr'>se</span> <span class='ocrx_word' id='word_1_483' title='bbox 3052 809 3361 879; x_wconf 85' lang='lat' dir='ltr'>sapientes,</span> <span class='ocrx_word' id='word_1_484' title='bbox 3389 826 3520 863; x_wconf 93' lang='lat' dir='ltr'>cum</span> <span class='ocrx_word' id='word_1_485' title='bbox 3575 809 3715 863; x_wconf 86' lang='lat' dir='ltr'>insi-</span> 
     </span>
    </p>
   </div>
   <div class='ocr_carea' id='block_1_67' title="bbox 2025 898 2410 970">
    <p class='ocr_par' dir='ltr' id='par_1_67' title="bbox 2025 898 2410 970">
     <span class='ocr_line' id='line_1_67' title="bbox 2025 898 2410 970; baseline -0.003 -19"><span class='ocrx_word' id='word_1_486' title='bbox 2025 898 2247 970; x_wconf 89' lang='lat' dir='ltr'>pientes</span> <span class='ocrx_word' id='word_1_487' title='bbox 2278 898 2410 951; x_wconf 88' lang='lat' dir='ltr'>sint.</span> 
     </span>
    </p>
   </div>
   <div class='ocr_carea' id='block_1_68' title="bbox 2098 983 3721 1055">
    <p class='ocr_par' dir='ltr' id='par_1_68' title="bbox 2098 983 3721 1055">
     <span class='ocr_line' id='line_1_68' title="bbox 2098 983 3721 1055; baseline -0.001 -15"><span class='ocrx_word' id='word_1_488' title='bbox 2098 988 2257 1040; x_wconf 78' lang='lat' dir='ltr'>Vens.</span> <span class='ocrx_word' id='word_1_489' title='bbox 2291 989 2342 1041; x_wconf 90' lang='lat'>9.</span> <span class='ocrx_word' id='word_1_490' title='bbox 2384 1016 2451 1025; x_wconf 88' lang='lat'><strong>—</strong></span> <span class='ocrx_word' id='word_1_491' title='bbox 2484 985 2632 1052; x_wconf 86' lang='lat' dir='ltr'>Quid</span> <span class='ocrx_word' id='word_1_492' title='bbox 2658 990 2737 1039; x_wconf 86' lang='lat' dir='ltr'>est</span> <span class='ocrx_word' id='word_1_493' title='bbox 2766 985 2930 1053; x_wconf 89' lang='lat' dir='ltr'>quod.</span> <span class='ocrx_word' id='word_1_494' title='bbox 2979 984 3175 1055; x_wconf 74' lang='grc' dir='ltr'>(Ηιειι.)</span> <span class='ocrx_word' id='word_1_495' title='bbox 3225 985 3301 1038; x_wconf 94' lang='lat' dir='ltr'>De</span> <span class='ocrx_word' id='word_1_496' title='bbox 3351 983 3440 1038; x_wconf 86' lang='lat' dir='ltr'>his</span> <span class='ocrx_word' id='word_1_497' title='bbox 3496 984 3721 1038; x_wconf 89' lang='lat' dir='ltr'>videtur</span> 
     </span>
    </p>
   </div>
   <div class='ocr_carea' id='block_1_69' title="bbox 2025 1072 3717 1144">
    <p class='ocr_par' dir='ltr' id='par_1_69' title="bbox 2025 1072 3717 1144">
     <span class='ocr_line' id='line_1_69' title="bbox 2025 1072 3717 1144; baseline -0.002 -15"><span class='ocrx_word' id='word_1_498' title='bbox 2025 1074 2232 1141; x_wconf 88' lang='lat' dir='ltr'>dicere,</span> <span class='ocrx_word' id='word_1_499' title='bbox 2265 1079 2397 1140; x_wconf 92' lang='lat' dir='ltr'>etc.,</span> <span class='ocrx_word' id='word_1_500' title='bbox 2428 1090 2597 1143; x_wconf 85' lang='lat' dir='ltr'>usque</span> <span class='ocrx_word' id='word_1_501' title='bbox 2623 1074 2697 1127; x_wconf 86' lang='lat' dir='ltr'>ad</span> <span class='ocrx_word' id='word_1_502' title='bbox 2737 1079 2798 1126; x_wconf 90' lang='lat' dir='ltr'>ut</span> <span class='ocrx_word' id='word_1_503' title='bbox 2828 1073 3207 1144; x_wconf 88' lang='lat' dir='ltr'>requiesceret</span> <span class='ocrx_word' id='word_1_504' title='bbox 3236 1074 3382 1126; x_wconf 90' lang='lat' dir='ltr'>Deus</span> <span class='ocrx_word' id='word_1_505' title='bbox 3430 1073 3498 1127; x_wconf 88' lang='lat' dir='ltr'>ab</span> <span class='ocrx_word' id='word_1_506' title='bbox 3531 1072 3717 1125; x_wconf 91' lang='lat' dir='ltr'>omni-</span> 
     </span>
    </p>
   </div>
   <div class='ocr_carea' id='block_1_70' title="bbox 2026 1158 2971 1230">
    <p class='ocr_par' dir='ltr' id='par_1_70' title="bbox 2026 1158 2971 1230">
     <span class='ocr_line' id='line_1_70' title="bbox 2026 1158 2971 1230; baseline -0.002 -15"><span class='ocrx_word' id='word_1_507' title='bbox 2026 1161 2132 1215; x_wconf 89' lang='lat' dir='ltr'>bus</span> <span class='ocrx_word' id='word_1_508' title='bbox 2160 1160 2424 1230; x_wconf 88' lang='lat' dir='ltr'>operibus</span> <span class='ocrx_word' id='word_1_509' title='bbox 2447 1160 2563 1212; x_wconf 84' lang='lat' dir='ltr'>suis</span> <span class='ocrx_word' id='word_1_510' title='bbox 2592 1159 2683 1213; x_wconf 91' lang='lat' dir='ltr'>die</span> <span class='ocrx_word' id='word_1_511' title='bbox 2714 1158 2971 1229; x_wconf 87' lang='lat' dir='ltr'>septima.</span> 
     </span>
    </p>
   </div>
   <div class='ocr_carea' id='block_1_71' title="bbox 2098 1245 3718 1316">
    <p class='ocr_par' dir='ltr' id='par_1_71' title="bbox 2098 1245 3718 1316">
     <span class='ocr_line' id='line_1_71' title="bbox 2098 1245 3718 1316; baseline -0.002 -13"><span class='ocrx_word' id='word_1_512' title='bbox 2098 1249 2239 1315; x_wconf 83' lang='lat' dir='ltr'>Quid</span> <span class='ocrx_word' id='word_1_513' title='bbox 2269 1253 2348 1303; x_wconf 88' lang='lat' dir='ltr'>est</span> <span class='ocrx_word' id='word_1_514' title='bbox 2378 1248 2541 1316; x_wconf 84' lang='lat' dir='ltr'>quod,</span> <span class='ocrx_word' id='word_1_515' title='bbox 2575 1253 2682 1301; x_wconf 88' lang='lat' dir='ltr'>etc.</span> <span class='ocrx_word' id='word_1_516' title='bbox 2716 1249 2793 1301; x_wconf 90' lang='lat' dir='ltr'>De</span> <span class='ocrx_word' id='word_1_517' title='bbox 2825 1246 3041 1300; x_wconf 88' lang='lat' dir='ltr'>naturis</span> <span class='ocrx_word' id='word_1_518' title='bbox 3066 1246 3123 1300; x_wconf 91' lang='lat' dir='ltr'>in</span> <span class='ocrx_word' id='word_1_519' title='bbox 3173 1245 3458 1316; x_wconf 90' lang='lat' dir='ltr'>principio</span> <span class='ocrx_word' id='word_1_520' title='bbox 3516 1245 3718 1299; x_wconf 92' lang='lat' dir='ltr'>mundi</span> 
     </span>
    </p>
   </div>
   <div class='ocr_carea' id='block_1_72' title="bbox 2026 1333 3719 1404">
    <p class='ocr_par' dir='ltr' id='par_1_72' title="bbox 2026 1333 3719 1404">
     <span class='ocr_line' id='line_1_72' title="bbox 2026 1333 3719 1404; baseline -0.002 -14"><span class='ocrx_word' id='word_1_521' title='bbox 2026 1337 2250 1401; x_wconf 89' lang='lat' dir='ltr'>creatis,</span> <span class='ocrx_word' id='word_1_522' title='bbox 2284 1342 2341 1390; x_wconf 91' lang='lat' dir='ltr'>et</span> <span class='ocrx_word' id='word_1_523' title='bbox 2367 1336 2435 1390; x_wconf 86' lang='lat' dir='ltr'>de</span> <span class='ocrx_word' id='word_1_524' title='bbox 2481 1335 2833 1389; x_wconf 87' lang='lat' dir='ltr'>successione</span> <span class='ocrx_word' id='word_1_525' title='bbox 2863 1351 3082 1394; x_wconf 88' lang='lat' dir='ltr'>earum.</span> <span class='ocrx_word' id='word_1_526' title='bbox 3146 1333 3431 1404; x_wconf 92' lang='lat' dir='ltr'>quomodo</span> <span class='ocrx_word' id='word_1_527' title='bbox 3478 1334 3719 1387; x_wconf 87' lang='lat' dir='ltr'>veniunt</span> 
     </span>
    </p>
   </div>
   <div class='ocr_carea' id='block_1_73' title="bbox 2028 1420 3717 1490">
    <p class='ocr_par' dir='ltr' id='par_1_73' title="bbox 2028 1420 3717 1490">
     <span class='ocr_line' id='line_1_73' title="bbox 2028 1420 3717 1490; baseline -0.002 -13"><span class='ocrx_word' id='word_1_528' title='bbox 2028 1430 2086 1484; x_wconf 83' lang='lat' dir='ltr'>et</span> <span class='ocrx_word' id='word_1_529' title='bbox 2112 1425 2435 1490; x_wconf 87' lang='lat' dir='ltr'>transeunt;</span> <span class='ocrx_word' id='word_1_530' title='bbox 2472 1427 2532 1475; x_wconf 88' lang='lat' dir='ltr'>ut</span> <span class='ocrx_word' id='word_1_531' title='bbox 2563 1423 2733 1476; x_wconf 91' lang='lat' dir='ltr'>homo</span> <span class='ocrx_word' id='word_1_532' title='bbox 2753 1423 3017 1487; x_wconf 90' lang='lat' dir='ltr'>moritur,</span> <span class='ocrx_word' id='word_1_533' title='bbox 3041 1427 3100 1475; x_wconf 91' lang='lat' dir='ltr'>et</span> <span class='ocrx_word' id='word_1_534' title='bbox 3118 1423 3291 1475; x_wconf 87' lang='lat' dir='ltr'>homo</span> <span class='ocrx_word' id='word_1_535' title='bbox 3313 1420 3582 1487; x_wconf 79' lang='lat' dir='ltr'>nascitur,</span> <span class='ocrx_word' id='word_1_536' title='bbox 3616 1437 3717 1474; x_wconf 86' lang='lat' dir='ltr'>ea-</span> 
     </span>
    </p>
   </div>
   <div class='ocr_carea' id='block_1_74' title="bbox 2028 1510 3716 1580">
    <p class='ocr_par' dir='ltr' id='par_1_74' title="bbox 2028 1510 3716 1580">
     <span class='ocr_line' id='line_1_74' title="bbox 2028 1510 3716 1580; baseline -0.001 -15"><span class='ocrx_word' id='word_1_537' title='bbox 2028 1512 2156 1566; x_wconf 92' lang='lat' dir='ltr'>dem</span> <span class='ocrx_word' id='word_1_538' title='bbox 2190 1516 2393 1564; x_wconf 89' lang='lat' dir='ltr'>natura</span> <span class='ocrx_word' id='word_1_539' title='bbox 2423 1515 2505 1564; x_wconf 90' lang='lat' dir='ltr'>est</span> <span class='ocrx_word' id='word_1_540' title='bbox 2534 1510 2839 1579; x_wconf 86' lang='lat' dir='ltr'>nascentis,</span> <span class='ocrx_word' id='word_1_541' title='bbox 2871 1527 3000 1580; x_wconf 69' lang='lat' dir='ltr'>quae</span> <span class='ocrx_word' id='word_1_542' title='bbox 3031 1510 3138 1563; x_wconf 86' lang='lat' dir='ltr'>fuit</span> <span class='ocrx_word' id='word_1_543' title='bbox 3175 1510 3493 1564; x_wconf 88' lang='lat' dir='ltr'>morientis.</span> <span class='ocrx_word' id='word_1_544' title='bbox 3527 1510 3614 1563; x_wconf 89' lang='lat' dir='ltr'>Sic</span> <span class='ocrx_word' id='word_1_545' title='bbox 3646 1510 3716 1564; x_wconf 92' lang='lat' dir='ltr'>de</span> 
     </span>
    </p>
   </div>
   <div class='ocr_carea' id='block_1_75' title="bbox 2028 1598 3715 1669">
    <p class='ocr_par' dir='ltr' id='par_1_75' title="bbox 2028 1598 3715 1669">
     <span class='ocr_line' id='line_1_75' title="bbox 2028 1598 3715 1669; baseline -0.002 -16"><span class='ocrx_word' id='word_1_546' title='bbox 2028 1600 2248 1668; x_wconf 87' lang='lat' dir='ltr'>avibus,</span> <span class='ocrx_word' id='word_1_547' title='bbox 2278 1599 2547 1669; x_wconf 84' lang='lat' dir='ltr'>piscibus,</span> <span class='ocrx_word' id='word_1_548' title='bbox 2598 1599 2958 1669; x_wconf 88' lang='lat' dir='ltr'>serpentibus</span> <span class='ocrx_word' id='word_1_549' title='bbox 3006 1604 3060 1652; x_wconf 89' lang='lat' dir='ltr'>et</span> <span class='ocrx_word' id='word_1_550' title='bbox 3091 1598 3357 1652; x_wconf 88' lang='lat' dir='ltr'>omnibus</span> <span class='ocrx_word' id='word_1_551' title='bbox 3408 1598 3715 1651; x_wconf 83' lang='lat' dir='ltr'>animanti-</span> 
     </span>
    </p>
   </div>
   <div class='ocr_carea' id='block_1_76' title="bbox 2027 1685 3716 1755">
    <p class='ocr_par' dir='ltr' id='par_1_76' title="bbox 2027 1685 3716 1755">
     <span class='ocr_line' id='line_1_76' title="bbox 2027 1685 3716 1755; baseline -0.002 -13"><span class='ocrx_word' id='word_1_552' title='bbox 2027 1688 2159 1755; x_wconf 90' lang='lat' dir='ltr'>bus;</span> <span class='ocrx_word' id='word_1_553' title='bbox 2196 1688 2276 1742; x_wconf 85' lang='lat' dir='ltr'>sic</span> <span class='ocrx_word' id='word_1_554' title='bbox 2306 1688 2376 1741; x_wconf 91' lang='lat' dir='ltr'>de</span> <span class='ocrx_word' id='word_1_555' title='bbox 2435 1688 2640 1750; x_wconf 89' lang='lat' dir='ltr'>herbis,</span> <span class='ocrx_word' id='word_1_556' title='bbox 2705 1687 3001 1741; x_wconf 89' lang='lat' dir='ltr'>arboribus</span> <span class='ocrx_word' id='word_1_557' title='bbox 3031 1692 3088 1741; x_wconf 87' lang='lat' dir='ltr'>et</span> <span class='ocrx_word' id='word_1_558' title='bbox 3128 1687 3253 1740; x_wconf 91' lang='lat' dir='ltr'>aliis</span> <span class='ocrx_word' id='word_1_559' title='bbox 3306 1687 3524 1740; x_wconf 89' lang='lat' dir='ltr'>naturis</span> <span class='ocrx_word' id='word_1_560' title='bbox 3571 1685 3716 1740; x_wconf 84' lang='lat' dir='ltr'>nihil</span> 
     </span>
    </p>
   </div>
   <div class='ocr_carea' id='block_1_77' title="bbox 2028 1774 3717 1845">
    <p class='ocr_par' dir='ltr' id='par_1_77' title="bbox 2028 1774 3717 1845">
     <span class='ocr_line' id='line_1_77' title="bbox 2028 1774 3717 1845; baseline -0.001 -15"><span class='ocrx_word' id='word_1_561' title='bbox 2028 1793 2240 1830; x_wconf 91' lang='lat' dir='ltr'>novum</span> <span class='ocrx_word' id='word_1_562' title='bbox 2273 1776 2561 1830; x_wconf 90' lang='lat' dir='ltr'>invenitur</span> <span class='ocrx_word' id='word_1_563' title='bbox 2589 1775 2740 1845; x_wconf 90' lang='lat' dir='ltr'>quod</span> <span class='ocrx_word' id='word_1_564' title='bbox 2771 1779 2936 1829; x_wconf 90' lang='lat' dir='ltr'>antea</span> <span class='ocrx_word' id='word_1_565' title='bbox 2970 1791 3085 1828; x_wconf 90' lang='lat' dir='ltr'>non</span> <span class='ocrx_word' id='word_1_566' title='bbox 3114 1774 3327 1829; x_wconf 87' lang='lat' dir='ltr'>fuerit:</span> <span class='ocrx_word' id='word_1_567' title='bbox 3381 1775 3523 1828; x_wconf 89' lang='lat' dir='ltr'>nihil</span> <span class='ocrx_word' id='word_1_568' title='bbox 3570 1791 3717 1844; x_wconf 74' lang='lat' dir='ltr'>prm-</span> 
     </span>
    </p>
   </div>
   <div class='ocr_carea' id='block_1_78' title="bbox 2028 1864 3715 1934">
    <p class='ocr_par' dir='ltr' id='par_1_78' title="bbox 2028 1864 3715 1934">
     <span class='ocr_line' id='line_1_78' title="bbox 2028 1864 3715 1934; baseline 0 -16"><span class='ocrx_word' id='word_1_569' title='bbox 2028 1865 2259 1919; x_wconf 90' lang='lat' dir='ltr'>teritum</span> <span class='ocrx_word' id='word_1_570' title='bbox 2302 1864 2453 1934; x_wconf 92' lang='lat' dir='ltr'>quod</span> <span class='ocrx_word' id='word_1_571' title='bbox 2485 1870 2612 1934; x_wconf 91' lang='lat' dir='ltr'>post</span> <span class='ocrx_word' id='word_1_572' title='bbox 2668 1880 2780 1917; x_wconf 91' lang='lat' dir='ltr'>non</span> <span class='ocrx_word' id='word_1_573' title='bbox 2836 1865 2954 1917; x_wconf 83' lang='lat' dir='ltr'>ﬁat.</span> <span class='ocrx_word' id='word_1_574' title='bbox 3017 1864 3191 1929; x_wconf 87' lang='lat' dir='ltr'>Unde,</span> <span class='ocrx_word' id='word_1_575' title='bbox 3241 1866 3522 1932; x_wconf 77' lang='lat' dir='ltr'>Requievit</span> <span class='ocrx_word' id='word_1_576' title='bbox 3578 1866 3715 1918; x_wconf 83' lang='lat' dir='ltr'>Deus</span> 
     </span>
    </p>
   </div>
   <div class='ocr_carea' id='block_1_79' title="bbox 2027 1950 3716 2022">
    <p class='ocr_par' dir='ltr' id='par_1_79' title="bbox 2027 1950 3716 2022">
     <span class='ocr_line' id='line_1_79' title="bbox 2027 1950 3716 2022; baseline -0.001 -16"><span class='ocrx_word' id='word_1_577' title='bbox 2027 1952 2115 2006; x_wconf 87' lang='lat' dir='ltr'>die</span> <span class='ocrx_word' id='word_1_578' title='bbox 2142 1955 2365 2022; x_wconf 87' lang='lat' dir='ltr'>septimo</span> <span class='ocrx_word' id='word_1_579' title='bbox 2397 1953 2464 2005; x_wconf 90' lang='lat' dir='ltr'>ab</span> <span class='ocrx_word' id='word_1_580' title='bbox 2495 1956 2639 2006; x_wconf 89' lang='lat' dir='ltr'>omni</span> <span class='ocrx_word' id='word_1_581' title='bbox 2678 1968 2833 2022; x_wconf 86' lang='lat' dir='ltr'>opere</span> <span class='ocrx_word' id='word_1_582' title='bbox 2874 1968 2969 2006; x_wconf 90' lang='lat' dir='ltr'>suo</span> <span class='ocrx_word' id='word_1_583' title='bbox 3013 1952 3164 2020; x_wconf 86' lang='lat' dir='ltr'>(Gen.</span> <span class='ocrx_word' id='word_1_584' title='bbox 3223 1950 3304 2020; x_wconf 83' lang='grc' dir='ltr'><strong>ιι),</strong></span> <span class='ocrx_word' id='word_1_585' title='bbox 3354 1966 3387 2004; x_wconf 87' lang='lat' dir='ltr'>a</span> <span class='ocrx_word' id='word_1_586' title='bbox 3437 1967 3716 2005; x_wconf 89' lang='lat' dir='ltr'>novarum</span> 
     </span>
    </p>
   </div>
   <div class='ocr_carea' id='block_1_80' title="bbox 2027 2040 3715 2109">
    <p class='ocr_par' dir='ltr' id='par_1_80' title="bbox 2027 2040 3715 2109">
     <span class='ocr_line' id='line_1_80' title="bbox 2027 2040 3715 2109; baseline -0.003 -15"><span class='ocrx_word' id='word_1_587' title='bbox 2027 2041 2309 2095; x_wconf 88' lang='lat' dir='ltr'>creatione</span> <span class='ocrx_word' id='word_1_588' title='bbox 2385 2046 2744 2108; x_wconf 88' lang='lat' dir='ltr'>naturarum,</span> <span class='ocrx_word' id='word_1_589' title='bbox 2798 2057 2975 2094; x_wconf 87' lang='lat' dir='ltr'>nona</span> <span class='ocrx_word' id='word_1_590' title='bbox 3030 2040 3471 2109; x_wconf 88' lang='lat' dir='ltr'>gubernatione,</span> <span class='ocrx_word' id='word_1_591' title='bbox 3518 2055 3715 2093; x_wconf 91' lang='lat' dir='ltr'>secun-</span> 
     </span>
    </p>
   </div>
   <div class='ocr_carea' id='block_1_81' title="bbox 2028 2128 3718 2197">
    <p class='ocr_par' dir='ltr' id='par_1_81' title="bbox 2028 2128 3718 2197">
     <span class='ocr_line' id='line_1_81' title="bbox 2028 2128 3718 2197; baseline 0.001 -15"><span class='ocrx_word' id='word_1_592' title='bbox 2028 2129 2163 2183; x_wconf 91' lang='lat' dir='ltr'>dum</span> <span class='ocrx_word' id='word_1_593' title='bbox 2196 2128 2371 2182; x_wconf 89' lang='lat' dir='ltr'>illud:</span> <span class='ocrx_word' id='word_1_594' title='bbox 2421 2131 2581 2182; x_wconf 88' lang='lat' dir='ltr'>Pater</span> <span class='ocrx_word' id='word_1_595' title='bbox 2620 2143 2765 2182; x_wconf 89' lang='lat' dir='ltr'>meus</span> <span class='ocrx_word' id='word_1_596' title='bbox 2824 2143 2993 2197; x_wconf 88' lang='lat' dir='ltr'>usque</span> <span class='ocrx_word' id='word_1_597' title='bbox 3021 2128 3176 2181; x_wconf 87' lang='lat' dir='ltr'>modo</span> <span class='ocrx_word' id='word_1_598' title='bbox 3216 2132 3491 2196; x_wconf 85' lang='lat' dir='ltr'>operatur,</span> <span class='ocrx_word' id='word_1_599' title='bbox 3536 2132 3587 2182; x_wconf 88' lang='lat' dir='ltr'>et</span> <span class='ocrx_word' id='word_1_600' title='bbox 3624 2144 3718 2197; x_wconf 88' lang='lat' dir='ltr'>ego</span> 
     </span>
    </p>
   </div>
   <div class='ocr_carea' id='block_1_82' title="bbox 2027 2215 3716 2287">
    <p class='ocr_par' dir='ltr' id='par_1_82' title="bbox 2027 2215 3716 2287">
     <span class='ocr_line' id='line_1_82' title="bbox 2027 2215 3716 2287; baseline 0 -17"><span class='ocrx_word' id='word_1_601' title='bbox 2027 2232 2215 2285; x_wconf 86' lang='lat' dir='ltr'>operor</span> <span class='ocrx_word' id='word_1_602' title='bbox 2239 2215 2413 2287; x_wconf 86' lang='lat' dir='ltr'>(Joan.</span> <span class='ocrx_word' id='word_1_603' title='bbox 2448 2215 2520 2285; x_wconf 92' lang='lat' dir='ltr'>v).</span> <span class='ocrx_word' id='word_1_604' title='bbox 2554 2215 2644 2270; x_wconf 91' lang='lat' dir='ltr'>Sic</span> <span class='ocrx_word' id='word_1_605' title='bbox 2673 2232 2737 2269; x_wconf 85' lang='lat' dir='ltr'>ex</span> <span class='ocrx_word' id='word_1_606' title='bbox 2782 2215 3253 2285; x_wconf 86' lang='lat' dir='ltr'>primordialibus</span> <span class='ocrx_word' id='word_1_607' title='bbox 3293 2231 3485 2269; x_wconf 90' lang='lat' dir='ltr'>rerum</span> <span class='ocrx_word' id='word_1_608' title='bbox 3546 2217 3716 2270; x_wconf 86' lang='lat' dir='ltr'>semi-</span> 
     </span>
    </p>
   </div>
   <div class='ocr_carea' id='block_1_83' title="bbox 2027 2304 3712 2375">
    <p class='ocr_par' dir='ltr' id='par_1_83' title="bbox 2027 2304 3712 2375">
     <span class='ocr_line' id='line_1_83' title="bbox 2027 2304 3712 2375; baseline 0 -17"><span class='ocrx_word' id='word_1_609' title='bbox 2027 2304 2195 2358; x_wconf 88' lang='lat' dir='ltr'>nibus</span> <span class='ocrx_word' id='word_1_610' title='bbox 2217 2305 2388 2357; x_wconf 88' lang='lat' dir='ltr'>totius</span> <span class='ocrx_word' id='word_1_611' title='bbox 2415 2304 2607 2357; x_wconf 69' lang='lat' dir='ltr'>szeculi</span> <span class='ocrx_word' id='word_1_612' title='bbox 2630 2309 2855 2375; x_wconf 89' lang='lat' dir='ltr'>tempus</span> <span class='ocrx_word' id='word_1_613' title='bbox 2913 2304 3158 2357; x_wconf 86' lang='lat' dir='ltr'>naturali</span> <span class='ocrx_word' id='word_1_614' title='bbox 3185 2320 3353 2357; x_wconf 88' lang='lat' dir='ltr'>cursu</span> <span class='ocrx_word' id='word_1_615' title='bbox 3399 2305 3712 2374; x_wconf 86' lang='lat' dir='ltr'>peragitur.</span> 
     </span>
    </p>
   </div>
   <div class='ocr_carea' id='block_1_84' title="bbox 2098 2391 3718 2462">
    <p class='ocr_par' dir='ltr' id='par_1_84' title="bbox 2098 2391 3718 2462">
     <span class='ocr_line' id='line_1_84' title="bbox 2098 2391 3718 2462; baseline 0.001 -17"><span class='ocrx_word' id='word_1_616' title='bbox 2098 2393 2257 2446; x_wconf 71' lang='lat' dir='ltr'>Vens.</span> <span class='ocrx_word' id='word_1_617' title='bbox 2317 2395 2399 2446; x_wconf 90' lang='grc'><strong>10.</strong></span> <span class='ocrx_word' id='word_1_618' title='bbox 2458 2423 2526 2431; x_wconf 91' lang='grc'><strong><em>-</em></strong></span> <span class='ocrx_word' id='word_1_619' title='bbox 2573 2394 2674 2449; x_wconf 85' lang='lat' dir='ltr'>Nec</span> <span class='ocrx_word' id='word_1_620' title='bbox 2734 2394 2896 2459; x_wconf 81' lang='lat' dir='ltr'>valet,</span> <span class='ocrx_word' id='word_1_621' title='bbox 2941 2396 3045 2446; x_wconf 89' lang='lat' dir='ltr'>etc.</span> <span class='ocrx_word' id='word_1_622' title='bbox 3106 2391 3309 2462; x_wconf 72' lang='grc' dir='ltr'>(Ηιειι.)</span> <span class='ocrx_word' id='word_1_623' title='bbox 3369 2393 3544 2446; x_wconf 84' lang='lat' dir='ltr'>Estne</span> <span class='ocrx_word' id='word_1_624' title='bbox 3590 2409 3718 2447; x_wconf 85' lang='lat' dir='ltr'>ver-</span> 
     </span>
    </p>
   </div>
   <div class='ocr_carea' id='block_1_85' title="bbox 2028 2479 3717 2551">
    <p class='ocr_par' dir='ltr' id='par_1_85' title="bbox 2028 2479 3717 2551">
     <span class='ocr_line' id='line_1_85' title="bbox 2028 2479 3717 2551; baseline 0 -17"><span class='ocrx_word' id='word_1_625' title='bbox 2028 2480 2170 2546; x_wconf 74' lang='lat' dir='ltr'>bum,</span> <span class='ocrx_word' id='word_1_626' title='bbox 2205 2483 2335 2547; x_wconf 91' lang='lat' dir='ltr'>etc.,</span> <span class='ocrx_word' id='word_1_627' title='bbox 2360 2495 2529 2547; x_wconf 87' lang='lat' dir='ltr'>usque</span> <span class='ocrx_word' id='word_1_628' title='bbox 2558 2480 2632 2533; x_wconf 88' lang='lat' dir='ltr'>ad</span> <span class='ocrx_word' id='word_1_629' title='bbox 2677 2485 2733 2534; x_wconf 71' lang='lat' dir='ltr'>et</span> <span class='ocrx_word' id='word_1_630' title='bbox 2775 2479 3279 2551; x_wconf 69' lang='lat' dir='ltr'>prmdestinatione</span> <span class='ocrx_word' id='word_1_631' title='bbox 3333 2480 3434 2533; x_wconf 89' lang='lat' dir='ltr'>Dei</span> <span class='ocrx_word' id='word_1_632' title='bbox 3476 2480 3597 2551; x_wconf 87' lang='lat' dir='ltr'>jam</span> <span class='ocrx_word' id='word_1_633' title='bbox 3652 2497 3717 2534; x_wconf 88' lang='lat' dir='ltr'>ea</span> 
     </span>
    </p>
   </div>
   <div class='ocr_carea' id='block_1_86' title="bbox 2027 2568 2881 2639">
    <p class='ocr_par' dir='ltr' id='par_1_86' title="bbox 2027 2568 2881 2639">
     <span class='ocr_line' id='line_1_86' title="bbox 2027 2568 2881 2639; baseline -0.002 -17"><span class='ocrx_word' id='word_1_634' title='bbox 2027 2568 2171 2622; x_wconf 83' lang='lat' dir='ltr'>facta</span> <span class='ocrx_word' id='word_1_635' title='bbox 2189 2573 2319 2623; x_wconf 89' lang='lat' dir='ltr'>sunt</span> <span class='ocrx_word' id='word_1_636' title='bbox 2345 2585 2473 2639; x_wconf 64' lang='lat' dir='ltr'>qua:</span> <span class='ocrx_word' id='word_1_637' title='bbox 2504 2568 2698 2622; x_wconf 87' lang='lat' dir='ltr'>futura</span> <span class='ocrx_word' id='word_1_638' title='bbox 2726 2572 2881 2621; x_wconf 91' lang='lat' dir='ltr'>sunt.</span> 
     </span>
    </p>
   </div>
   <div class='ocr_carea' id='block_1_87' title="bbox 2095 2649 3719 2725">
    <p class='ocr_par' dir='ltr' id='par_1_87' title="bbox 2095 2649 3719 2725">
     <span class='ocr_line' id='line_1_87' title="bbox 2095 2649 3719 2725; baseline -0.005 -14"><span class='ocrx_word' id='word_1_639' title='bbox 2095 2659 2216 2711; x_wconf 82' lang='lat' dir='ltr'>Jam</span> <span class='ocrx_word' id='word_1_640' title='bbox 2243 2659 2380 2711; x_wconf 88' lang='lat' dir='ltr'>enim</span> <span class='ocrx_word' id='word_1_641' title='bbox 2427 2658 2719 2725; x_wconf 71' lang='lat' dir='ltr'>praecessit.</span> <span class='ocrx_word' id='word_1_642' title='bbox 2744 2655 2901 2709; x_wconf 87' lang='lat' dir='ltr'>Sicut</span> <span class='ocrx_word' id='word_1_643' title='bbox 2928 2654 3216 2724; x_wconf 67' lang='lat' dir='ltr'>praeterita</span> <span class='ocrx_word' id='word_1_644' title='bbox 3246 2668 3375 2722; x_wconf 68' lang='lat' dir='ltr'>qum</span> <span class='ocrx_word' id='word_1_645' title='bbox 3406 2650 3545 2705; x_wconf 91' lang='lat' dir='ltr'>olim</span> <span class='ocrx_word' id='word_1_646' title='bbox 3599 2649 3719 2703; x_wconf 84' lang='lat' dir='ltr'>fue-</span> 
     </span>
    </p>
   </div>
   <div class='ocr_carea' id='block_1_88' title="bbox 2025 2739 3716 2815">
    <p class='ocr_par' dir='ltr' id='par_1_88' title="bbox 2025 2739 3716 2815">
     <span class='ocr_line' id='line_1_88' title="bbox 2025 2739 3716 2815; baseline -0.004 -18"><span class='ocrx_word' id='word_1_647' title='bbox 2025 2749 2162 2798; x_wconf 90' lang='lat' dir='ltr'>runt</span> <span class='ocrx_word' id='word_1_648' title='bbox 2179 2744 2327 2815; x_wconf 90' lang='lat' dir='ltr'>apud</span> <span class='ocrx_word' id='word_1_649' title='bbox 2360 2760 2483 2809; x_wconf 93' lang='lat' dir='ltr'>nos,</span> <span class='ocrx_word' id='word_1_650' title='bbox 2516 2744 2812 2798; x_wconf 89' lang='lat' dir='ltr'>abscondit</span> <span class='ocrx_word' id='word_1_651' title='bbox 2831 2742 3066 2809; x_wconf 91' lang='lat' dir='ltr'>oblivio,</span> <span class='ocrx_word' id='word_1_652' title='bbox 3098 2743 3177 2796; x_wconf 91' lang='lat' dir='ltr'>sic</span> <span class='ocrx_word' id='word_1_653' title='bbox 3208 2758 3337 2811; x_wconf 65' lang='lat' dir='ltr'>quas</span> <span class='ocrx_word' id='word_1_654' title='bbox 3369 2757 3521 2794; x_wconf 91' lang='lat' dir='ltr'>nunc</span> <span class='ocrx_word' id='word_1_655' title='bbox 3546 2739 3716 2803; x_wconf 82' lang='lat' dir='ltr'>ﬁunt,</span> 
     </span>
    </p>
   </div>
   <div class='ocr_carea' id='block_1_89' title="bbox 2027 2827 3716 2901">
    <p class='ocr_par' dir='ltr' id='par_1_89' title="bbox 2027 2827 3716 2901">
     <span class='ocr_line' id='line_1_89' title="bbox 2027 2827 3716 2901; baseline -0.004 -16"><span class='ocrx_word' id='word_1_656' title='bbox 2027 2832 2126 2901; x_wconf 91' lang='lat' dir='ltr'>qui</span> <span class='ocrx_word' id='word_1_657' title='bbox 2157 2832 2425 2885; x_wconf 88' lang='lat' dir='ltr'>nascituri</span> <span class='ocrx_word' id='word_1_658' title='bbox 2453 2837 2601 2899; x_wconf 81' lang='lat' dir='ltr'>sunt,</span> <span class='ocrx_word' id='word_1_659' title='bbox 2636 2831 2777 2886; x_wconf 89' lang='lat' dir='ltr'>scire</span> <span class='ocrx_word' id='word_1_660' title='bbox 2807 2847 2923 2885; x_wconf 87' lang='lat' dir='ltr'>non</span> <span class='ocrx_word' id='word_1_661' title='bbox 2954 2836 3265 2900; x_wconf 85' lang='lat' dir='ltr'>poterunt;</span> <span class='ocrx_word' id='word_1_662' title='bbox 3306 2828 3533 2883; x_wconf 91' lang='lat' dir='ltr'>silentio</span> <span class='ocrx_word' id='word_1_663' title='bbox 3563 2827 3716 2881; x_wconf 91' lang='lat' dir='ltr'>enim</span> 
     </span>
    </p>
   </div>
   <div class='ocr_carea' id='block_1_90' title="bbox 2027 2918 3332 2990">
    <p class='ocr_par' dir='ltr' id='par_1_90' title="bbox 2027 2918 3332 2990">
     <span class='ocr_line' id='line_1_90' title="bbox 2027 2918 3332 2990; baseline -0.002 -18"><span class='ocrx_word' id='word_1_664' title='bbox 2027 2920 2314 2989; x_wconf 90' lang='lat' dir='ltr'>peribunt,</span> <span class='ocrx_word' id='word_1_665' title='bbox 2346 2920 2593 2990; x_wconf 79' lang='lat' dir='ltr'>et~quasi</span> <span class='ocrx_word' id='word_1_666' title='bbox 2617 2919 2849 2983; x_wconf 88' lang='lat' dir='ltr'>fuerint,</span> <span class='ocrx_word' id='word_1_667' title='bbox 2873 2918 3332 2972; x_wconf 88' lang='lat' dir='ltr'>abscondientur.</span> 
     </span>
    </p>
   </div>
   <div class='ocr_carea' id='block_1_91' title="bbox 1948 3001 3719 3073">
    <p class='ocr_par' dir='ltr' id='par_1_91' title="bbox 1948 3001 3719 3073">
     <span class='ocr_line' id='line_1_91' title="bbox 1948 3001 3719 3073; baseline -0.003 -13"><span class='ocrx_word' id='word_1_668' title='bbox 1948 3018 1988 3071; x_wconf 70' lang='grc' dir='ltr'><strong>ρ</strong></span> <span class='ocrx_word' id='word_1_669' title='bbox 2097 3008 2323 3061; x_wconf 88' lang='lat' dir='ltr'>Vanitas</span> <span class='ocrx_word' id='word_1_670' title='bbox 2366 3008 2520 3061; x_wconf 91' lang='lat' dir='ltr'>enim</span> <span class='ocrx_word' id='word_1_671' title='bbox 2568 3008 2885 3061; x_wconf 88' lang='lat' dir='ltr'>vanitatum</span> <span class='ocrx_word' id='word_1_672' title='bbox 2923 3013 2981 3060; x_wconf 92' lang='lat' dir='ltr'>et</span> <span class='ocrx_word' id='word_1_673' title='bbox 3036 3006 3229 3060; x_wconf 90' lang='lat' dir='ltr'>omnia</span> <span class='ocrx_word' id='word_1_674' title='bbox 3284 3004 3525 3071; x_wconf 77' lang='lat' dir='ltr'>vanitas,</span> <span class='ocrx_word' id='word_1_675' title='bbox 3582 3001 3719 3073; x_wconf 88' lang='lat' dir='ltr'>quia</span> 
     </span>
    </p>
   </div>
   <div class='ocr_carea' id='block_1_92' title="bbox 2029 3090 3715 3164">
    <p class='ocr_par' dir='ltr' id='par_1_92' title="bbox 2029 3090 3715 3164">
     <span class='ocr_line' id='line_1_92' title="bbox 2029 3090 3715 3164; baseline -0.003 -17"><span class='ocrx_word' id='word_1_676' title='bbox 2029 3095 2222 3147; x_wconf 92' lang='lat' dir='ltr'>omnia</span> <span class='ocrx_word' id='word_1_677' title='bbox 2254 3110 2411 3147; x_wconf 90' lang='lat' dir='ltr'>more</span> <span class='ocrx_word' id='word_1_678' title='bbox 2443 3094 2673 3148; x_wconf 86' lang='lat' dir='ltr'>ﬂuentis</span> <span class='ocrx_word' id='word_1_679' title='bbox 2727 3110 2890 3164; x_wconf 70' lang='lat' dir='ltr'>aqua:</span> <span class='ocrx_word' id='word_1_680' title='bbox 2938 3097 3243 3147; x_wconf 88' lang='lat' dir='ltr'>transeunt</span> <span class='ocrx_word' id='word_1_681' title='bbox 3302 3096 3357 3145; x_wconf 87' lang='lat' dir='ltr'>et</span> <span class='ocrx_word' id='word_1_682' title='bbox 3402 3107 3518 3144; x_wconf 91' lang='lat' dir='ltr'>non</span> <span class='ocrx_word' id='word_1_683' title='bbox 3563 3090 3715 3144; x_wconf 85' lang='lat' dir='ltr'>redi-</span> 
     </span>
    </p>
   </div>
   <div class='ocr_carea' id='block_1_93' title="bbox 2025 3180 3716 3245">
    <p class='ocr_par' dir='ltr' id='par_1_93' title="bbox 2025 3180 3716 3245">
     <span class='ocr_line' id='line_1_93' title="bbox 2025 3180 3716 3245; baseline -0.002 -10"><span class='ocrx_word' id='word_1_684' title='bbox 2025 3182 2187 3235; x_wconf 89' lang='lat' dir='ltr'>bunt.</span> <span class='ocrx_word' id='word_1_685' title='bbox 2246 3182 2345 3235; x_wconf 89' lang='lat' dir='ltr'>Cui</span> <span class='ocrx_word' id='word_1_686' title='bbox 2399 3183 2699 3236; x_wconf 68' lang='lat' dir='ltr'>sententia:</span> <span class='ocrx_word' id='word_1_687' title='bbox 2750 3186 2902 3236; x_wconf 86' lang='lat' dir='ltr'>totus</span> <span class='ocrx_word' id='word_1_688' title='bbox 2986 3180 3237 3234; x_wconf 90' lang='lat' dir='ltr'>mundus</span> <span class='ocrx_word' id='word_1_689' title='bbox 3306 3181 3597 3245; x_wconf 86' lang='lat' dir='ltr'>acclamat,</span> <span class='ocrx_word' id='word_1_690' title='bbox 3658 3183 3716 3232; x_wconf 88' lang='lat' dir='ltr'>et</span> 
     </span>
    </p>
   </div>
   <div class='ocr_carea' id='block_1_94' title="bbox 2026 3270 2857 3339">
    <p class='ocr_par' dir='ltr' id='par_1_94' title="bbox 2026 3270 2857 3339">
     <span class='ocr_line' id='line_1_94' title="bbox 2026 3270 2857 3339; baseline 0 -16"><span class='ocrx_word' id='word_1_691' title='bbox 2026 3270 2271 3324; x_wconf 83' lang='lat' dir='ltr'>maxime</span> <span class='ocrx_word' id='word_1_692' title='bbox 2303 3286 2486 3339; x_wconf 85' lang='lat' dir='ltr'>genus</span> <span class='ocrx_word' id='word_1_693' title='bbox 2518 3270 2857 3324; x_wconf 88' lang='lat' dir='ltr'>humanum.</span> 
     </span>
    </p>
   </div>
   <div class='ocr_carea' id='block_1_95' title="bbox 2094 3352 3715 3425">
    <p class='ocr_par' dir='ltr' id='par_1_95' title="bbox 2094 3352 3715 3425">
     <span class='ocr_line' id='line_1_95' title="bbox 2094 3352 3715 3425; baseline -0.001 -17"><span class='ocrx_word' id='word_1_694' title='bbox 2094 3357 2251 3411; x_wconf 76' lang='lat' dir='ltr'>Vens.</span> <span class='ocrx_word' id='word_1_695' title='bbox 2300 3360 2354 3410; x_wconf 87' lang='lat' dir='ltr'>tt</span> <span class='ocrx_word' id='word_1_696' title='bbox 2416 3385 2488 3397; x_wconf 95' lang='lat'><strong><em>—</em></strong></span> <span class='ocrx_word' id='word_1_697' title='bbox 2539 3359 2656 3413; x_wconf 85' lang='lat' dir='ltr'>Non</span> <span class='ocrx_word' id='word_1_698' title='bbox 2712 3362 2790 3410; x_wconf 87' lang='lat' dir='ltr'>est</span> <span class='ocrx_word' id='word_1_699' title='bbox 2840 3359 3107 3424; x_wconf 82' lang='lat' dir='ltr'>priorum.</span> <span class='ocrx_word' id='word_1_700' title='bbox 3160 3353 3360 3425; x_wconf 76' lang='lat' dir='ltr'>(HIER.)</span> <span class='ocrx_word' id='word_1_701' title='bbox 3436 3352 3715 3423; x_wconf 89' lang='lat' dir='ltr'>Seraphin</span> 
     </span>
    </p>
   </div>
   <div class='ocr_carea' id='block_1_96' title="bbox 2023 3444 3715 3515">
    <p class='ocr_par' dir='ltr' id='par_1_96' title="bbox 2023 3444 3715 3515">
     <span class='ocr_line' id='line_1_96' title="bbox 2023 3444 3715 3515; baseline -0.002 -17"><span class='ocrx_word' id='word_1_702' title='bbox 2023 3450 2352 3515; x_wconf 86' lang='lat' dir='ltr'>propterea,</span> <span class='ocrx_word' id='word_1_703' title='bbox 2386 3451 2515 3511; x_wconf 88' lang='lat' dir='ltr'>etc.,</span> <span class='ocrx_word' id='word_1_704' title='bbox 2552 3461 2719 3515; x_wconf 84' lang='lat' dir='ltr'>usque</span> <span class='ocrx_word' id='word_1_705' title='bbox 2743 3445 2818 3498; x_wconf 87' lang='lat' dir='ltr'>ad</span> <span class='ocrx_word' id='word_1_706' title='bbox 2855 3444 3005 3498; x_wconf 89' lang='lat' dir='ltr'>unde</span> <span class='ocrx_word' id='word_1_707' title='bbox 3027 3450 3175 3513; x_wconf 90' lang='lat' dir='ltr'>post,</span> <span class='ocrx_word' id='word_1_708' title='bbox 3229 3444 3346 3499; x_wconf 86' lang='lat' dir='ltr'>Non</span> <span class='ocrx_word' id='word_1_709' title='bbox 3396 3447 3473 3497; x_wconf 86' lang='lat' dir='ltr'>est</span> <span class='ocrx_word' id='word_1_710' title='bbox 3521 3456 3715 3496; x_wconf 83' lang='lat' dir='ltr'>memo-</span> 
     </span>
    </p>
   </div>
   <div class='ocr_carea' id='block_1_97' title="bbox 2022 3535 3125 3603">
    <p class='ocr_par' dir='ltr' id='par_1_97' title="bbox 2022 3535 3125 3603">
     <span class='ocr_line' id='line_1_97' title="bbox 2022 3535 3125 3603; baseline -0.003 -16"><span class='ocrx_word' id='word_1_711' title='bbox 2022 3535 2112 3587; x_wconf 85' lang='lat' dir='ltr'>ria</span> <span class='ocrx_word' id='word_1_712' title='bbox 2168 3536 2408 3603; x_wconf 83' lang='lat' dir='ltr'>sapienti</span> <span class='ocrx_word' id='word_1_713' title='bbox 2424 3550 2542 3587; x_wconf 88' lang='lat' dir='ltr'>cum</span> <span class='ocrx_word' id='word_1_714' title='bbox 2571 3535 2736 3588; x_wconf 80' lang='lat' dir='ltr'>stulto</span> <span class='ocrx_word' id='word_1_715' title='bbox 2766 3535 2825 3587; x_wconf 85' lang='lat' dir='ltr'>in</span> <span class='ocrx_word' id='word_1_716' title='bbox 2848 3538 3125 3587; x_wconf 64' lang='lat' dir='ltr'>wiernum.</span> 
     </span>
    </p>
   </div>
   <div class='ocr_carea' id='block_1_98' title="bbox 2096 3620 3717 3691">
    <p class='ocr_par' dir='ltr' id='par_1_98' title="bbox 2096 3620 3717 3691">
     <span class='ocr_line' id='line_1_98' title="bbox 2096 3620 3717 3691; baseline -0.002 -16"><span class='ocrx_word' id='word_1_717' title='bbox 2096 3623 2251 3677; x_wconf 77' lang='lat' dir='ltr'>Vens.</span> <span class='ocrx_word' id='word_1_718' title='bbox 2300 3626 2383 3677; x_wconf 86' lang='lat' dir='ltr'>t3.</span> <span class='ocrx_word' id='word_1_719' title='bbox 2410 3653 2477 3661; x_wconf 91' lang='lat'>—-</span> <span class='ocrx_word' id='word_1_720' title='bbox 2529 3625 2600 3676; x_wconf 87' lang='lat' dir='ltr'>Et</span> <span class='ocrx_word' id='word_1_721' title='bbox 2633 3625 2897 3691; x_wconf 81' lang='lat' dir='ltr'>proposui</span> <span class='ocrx_word' id='word_1_722' title='bbox 2932 3624 2990 3675; x_wconf 88' lang='lat' dir='ltr'>in</span> <span class='ocrx_word' id='word_1_723' title='bbox 3018 3623 3199 3676; x_wconf 89' lang='lat' dir='ltr'>animo</span> <span class='ocrx_word' id='word_1_724' title='bbox 3247 3636 3378 3687; x_wconf 89' lang='lat' dir='ltr'>meo,</span> <span class='ocrx_word' id='word_1_725' title='bbox 3439 3624 3545 3672; x_wconf 90' lang='lat' dir='ltr'>etc.</span> <span class='ocrx_word' id='word_1_726' title='bbox 3580 3620 3717 3673; x_wconf 85' lang='lat' dir='ltr'>Pro-</span> 
     </span>
    </p>
   </div>
   <div class='ocr_carea' id='block_1_99' title="bbox 2022 3708 3715 3780">
    <p class='ocr_par' dir='ltr' id='par_1_99' title="bbox 2022 3708 3715 3780">
     <span class='ocr_line' id='line_1_99' title="bbox 2022 3708 3715 3780; baseline -0.004 -16"><span class='ocrx_word' id='word_1_727' title='bbox 2022 3710 2217 3779; x_wconf 89' lang='lat' dir='ltr'>posuit</span> <span class='ocrx_word' id='word_1_728' title='bbox 2246 3725 2383 3780; x_wconf 89' lang='lat' dir='ltr'>ergo</span> <span class='ocrx_word' id='word_1_729' title='bbox 2409 3710 2789 3778; x_wconf 84' lang='lat' dir='ltr'>Ecclesiastes,</span> <span class='ocrx_word' id='word_1_730' title='bbox 2824 3716 2929 3763; x_wconf 92' lang='lat' dir='ltr'>etc.</span> <span class='ocrx_word' id='word_1_731' title='bbox 2968 3724 3136 3777; x_wconf 86' lang='lat' dir='ltr'>usque</span> <span class='ocrx_word' id='word_1_732' title='bbox 3156 3708 3229 3762; x_wconf 88' lang='lat' dir='ltr'>ad</span> <span class='ocrx_word' id='word_1_733' title='bbox 3279 3723 3454 3779; x_wconf 88' lang='lat' dir='ltr'>quam</span> <span class='ocrx_word' id='word_1_734' title='bbox 3512 3711 3715 3778; x_wconf 90' lang='lat' dir='ltr'>sponte</span> 
     </span>
    </p>
   </div>
   <div class='ocr_carea' id='block_1_100' title="bbox 2020 3806 2405 3861">
    <p class='ocr_par' dir='ltr' id='par_1_100' title="bbox 2020 3806 2405 3861">
     <span class='ocr_line' id='line_1_100' title="bbox 2020 3806 2405 3861; baseline -0.003 -2"><span class='ocrx_word' id='word_1_735' title='bbox 2020 3806 2405 3861; x_wconf 89' lang='lat' dir='ltr'>incurrerunt.</span> 
     </span>
    </p>
   </div>
   <div class='ocr_carea' id='block_1_101' title="bbox 2092 3907 3713 3982">
    <p class='ocr_par' dir='ltr' id='par_1_101' title="bbox 2092 3907 3713 3982">
     <span class='ocr_line' id='line_1_101' title="bbox 2092 3907 3713 3982; baseline -0.002 -17"><span class='ocrx_word' id='word_1_736' title='bbox 2092 3913 2393 3982; x_wconf 86' lang='lat' dir='ltr'>Hucusque</span> <span class='ocrx_word' id='word_1_737' title='bbox 2425 3910 2770 3981; x_wconf 89' lang='lat' dir='ltr'>generaliter</span> <span class='ocrx_word' id='word_1_738' title='bbox 2797 3910 2865 3963; x_wconf 90' lang='lat' dir='ltr'>de</span> <span class='ocrx_word' id='word_1_739' title='bbox 2897 3909 3240 3963; x_wconf 87' lang='lat' dir='ltr'>vanitatibus</span> <span class='ocrx_word' id='word_1_740' title='bbox 3280 3908 3474 3962; x_wconf 62' lang='lat' dir='ltr'>saeculi</span> <span class='ocrx_word' id='word_1_741' title='bbox 3507 3924 3522 3961; x_wconf 87' lang='lat'><strong>:</strong></span> <span class='ocrx_word' id='word_1_742' title='bbox 3578 3907 3713 3961; x_wconf 91' lang='lat' dir='ltr'>hinc</span> 
     </span>
    </p>
   </div>
   <div class='ocr_carea' id='block_1_102' title="bbox 2021 3996 3707 4069">
    <p class='ocr_par' dir='ltr' id='par_1_102' title="bbox 2021 3996 3707 4069">
     <span class='ocr_line' id='line_1_102' title="bbox 2021 3996 3707 4069; baseline -0.002 -16"><span class='ocrx_word' id='word_1_743' title='bbox 2021 4000 2090 4054; x_wconf 91' lang='lat' dir='ltr'>ad</span> <span class='ocrx_word' id='word_1_744' title='bbox 2121 3999 2373 4069; x_wconf 90' lang='lat' dir='ltr'>seipsum</span> <span class='ocrx_word' id='word_1_745' title='bbox 2404 3998 2567 4062; x_wconf 89' lang='lat' dir='ltr'>redit,</span> <span class='ocrx_word' id='word_1_746' title='bbox 2633 4002 2690 4052; x_wconf 92' lang='lat' dir='ltr'>et</span> <span class='ocrx_word' id='word_1_747' title='bbox 2728 3998 2855 4068; x_wconf 92' lang='lat' dir='ltr'>quis</span> <span class='ocrx_word' id='word_1_748' title='bbox 2882 4002 3029 4050; x_wconf 88' lang='lat' dir='ltr'>esset</span> <span class='ocrx_word' id='word_1_749' title='bbox 3084 3996 3348 4063; x_wconf 90' lang='lat' dir='ltr'>ostendit,</span> <span class='ocrx_word' id='word_1_750' title='bbox 3414 3996 3707 4065; x_wconf 89' lang='lat' dir='ltr'>quomodo</span> 
     </span>
    </p>
   </div>
   <div class='ocr_carea' id='block_1_103' title="bbox 2019 4084 3703 4157">
    <p class='ocr_par' dir='ltr' id='par_1_103' title="bbox 2019 4084 3703 4157">
     <span class='ocr_line' id='line_1_103' title="bbox 2019 4084 3703 4157; baseline -0.002 -17"><span class='ocrx_word' id='word_1_751' title='bbox 2019 4088 2215 4141; x_wconf 88' lang='lat' dir='ltr'>omnia</span> <span class='ocrx_word' id='word_1_752' title='bbox 2242 4086 2592 4157; x_wconf 84' lang='lat' dir='ltr'>cognoverit,</span> <span class='ocrx_word' id='word_1_753' title='bbox 2625 4091 2682 4140; x_wconf 90' lang='lat' dir='ltr'>et</span> <span class='ocrx_word' id='word_1_754' title='bbox 2710 4085 2984 4152; x_wconf 90' lang='lat' dir='ltr'>docuerit,</span> <span class='ocrx_word' id='word_1_755' title='bbox 3018 4084 3168 4138; x_wconf 89' lang='lat' dir='ltr'>unde</span> <span class='ocrx_word' id='word_1_756' title='bbox 3196 4100 3208 4138; x_wconf 92' lang='lat'><strong>:</strong></span> <span class='ocrx_word' id='word_1_757' title='bbox 3263 4088 3327 4139; x_wconf 83' lang='lat' dir='ltr'>Et</span> <span class='ocrx_word' id='word_1_758' title='bbox 3352 4086 3614 4153; x_wconf 85' lang='lat' dir='ltr'>proposui</span> <span class='ocrx_word' id='word_1_759' title='bbox 3643 4086 3703 4138; x_wconf 89' lang='lat' dir='ltr'>in</span> 
     </span>
    </p>
   </div>
   <div class='ocr_carea' id='block_1_104' title="bbox 2021 4178 2700 4241">
    <p class='ocr_par' dir='ltr' id='par_1_104' title="bbox 2021 4178 2700 4241">
     <span class='ocr_line' id='line_1_104' title="bbox 2021 4178 2700 4241; baseline -0.001 -11"><span class='ocrx_word' id='word_1_760' title='bbox 2021 4178 2201 4230; x_wconf 89' lang='lat' dir='ltr'>animo</span> <span class='ocrx_word' id='word_1_761' title='bbox 2230 4191 2361 4241; x_wconf 89' lang='lat' dir='ltr'>meo,</span> <span class='ocrx_word' id='word_1_762' title='bbox 2392 4180 2449 4228; x_wconf 89' lang='lat' dir='ltr'>et</span> <span class='ocrx_word' id='word_1_763' title='bbox 2477 4179 2700 4229; x_wconf 66' lang='lat' dir='ltr'>caetera.</span> 
     </span>
    </p>
   </div>
   <div class='ocr_carea' id='block_1_105' title="bbox 2092 4274 3705 4365">
    <p class='ocr_par' dir='ltr' id='par_1_105' title="bbox 2092 4274 3705 4365">
     <span class='ocr_line' id='line_1_105' title="bbox 2092 4274 3705 4365; baseline 0.001 -30"><span class='ocrx_word' id='word_1_764' title='bbox 2092 4283 2243 4335; x_wconf 86' lang='lat' dir='ltr'>Hanc</span> <span class='ocrx_word' id='word_1_765' title='bbox 2294 4282 2707 4349; x_wconf 82' lang='lat' dir='ltr'>occupationem.</span> <span class='ocrx_word' id='word_1_766' title='bbox 2757 4278 2958 4350; x_wconf 66' lang='lat' dir='ltr'>(Hum)</span> <span class='ocrx_word' id='word_1_767' title='bbox 3014 4278 3264 4333; x_wconf 87' lang='lat' dir='ltr'>Verbum</span> <span class='ocrx_word' id='word_1_768' title='bbox 3317 4280 3486 4333; x_wconf 85' lang='lat' dir='ltr'>anian</span> <span class='ocrx_word' id='word_1_769' title='bbox 3544 4274 3705 4365; x_wconf 63' lang='grc' dir='ltr'>(νιν)</span> 
     </span>
    </p>
   </div>
   <div class='ocr_carea' id='block_1_106' title="bbox 2018 4365 3709 4443">
    <p class='ocr_par' dir='ltr' id='par_1_106' title="bbox 2018 4365 3709 4443">
     <span class='ocr_line' id='line_1_106' title="bbox 2018 4365 3709 4443; baseline -0.004 -19"><span class='ocrx_word' id='word_1_770' title='bbox 2018 4370 2243 4441; x_wconf 80' lang='lat' dir='ltr'>Aquila,</span> <span class='ocrx_word' id='word_1_771' title='bbox 2276 4370 2403 4423; x_wconf 72' lang='lat' dir='ltr'>LXX</span> <span class='ocrx_word' id='word_1_772' title='bbox 2460 4374 2515 4423; x_wconf 92' lang='lat' dir='ltr'>et</span> <span class='ocrx_word' id='word_1_773' title='bbox 2562 4369 2872 4424; x_wconf 90' lang='lat' dir='ltr'>Theodotio</span> <span class='ocrx_word' id='word_1_774' title='bbox 2902 4369 3268 4443; x_wconf 79' lang='grc' dir='ltr'>περισπασμόν</span> <span class='ocrx_word' id='word_1_775' title='bbox 3318 4367 3472 4439; x_wconf 89' lang='lat' dir='ltr'>quod</span> <span class='ocrx_word' id='word_1_776' title='bbox 3531 4365 3709 4420; x_wconf 89' lang='lat' dir='ltr'>latine</span> 
     </span>
    </p>
   </div>
   <div class='ocr_carea' id='block_1_107' title="bbox 2019 4457 3710 4529">
    <p class='ocr_par' dir='ltr' id='par_1_107' title="bbox 2019 4457 3710 4529">
     <span class='ocr_line' id='line_1_107' title="bbox 2019 4457 3710 4529; baseline -0.002 -16"><span class='ocrx_word' id='word_1_777' title='bbox 2019 4460 2297 4527; x_wconf 83' lang='lat' dir='ltr'>distensio,</span> <span class='ocrx_word' id='word_1_778' title='bbox 2328 4463 2455 4521; x_wconf 91' lang='lat' dir='ltr'>etc.,</span> <span class='ocrx_word' id='word_1_779' title='bbox 2490 4474 2659 4528; x_wconf 87' lang='lat' dir='ltr'>usque</span> <span class='ocrx_word' id='word_1_780' title='bbox 2687 4459 2760 4513; x_wconf 88' lang='lat' dir='ltr'>ad</span> <span class='ocrx_word' id='word_1_781' title='bbox 2785 4458 2851 4512; x_wconf 91' lang='lat' dir='ltr'>ad</span> <span class='ocrx_word' id='word_1_782' title='bbox 2903 4457 3257 4529; x_wconf 89' lang='lat' dir='ltr'>superiorem</span> <span class='ocrx_word' id='word_1_783' title='bbox 3305 4471 3536 4511; x_wconf 91' lang='lat' dir='ltr'>sensum</span> <span class='ocrx_word' id='word_1_784' title='bbox 3570 4470 3710 4509; x_wconf 92' lang='lat' dir='ltr'>cun-</span> 
     </span>
    </p>
   </div>
   <div class='ocr_carea' id='block_1_108' title="bbox 2019 4548 2473 4602">
    <p class='ocr_par' dir='ltr' id='par_1_108' title="bbox 2019 4548 2473 4602">
     <span class='ocr_line' id='line_1_108' title="bbox 2019 4548 2473 4602; baseline -0.004 0"><span class='ocrx_word' id='word_1_785' title='bbox 2019 4554 2107 4602; x_wconf 89' lang='lat' dir='ltr'>cta</span> <span class='ocrx_word' id='word_1_786' title='bbox 2126 4548 2473 4602; x_wconf 81' lang='lat' dir='ltr'>referuntur.</span> 
     </span>
    </p>
   </div>
   <div class='ocr_carea' id='block_1_109' title="bbox 2089 4650 3707 4720">
    <p class='ocr_par' dir='ltr' id='par_1_109' title="bbox 2089 4650 3707 4720">
     <span class='ocr_line' id='line_1_109' title="bbox 2089 4650 3707 4720; baseline -0.001 -15"><span class='ocrx_word' id='word_1_787' title='bbox 2089 4655 2457 4709; x_wconf 72' lang='lat' dir='ltr'>Vens.14.—</span> <span class='ocrx_word' id='word_1_788' title='bbox 2490 4655 2641 4720; x_wconf 84' lang='lat' dir='ltr'>Vidi,</span> <span class='ocrx_word' id='word_1_789' title='bbox 2692 4659 2797 4708; x_wconf 89' lang='lat' dir='ltr'>etc.</span> <span class='ocrx_word' id='word_1_790' title='bbox 2863 4651 3228 4708; x_wconf 87' lang='lat' dir='ltr'>Cousideravi</span> <span class='ocrx_word' id='word_1_791' title='bbox 3287 4650 3484 4706; x_wconf 90' lang='lat' dir='ltr'>omnia</span> <span class='ocrx_word' id='word_1_792' title='bbox 3538 4666 3707 4705; x_wconf 92' lang='lat' dir='ltr'>mun-</span> 
     </span>
    </p>
   </div>
   <div class='ocr_carea' id='block_1_110' title="bbox 2018 4738 3703 4807">
    <p class='ocr_par' dir='ltr' id='par_1_110' title="bbox 2018 4738 3703 4807">
     <span class='ocr_line' id='line_1_110' title="bbox 2018 4738 3703 4807; baseline -0.002 -12"><span class='ocrx_word' id='word_1_793' title='bbox 2018 4740 2185 4807; x_wconf 89' lang='lat' dir='ltr'>dana,</span> <span class='ocrx_word' id='word_1_794' title='bbox 2219 4747 2277 4795; x_wconf 87' lang='lat' dir='ltr'>et</span> <span class='ocrx_word' id='word_1_795' title='bbox 2316 4741 2427 4796; x_wconf 91' lang='lat' dir='ltr'>vidi</span> <span class='ocrx_word' id='word_1_796' title='bbox 2475 4742 2781 4795; x_wconf 89' lang='lat' dir='ltr'>vanitatem</span> <span class='ocrx_word' id='word_1_797' title='bbox 2835 4746 2892 4794; x_wconf 89' lang='lat' dir='ltr'>et</span> <span class='ocrx_word' id='word_1_798' title='bbox 2953 4740 3230 4794; x_wconf 89' lang='lat' dir='ltr'>malitiam</span> <span class='ocrx_word' id='word_1_799' title='bbox 3290 4755 3432 4802; x_wconf 89' lang='lat' dir='ltr'>esse,</span> <span class='ocrx_word' id='word_1_800' title='bbox 3483 4738 3538 4792; x_wconf 91' lang='lat' dir='ltr'>id</span> <span class='ocrx_word' id='word_1_801' title='bbox 3600 4744 3703 4791; x_wconf 88' lang='lat' dir='ltr'>est.</span> 
     </span>
    </p>
   </div>
   <div class='ocr_carea' id='block_1_111' title="bbox 2016 4827 3704 4901">
    <p class='ocr_par' dir='ltr' id='par_1_111' title="bbox 2016 4827 3704 4901">
     <span class='ocr_line' id='line_1_111' title="bbox 2016 4827 3704 4901; baseline -0.002 -18"><span class='ocrx_word' id='word_1_802' title='bbox 2016 4829 2279 4884; x_wconf 86' lang='lat' dir='ltr'>miserias</span> <span class='ocrx_word' id='word_1_803' title='bbox 2308 4830 2561 4901; x_wconf 90' lang='lat' dir='ltr'>spiritus,</span> <span class='ocrx_word' id='word_1_804' title='bbox 2618 4829 2824 4900; x_wconf 88' lang='lat' dir='ltr'>quibus</span> <span class='ocrx_word' id='word_1_805' title='bbox 2864 4827 3090 4882; x_wconf 89' lang='lat' dir='ltr'>animus</span> <span class='ocrx_word' id='word_1_806' title='bbox 3151 4827 3389 4882; x_wconf 86' lang='lat' dir='ltr'>diversis</span> <span class='ocrx_word' id='word_1_807' title='bbox 3439 4827 3704 4896; x_wconf 87' lang='lat' dir='ltr'>fatigatus</span> 
     </span>
    </p>
   </div>
   <div class='ocr_carea' id='block_1_112' title="bbox 2015 4915 3706 4989">
    <p class='ocr_par' dir='ltr' id='par_1_112' title="bbox 2015 4915 3706 4989">
     <span class='ocr_line' id='line_1_112' title="bbox 2015 4915 3706 4989; baseline -0.004 -16"><span class='ocrx_word' id='word_1_808' title='bbox 2015 4917 2460 4989; x_wconf 86' lang='lat' dir='ltr'>cogitationibus</span> <span class='ocrx_word' id='word_1_809' title='bbox 2490 4919 2708 4973; x_wconf 86' lang='lat' dir='ltr'>laborat</span> <span class='ocrx_word' id='word_1_810' title='bbox 2738 4932 3096 4987; x_wconf 88' lang='lat' dir='ltr'>cognoscere,</span> <span class='ocrx_word' id='word_1_811' title='bbox 3120 4917 3269 4987; x_wconf 87' lang='lat' dir='ltr'>quod</span> <span class='ocrx_word' id='word_1_812' title='bbox 3315 4915 3536 4970; x_wconf 90' lang='lat' dir='ltr'>homini</span> <span class='ocrx_word' id='word_1_813' title='bbox 3586 4931 3706 4968; x_wconf 92' lang='lat' dir='ltr'>non</span> 
     </span>
    </p>
   </div>
   <div class='ocr_carea' id='block_1_113' title="bbox 2014 5006 2363 5061">
    <p class='ocr_par' dir='ltr' id='par_1_113' title="bbox 2014 5006 2363 5061">
     <span class='ocr_line' id='line_1_113' title="bbox 2014 5006 2363 5061; baseline -0.006 0"><span class='ocrx_word' id='word_1_814' title='bbox 2014 5006 2363 5061; x_wconf 90' lang='lat' dir='ltr'>conceditur.</span> 
     </span>
    </p>
   </div>
   <div class='ocr_carea' id='block_1_114' title="bbox 2086 5109 3705 5183">
    <p class='ocr_par' dir='ltr' id='par_1_114' title="bbox 2086 5109 3705 5183">
     <span class='ocr_line' id='line_1_114' title="bbox 2086 5109 3705 5183; baseline -0.002 -17"><span class='ocrx_word' id='word_1_815' title='bbox 2086 5112 2291 5183; x_wconf 68' lang='lat'>(111311.)</span> <span class='ocrx_word' id='word_1_816' title='bbox 2380 5112 2625 5165; x_wconf 88' lang='lat' dir='ltr'>Verbum</span> <span class='ocrx_word' id='word_1_817' title='bbox 2677 5112 2854 5167; x_wconf 83' lang='lat' dir='ltr'>Routh</span> <span class='ocrx_word' id='word_1_818' title='bbox 2915 5111 3096 5178; x_wconf 67' lang='lat' dir='ltr'>(nm)</span> <span class='ocrx_word' id='word_1_819' title='bbox 3152 5109 3360 5181; x_wconf 83' lang='lat' dir='ltr'>Aquila</span> <span class='ocrx_word' id='word_1_820' title='bbox 3414 5113 3471 5163; x_wconf 88' lang='lat' dir='ltr'>et</span> <span class='ocrx_word' id='word_1_821' title='bbox 3522 5110 3705 5164; x_wconf 89' lang='lat' dir='ltr'>Theo-</span> 
     </span>
    </p>
   </div>
   <div class='ocr_carea' id='block_1_115' title="bbox 2014 5198 3701 5269">
    <p class='ocr_par' dir='ltr' id='par_1_115' title="bbox 2014 5198 3701 5269">
     <span class='ocr_line' id='line_1_115' title="bbox 2014 5198 3701 5269; baseline -0.001 -15"><span class='ocrx_word' id='word_1_822' title='bbox 2014 5200 2189 5262; x_wconf 90' lang='lat' dir='ltr'>dotio,</span> <span class='ocrx_word' id='word_1_823' title='bbox 2222 5205 2351 5265; x_wconf 91' lang='lat' dir='ltr'>etc.,</span> <span class='ocrx_word' id='word_1_824' title='bbox 2382 5214 2551 5267; x_wconf 85' lang='lat' dir='ltr'>usque</span> <span class='ocrx_word' id='word_1_825' title='bbox 2579 5200 2653 5252; x_wconf 83' lang='lat' dir='ltr'>ad</span> <span class='ocrx_word' id='word_1_826' title='bbox 2700 5198 2909 5269; x_wconf 89' lang='lat' dir='ltr'>quibus</span> <span class='ocrx_word' id='word_1_827' title='bbox 2967 5198 3155 5252; x_wconf 86' lang='lat' dir='ltr'>anima</span> <span class='ocrx_word' id='word_1_828' title='bbox 3185 5198 3423 5253; x_wconf 78' lang='lat' dir='ltr'>diVersis</span> <span class='ocrx_word' id='word_1_829' title='bbox 3481 5199 3701 5269; x_wconf 86' lang='lat' dir='ltr'>cogita-</span> 
     </span>
    </p>
   </div>
   <div class='ocr_carea' id='block_1_116' title="bbox 2014 5286 2596 5359">
    <p class='ocr_par' dir='ltr' id='par_1_116' title="bbox 2014 5286 2596 5359">
     <span class='ocr_line' id='line_1_116' title="bbox 2014 5286 2596 5359; baseline 0.002 -18"><span class='ocrx_word' id='word_1_830' title='bbox 2014 5286 2266 5341; x_wconf 88' lang='lat' dir='ltr'>tionibus</span> <span class='ocrx_word' id='word_1_831' title='bbox 2295 5287 2596 5359; x_wconf 85' lang='lat' dir='ltr'>afﬂigitur.</span> 
     </span>
    </p>
   </div>
   <div class='ocr_carea' id='block_1_117' title="bbox 2083 5392 3705 5462">
    <p class='ocr_par' dir='ltr' id='par_1_117' title="bbox 2083 5392 3705 5462">
     <span class='ocr_line' id='line_1_117' title="bbox 2083 5392 3705 5462; baseline 0.002 -18"><span class='ocrx_word' id='word_1_832' title='bbox 2083 5393 2243 5447; x_wconf 74' lang='lat' dir='ltr'>Vens.</span> <span class='ocrx_word' id='word_1_833' title='bbox 2282 5396 2364 5447; x_wconf 86' lang='lat' dir='ltr'>t5.</span> <span class='ocrx_word' id='word_1_834' title='bbox 2395 5423 2463 5434; x_wconf 97' lang='lat'><strong><em>—</em></strong></span> <span class='ocrx_word' id='word_1_835' title='bbox 2509 5395 2772 5449; x_wconf 85' lang='lat' dir='ltr'>Peruersi.</span> <span class='ocrx_word' id='word_1_836' title='bbox 2809 5392 2927 5462; x_wconf 90' lang='lat'>(10.)</span> <span class='ocrx_word' id='word_1_837' title='bbox 2982 5395 3284 5447; x_wconf 89' lang='lat' dir='ltr'>Perversus</span> <span class='ocrx_word' id='word_1_838' title='bbox 3334 5408 3447 5445; x_wconf 90' lang='lat' dir='ltr'>non</span> <span class='ocrx_word' id='word_1_839' title='bbox 3491 5394 3705 5461; x_wconf 89' lang='lat' dir='ltr'>poterit</span> 
     </span>
    </p>
   </div>
   <div class='ocr_carea' id='block_1_118' title="bbox 2012 5481 3698 5550">
    <p class='ocr_par' dir='ltr' id='par_1_118' title="bbox 2012 5481 3698 5550">
     <span class='ocr_line' id='line_1_118' title="bbox 2012 5481 3698 5550; baseline 0.001 -16"><span class='ocrx_word' id='word_1_840' title='bbox 2012 5482 2301 5547; x_wconf 88' lang='lat' dir='ltr'>adornari,</span> <span class='ocrx_word' id='word_1_841' title='bbox 2333 5487 2474 5549; x_wconf 88' lang='lat' dir='ltr'>etc.,</span> <span class='ocrx_word' id='word_1_842' title='bbox 2507 5482 2766 5549; x_wconf 81' lang='lat' dir='ltr'>usquead</span> <span class='ocrx_word' id='word_1_843' title='bbox 2791 5488 2851 5534; x_wconf 89' lang='lat' dir='ltr'>ut</span> <span class='ocrx_word' id='word_1_844' title='bbox 2890 5497 3004 5534; x_wconf 92' lang='lat' dir='ltr'>nou</span> <span class='ocrx_word' id='word_1_845' title='bbox 3038 5481 3218 5549; x_wconf 75' lang='lat' dir='ltr'>possit</span> <span class='ocrx_word' id='word_1_846' title='bbox 3268 5481 3698 5550; x_wconf 80' lang='lat' dir='ltr'>comprehendi.</span> 
     </span>
    </p>
   </div>
   <div class='ocr_carea' id='block_1_119' title="bbox 2082 5570 3700 5639">
    <p class='ocr_par' dir='ltr' id='par_1_119' title="bbox 2082 5570 3700 5639">
     <span class='ocr_line' id='line_1_119' title="bbox 2082 5570 3700 5639; baseline 0.002 -19"><span class='ocrx_word' id='word_1_847' title='bbox 2082 5570 2241 5625; x_wconf 77' lang='lat' dir='ltr'>Vsus.</span> <span class='ocrx_word' id='word_1_848' title='bbox 2330 5574 2407 5624; x_wconf 90' lang='lat' dir='ltr'>t7.</span> <span class='ocrx_word' id='word_1_849' title='bbox 2479 5573 2803 5639; x_wconf 81' lang='lat' dir='ltr'>Erroresque</span> <span class='ocrx_word' id='word_1_850' title='bbox 2857 5575 2905 5623; x_wconf 82' lang='lat' dir='ltr'>et</span> <span class='ocrx_word' id='word_1_851' title='bbox 2952 5572 3127 5624; x_wconf 79' lang='lat' dir='ltr'>stulti.</span> <span class='ocrx_word' id='word_1_852' title='bbox 3169 5570 3304 5639; x_wconf 90' lang='lat'>(10).</span> <span class='ocrx_word' id='word_1_853' title='bbox 3365 5570 3553 5624; x_wconf 82' lang='lat' dir='ltr'>Prima</span> <span class='ocrx_word' id='word_1_854' title='bbox 3605 5587 3700 5623; x_wconf 90' lang='lat' dir='ltr'>sa-</span> 
     </span>
    </p>
   </div>
  </div>
