4082 6184
319 268 453 322 1119

931 261 1323 317 WALAFRIDI
1359 259 1607 316 STRABI
1646 259 1847 315 FULD.
1889 258 2049 315 MON.
2089 256 2248 314 OPP.
2299 255 2474 312 PARS
2510 253 2554 308 Ι.
2595 281 2664 293 --
2701 248 3154 308 THEOLOGICA.

3683 249 3816 302 1120

314 386 540 460 pientia
575 389 659 440 est
715 384 960 439 stultitia
1015 383 1288 451 caruisse,
1333 387 1464 450 etc.,
1522 397 1690 453 usque
1728 382 1802 438 ad
1841 381 2094 453 supraA
2201 380 2367 436 Vens.
2449 379 2532 433 18.
2585 405 2656 417 -
2703 378 2911 432 Rursus
2967 374 3278 428 detestatus.
3357 371 3583 440 (Ηιειι.)
3637 368 3818 441 Spiri-

321 475 655 534 disseruisse
685 473 947 530 sufﬁciat.

994 560 1220 616 CAPUT
1261 560 1332 615 Π.

391 654 550 708 Vaas.
581 654 628 705 1.
662 679 731 692 -
781 648 918 704 Dixi
946 663 1091 715 ergo.
1126 646 1331 718 (Hiera)
1381 649 1691 718 Postquam
1746 645 1809 700 in
1866 643 2017 700 mul-

322 741 571 797 titudine
593 737 910 808 sapientiae,
947 741 1076 804 etc.,
1107 752 1278 807 usque
1331 736 1405 791 ad
1454 740 1590 790 tunc
1639 751 1758 790 non
1798 735 2017 788 vanitas

325 830 453 895 erit,
491 828 588 881 sed
610 827 838 881 veritas.
1243 879 1249 883 ,

402 917 570 970 Vens.
599 917 652 968 2.
685 944 751 956 -—
782 914 979 968 Risum
1017 914 1269 982 reputavi
1316 927 1567 966 errorem.
1621 909 1742 982 (ῐο.)
1776 909 1880 965 Ubi
1912 925 2018 963 nos

331 1005 598 1075 dicimus,
619 1008 753 1070 etc.,
776 1018 942 1072 usque
971 1002 1044 1056 ad
1073 1003 1203 1056 laeta
1232 1001 1342 1056 sibi
1373 1006 1428 1056 et
1456 1017 1728 1073 prospera
1779 999 2018 1072 promit-

324 1097 474 1149 tunt.

397 1182 565 1238 Vaas.
589 1184 641 1237 3.
673 1211 742 1220 -—
775 1181 1034 1248 Cogitavi
1059 1181 1118 1234 in
1147 1180 1320 1234 corde.
1355 1178 1486 1248 (1ο.)
1545 1177 1823 1248 Ebrietas,
1885 1180 2016 1242 etc.,

328 1287 496 1340 usque
524 1269 599 1324 ad
629 1269 768 1340 quid
795 1269 1110 1323 vitandum.

395 1360 565 1414 Vens.
607 1361 660 1413 4.
684 1390 753 1398 -—
779 1357 1034 1413 Plantavi
1063 1359 1264 1429 vineas.
1299 1357 1363 1410 In
1394 1355 1566 1410 domo
1627 1354 1836 1422 divitis,
1887 1357 2016 1422 etc.,

327 1464 496 1518 usque
518 1447 592 1502 ad
620 1447 741 1501 sine
765 1462 878 1517 qua
907 1450 1113 1500 caetera
1142 1445 1296 1516 ligna
1325 1444 1710 1498 siccabuntur.

398 1537 561 1590 Vsas.
595 1537 654 1590 6.
684 1537 848 1590 —Et
893 1536 1146 1588 exstrumi
1171 1534 1309 1587 mihi
1353 1534 1614 1602 piscinas,
1675 1534 1806 1599 etc.,
1856 1544 2025 1600 usque

321 1625 398 1680 ad
426 1627 482 1678 et
506 1623 817 1678 serotinam
841 1627 1128 1692 exspectat
1157 1621 1225 1675 de
1256 1621 1395 1675 coelo
1431 1619 1701 1690 pluviam.

401 1715 564 1768 Vens.
606 1717 658 1766 7.
693 1741 762 1751 -
787 1710 1005 1765 Possedi
1057 1724 1282 1764 servos:
1339 1707 1544 1762 timore
1588 1707 1916 1774 servientes,

328 1800 651 1874 spiritualia
681 1799 1088 1865 desiderantes,
1156 1813 1260 1851 nec
1289 1796 1576 1851 timentes.

399 1890 744 1944 Vernaculos
783 1903 880 1941 eos
911 1886 1170 1952 dicimus,
1203 1887 1302 1956 qui
1331 1890 1463 1939 sunt
1515 1883 1746 1956 quidem
1786 1883 1855 1938 de
1917 1885 2020 1938 Ec-

330 1979 527 2045 clesia,
561 1982 621 2031 et
668 1976 970 2047 praedictos
1029 1991 1223 2029 servos
1261 1978 1316 2028 et
1359 1972 1594 2028 ancillas
1645 1973 2018 2037 antecedunt;

333 2083 439 2122 nec
462 2071 654 2119 tamen
682 2063 846 2118 liberi
877 2067 1028 2117 sunt.

403 2152 705 2208 Vernaculi
730 2152 997 2206 dicuntur
1048 2149 1154 2205 ﬁlii
1200 2165 1516 2216 servorum,
1575 2148 1674 2220 qui
1735 2147 1798 2202 in
1851 2148 2023 2202 domo

331 2242 554 2300 domini
585 2242 672 2297 sui
701 2241 821 2295 nati
849 2245 998 2294 sunt.

403 2333 668 2386 Armenta
689 2345 898 2398 quoque
926 2334 974 2382 et
1023 2342 1264 2396 magnos.
1323 2326 1391 2380 Hi
1438 2329 1593 2391 sunt,
1652 2323 1753 2396 qui
1811 2324 2026 2396 absque

333 2419 556 2474 ratione
586 2424 645 2473 et
673 2417 908 2472 scientia
937 2416 1358 2488 Scripturarum
1398 2414 1661 2469 laborant
1705 2412 1938 2484 quidem
1965 2413 2026 2466 in

333 2507 597 2572 Ecclesia,
630 2507 724 2560 sed
769 2505 1025 2559 nondum
1082 2504 1154 2558 ad
1197 2503 1488 2558 hominem
1548 2500 1911 2572 perveniunt,
1968 2500 2024 2556 id

332 2601 417 2650 est
442 2596 512 2650 ad
539 2595 850 2665 imaginem
884 2593 1004 2648 Dei.

403 2683 607 2756 (Ηιειι.)
703 2685 772 2739 Et
863 2682 1082 2751 quidem
1165 2681 1428 2750 possessio
1520 2679 1774 2734 armenti.

332 2773 508 2846 quod,
542 2777 674 2841 etc.,
705 2787 874 2840 usque
920 2772 995 2824 ad
1025 2770 1112 2824 vel
1140 2769 1446 2824 vernaculi.

404 2861 565 2915 Vens.
597 2863 648 2915 8.
679 2859 1116 2913 —Substantias
1161 2873 1365 2923 regum.
1398 2855 1520 2927 (11).)
1585 2856 1866 2926 Dogmata
1899 2851 2025 2925 phi-

1881 2677 2028 2732 Nota

1965 1677 2096 1760 etB

2124 468 2267 524 tuali
2295 467 2492 522 labore
2524 463 2704 520 sancti
2733 463 2824 518 die
2851 466 3140 532 noctuque
3177 461 3238 514 in
3269 460 3392 531 lege
3433 458 3666 513 Domini
3697 473 3818 511 me-

2125 558 2408 622 ditantur,
2437 561 2566 621 etc.,
2605 568 2772 623 usque
2821 551 2897 604 ad
2943 549 3220 622 sapientia
3250 548 3405 604 enim
3432 564 3547 602 non
3579 550 3664 600 est
3698 550 3815 600 ter-

2126 663 2290 702 renas
2316 645 2542 700 divitias
2570 657 2938 714 congregare.

2198 734 2516 790 Habiturus.
2563 733 2677 785 Hoc
2732 729 2842 800 ipsi
2899 725 3191 783 Salomoni
3227 723 3486 795 contigit,
3542 721 3644 794 qui
3700 737 3821 776 non

2129 823 2218 879 sui
2243 821 2489 876 similem
2520 819 2721 874 habuit
2752 817 2936 872 ﬁlium
2967 816 3240 871 Roboam.
3276 815 3347 868 Ex
3378 829 3492 884 quo
3543 809 3821 880 intelligi-

2129 929 2257 968 mus
2287 911 2469 965 iilium
2493 924 2594 963 nec
2653 907 2894 978 dignum
2926 904 3160 977 quidem
3220 902 3552 957 haereditate
3616 897 3820 972 patris,

2129 1001 2177 1055 si
2207 999 2413 1054 stultus
2444 997 2535 1050 sit.

2199 1090 2376 1143 Vsus.
2439 1090 2527 1140 21.
2579 1114 2648 1124 -
2701 1085 2840 1140 Nam
2890 1097 3008 1137 cum
3063 1082 3224 1135 alius.
3306 1077 3432 1149 (ῐο.)
3491 1077 3679 1148 Supra
3753 1075 3826 1130 de

2131 1177 2348 1232 incerto
2407 1173 2658 1239 hierede,
2707 1176 2836 1237 etc.,
2885 1185 3054 1238 usque
3079 1169 3153 1223 ad
3179 1185 3244 1222 ex
3274 1166 3518 1221 ratione.

2203 1267 2373 1320 Vrsas.
2399 1265 2485 1318 24.
2516 1291 2587 1303 —
2617 1263 2804 1317 Nonne
2829 1260 3038 1313 melius.
3087 1256 3209 1328 (11).)
3267 1258 3576 1325 Postquam
3625 1249 3830 1306 omnia

2132 1351 2490 1426 pertractavi,
2521 1354 2652 1416 etc.,
2683 1363 2852 1417 usque
2881 1347 2959 1404 ad
2980 1351 3259 1418 quantum
3291 1341 3534 1398 sufﬁcit?

2201 1443 2368 1496 Vsus.
2399 1442 2487 1494 26.
2523 1437 2830 1492 —Homini
2877 1435 3028 1488 bono.
3083 1431 3213 1503 (11).)
3261 1427 3579 1500 Corrigenti
3634 1441 3829 1481 mores

2133 1547 2283 1597 suos,
2318 1533 2444 1591 etc.,
2480 1542 2646 1598 usque
2667 1525 2743 1581 ad
2772 1527 2828 1578 et
2873 1522 3108 1595 spiritus
3161 1518 3611 1592 praesumptione
3659 1531 3829 1570 com-

2132 1620 2316 1692 posita
2336 1634 2477 1674 esse.

2798 1681 3026 1737 CAPUT
3066 1680 3163 1734 III.

2201 1800 2364 1853 Vaas.
2408 1799 2456 1851 1.
2517 1823 2586 1835 -
2630 1793 2824 1850 Omnia
2871 1793 3078 1858 tempus
3131 1785 3344 1840 habent.
3389 1780 3588 1853 (HIER.)
3635 1780 3828 1835 Incer-

2131 1890 2254 1941 tum
2274 1891 2331 1939 et
2356 1886 2725 1939 ﬂuctuantem
2747 1883 2958 1932 statum
2986 1872 3324 1929 conditionis
3355 1871 3624 1924 humanas
3654 1883 3832 1938 supra

2131 1974 2347 2042 docuit,
2400 1977 2530 2038 etc.,
2572 1985 2740 2040 usque
2767 1966 2840 2022 ad
2888 1981 2990 2020 nec
3021 1965 3143 2018 loco
3174 1977 3276 2016 nec
3332 1965 3593 2031 tempore
3641 1956 3827 2010 conti-

2130 2069 2359 2118 nentur.

2202 2153 2360 2205 Vens.
2437 2151 2488 2203 2.
2562 2178 2631 2187 —
2693 2144 2922 2212 Tempus
2969 2138 3287 2210 plantandi,
3337 2141 3440 2191 etc.
3498 2135 3621 2205 (11).)
3674 2131 3830 2187 Nulli

2135 2239 2374 2296 dubium
2405 2240 2508 2304 est,
2546 2240 2676 2302 etc.,
2735 2246 2904 2302 usque
2949 2229 3024 2284 ad
3083 2227 3218 2298 quia
3272 2223 3521 2296 perfecta
3578 2221 3828 2276 Charitas

2132 2329 2282 2385 foras
2313 2325 2490 2381 mittit
2515 2323 2804 2378 timorem.

2206 2418 2369 2471 Vaas.
2401 2417 2452 2470 3.
2484 2443 2553 2453 ——
2587 2414 2814 2478 Tempus
2843 2403 3174 2470 destruendi,
3207 2404 3313 2456 etc.
3371 2401 3494 2454 Non
3519 2412 3828 2468 possumus

2133 2504 2416 2561 ediﬁcare
2445 2502 2610 2567 bona,
2637 2498 2746 2552 nisi
2773 2483 2932 2566 prius
2963 2489 3414 2548 destruxerimus
3461 2487 3630 2554 mala,
3685 2485 3831 2538 sicut

2132 2590 2395 2648 Jeremize
2437 2589 2652 2644 dictum
2704 2589 2788 2638 est
2838 2599 2872 2636 a
2922 2582 3061 2647 Deo,
3101 2583 3168 2632 ut
3213 2582 3346 2631 ante
3404 2574 3716 2628 eradicaret
3771 2575 3832 2625 et

2135 2679 2444 2735 suﬁ‘oderet
2493 2681 2550 2730 et
2597 2673 2879 2744 perderet,
2933 2673 2990 2723 et
3049 2670 3244 2739 postea
3302 2662 3611 2718 aediﬁcaret
3655 2664 3828 2731 atque

2135 2770 2425 2841 plantaret
2450 2766 2661 2834 (larem.
2697 2761 2756 2832 1).

2207 2859 2367 2910 Vaas.
2401 2857 2453 2909 4.
2482 2883 2551 2892 —
2593 2853 2818 2920 Tempus
2870 2843 3197 2916 pla-agendi,
3253 2845 3360 2895 etc.
3423 2836 3829 2908 Plangendum

330 2948 724 3017 “sophorum:
776 2951 904 3012 etc-1
951 2961 1120 3014 usque
1164 2945 1238 2999 ad
1293 2948 1346 2998 et
1394 2925 1725 3015 prudentia
1769 2942 2027 3014 Pruden-
2061 2952 2101 3007 C
2138 2952 2225 3002 est
2253 2959 2407 2999 nunc
2436 2947 2500 2996 ut
2540 2940 2601 2994 in
2647 2939 2840 2993 futuro
2903 2933 3193 2996 saltemus,
3237 2929 3394 2984 illam
3444 2925 3827 3017 saltationem,

331 3036 476 3090 tium
501 3036 790 3106 reprobat.

405 3125 534 3179 Feci
551 3124 692 3180 mihi
720 3126 981 3178 cantores.
1031 3121 1259 3188 Cantor,
1307 3125 1440 3186 etc.,
1486 3134 1656 3188 usque
1704 3119 1796 3186 ad,
1838 3119 2026 3176 Canto-

335 3228 422 3268 res
452 3217 500 3267 et
521 3215 862 3277 cantatrices,
893 3216 1135 3281 uterque
1156 3225 1324 3264 sexus
1351 3224 1444 3263 me
1474 3208 1804 3262 oblectaret.

409 3302 648 3356 Delicias
706 3301 943 3368 ﬁliorum
1007 3300 1298 3353 hominum.
1386 3296 1736 3366 Sapientiam
1794 3293 2024 3361 scilicet,

338 3405 490 3459 quas,
514 3389 660 3442 sicut
693 3388 1008 3458 paradisus.
1044 3403 1216 3457 poma
1246 3385 1419 3440 habet
1442 3384 1597 3437 varia
1647 3391 1704 3437 et
1747 3382 2026 3452 multipli-

336 3491 429 3530 ces
462 3476 804 3545 voluptates.
838 3474 916 3529 De
948 3490 1061 3544 qua
1113 3473 1448 3529 Psalmista:
1504 3473 1776 3527 Delectare
1818 3473 1878 3524 in
1920 3473 2030 3525 Do-

340 3567 506 3630 mino,
563 3569 614 3618 et
639 3563 774 3618 dabi
819 3564 922 3618 tibi
959 3565 1245 3633 petitiones
1275 3562 1449 3616 cordis
1481 3564 1562 3615 tui
1596 3561 1762 3630 (Psal.
1817 3559 2026 3629 xxxv1).

341 3654 428 3720 Et,
463 3655 724 3722 Torrente
760 3653 1057 3721 voluptatis
1094 3657 1196 3705 tua
1237 3650 1454 3720 potabis
1506 3665 1590 3704 eos
1635 3650 1806 3719 (Psal.
1843 3648 2030 3719 xxxv).

411 3743 578 3796 Vsus.
609 3745 660 3796 9.
688 3771 756 3779 -—
785 3741 888 3807 Qui
925 3745 1050 3794 ante
1077 3755 1159 3794 me
1203 3742 1427 3807 fuerunt
1473 3740 1532 3792 in
1586 3738 1900 3792 Jerusalem.
1946 3735 2032 3790 Ad

339 3829 640 3885 litteram:
687 3829 810 3883 Non
879 3832 961 3882 est
1012 3844 1224 3898 magna
1270 3827 1413 3881 laus.
1472 3827 1619 3880 Ante
1667 3825 2033 3880 Salomonem

341 3919 499 3974 enim
528 3922 917 3988 regnaverunt
943 3917 1094 3983 Saul,
1125 3916 1286 3986 cujus
1331 3920 1591 3985 tempore
1642 3928 1890 3984 regnum
1922 3929 2032 3967 cm-

341 4007 444 4080 pit,
479 4011 536 4061 et
566 4006 760 4072 David,
781 4005 886 4059 sub
913 4021 1026 4076 quo
1057 4004 1190 4058 satis
1219 4018 1457 4075 parvum
1483 4007 1602 4056 erat
1626 4018 1890 4072 regnum.

414 4097 799 4150 Perseveravit.
835 4093 966 4158 Alii,
1009 4095 1177 4158 stetit,
1218 4092 1276 4146 id
1301 4096 1406 4159 est,
1457 4090 1508 4144 ei
1555 4091 1618 4144 in
1656 4106 1824 4144 carne
1855 4088 2036 4160 posito

345 4184 631 4254 sapientia
677 4182 1016 4253 permansit,
1057 4197 1172 4234 non
1211 4180 1516 4252 proﬁciens
1554 4195 1658 4251 per
1721 4181 2034 4245 momenta,

346 4273 494 4328 sicut
513 4273 572 4326 in
603 4271 787 4337 nobis,
813 4271 910 4324 sed
929 4270 985 4324 in
1005 4270 1364 4340 plenitudine
1394 4273 1566 4322 stans.

416 4363 580 4416 Vaas.
635 4363 719 4415 10.
753 4389 822 4400 —-
873 4362 945 4414 Et
991 4361 1172 4413 omnia
1209 4374 1344 4427 quas.
1407 4357 1515 4413 Sed
1568 4360 1783 4428 quanto
1851 4354 2037 4410 studio

344 4449 453 4504 ista
500 4449 852 4515 crescebant,
906 4451 1062 4501 tanto
1112 4446 1391 4516 sapientia
1464 4447 1682 4512 deerat,
1743 4444 1880 4515 quia
1936 4459 2041 4513 per

350 4537 546 4592 omnia
599 4535 883 4591 desideria
941 4534 1218 4605 rapiebat,
1271 4533 1660 4604 putabamque
1718 4533 1874 4587 hunc
1922 4547 2042 4586 esse

349 4627 600 4681 fructum
632 4625 895 4678 laborum
927 4639 1212 4691 meorum,
1243 4623 1290 4676 si
1318 4621 1546 4676 libidini
1582 4620 1885 4688 servirem;
1944 4620 2043 4674 sed

346 4715 579 4770 tandem
607 4715 667 4768 in
696 4729 789 4768 me
824 4729 1100 4778 reversus,
1129 4711 1241 4766 vidi
1271 4711 1463 4765 omnia
1491 4727 1636 4764 vana
1665 4726 1806 4764 esse.

419 4805 574 4858 Vens.
612 4806 698 4858 11.
724 4831 794 4842 -
831 4803 940 4858 Sub
970 4802 1094 4856 sole.
1125 4800 1328 4871 (Ηιειι.)
1374 4799 1620 4856 Christo.
1645 4801 1709 4854 In
1760 4799 1880 4853 sole
1933 4813 2041 4868 po-

351 4892 468 4948 suit
499 4890 934 4947 tabernaculum
981 4905 1169 4944 suum.
1204 4888 1313 4953 Qui
1343 4904 1482 4960 ergo
1531 4888 1602 4942 ad
1655 4888 1790 4943 solis
1818 4886 2042 4941 clarita-

349 4987 467 5036 tem
494 4980 754 5035 ordinem
797 4979 1291 5050 constantiamque
1343 4977 1600 5033 nondum
1653 4975 1931 5048 pervenit,
1983 4973 2046 5028 in

350 5086 419 5125 eo
451 5070 711 5126 Christus
740 5084 857 5124 non
887 5067 1122 5122 habitat.

424 5159 591 5214 Vens.
628 5161 712 5212 13.
736 5187 804 5197 --
859 5160 930 5212 Et
956 5157 1075 5211 vidi
1104 5157 1238 5225 quia
1271 5159 1500 5210 tantum.
1559 5154 1701 5208 Cum
1735 5153 1844 5207 hoc
1893 5150 2047 5222 cogi-

352 5252 555 5312 tarem,
602 5245 754 5316 quod
795 5246 1039 5315 sapiens,
1075 5245 1194 5311 lux,
1242 5244 1469 5311 stultus,
1523 5242 1824 5297 tenebras:
1891 5239 2047 5295 illius

353 5334 502 5390 oculi
533 5333 594 5388 in
618 5334 779 5400 caelo,
807 5332 1000 5403 hujus,
1058 5333 1120 5388 in
1148 5337 1318 5398 terra,
1375 5336 1612 5403 repente
1652 5329 1794 5386 mihi
1850 5344 2047 5384 surre-

355 5424 488 5495 psit,
521 5439 699 5493 quare
722 5423 1014 5478 communi
1046 5427 1230 5477 morte
1253 5427 1508 5493 pereant,
1541 5420 1832 5477 communi
1875 5419 2046 5474 mise-

359 5512 440 5566 ria
462 5510 884 5580 deprimuntur,
915 5514 970 5563 et
990 5510 1335 5580 hujusmodi.

2135 3050 2310 3108 quam
2349 3030 2526 3086 David
2581 3033 2712 3082 ante
2771 3039 2960 3079 arcam
3018 3019 3343 3108 testamenti
3404 3017 3489 3085 (II
3545 3017 3676 3082 Reg.
3726 3010 3828 3082 VI.)

2135 3107 2318 3180 Saulis
2343 3119 2478 3174 ﬁlia:
2503 3115 2828 3186 displicens,
2853 3109 3036 3180 magis
3067 3108 3282 3179 placuit
3307 3107 3442 3160 Deo.

2207 3213 2367 3265 Vrsas.
2411 3211 2461 3262 5.
2490 3235 2558 3246 —
2583 3206 2812 3272 Tempus
2841 3195 3137 3268 spargendi
3164 3194 3396 3264 lapides,
3439 3195 3550 3246 etc.
3616 3186 3832 3260 (HIEB.)

2139 3301 2337 3367 Miror,
2365 3301 2497 3362 etc.,
2528 3307 2698 3361 usque
2739 3289 2814 3345 ad
2834 3292 2890 3341 et
2929 3285 2999 3341 ad
3025 3281 3427 3355 paenitentiam
3466 3282 3644 3367 vocat.

2214 3364 2440 3458 Tempus
2489 3376 2861 3452 amplexandi.
2899 3377 3146 3445 Tempus
3198 3365 3558 3458 amplexandi
3597 3364 3834 3458 sapient

2139 3476 2296 3542 tiam,
2333 3453 2418 3528 ﬁet
2474 3463 2947 3538 contemplationi
3026 3459 3275 3516 strictius
3343 3453 3702 3542 inhaerendi;
3742 3455 3840 3542 pet

2140 3539 2369 3634 tempus
2416 3561 2587 3629 longe
2635 3554 2763 3610 ﬁeri
2803 3571 2834 3608 a
2888 3550 3217 3620 complexu,
3253 3544 3468 3600 scilicet
3507 3539 3834 3610 sapientiai,

2142 3657 2208 3708 ut
2248 3631 2400 3706 curae
2450 3643 2746 3716 temporis,
2803 3645 2860 3696 et
2905 3639 2994 3694 his
3053 3637 3176 3692 sine
3226 3634 3434 3707 quibus
3475 3631 3663 3684 vivere
3713 3643 3841 3682 non

2141 3754 2468 3813 possumus,
2497 3733 2832 3790 serviamus.

2213 3828 2384 3880 Vsus.
2439 3828 2499 3877 7.
2555 3850 2625 3862 —
2679 3821 2904 3886 Tempus
2949 3811 3163 3869 tacendi
3209 3814 3260 3865 et
3307 3814 3538 3877 tempus.
3624 3803 3843 3875 (Ηιειι.)

2145 3917 2424 3971 Docemus
2462 3910 2522 3965 in
2564 3905 2828 3965 Ecclesiis
2877 3903 3028 3974 quod
3074 3898 3381 3956 nescimus.
3429 3895 3638 3951 Omnes
3679 3898 3845 3946 artes

2144 4004 2360 4074 absque
2382 4001 2614 4055 doctore
2638 4011 2757 4050 non
2786 3991 3076 4058 discimus,
3109 3988 3228 4043 sola
3269 3987 3392 4041 haec
3419 3989 3535 4040 tam
3596 3981 3731 4036 vilis
3787 3986 3848 4035 et

2143 4069 2486 4154 tam'facilis,
2532 4091 2597 4141 ut
2625 4085 2979 4157 praeceptore
3033 4093 3148 4132 non
3207 4080 3391 4146 egeat.
3455 4071 3606 4128 Nihil
3666 4069 3850 4124 nobis

2145 4181 2372 4236 videtur
2415 4191 2535 4232 esse
2588 4177 2830 4238 rectum,
2880 4168 2992 4223 nisi
3045 4165 3200 4238 quod
3252 4163 3541 4228 discimus,
3591 4162 3657 4213 ut
3707 4161 3851 4228 post

2149 4271 2396 4324 multum
2428 4262 2722 4320 silentium
2752 4260 2820 4314 de
2836 4255 3132 4326 discipulis
3188 4252 3506 4307 efficiamnr
3552 4247 3846 4317 magistri.

2227 4360 2454 4426 Tempus
2509 4349 2784 4421 loquendi.
2844 4343 3155 4415 Disciplina
3209 4340 3544 4426 Pythagora:
3600 4341 3688 4426 est
3737 4350 3853 4406 per

2151 4423 2616 4518 quinquennium
2646 4443 2850 4502 tacere,
2882 4437 2938 4487 et
2966 4434 3161 4502 postea
3189 4427 3440 4482 eruditos
3468 4423 3648 4495 loqui.

2221 4508 2391 4586 Vsus.
2429 4531 2482 4584 8.
2515 4557 2584 4568 -—-
2645 4528 2871 4594 Tempus
2920 4517 3246 4575 dilectionis.
3309 4515 3554 4583 Tempus
3604 4508 3851 4564 amandi

2150 4625 2284 4691 post
2315 4620 2494 4672 Deum
2541 4629 2766 4678 uxores,
2825 4609 3062 4674 liberos,
3109 4602 3482 4676 propinquos,
3513 4604 3568 4652 et
3609 4603 3850 4691 temp-us

2152 4687 2384 4764 odiendi
2409 4721 2525 4770 eos,
2570 4702 2626 4756 in
2688 4695 2983 4768 martyrio.
3013 4693 3130 4760 Vel,
3165 4693 3430 4762 Quoniam
3473 4702 3620 4741 nunc
3686 4687 3852 4740 vide-

2149 4811 2268 4851 mus
2323 4809 2426 4864 per
2479 4791 2751 4861 speculum
2797 4789 2858 4841 in
2901 4785 3185 4851 aenigmate
3254 4779 3302 4849 (Ι
3349 4778 3467 4835 Cor.
3529 4776 3676 4844 χιιι),
3721 4778 3842 4830 etc.

2150 4887 2399 4955 Tempus
2443 4880 2556 4936 erit
2606 4873 2881 4948 diligendi
2935 4868 3298 4944 praesentiam
3331 4865 3451 4931 Dei,
3501 4869 3559 4918 et
3615 4870 3852 4953 tempus

2152 4952 2409 5038 adiendi,
2463 4967 2717 5041 quando,
2765 4963 2909 5020 facie
2965 4960 3034 5015 ad
3087 4958 3287 5013 faciem
3342 4957 3660 5014 cernentes,
3687 4952 3754 5006 et
3792 4952 3855 5004 in

2155 5061 2358 5116 melius
2385 5039 2768 5131 proﬁcientes,
2819 5050 3162 5121 incipiemus
3215 5044 3399 5100 odisse
3451 5047 3508 5096 et
3551 5039 3851 5111 despicere

2153 5150 2307 5222 quod
2332 5146 2666 5203 amavimus.

2229 5241 2455 5306 Tempus
2482 5235 2625 5289 belli.
2654 5229 2837 5297 Modo,
2874 5241 2994 5282 non
3052 5221 3354 5297 agentibus
3410 5216 3847 5291 paenitentiam;

2152 5332 2380 5398 tempus
2409 5323 2563 5398 pacis
2598 5322 2658 5376 in
2685 5321 2900 5380 futuro,
2926 5314 3155 5387 quando
3186 5310 3374 5367 omnis
3427 5307 3599 5362 Israel
3660 5307 3852 5361 salvus

2154 5397 2289 5479 ﬁet.
2318 5418 2544 5484 Tempus
2597 5412 2742 5476 belli,
2803 5423 2876 5463 ne
2928 5405 3004 5460 sis
3061 5417 3313 5467 securus,
3364 5397 3557 5469 accipe
3596 5400 3855 5451 armatu-

2155 5521 2274 5559 ram
2313 5503 2428 5557 Dei.
