4082 6184
288 334 415 387 1121

1392 327 1640 383 GLOSSA
1681 325 2098 383 ORDINARIA.
2139 357 2210 368 —
2251 328 2374 383 LIB.
2420 329 2667 385 ECCLE.
3658 338 3793 390 “£2

360 454 529 509 Vens.
586 455 669 507 10.
729 482 795 491 ——
858 450 1012 505 Vidit
1064 438 1413 517 afﬂictionem
1462 467 1625 519 quam
1654 450 1824 517 dedit,
1858 455 1967 505 etc.
2009 453 2053 505 Α
2162 450 2322 503 Vens.
2359 454 2413 505 4.
2446 482 2514 490 ——
2544 452 2835 519 Multoque.
2895 450 3051 505 Sicut
3106 451 3290 506 Judaei
3348 453 3446 523 qui
3493 453 3785 510 dixerunt:

283 544 488 609 (H1en.)
524 541 736 595 Dicitur
773 540 927 610 quod
964 543 1268 609 propterea
1317 539 1485 599 Deus,
1518 544 1657 604 etc.,
1715 554 1881 606 usque
1910 538 1983 591 ad

284 647 466 700 usque
522 631 589 684 ad
639 630 814 683 ﬁnem
872 628 1065 682 saeculi
1096 627 1295 681 fecerit
1334 643 1605 693 crescere,
1663 643 1896 680 manere
1929 630 1984 680 et

283 719 517 773 mutari.

355 808 512 859 Vens.
552 809 635 859 12.
687 836 754 843 -
808 807 878 859 Et
909 804 1149 873 cognovi.
1188 804 1468 869 (ΗιειιοΝ.)
1499 802 1628 856 Ideo
1659 802 1891 855 colonus
1921 802 1981 856 in

283 895 503 948 mundo
535 895 699 947 datus
730 898 813 947 est
841 893 1039 959 homo,
1076 897 1206 959 etc.,
1240 906 1409 960 usque
1443 891 1516 943 ad
1532 890 1694 944 hinc:

354 985 511 1037 Vens.
551 985 633 1037 13.
667 1012 736 1021 -
766 982 949 1037 Omnis
994 981 1146 1035 homo
1178 982 1275 1048 qui
1300 979 1527 1033 comedit
1564 984 1615 1033 et
1655 979 1809 1045 bibit,
1847 982 1978 1044 etc.,

281 1070 471 1125 Multae
525 1070 678 1123 enim
732 1086 884 1123 nunc
935 1068 1335 1123 tribulationes
1358 1068 1669 1138 justorum,
1701 1066 1761 1120 in
1786 1066 1981 1120 futuro

282 1164 477 1214 autem
509 1175 623 1212 non
654 1158 763 1212 erit
798 1158 960 1211 labor
984 1158 1044 1211 in
1060 1156 1251 1210 Jacob.

356 1248 568 1313 Didici,
632 1252 736 1299 etc.
816 1245 941 1316 (11).)
1004 1245 1154 1299 Nihil
1203 1247 1287 1297 est
1343 1244 1402 1298 in
1471 1242 1686 1296 mundo
1742 1256 1979 1309 novum,

282 1334 421 1388 solis
467 1350 679 1397 cursus,
714 1333 868 1387 lu‘nze
896 1332 1063 1393 vices,
1125 1336 1293 1385 terra;
1349 1335 1406 1384 et
1436 1329 1707 1383 arborum
1738 1328 1975 1393 siccitas,

280 1424 371 1477 vel
406 1423 581 1485 viror,
643 1438 773 1475 cum
805 1420 1020 1474 mundo
1049 1419 1277 1473 condita
1326 1422 1489 1485 sunt;
1520 1423 1575 1471 et
1604 1418 1723 1470 haec
1769 1416 1978 1469 idcirco

282 1515 433 1567 Deus
464 1518 617 1567 certa
646 1512 867 1569 ratione
897 1510 1261 1581 temperavit,
1295 1514 1359 1563 ut
1398 1508 1500 1563 Dei
1552 1506 1977 1562 Providentiam

280 1603 341 1655 in
372 1602 461 1655 his
510 1601 914 1671 intelligamus,
946 1604 1001 1653 et
1024 1599 1330 1652 timeamus
1360 1614 1391 1650 a
1420 1595 1563 1650 facie
1625 1596 1743 1650 Dei.
1780 1595 1978 1648 Vultus

283 1693 474 1741 autem
508 1688 735 1741 Domini
765 1703 936 1758 super
965 1687 1235 1740 facientes
1262 1686 1428 1739 mala.

360 1777 518 1829 Vens.
586 1778 668 1829 16.
721 1805 787 1815 ν-
861 1774 993 1829 Vidi
1038 1774 1135 1828 sub
1192 1775 1313 1827 sole.
1372 1772 1495 1843 (11).)
1546 1772 1686 1827 Cum
1752 1770 1812 1824 in
1873 1771 1980 1824 hoc

282 1864 499 1917 mundo
520 1862 799 1933 judicium
831 1868 886 1916 et
913 1861 1211 1915 veritatem
1243 1861 1617 1931 requirerem,
1650 1866 1781 1928 etc.,
1812 1875 1980 1928 usque

281 1953 377 2017 ad,
403 1953 597 2008 Omnia
627 1954 766 2005 enim
790 1956 1022 2019 tempore
1050 1964 1144 2004 suo
1173 1952 1536 2018 requirentur.

352 2042 523 2095 Vens.
566 2044 648 2094 17.
686 2069 744 2079 -
794 2041 924 2093 Dixi
968 2041 1027 2091 in
1056 2039 1212 2092 corde
1250 2053 1380 2091 meo.
1428 2037 1569 2109 (11).)
1600 2035 1792 2101 Quasi,
1845 2039 1977 2102 etc.,

280 2145 452 2198 usque
482 2128 556 2183 ad
585 2133 642 2183 et
672 2127 902 2198 impleri
931 2132 1139 2181 terram
1159 2126 1462 2196 pecoribus
1489 2131 1544 2179 et
1573 2123 1869 2178 armentis.

354 2219 521 2271 Vens.
580 2220 669 2271 21.
732 2247 801 2256 -
844 2216 973 2281 Quis
1029 2217 1201 2270 novit.
1258 2214 1388 2280 (11).)
1447 2214 1570 2267 Non
1628 2211 1785 2276 dicit,
1844 2214 1976 2277 etc.,

281 2305 538 2375 usquead
567 2310 623 2359 et
652 2304 734 2359 rei
772 2304 936 2375 quasi
968 2302 1157 2357 dubiae
1183 2307 1367 2355 certus
1398 2310 1646 2356 assertor
1674 2299 1764 2354 sit.

356 2398 636 2449 Deorsum.
699 2393 782 2447 Ad
836 2392 1069 2446 inferos.
1129 2391 1275 2447 Fieri
1319 2390 1474 2444 enim
1527 2393 1712 2460 potest
1770 2392 1831 2443 ut
1868 2387 1978 2443 cito

284 2487 601 2547 mutentur,
653 2484 711 2535 et
748 2496 899 2550 saepe
947 2479 1047 2550 qui
1090 2478 1243 2533 docti
1274 2478 1633 2545 videbantur,
1669 2477 1739 2531 ad
1767 2477 1981 2531 inferos

282 2571 605 2625 ducuntur:
628 2574 686 2624 et
713 2568 1004 2638 simplices
1025 2566 1221 2621 rustici
1252 2572 1621 2621 coronantur.

352 2660 538 2713 Vens.
576 2661 665 2712 22.
718 2688 788 2697 —
836 2659 905 2711 Et
934 2656 1281 2725 deprehendi.
1337 2654 1613 2725 Superior
1640 2668 1833 2708 errore
1858 2657 1981 2708 tur-

281 2746 469 2813 batus,
521 2750 657 2815 etc.,
715 2760 881 2814 usque
917 2745 992 2799 ad
1038 2762 1167 2815 qua:
1228 2744 1289 2797 in
1322 2743 1538 2797 mundo
1594 2744 1789 2797 futura
1847 2745 1982 2797 sunt

280 2839 504 2905 postea.

957 2902 1183 2956 CAPUT
1232 2903 1318 2955 ιν.

353 3011 522 3064 Vens.
568 3011 616 3063 1.
648 3038 720 3048 -
776 3008 927 3063 Verti
954 3022 1035 3061 me
1072 3007 1146 3060 ad
1174 3008 1305 3060 alia.
1341 3004 1569 3059 Plenius
1600 3004 1754 3059 hunc
1794 3006 1981 3059 locum
2012 3003 2052 3058 C

283 3098 466 3153 David
504 3097 565 3150 in
595 3097 814 3166 psalmo
844 3111 1013 3162 Lxxn,
1048 3099 1105 3150 et
1144 3093 1417 3149 Jeremias
1442 3092 1502 3147 in
1555 3108 1659 3147 suo
1690 3093 1981 3148 volumine

281 3189 737 3257 prosequuntur.

354 3275 521 3328 Vens.
559 3277 613 3326 2.
666 3274 836 3328 -Ει
880 3271 1131 3326 laudavi.
1183 3271 1397 3337 (H1en.)
1448 3269 1560 3324 Alii
1608 3268 1763 3323 hunc
1788 3269 1978 3323 locum

281 3360 363 3415 ita
395 3360 744 3430 intelligunt,
800 3364 929 3424 etc.,
980 3374 1148 3427 usque
1198 3358 1273 3413 ad
1338 3362 1395 3412 et
1452 3358 1652 3413 tandiu
1709 3374 1803 3412 eas
1861 3374 1981 3413 esse

284 3447 478 3502 beatas
504 3448 757 3519 quandiu
788 3448 1158 3518 perfruantur
1188 3445 1361 3500 choro
1383 3446 1669 3516 angelico.

357 3538 517 3590 Vens.
553 3538 611 3592 3.
650 3566 717 3576 -—
746 3537 827 3590 Et
844 3537 1157 3603 feliciorem.
1193 3534 1335 3598 Quia
1364 3550 1468 3588 nec
1496 3534 1636 3588 vidit
1655 3534 1777 3588 haec
1807 3534 1977 3600 mala,

281 3640 387 3679 nec
440 3628 708 3695 expertus
766 3630 887 3678 est:
946 3639 1051 3677 nec
1103 3622 1418 3677 secundum
1476 3638 1727 3677 errorem
1781 3640 1980 3678 eorum

282 3713 384 3783 qui
430 3718 634 3784 putant
665 3712 888 3766 animas
950 3728 1094 3780 esse,
1148 3716 1457 3781 antequam
1514 3711 1776 3765 homines
1819 3713 1975 3766 fiant.

278 3801 479 3855 Melius
508 3806 593 3855 est
635 3801 829 3871 itaque
877 3800 1114 3854 omnino
1170 3816 1286 3853 non
1336 3815 1457 3853 esse
1491 3815 1664 3870 quam
1697 3800 1845 3854 male
1897 3800 1979 3853 vi-

280 3906 441 3944 vere:
473 3890 647 3953 unde,
680 3890 873 3944 Melius
927 3888 1017 3943 illi
1066 3892 1184 3942 erat
1210 3890 1259 3941 si
1286 3892 1447 3941 natus
1468 3903 1572 3941 non
1599 3890 1799 3953 fuisset
1828 3889 1980 3943 homo

278 3980 392 4045 ille,
424 3985 530 4032 etc.
563 3978 782 4044 (Matth.
818 3979 952 4043 xxv).

350 4068 523 4121 Vens.
572 4070 623 4121 9.
680 4093 752 4106 —
801 4065 1006 4121 Melius
1056 4068 1153 4120 est.
1212 4066 1338 4131 (11).)
1390 4066 1523 4118 Post
1571 4063 1980 4119 sollicitudines

278 4159 338 4209 et
386 4153 666 4220 miserias,
732 4158 862 4214 etc.,
918 4169 1086 4224 usque
1134 4154 1209 4208 ad
1265 4153 1510 4207 calorem
1566 4152 1697 4206 vitae
1748 4157 1979 4207 aeterna:

280 4243 538 4313 accipere
559 4258 676 4296 non
707 4243 981 4297 valemus.

352 4333 514 4385 Vens.
591 4333 674 4385 13.
736 4361 805 4371 -
877 4332 1066 4386 Melior
1136 4335 1213 4385 est
1261 4346 1418 4401 puer.
1475 4328 1621 4401 (11).),
1678 4345 1846 4400 usque
1907 4332 1983 4388 ad

270 4422 444 4492 ﬁnem
468 4435 594 4490 cap.

983 4489 1207 4544 CAPUT
1254 4489 1317 4543 V.

354 4596 525 4649 Vens.
563 4598 617 4649 1.
664 4624 734 4634 -
764 4594 840 4649 Ne
871 4598 1078 4659 temere,
1110 4595 1277 4647 Deus.
1328 4592 1469 4657 Quia
1496 4591 1692 4647 omnia
1738 4591 1899 4646 audit
1928 4595 1985 4645 et

281 4684 460 4753 videt,
495 4689 553 4737 et
580 4683 879 4737 stultitiam
908 4686 1068 4736 tuam
1086 4682 1556 4753 arguitquamvis
1576 4681 1697 4752 ipse
1726 4680 1788 4734 in
1819 4681 1980 4746 coelo,

282 4779 339 4825 et
370 4777 431 4825 tu
452 4772 512 4824 in
540 4775 710 4825 terra.

354 4861 522 4915 Vens.
546 4862 603 4931 2.
634 4888 702 4900 —-
740 4857 967 4914 Multas.
1006 4856 1178 4922 Quasi
1228 4857 1373 4912 sicut
1401 4857 1501 4929 qui
1533 4857 1713 4911 multa
1759 4856 1981 4927 cogitat,

282 4947 409 5016 ipsa
449 4946 779 5016 frequenter
835 4944 1101 5011 somniat,
1156 4944 1235 4999 sic
1293 4944 1352 4999 in
1411 4944 1711 4998 stultitiam
1760 4945 1979 5010 recidit,

282 5034 386 5105 qui
416 5036 566 5088 ultra
594 5050 670 5101 se,
705 5034 773 5088 de
807 5036 922 5087 Deo
970 5034 1236 5104 disputat.
1289 5032 1407 5099 Vel,
1441 5033 1576 5104 quia
1607 5032 1777 5087 modo
1825 5032 1980 5086 vide-

282 5138 413 5177 mus
441 5138 543 5193 per
572 5122 864 5193 speculum
913 5126 968 5176 et
996 5121 1055 5175 in
1080 5122 1429 5192 ‘eenigmate,
1485 5120 1649 5192 quasi
1701 5135 1805 5191 per
1831 5136 1981 5174 som-

280 5226 447 5271 num,
481 5210 832 5263 aestimamus
879 5224 983 5262 nos
1012 5212 1229 5276 tenere,
1261 5208 1413 5279 quod
1436 5224 1556 5263 non
1600 5207 1898 5269 habemus,
1928 5211 1983 5260 et

281 5304 477 5352 tamen
511 5297 656 5352 nihil
688 5297 986 5351 habemus.

357 5386 523 5441 Vens.
559 5388 609 5441 3.
637 5417 705 5425 —-
737 5387 877 5440 Cum
916 5390 1098 5440 votum
1135 5386 1362 5440 noveris.
1402 5384 1609 5454 (then)
1668 5383 1870 5438 Melius
1897 5387 1983 5437 est

280 5489 403 5528 non
458 5474 816 5544 promittere,
870 5469 1015 5543 etc:
1072 5488 1243 5543 usque
1317 5472 1409 5541 ad,
1463 5472 1750 5542 vapulabit
1797 5472 1981 5528 multis

278 5563 486 5634 plagis.

2092 539 2285 592 Omnia
2364 555 2689 608 quacunque
2742 544 2999 608 praecepit
3070 543 3224 595 nobis
3301 546 3468 608 Deus,
3525 546 3787 609 faciemus

2092 626 2298 694 (Exod.
2338 644 2487 693 xxxv,
2524 627 2728 697 xxx“):
2764 632 2819 681 et
2847 630 3232 684 adoraverunt
3272 630 3538 684 vitulum.

2160 716 2328 769 Vens.
2374 718 2425 767 5.
2460 745 2527 755 ——
2582 717 2660 771 Ne
2689 715 2901 770 dederis
2932 732 2988 771 os
3039 724 3209 771 tuum.
3247 718 3417 781 Quasi
3448 735 3517 772 ne
3549 720 3702 774 dicas
3730 727 3785 776 te

2089 818 2157 856 ex
2198 802 2530 857 inﬁrmitate
2581 803 2765 857 carnis
2820 809 2932 858 tuae
2963 822 3216 876 peccare,
3271 810 3554 878 tanquam
3580 809 3782 863 reﬂec-

2089 896 2213 945 tens
2244 892 2472 961 culpam
2503 891 2561 944 in
2584 897 2896 953 auctorem.

2159 979 2349 1034 Coram
2380 981 2583 1046 angelo.
2620 979 2727 1043 Qui
2781 984 2924 1033 astat
2973 979 3306 1051 unicuique,
3342 987 3397 1036 et
3431 982 3625 1038 omnia
3672 985 3785 1039 Deo

2089 1069 2344 1122 nuntiat:
2377 1084 2445 1121 ne
2462 1074 2627 1138 putes
2649 1068 2844 1121 omnia
2875 1068 3050 1122 latere
3084 1070 3287 1124 Deum.

2159 1158 2321 1210 Vens.
2357 1159 2407 1210 6.
2463 1186 2532 1195 —-
2590 1156 2689 1210 Ubi
2718 1156 2895 1210 multa
2941 1162 3084 1210 sunt.
3133 1156 3321 1225 Quasi,
3370 1161 3447 1215 Ne
3475 1159 3704 1228 (dederis
3734 1176 3789 1216 os

2090 1249 2260 1311 tuum,
2295 1249 2424 1313 etc.,
2456 1245 2590 1315 quia
2622 1245 2741 1297 haec
2770 1244 2885 1297 vita
2916 1250 3001 1297 est
3047 1245 3211 1315 quasi
3251 1247 3493 1316 somnia,
3521 1254 3578 1301 et
3610 1250 3791 1304 multa

2087 1333 2351 1387 videntur
2401 1348 2550 1397 vera,
2585 1349 2713 1403 qua:
2746 1338 2876 1386 sunt
2906 1334 3074 1401 falsa;
3102 1333 3181 1387 sic
3221 1342 3275 1390 et
3340 1337 3623 1390 excusatio
3654 1342 3780 1393 tua.

2159 1422 2326 1475 Vens.
2363 1425 2413 1474 7.
2468 1450 2542 1462 —
2569 1422 2633 1477 Si
2683 1421 2888 1476 videris
2919 1423 3239 1477 calumnias.
3290 1426 3368 1476 Ac
3407 1424 3453 1476 si
3499 1424 3675 1480 dicat:
3711 1426 3787 1482 Ne

2086 1508 2239 1562 dicas
2293 1524 2471 1563 coram
2522 1511 2733 1575 angelo,
2781 1526 2886 1564 non
2925 1515 3003 1564 est
3059 1511 3435 1565 Providentia:
3489 1513 3639 1583 quod
3702 1518 3787 1567 est

2087 1603 2284 1651 contra
2314 1612 2411 1650 eos
2440 1597 2539 1668 qui
2569 1598 2762 1651 omnia
2783 1598 3005 1651 casibus
3035 1598 3129 1667 agi
3153 1604 3373 1669 putant,
3418 1604 3473 1653 et
3512 1601 3611 1654 Dei
3648 1618 3790 1671 pro-

2088 1686 2399 1740 videntiam
2433 1692 2662 1755 negant.
2696 1687 2757 1741 Si
2789 1694 2980 1740 tamen
3017 1687 3220 1741 videris
3269 1689 3569 1744 calumnias
3598 1704 3787 1759 egeno-

2089 1789 2231 1836 rum,
2265 1779 2370 1827 etc.

2158 1862 2317 1915 Vens.
2379 1864 2429 1916 8.
2465 1891 2532 1903 -—
2568 1863 2841 1916 Universw
2888 1866 3061 1930 terrae,
3100 1866 3203 1916 etc.
3266 1865 3413 1917 Deus
3443 1864 3667 1935 patiens
3732 1868 3788 1919 et

2090 1950 2364 2017 redditor,
2399 1950 2497 2020 qui
2547 1948 2701 2017 dicit,
2735 1952 2875 2004 Cum
2933 1966 3181 2020 accepero
3232 1942 3458 2020 terimus.
3499 1968 3591 2020 ego
3614 1953 3786 2021 justi-

2092 2041 2199 2094 tias
2220 2038 2484 2107 judicabo
2499 2080 2512 2092 .

2162 2128 2323 2181 Vens.
2384 2130 2437 2180 11
2455 2168 2467 2180 .
2524 2153 2595 2167 -
2632 2126 2819 2181 Dulcis
2863 2131 2941 2181 est
2993 2141 3228 2182 somnus.
3281 2128 3487 2195 (H1en.)
3544 2127 3785 2182 Divitem

2090 2232 2343 2283 avarum,
2376 2220 2506 2282 etc.,
2557 2230 2725 2283 usque
2772 2215 2847 2269 ad
2898 2216 3172 2287 quoniam
3223 2217 3335 2288 ipsi
3394 2219 3575 2271 Deum
3635 2217 3791 2271 vide-

2090 2305 2253 2360 bunt

2160 2394 2323 2447 Vens.
2370 2394 2455 2445 12.
2485 2422 2553 2431 -
2576 2392 2675 2446 Est
2731 2395 2782 2446 et
2810 2392 2924 2445 alia
2969 2391 3280 2461 inﬁrmitas.
3312 2392 3636 2463 [Possumus
3665 2392 3789 2446 hanc

2092 2481 2161 2536 de
2193 2479 2570 2552 philosophis,
2606 2484 2737 2545 etc.,
2769 2494 2937 2547 usque
2967 2480 3041 2533 ad
3064 2496 3191 2534 cum
3221 2480 3498 2551 scriptum
3518 2481 3620 2536 sit:
3659 2483 3785 2535 Per-

2092 2570 2225 2624 dam
2263 2571 2590 2640 sapientiam
2619 2570 2969 2636 sapientium,
3003 2572 3109 2622 etc.

2164 2659 2323 2712 Vens.
2361 2661 2443 2710 17.
2478 2686 2545 2695 -
2574 2657 2681 2709 Hoc
2708 2658 2892 2725 itaque
2925 2658 3063 2709 mihi
3083 2658 3259 2710 visum
3307 2661 3383 2711 est
3411 2656 3632 2725 bonum,
3679 2662 3782 2712 etc.

2096 2746 2292 2801 Melius
2319 2745 2451 2799 dicit
2505 2760 2646 2807 esse,
2682 2749 2813 2809 etc.,
2866 2760 3034 2813 usque
3089 2745 3162 2799 ad
3205 2761 3378 2817 quam
3418 2744 3660 2817 inspirat
3690 2746 3789 2802 Dei

2096 2833 2279 2904 gratia
2309 2832 2367 2887 in
2397 2831 2720 2903 adjuvando
2750 2832 2899 2886 bona
2929 2849 3125 2903 opera.

2773 2965 2998 3020 CAPUT
3033 2967 3121 3021 VI.

2160 3090 2339 3144 Vens.
2412 3092 2460 3144 1.
2494 3118 2562 3131 -
2600 3091 2699 3145 Est
2728 3095 2779 3144 et
2825 3089 2980 3144 aliud
3003 3091 3225 3145 malum.
3265 3092 3560 3158 Describit,
3597 3098 3653 3148 et
3679 3094 3786 3147 ali-

2087 3182 2176 3233 ter
2233 3177 2465 3232 divitem
2512 3194 2768 3245 avarum,
2817 3177 2917 3249 qui
2962 3194 3093 3232 cum
3128 3179 3324 3234 omnia
3378 3180 3585 3235 habeat
3613 3182 3783 3248 bona,

2089 3265 2467 3321 nihilominus
2496 3265 2677 3320 nimia
2709 3267 2982 3337 parcitate
3012 3283 3071 3322 se
3122 3267 3358 3336 cruciat,
3388 3269 3648 3323 nesciens
3694 3270 3788 3325 cui

2091 3359 2420 3425 congregat.

2158 3443 2316 3497 Vens.
2345 3446 2398 3497 2.
2457 3474 2526 3484 —
2581 3443 2683 3497 Vir
2724 3446 2813 3497 cui
2863 3442 3014 3498 dedit
3069 3443 3215 3498 Deus
3268 3444 3516 3500 diuitias.
3578 3446 3789 3517 (111en.)

2088 3532 2285 3586 Potest
2314 3532 2420 3585 hoc
2477 3531 2547 3585 de
2577 3532 2792 3602 populo
2850 3532 3021 3586 Israel
3062 3533 3261 3604 accipi,
3322 3538 3451 3598 etc.,
3508 3549 3678 3604 usque
3715 3536 3790 3589 ad

2090 3619 2457 3690 adjudicium
2487 3620 2923 3690 properabimus
2948 3637 3166 3676 omnes.

2158 3710 2319 3763 Vens.
2375 3712 2425 3763 3.
2459 3739 2527 3749 —
2568 3710 2883 3778 Sepultum.
2938 3710 3066 3780 (11).)
3114 3711 3267 3764 Adeo
3323 3727 3543 3779 avarus,
3595 3717 3790 3768 utnec

2088 3795 2158 3849 de
2216 3796 2509 3866 sepultura
2561 3795 2789 3865 cogitet,
2845 3797 2954 3862 vel,
2985 3812 3136 3867 sazpe
3194 3814 3297 3867 pro
3329 3798 3539 3852 divitiis
3569 3800 3790 3853 occisus

2087 3883 2356 3953 abjicitur
2383 3883 2742 3952 insepultus:
2788 3884 2895 3948 vel,
2950 3884 3088 3953 quia
3138 3886 3358 3939 nullam
3415 3886 3524 3939 sibi
3565 3902 3788 3941 memo-

2087 3971 2232 4025 riam
2257 3971 2564 4042 relinquat,
2596 3987 2725 4024 cum
2757 3971 3026 4025 omnibus
3046 3973 3211 4026 bonis
3233 3972 3449 4027 afﬂuat.

2156 4061 2324 4114 Vens.
2356 4064 2409 4114 7.
2442 4090 2511 4099 —
2541 4060 2727 4113 Omnis
2759 4060 2911 4114 labor
2940 4075 2954 4113 :
2986 4060 3092 4113 hoc
3122 4065 3223 4128 est,
3273 4061 3428 4132 quod
3475 4061 3787 4118 laborando

2089 4146 2286 4201 didicit
2324 4147 2520 4215 homo,
2574 4145 2635 4201 id
2693 4151 2780 4201 est
2809 4147 3126 4219 rationalis,
3159 4149 3219 4203 in
3278 4150 3614 4221 ore'habet,
3649 4152 3787 4223 quia

2093 4234 2235 4289 alios
2265 4235 2446 4290 docet.

2164 4323 2553 4392 Anima,ejus
2621 4338 2727 4378 non
2782 4323 3114 4392 implebitur.
3172 4325 3295 4391 (11).)
3362 4325 3507 4390 Quia
3562 4344 3791 4399 semper

2092 4412 2251 4481 cupit
2279 4411 2492 4465 discere
2544 4412 2695 4483 quod
2735 4412 2959 4468 doceat:
2998 4418 3053 4468 et
3081 4414 3188 4468 hoc
3238 4414 3409 4470 habet
3438 4417 3609 4471 stulto
3642 4419 3786 4489 plus,

2092 4500 2225 4570 quia
2258 4516 2387 4555 cum
2411 4500 2578 4554 beato
2626 4518 2878 4572 paupere
2901 4502 3082 4557 tendit
3129 4504 3196 4557 ad
3229 4503 3541 4572 Christum,
3575 4507 3674 4577 qui
3706 4513 3790 4561 est

2093 4589 2207 4642 vita
2236 4592 2292 4642 et
2321 4588 2419 4659 qui
2451 4588 2560 4643 ait:
2589 4591 2743 4644 Beati
2779 4606 3046 4659 pauperes
3102 4594 3322 4661 spiritu,
3359 4596 3614 4664 quoniam
3637 4597 3784 4665 ipso-

2090 4693 2214 4731 rum
2241 4681 2318 4731 est
2338 4692 2559 4744 regnum
2590 4680 2858 4734 caalorum.

2164 4766 2333 4821 Vens.
2368 4769 2451 4821 10.
2484 4797 2552 4806 -
2584 4769 2689 4834 Qui
2713 4768 2938 4833 futurus
2987 4771 3082 4821 est.
3129 4767 3255 4839 (11).)
3295 4769 3563 4825 Omnium
3594 4772 3783 4827 homi-
3854 4781 3859 4785 ’

2092 4870 2254 4920 num,
2287 4855 2387 4925 qui
2418 4854 2595 4909 futuri
2626 4858 2759 4908 sunt
2780 4870 3016 4924 corpore
3047 4856 3459 4924 circumdandi,
3481 4860 3601 4929 jam
3633 4863 3783 4918 Deus

2091 4942 2429 4996 vocabulum
2461 4943 2650 5010 novit;
2677 4958 2749 4996 ne
2797 4943 2979 5012 possit
3003 4943 3175 4999 homo
3215 4947 3561 5015 respondere
3591 4954 3787 5003 contra

2090 5030 2385 5097 artiﬁcem,
2430 5046 2605 5101 quare
2638 5030 2736 5095 ita,
2789 5031 2878 5084 vel
2909 5031 2989 5085 ita
3019 5032 3093 5087 sit
3144 5033 3340 5088 factus.
3376 5034 3599 5098 Quanto
3632 5038 3787 5093 enim

2090 5120 2336 5190 amplius
2362 5118 2774 5189 queesierimus,
2830 5123 2989 5173 tanto
3052 5121 3234 5192 magis
3264 5123 3585 5179 ostenditur
3623 5127 3779 5179 vani-

2089 5212 2174 5261 tas
2203 5211 2398 5260 nostra
2424 5210 2480 5260 et
2533 5208 2707 5261 verba
2732 5208 3050 5280 superflua;
3107 5213 3164 5264 et
3212 5227 3327 5265 non
3383 5227 3449 5266 ex
3480 5214 3784 5283 praesentia

2092 5295 2191 5349 Dei
2210 5294 2433 5349 tollitur
2460 5294 2706 5350 liberum
2758 5298 3081 5365 arbitrium,
3124 5299 3222 5353 sed
3259 5315 3443 5355 causa:
3470 5305 3597 5355 ante
3630 5318 3783 5374 pra)-

2089 5383 2299 5439 cedunt
2318 5399 2495 5455 quare
2525 5386 2978 5456 unumquodque
3010 5386 3083 5441 sit
3112 5386 3346 5441 factum.

2160 5473 2325 5528 Vens.
2373 5475 2453 5526 11.
2484 5503 2556 5513 -
2587 5474 2763 5529 Verba
2788 5479 2931 5529 sunt.
2986 5474 3179 5545 Quasi,
3238 5476 3335 5530 Dei
3366 5477 3598 5549 quidem
3633 5480 3787 5536 ﬁlius

2088 5560 2315 5616 futurus
2362 5565 2447 5616 est
2495 5560 2691 5631 homo,
2749 5567 2811 5617 tu
2866 5567 3055 5618 autem
3131 5564 3248 5619 noli
3302 5566 3454 5621 ultra
3492 5566 3786 5639 inquirere
