4074 6186
353 309 486 364 1123

989 293 1380 351 WALAFRIDI
1417 288 1664 345 STRABI
1702 283 1904 342 Fl’LD.
1948 281 2107 338 ΜΟΝ.
2148 279 2304 337 OPP.
2353 277 2527 334 PARS
2564 277 2606 331 Ι.
2646 303 2719 316 -
2755 273 3212 331 THEOLOGICA.

3715 275 3852 330 112⁸1

351 428 558 500 qualis,
589 422 880 498 quomodo
911 425 969 476 et
993 415 1333 490 cujusmodi,
1384 412 1479 468 sed
1527 409 1693 466 crede
1723 405 2045 480 generatio-
2075 407 2116 460 A
2158 410 2253 458 tur
2281 402 2502 456 animas
2532 405 2777 469 nostras,
2807 413 3054 470 quorum
3085 397 3356 453 mulieres
3402 397 3566 464 retia,
3593 403 3652 452 et
3690 413 3848 468 sage-

350 533 482 572 nem
512 517 656 587 ejus.

1002 577 1231 634 CAPUT
1273 574 1384 628 VII.

419 693 582 746 Vens.
640 693 693 744 2.
751 673 818 727 4
891 685 1082 739 Melius
1156 685 1234 736 est
1288 694 1476 734 nomen
1559 675 1763 729 bonum.
1825 671 2038 743 (HIER.)

353 779 622 836 Memoria
654 777 935 830 bonorum
973 787 1232 842 operum,
1289 784 1415 840 qua:
1446 765 1684 820 delectet
1712 761 2036 816 auditorum

349 869 539 933 corda,
572 866 716 919 sicut
767 878 933 917 nares
959 863 1282 930 unguenta:
1342 855 1520 917 Unde,
1570 851 1828 908 Memoria
1860 849 2040 918 justo-

347 973 469 1012 rum
499 959 556 1009 in
581 953 762 1019 laude,
792 966 998 1006 nomem
1018 951 1306 1018 impiorum
1322 947 1608 1014 putrescet.

422 1048 491 1099 Et
522 1044 653 1097 dies.
685 1043 798 1095 Hoc
845 1044 950 1107 est,
985 1037 1182 1092 Melius
1233 1039 1318 1088 est
1346 1031 1568 1087 miserae
1599 1029 1728 1083 vita:
1785 1031 2040 1082 tormen-

345 1139 423 1200 ta,
455 1138 512 1186 et
567 1128 981 1192 tribulationes,
1030 1129 1087 1179 et
1144 1123 1365 1177 labores
1423 1117 1719 1173 moriendo
1779 1114 2038 1181 evadere,

351 1237 526 1292 quam
566 1219 632 1273 ad
659 1219 780 1272 huic
796 1213 950 1270 nasci
971 1210 1356 1291 et‘sustinere.

416 1311 586 1364 Vens.
614 1308 671 1360 4.
709 1335 778 1346 —-
807 1305 997 1360 Melior
1025 1287 1103 1356 est
1155 1304 1266 1366 ira,
1322 1300 1520 1352 contra
1549 1297 1842 1366 peccatum
1872 1306 2039 1346 suum

343 1399 433 1452 vel
465 1396 740 1462 alienum,
784 1392 920 1465 quia
947 1389 1205 1460 corrigis,
1240 1402 1358 1441 non
1407 1384 1544 1456 quia
1571 1383 1850 1438 ultionem
1879 1378 2041 1450 cupis

347 1489 528 1552 (Prov.
554 1487 747 1551 xxvn).

415 1575 581 1627 Vens.
639 1574 690 1625 6.
751 1599 818 1608 —
865 1569 1056 1624 Melius
1104 1569 1182 1619 est
1238 1579 1272 1616 a
1318 1564 1588 1630 sapiente.
1642 1556 1873 1612 Meliora
1906 1558 2040 1609 sunt

347 1661 513 1717 amici
563 1660 820 1724 vulnera,
876 1671 1049 1727 quam
1104 1652 1464 1706 fraudulenta
1530 1645 1751 1701 inimici
1825 1644 2034 1698 oscula.

355 1751 528 1805 Verba
574 1747 853 1802 adulantis
900 1745 1077 1809 magis
1115 1742 1390 1794 insensata
1441 1736 1514 1790 ad
1563 1737 1773 1804 spinas,
1833 1732 1890 1786 id
1933 1736 2036 1797 est,

347 1837 538 1893 saeculi
569 1851 733 1890 curas
763 1830 1070 1895 moventia,
1101 1844 1229 1898 qua:
1259 1827 1474 1881 ducunt
1512 1824 1581 1877 ad
1637 1822 1914 1893 gehennm
1943 1819 2038 1873 in-

348 1925 579 1982 cendia:
622 1923 848 1992 sapiens
905 1920 1186 1990 perfectus
1240 1915 1402 1969 nulla
1449 1914 1752 1982 argutione
1798 1908 2037 1979 indiget,

347 2015 506 2068 nulla
537 2008 825 2066 calumnia
851 2007 1138 2060 turbatur.
1173 2005 1318 2073 Ergo
1378 2001 1447 2055 de
1478 1999 1732 2070 sapiente
1783 1997 1845 2052 in
1897 2013 2038 2066 pro-

347 2102 496 2157 fectu
529 2098 717 2171 posito
748 2099 834 2151 est
855 2092 1248 2164 accipiendum
1290 2089 1389 2162 qui
1437 2088 1744 2159 aliquando
1777 2086 2042 2140 turbatur

347 2183 416 2246 de
451 2186 753 2259 iniquitate
778 2181 1002 2255 judicii,
1034 2196 1163 2236 cum
1195 2180 1345 2234 Deus
1376 2176 1563 2231 statim
1591 2191 1709 2230 non
1730 2174 1918 2246 punit.

419 2278 581 2331 Vens.
633 2278 685 2329 9.
715 2273 1002 2327 —Melior
1051 2271 1129 2324 est
1181 2270 1324 2338 ﬁnis.
1376 2263 1671 2320 Perfectio.
1734 2264 1843 2329 Qui
1867 2277 2044 2332 perse-

345 2366 617 2421 veraverit
641 2363 824 2418 saluus
879 2361 1000 2414 erit.
1033 2357 1228 2412 Melior
1247 2360 1333 2410 est
1359 2355 1753 2408 consummata
1797 2350 2041 2422 justitia,

347 2470 519 2527 quam
566 2451 850 2516 inchoata,
886 2451 942 2502 et
993 2445 1267 2502 orationis
1323 2441 1534 2514 epilogi
1565 2457 1736 2513 quam
1769 2439 2038 2509 exordia;

347 2543 439 2598 hic
461 2545 771 2605 certamen,
794 2536 874 2592 ibi
897 2534 1153 2590 victoria.

418 2632 746 2696 Arroganle.
785 2626 926 2681 Huic
978 2621 1266 2693 arroganti
1316 2619 1638 2675 contrarius
1686 2621 1791 2687 est,
1852 2617 2042 2690 quiin

349 2718 653 2790 Evangelio
680 2730 898 2787 pauper
920 2711 1126 2783 spiritu
1158 2709 1618 2782 legitur(Matth.
1652 2707 1728 2774 v).

415 2808 577 2862 Vens.
645 2809 729 2860 11.
762 2833 824 2844 -
855 2801 1000 2867 Quid
1019 2800 1231 2870 putas?
1269 2796 1487 2851 Aliter:
1535 2795 1624 2849 Sic
1674 2793 1846 2849 debes
1884 2793 2040 2848 vive-

344 2913 426 2963 re,
457 2900 520 2949 ut
549 2907 776 2964 semper
803 2893 1111 2961 praesentes
1137 2887 1256 2941 dies
1279 2885 1394 2939 sint
1421 2883 1526 2938 tibi
1559 2883 1843 2948 meliores,
1870 2899 2042 2954 quam

345 2983 644 3057 praeteriti.
674 2981 910 3050 Semper
931 2984 1015 3032 est
1044 2976 1196 3030 enim
1215 2979 1444 3044 tempus
1477 2970 1772 3042 operandi,
1807 2985 1879 3023 ne
1910 2985 2039 3022 cum
2071 2966 2112 3020 C

343 3071 584 3143 coeperis
639 3069 978 3132 decrescere,
1035 3064 1299 3118 dicatur:
1360 3059 1671 3117 Currebatis
1713 3058 1857 3122 bene,
1919 3059 2039 3126 quis

341 3177 434 3218 vos
466 3155 885 3230 impedivitlnon
913 3152 1127 3208 obedire
1153 3151 1415 3205 veritati?
1439 3147 1583 3218 (Gal.
1616 3149 1692 3212 v.)

411 3251 580 3304 Vens.
618 3247 703 3300 14.
739 3274 807 3285 -
855 3240 1162 3298 Considera
1207 3254 1370 3308 opera
1401 3237 1520 3290 Dei.
1574 3235 1755 3300 Quam
1806 3248 2036 3303 magna,

343 3353 516 3409 quam
557 3332 880 3397 mirabilia;
914 3329 1090 3382 alium
1113 3327 1359 3398 gratuita
1391 3324 1602 3394 pietate
1634 3321 1824 3392 elegit,
1860 3320 2038 3374 alium

333 3408 492 3496 justo
522 3420 735 3493 judicio
768 3417 1026 3487 despicit,
1072 3414 1248 3479 unde,
1297 3411 1457 3466 Iacob
1491 3411 1683 3478 dilexi,
1736 3413 1886 3464 Esau
1915 3408 2038 3462 odio

340 3514 510 3568 habui
559 3509 711 3578 (Mal.
757 3511 817 3574 ι).
851 3507 934 3572 Et,
994 3505 1266 3558 Universw
1293 3503 1395 3554 viae
1442 3497 1671 3554 Domini
1727 3499 2037 3552 misericor-

341 3601 439 3655 dia
468 3603 518 3652 et
548 3598 769 3651 veritas.

413 3689 579 3742 Vens.
641 3687 730 3738 15.
804 3711 861 3721 -
917 3680 1120 3736 Malam
1169 3677 1308 3731 diem
1368 3677 1567 3743 (HIER.)
1628 3673 1855 3744 judicii,
1905 3689 2036 3743 quae

343 3777 490 3831 mala
512 3774 735 3828 videtur
758 3769 943 3834 malis,
979 3766 1148 3830 unde,
1187 3767 1315 3819 Dies
1364 3764 1463 3818 illa
1493 3762 1607 3817 dies
1633 3765 1748 3828 irae,
1782 3765 1886 3815 etc.
1913 3761 2030 3825 Vel,

340 3866 493 3920 bona
540 3867 597 3917 et
651 3861 820 3925 mala,
876 3857 931 3912 id
989 3859 1074 3910 est
1121 3869 1396 3925 prospera
1453 3856 1507 3905 et
1557 3851 1815 3919 adversa,
1859 3855 2035 3920 prout

255 3999 257 4001 .
335 3957 488 4025 juste
528 3948 839 4012 evenerint,
874 3944 1090 3999 sustine
1140 3941 1397 3996 viriliter.
1441 3939 1645 3995 Omnia
1676 3938 1829 3993 enim
1853 3938 2030 4008 juste,

341 4041 601 4114 quamvis
629 4037 866 4102 occulte,
891 4039 946 4088 et
971 4035 1077 4087 hoc
1107 4036 1190 4086 est
1216 4046 1322 4084 non
1348 4030 1608 4093 inveniat,
1641 4029 1746 4081 etc.

412 4130 575 4183 Vens.
636 4127 719 4181 t8.
754 4154 823 4164 —-
870 4125 937 4177 Et
966 4121 1079 4175 noli
1127 4133 1256 4173 esse.
1316 4118 1481 4187 [mpii
1525 4131 1632 4169 non
1662 4113 2032 4168 dimidiabunt

341 4217 455 4272 dies
484 4229 631 4282 suos,
680 4210 864 4283 quasi,
899 4207 1027 4263 Noli
1092 4205 1457 4276 impasnitens
1486 4217 1794 4273 provocare
1827 4202 2026 4268 Deum,

341 4303 607 4359 utetiam
651 4298 864 4355 viventi
906 4295 1114 4351 inferat
1159 4291 1526 4364 supplicium.
1582 4289 1727 4345 sicut
1755 4287 1888 4344 fecit
1918 4290 2030 4344 Da-

339 4394 482 4448 than
511 4395 565 4445 et
593 4389 830 4444 Abiron.

413 4481 583 4534 Vens.
627 4479 709 4531 19.
743 4506 809 4514 -
840 4471 998 4529 Nihil
1015 4471 1270 4538 'negligit.
1323 4466 1602 4522 Omnibus
1625 4464 1748 4519 sine
1772 4467 2030 4533 respectu

340 4581 723 4640 personarum
752 4561 1052 4618 benefacit.
1080 4560 1192 4628 Vel,
1224 4559 1285 4612 in
1326 4553 1613 4628 prosperis
1638 4558 1696 4608 et
1725 4553 1784 4607 in
1834 4553 2032 4606 adver-

343 4657 420 4711 sis
446 4654 724 4727 providet.

414 4747 579 4800 Vens.
636 4744 726 4797 20.
783 4771 852 4780 --
907 4741 1089 4794 Decem
1129 4736 1432 4806 principes.
1492 4728 1705 4803 (H1en.)
1761 4728 2030 4798 Angelos,

341 4834 442 4906 qui
491 4830 704 4887 civitati
734 4833 966 4892 nostrae,
994 4825 1050 4880 id
1100 4829 1186 4878 est
1225 4820 1505 4886 Ecclesiae,
1541 4825 1816 4889 tanquam
1844 4822 2030 4871 custo-

340 4905 460 4983 des,
483 4920 543 4975 id
564 4923 650 4974 est
681 4915 1070 4980 auxiliatores,
1103 4913 1373 4982 praesunt.
1413 4909 1475 4961 Et
1516 4905 1714 4960 decem
1743 4905 2032 4971 dicuntur,

343 5009 480 5082 quia
509 5005 776 5063 denarius
799 5016 1071 5057 numerus
1100 5003 1182 5052 est
1207 4997 1510 5068 perfectus.

411 5099 581 5151 Vens.
621 5097 711 5148 22.
745 5123 812 5132 —
861 5089 965 5146 Sed
993 5093 1043 5142 et
1087 5087 1309 5141 cunctis.
1355 5085 1528 5138 Docet
1568 5081 1887 5152 sapientem
1918 5095 2034 5133 ma-

342 5187 655 5240 ledicorum
694 5181 920 5250 linguas
958 5191 1077 5230 non
1109 5173 1419 5238 attendere,
1452 5187 1524 5224 ne
1550 5185 1679 5223 cum
1711 5169 1832 5238 ipse
1879 5167 2035 5222 idem

341 5275 532 5337 faciat,
567 5270 674 5326 sibi
705 5269 840 5323 velit
885 5264 1101 5337 ignosci
1138 5269 1195 5317 et
1223 5261 1364 5315 alios
1399 5257 1759 5330 reprehendi.
1794 5257 1849 5311 Si
1879 5256 2031 5310 enim

343 5363 451 5415 hoc
481 5360 697 5426 fecerit,
729 5370 957 5426 semper
985 5352 1239 5408 curiosus
1287 5354 1344 5402 et
1382 5349 1560 5403 iratus
1605 5347 1734 5412 erit,
1764 5344 1899 5416 quia
1929 5361 2035 5400 nec

344 5446 884 5515 servorumlinguas
921 5455 1284 5511 compescere
1316 5437 1544 5491 valebit.

414 5537 586 5591 Vens.
627 5537 724 5590 27.
783 5561 852 5573 —
904 5532 1250 5594 Venetorum,
1299 5525 1647 5590 daemonum,
1689 5521 1790 5595 qui
1820 5537 2031 5578 venan-

2152 508 2240 546 nae
2275 489 2550 544 haeretici.

2220 581 2381 634 Vens.
2463 580 2550 632 28.
2606 606 2675 616 —-
2725 577 2868 630 Ecce
2917 577 3030 630 hoc.
3088 575 3306 645 inveni,
3361 579 3492 644 etc.,
3564 590 3735 644 usque
3780 575 3856 628 ad

2150 667 2371 723 facilior
2401 667 2471 720 ad
2505 681 2702 718 casum
2729 669 2814 718 est
2834 663 3061 718 mulier.

2225 759 2290 811 Ut
2361 757 2654 808 invenirem
2733 756 3013 807 rationem.
3096 753 3511 823 Quamcunque
3581 767 3701 804 rem
3763 752 3852 806 vel

2149 842 2549 899 discretionem
2589 841 2740 895 inter
2789 841 3052 895 homines
3107 846 3164 895 et
3212 856 3414 896 eorum
3450 855 3672 894 mores:
3721 839 3853 910 quis

2148 931 2396 1003 perfecte
2424 930 2612 984 bonus
2641 929 2749 983 nisi
2778 930 2930 983 solus
2961 929 3219 984 Christus
3237 928 3265 982 ?

2219 1021 2388 1074 Vens.
2465 1019 2552 1072 29.
2627 1045 2700 1057 —
2748 1018 2959 1072 Virum.
3022 1017 3329 1080 Christum,
3391 1015 3494 1087 qui
3544 1020 3713 1087 caput
3770 1019 3856 1069 est

2152 1107 2414 1164 omnium
2460 1106 2764 1170 bonorum,
2811 1105 2968 1176 quod
3001 1104 3284 1176 ﬁguratur
3331 1121 3432 1177 per
3461 1105 3854 1159 millenarium

2149 1197 2249 1269 qui
2270 1196 2554 1267 perfectus
2578 1209 2873 1248 numerus.

2219 1285 2381 1339 Vens.
2444 1285 2532 1338 30.
2583 1313 2652 1322 —
2710 1282 3050 1338 Solnmmodo
3103 1283 3218 1337 hoc.
3281 1282 3491 1350 (H1en.)
3540 1283 3620 1336 Ne
3686 1281 3856 1336 videa

2146 1375 2242 1427 tur
2295 1386 2660 1425 communem
2692 1369 2955 1424 omnium
3011 1369 3315 1424 hominum
3365 1374 3628 1423 naturam
3679 1368 3851 1422 dam-

2149 1475 2306 1526 nare,
2359 1463 2416 1513 et
2462 1459 2641 1512 Deum
2699 1457 2823 1527 ejus
2873 1461 3164 1511 auctorem
3218 1473 3502 1524 accusare,
3533 1455 3855 1526 'vigilanter

2149 1547 2373 1618 adjecit,
2407 1546 2767 1616 Solummodo,
2795 1550 2900 1600 etc.
2931 1545 3102 1610 Quasi
3152 1545 3332 1600 dicat:
3383 1547 3561 1599 Homo
3611 1544 3848 1614 quidem

2149 1636 2334 1690 bonus
2383 1635 2563 1690 factus
2619 1637 2722 1701 est,
2807 1633 2903 1687 sed
2961 1634 3141 1688 libero
3214 1633 3448 1688 arbitrio
3519 1631 3850 1696 derelictus,

2149 1728 2353 1794 sponte
2395 1723 2546 1779 cadit
2591 1727 2648 1777 et
2699 1722 2986 1778 immiscet
3021 1739 3079 1777 se
3139 1724 3294 1777 vanis
3345 1722 3496 1776 curis
3551 1726 3608 1775 et
3654 1736 3855 1790 super-

2148 1812 2300 1866 ﬂuis.

2222 1903 2355 1967 Quis
2387 1903 2516 1958 talis
2543 1905 2604 1956 ut
2657 1902 2894 1971 sapiens,
2951 1905 3057 1957 etc.
3118 1899 3247 1971 (In)
3281 1899 3431 1954 Dixit
3463 1897 3728 1968 superius
3758 1897 3854 1950 vix

2149 1992 2364 2047 bonum
2396 1990 2688 2046 hominem
2736 1989 3006 2055 inveniri,
3037 2005 3166 2044 cum
3213 2005 3246 2042 ει
3300 1989 3414 2041 Deo
3445 1986 3706 2041 homines
3736 1985 3853 2038 sint

2148 2080 2287 2135 boni
2319 2080 2470 2135 facti.
2503 2081 2665 2134 Nunc
2694 2095 2823 2151 quae
2851 2079 3001 2133 bona
3023 2078 3106 2132 eis
3134 2077 3360 2132 dederit
3387 2082 3662 2147 tanquam
3715 2089 3852 2144 gra-

2150 2169 2501 2226 tulabundus
2535 2171 2856 2237 enumerat,
2888 2166 3250 2238 sapientiam,
3285 2165 3590 2229 rationem,
3642 2177 3856 2217 arcana

2151 2273 2508 2330 cognoscere.

2787 2363 3011 2418 CAPUT
3067 2363 3206 2416 VIII.

2222 2473 2386 2526 Vens.
2445 2474 2499 2525 2.
2547 2500 2617 2512 -
2650 2472 2758 2538 Ego
2821 2484 2878 2524 os
2933 2471 3077 2536 regis
3125 2469 3362 2524 observo.
3414 2468 3620 2534 (Ηιειι.)
3677 2465 3847 2520 Vide-

2151 2565 2246 2616 tur
2275 2559 2508 2630 quidem
2548 2557 2858 2629 praecipere
2913 2557 3074 2627 juxta
3127 2555 3484 2626 Apostolum,
3517 2558 3647 2620 etc.,
3678 2567 3850 2622 usque

2151 2648 2225 2704 ad
2251 2647 2421 2718 hujus
2450 2646 2727 2701 voluntati
2759 2645 3097 2714 parendum.

2222 2738 2383 2792 Vens.
2434 2737 2488 2790 4.
2536 2764 2606 2776 ——-
2668 2737 2773 2792 Nec
2818 2734 3002 2789 dicere
3043 2735 3094 2787 ei
3136 2734 3427 2802 quisquam
3476 2735 3673 2800 potest,
3733 2735 3838 2782 etc.

2151 2827 2280 2894 (ln.)
2337 2827 2623 2895 Praecepta
2675 2823 2774 2878 Dei
2807 2839 2922 2877 non
2954 2826 3089 2876 sunt
3138 2821 3494 2875 discutienda
3538 2834 3715 2890 quare
3748 2818 3851 2872 illa

2151 2914 2506 2986 praeceperit,
2537 2913 2631 2968 sed
2660 2912 2937 2967 facienda.

2219 3005 2383 3058 Vens.
2411 3005 2462 3057 8.
2512 3033 2580 3043 —-
2612 3005 2731 3059 Non
2757 3002 2835 3052 est
2864 3002 2924 3052 in
2962 2999 3194 3052 hominis
3225 2997 3450 3051 ditione.
3486 2995 3618 3066 (10.)
3647 2994 3847 3060 Quasi,

2147 3107 2263 3146 non
2295 3091 2467 3145 debes
2488 3090 2724 3144 moleste
2745 3087 2886 3158 pati,
2909 3087 2953 3140 si
2986 3087 3179 3140 futura
3207 3101 3326 3140 non
3359 3085 3500 3138 scire
3530 3091 3712 3154 potes,
3743 3082 3792 3136 si
3817 3099 3855 3137 ε

2147 3179 2569 3251 potentioribus
2637 3176 2802 3248 impii
2861 3191 3012 3246 sazpe
3094 3172 3460 3245 opprimeris,
3525 3171 3662 3242 quia
3733 3171 3852 3224 cito

2147 3269 2343 3323 omnia
2360 3268 2662 3334 ﬁniuntur,
2684 3271 2742 3321 et
2760 3281 2916 3319 mors
2943 3262 3137 3317 omnia
3166 3261 3463 3332 aequaliter
3493 3259 3661 3330 rapit.

2218 3360 2382 3412 Vens.
2440 3359 2522 3411 10.
2582 3386 2651 3396 —-
2709 3355 2839 3408 Vidi
2899 3354 3093 3422 impios
3150 3350 3406 3419 sepultos,
3465 3353 3570 3401 etc.
3632 3347 3747 3401 Nec
3785 3346 3851 3399 in

2145 3453 2331 3500 morte
2379 3445 2636 3516 poenitet,
2673 3457 2922 3514 quorum
2980 3443 3196 3511 quanto
3237 3437 3518 3492 accusatio
3574 3436 3759 3489 rarior
3789 3440 3853 3489 et

2146 3534 2452 3600 difficilior,
2494 3537 2654 3588 tanto
2708 3529 2980 3603 peccandi
3040 3528 3269 3581 libertas
3318 3526 3542 3580 videtur
3596 3525 3680 3578 eis
3720 3539 3849 3576 esse

2145 3622 2351 3692 major.

2218 3713 2376 3764 Vens.
2413 3711 2496 3764 14.
2531 3737 2600 3748 -
2631 3709 2770 3764 Sunt
2799 3707 2944 3774 justi
2971 3703 3166 3774 quibus
3196 3703 3341 3756 mala
3362 3700 3708 3769 proueniunt,
3741 3703 3849 3753 etc.

2149 3797 2214 3850 Ut
2263 3796 2397 3851 ﬁliis
2446 3803 2638 3851 Aaron
2679 3793 3129 3848 sacriﬁcantibus
3159 3789 3470 3844 secundum
3516 3787 3847 3846 Hebraeum.

2143 3890 2201 3938 et
2229 3885 2509 3938 Manasses
2559 3887 2686 3953 post
2715 3887 2875 3935 tanta
2908 3880 3055 3933 mala
3076 3895 3110 3932 a
3137 3875 3466 3949 captivitate
3516 3875 3575 3928 in
3597 3890 3850 3945 regnum

2142 3971 2410 4027 reductus
2437 3971 2678 4027 feliciter
2707 3968 2860 4024 vixit.

2673 4077 2682 4088 ’
2778 4091 3003 4148 CAPUT
3043 4089 3128 4145 IX.

2215 4203 2380 4258 Vens.
2437 4206 2485 4256 l.
2543 4231 2614 4240 —
2690 4201 2833 4254 Sunt
2889 4198 3051 4267 justi,
3109 4200 3212 4250 etc.
3275 4195 3462 4250 Melior
3523 4197 3611 4247 est
3667 4195 3845 4247 canis.

2145 4292 2354 4358 (Hien.)
2387 4288 2552 4344 Canis
2589 4287 2770 4352 vivus,
2801 4300 3022 4356 pauper
3045 4283 3254 4353 justus,
3299 4282 3385 4334 leo
3428 4285 3714 4342 mortuus,
3751 4296 3852 4350 po-

2143 4373 2661 4446 tensiniquus,qui
2687 4372 2832 4426 nihil
2855 4385 3048 4424 secum
3077 4367 3259 4422 aufert
3289 4367 3357 4420 de
3390 4365 3624 4420 mundo.

2213 4465 2375 4516 Vens.
2432 4466 2482 4516 5.
2540 4490 2613 4503 —
2665 4461 2868 4516 Mortui
2913 4473 3058 4512 vero.
3116 4456 3236 4523 (Ιο.)
3290 4455 3532 4518 Quidam
3583 4459 3850 4506 asserunt

2143 4552 2313 4606 etiam
2344 4556 2474 4622 post
2518 4554 2763 4604 mortem
2795 4561 3066 4612 crescere,
3099 4550 3230 4612 etc.,
3270 4558 3439 4611 usque
3492 4541 3567 4596 ad
3617 4548 3845 4596 creatu-

2143 4657 2234 4694 ras
2262 4639 2571 4693 rationales
2599 4634 2935 4710 promereri.

2215 4728 2379 4782 Vens.
2437 4729 2521 4782 10.
2578 4755 2643 4768 —
2695 4727 2891 4780 Erunt.
2951 4721 3010 4776 Id
3062 4725 3166 4788 est,
3221 4718 3496 4773 valebunt
3549 4717 3658 4773 tibi
3716 4722 3850 4789 post

2145 4819 2416 4871 mortem.

2213 4905 2382 4958 Vens.
2431 4906 2515 4957 11.
2551 4931 2620 4943 -
2678 4901 2902 4956 Bellum.
2945 4898 3233 4953 Victorum
3277 4897 3371 4951 vel
3430 4895 3603 4951 etiam
3662 4895 3851 4949 imita-

2143 4997 2294 5047 tores
2342 4992 2496 5057 belli,
2524 4989 2842 5044 secundum
2898 4987 3076 5042 illud:
3131 4988 3260 5043 Sine
3307 5001 3389 5040 me
3435 4985 3578 5040 nihil
3618 4987 3851 5054 potestis

2171 5097 2338 5136 acere.

2141 5083 2338 5149 facere.

2220 5171 2470 5224 Divitias.
2506 5169 2793 5222 Bonorum
2817 5181 3076 5236 operum.

2219 5259 2380 5311 Vens.
2440 5259 2523 5313 12.
2596 5285 2666 5296 —
2739 5256 2895 5309 Sicut
2947 5255 3120 5322 pisces
3203 5252 3506 5320 capientur,
3587 5249 3851 5316 Παπειίεί

2145 5361 2377 5417 quoque
2428 5344 2642 5399 habent
2693 5357 2965 5414 sagenam
3018 5356 3181 5394 suam
3235 5339 3489 5404 missam,
3524 5339 3850 5410 etlaqueos

2147 5433 2358 5506 quibus
2386 5433 2617 5502 capiant
2636 5431 2942 5501 simplices.

2224 5521 2392 5575 Vens.
2429 5522 2512 5574 15.
2563 5548 2631 5559 -
2694 5520 2796 5574 Vir
2836 5533 3066 5588 pauper.
3102 5513 3376 5582 Christus,
3408 5515 3477 5570 de
3517 5531 3634 5586 quo
3703 5515 3850 5568 Psal-
