  <div class='ocr_page' id='page_1' title='image "/cluster/home/n/w/nwhite01/storage/ocr_20150623/113/hvd.32044054759782/568.png"; bbox 0 0 4074 6186; ppageno 0'>
   <div class='ocr_carea' id='block_1_1' title="bbox 234 283 368 337">
    <p class='ocr_par' dir='ltr' id='par_1_1' title="bbox 234 283 368 337">
     <span class='ocr_line' id='line_1_1' title="bbox 234 283 368 337; baseline -0.022 0"><span class='ocrx_word' id='word_1_1' title='bbox 234 283 368 337; x_wconf 69' lang='grc'><strong>1125</strong></span> 
     </span>
    </p>
   </div>
   <div class='ocr_carea' id='block_1_2' title="bbox 1034 277 2904 336">
    <p class='ocr_par' dir='ltr' id='par_1_2' title="bbox 1034 277 2904 336">
     <span class='ocr_line' id='line_1_2' title="bbox 1034 277 2904 336; baseline 0.001 -3"><span class='ocrx_word' id='word_1_2' title='bbox 1034 277 1290 334; x_wconf 78' lang='lat' dir='ltr'>GLOSSA</span> <span class='ocrx_word' id='word_1_3' title='bbox 1329 277 1733 335; x_wconf 67' lang='lat' dir='ltr'>ORDINABIA.</span> <span class='ocrx_word' id='word_1_4' title='bbox 1775 308 1842 319; x_wconf 90' lang='lat'>—</span> <span class='ocrx_word' id='word_1_5' title='bbox 1882 277 2010 334; x_wconf 68' lang='grc' dir='ltr'>ΠΒ.</span> <span class='ocrx_word' id='word_1_6' title='bbox 2049 278 2391 336; x_wconf 76' lang='lat' dir='ltr'>CANTICUM</span> <span class='ocrx_word' id='word_1_7' title='bbox 2433 280 2904 336; x_wconf 79' lang='lat' dir='ltr'>CANTICORUM.</span> 
     </span>
    </p>
   </div>
   <div class='ocr_carea' id='block_1_3' title="bbox 3603 289 3733 340">
    <p class='ocr_par' dir='ltr' id='par_1_3' title="bbox 3603 289 3733 340">
     <span class='ocr_line' id='line_1_3' title="bbox 3603 289 3733 340; baseline 0.008 -1"><span class='ocrx_word' id='word_1_8' title='bbox 3603 289 3733 340; x_wconf 77' lang='lat'>“26</span> 
     </span>
    </p>
   </div>
   <div class='ocr_carea' id='block_1_4' title="bbox 228 401 3731 475">
    <p class='ocr_par' dir='ltr' id='par_1_4' title="bbox 228 401 3731 475">
     <span class='ocr_line' id='line_1_4' title="bbox 228 401 3731 475; baseline 0 -15"><span class='ocrx_word' id='word_1_9' title='bbox 228 422 382 460; x_wconf 87' lang='lat' dir='ltr'>mus:</span> <span class='ocrx_word' id='word_1_10' title='bbox 412 405 535 474; x_wconf 85' lang='lat' dir='ltr'>Ego</span> <span class='ocrx_word' id='word_1_11' title='bbox 566 419 685 459; x_wconf 89' lang='lat' dir='ltr'>sum</span> <span class='ocrx_word' id='word_1_12' title='bbox 728 419 941 475; x_wconf 82' lang='lat' dir='ltr'><strong><em>pauper</em></strong></span> <span class='ocrx_word' id='word_1_13' title='bbox 982 408 1033 459; x_wconf 94' lang='lat' dir='ltr'>et</span> <span class='ocrx_word' id='word_1_14' title='bbox 1078 404 1266 459; x_wconf 73' lang='lat' dir='ltr'>dolens</span> <span class='ocrx_word' id='word_1_15' title='bbox 1320 405 1487 471; x_wconf 87' lang='lat' dir='ltr'>(Psal.</span> <span class='ocrx_word' id='word_1_16' title='bbox 1521 403 1731 474; x_wconf 83' lang='lat' dir='ltr'>vam).</span> <span class='ocrx_word' id='word_1_17' title='bbox 1764 404 1830 457; x_wconf 88' lang='lat' dir='ltr'>Et</span> <span class='ocrx_word' id='word_1_18' title='bbox 1859 401 1918 456; x_wconf 92' lang='lat' dir='ltr'>in</span> <span class='ocrx_word' id='word_1_19' title='bbox 1949 406 1994 459; x_wconf 85' lang='lat' dir='ltr'><strong>A</strong></span> <span class='ocrx_word' id='word_1_20' title='bbox 2032 402 2201 457; x_wconf 91' lang='lat' dir='ltr'>Omni</span> <span class='ocrx_word' id='word_1_21' title='bbox 2224 408 2500 474; x_wconf 89' lang='lat' dir='ltr'>tempore,</span> <span class='ocrx_word' id='word_1_22' title='bbox 2561 402 2776 456; x_wconf 84' lang='lat' dir='ltr'>scilicet</span> <span class='ocrx_word' id='word_1_23' title='bbox 2817 420 2847 456; x_wconf 86' lang='lat' dir='ltr'>a</span> <span class='ocrx_word' id='word_1_24' title='bbox 2893 418 3060 459; x_wconf 89' lang='lat' dir='ltr'>mane</span> <span class='ocrx_word' id='word_1_25' title='bbox 3116 403 3175 459; x_wconf 90' lang='lat' dir='ltr'>in</span> <span class='ocrx_word' id='word_1_26' title='bbox 3241 420 3569 475; x_wconf 89' lang='lat' dir='ltr'>vesperum,</span> <span class='ocrx_word' id='word_1_27' title='bbox 3617 413 3672 460; x_wconf 90' lang='lat' dir='ltr'>et</span> <span class='ocrx_word' id='word_1_28' title='bbox 3700 423 3731 462; x_wconf 95' lang='lat' dir='ltr'>e</span> 
     </span>
    </p>
   </div>
   <div class='ocr_carea' id='block_1_5' title="bbox 228 492 3720 566">
    <p class='ocr_par' dir='ltr' id='par_1_5' title="bbox 228 492 3720 566">
     <span class='ocr_line' id='line_1_5' title="bbox 228 492 3720 566; baseline 0.001 -18"><span class='ocrx_word' id='word_1_29' title='bbox 228 510 341 566; x_wconf 94' lang='lat' dir='ltr'>quo</span> <span class='ocrx_word' id='word_1_30' title='bbox 381 510 577 547; x_wconf 88' lang='lat' dir='ltr'>omnes</span> <span class='ocrx_word' id='word_1_31' title='bbox 624 493 880 548; x_wconf 82' lang='lat' dir='ltr'>thesauri</span> <span class='ocrx_word' id='word_1_32' title='bbox 909 493 1206 565; x_wconf 66' lang='lat' dir='ltr'>sapientia:</span> <span class='ocrx_word' id='word_1_33' title='bbox 1252 497 1309 547; x_wconf 90' lang='lat' dir='ltr'>et</span> <span class='ocrx_word' id='word_1_34' title='bbox 1353 492 1604 547; x_wconf 69' lang='lat' dir='ltr'>scientiae</span> <span class='ocrx_word' id='word_1_35' title='bbox 1648 497 1783 547; x_wconf 90' lang='lat' dir='ltr'>sunt</span> <span class='ocrx_word' id='word_1_36' title='bbox 1825 492 1920 547; x_wconf 90' lang='lat' dir='ltr'>ab-</span> <span class='ocrx_word' id='word_1_37' title='bbox 2022 507 2331 546; x_wconf 89' lang='lat' dir='ltr'>converso:</span> <span class='ocrx_word' id='word_1_38' title='bbox 2376 493 2460 546; x_wconf 90' lang='lat' dir='ltr'>vel</span> <span class='ocrx_word' id='word_1_39' title='bbox 2494 493 2553 545; x_wconf 90' lang='lat' dir='ltr'>in</span> <span class='ocrx_word' id='word_1_40' title='bbox 2606 492 2855 561; x_wconf 81' lang='lat' dir='ltr'>pueritia</span> <span class='ocrx_word' id='word_1_41' title='bbox 2886 496 2942 545; x_wconf 88' lang='lat' dir='ltr'>et</span> <span class='ocrx_word' id='word_1_42' title='bbox 2981 492 3042 545; x_wconf 91' lang='lat' dir='ltr'>in</span> <span class='ocrx_word' id='word_1_43' title='bbox 3069 499 3379 548; x_wconf 77' lang='lat' dir='ltr'>senectute.</span> <span class='ocrx_word' id='word_1_44' title='bbox 3438 494 3547 561; x_wconf 86' lang='lat' dir='ltr'>Qui</span> <span class='ocrx_word' id='word_1_45' title='bbox 3577 498 3720 550; x_wconf 88' lang='lat' dir='ltr'>enim</span> 
     </span>
    </p>
   </div>
   <div class='ocr_carea' id='block_1_6' title="bbox 227 582 743 652">
    <p class='ocr_par' dir='ltr' id='par_1_6' title="bbox 227 582 743 652">
     <span class='ocr_line' id='line_1_6' title="bbox 227 582 743 652; baseline -0.004 -15"><span class='ocrx_word' id='word_1_46' title='bbox 227 582 469 637; x_wconf 89' lang='lat' dir='ltr'>sconditi</span> <span class='ocrx_word' id='word_1_47' title='bbox 492 582 629 650; x_wconf 88' lang='lat' dir='ltr'>(Col.</span> <span class='ocrx_word' id='word_1_48' title='bbox 662 582 743 652; x_wconf 88' lang='grc' dir='ltr'>ιι).</span> 
     </span>
    </p>
   </div>
   <div class='ocr_carea' id='block_1_7' title="bbox 293 668 1597 740">
    <p class='ocr_par' dir='ltr' id='par_1_7' title="bbox 293 668 1597 740">
     <span class='ocr_line' id='line_1_7' title="bbox 293 668 1597 740; baseline -0.004 -14"><span class='ocrx_word' id='word_1_49' title='bbox 293 673 395 726; x_wconf 90' lang='lat' dir='ltr'>Per</span> <span class='ocrx_word' id='word_1_50' title='bbox 422 672 748 740; x_wconf 77' lang='lat' dir='ltr'>sapientiam</span> <span class='ocrx_word' id='word_1_51' title='bbox 776 684 950 724; x_wconf 84' lang='lat' dir='ltr'>suam.</span> <span class='ocrx_word' id='word_1_52' title='bbox 975 670 1098 725; x_wconf 89' lang='lat' dir='ltr'>Non</span> <span class='ocrx_word' id='word_1_53' title='bbox 1128 685 1231 740; x_wconf 89' lang='lat' dir='ltr'>per</span> <span class='ocrx_word' id='word_1_54' title='bbox 1259 668 1597 740; x_wconf 80' lang='lat' dir='ltr'>potentiam.</span> 
     </span>
    </p>
   </div>
   <div class='ocr_carea' id='block_1_8' title="bbox 290 756 1917 828">
    <p class='ocr_par' dir='ltr' id='par_1_8' title="bbox 290 756 1917 828">
     <span class='ocr_line' id='line_1_8' title="bbox 290 756 1917 828; baseline 0 -18"><span class='ocrx_word' id='word_1_55' title='bbox 290 759 452 813; x_wconf 77' lang='lat' dir='ltr'>Vens.</span> <span class='ocrx_word' id='word_1_56' title='bbox 496 763 579 813; x_wconf 83' lang='lat' dir='ltr'>l7.</span> <span class='ocrx_word' id='word_1_57' title='bbox 647 788 716 797; x_wconf 94' lang='lat'><strong>—</strong></span> <span class='ocrx_word' id='word_1_58' title='bbox 785 759 955 812; x_wconf 87' lang='lat' dir='ltr'>Verba</span> <span class='ocrx_word' id='word_1_59' title='bbox 1001 761 1353 828; x_wconf 84' lang='lat' dir='ltr'>sapientium.</span> <span class='ocrx_word' id='word_1_60' title='bbox 1417 756 1629 828; x_wconf 75' lang='lat' dir='ltr'>(HIER.)</span> <span class='ocrx_word' id='word_1_61' title='bbox 1680 756 1788 822; x_wconf 88' lang='lat' dir='ltr'>Qui</span> <span class='ocrx_word' id='word_1_62' title='bbox 1836 756 1917 810; x_wconf 80' lang='lat' dir='ltr'>fa-</span> 
     </span>
    </p>
   </div>
   <div class='ocr_carea' id='block_1_9' title="bbox 223 846 1919 918">
    <p class='ocr_par' dir='ltr' id='par_1_9' title="bbox 223 846 1919 918">
     <span class='ocr_line' id='line_1_9' title="bbox 223 846 1919 918; baseline -0.001 -19"><span class='ocrx_word' id='word_1_63' title='bbox 223 863 419 901; x_wconf 84' lang='lat' dir='ltr'>vorem</span> <span class='ocrx_word' id='word_1_64' title='bbox 449 852 504 901; x_wconf 91' lang='lat' dir='ltr'>et</span> <span class='ocrx_word' id='word_1_65' title='bbox 541 847 808 917; x_wconf 84' lang='lat' dir='ltr'>plausum</span> <span class='ocrx_word' id='word_1_66' title='bbox 836 862 951 901; x_wconf 91' lang='lat' dir='ltr'>non</span> <span class='ocrx_word' id='word_1_67' title='bbox 980 852 1267 918; x_wconf 71' lang='lat' dir='ltr'>quaerunt,</span> <span class='ocrx_word' id='word_1_68' title='bbox 1286 847 1383 901; x_wconf 90' lang='lat' dir='ltr'>sed</span> <span class='ocrx_word' id='word_1_69' title='bbox 1408 847 1653 901; x_wconf 79' lang='lat' dir='ltr'>salutem</span> <span class='ocrx_word' id='word_1_70' title='bbox 1681 846 1919 900; x_wconf 89' lang='lat' dir='ltr'>audien-</span> 
     </span>
    </p>
   </div>
   <div class='ocr_carea' id='block_1_10' title="bbox 224 933 1922 1005">
    <p class='ocr_par' dir='ltr' id='par_1_10' title="bbox 224 933 1922 1005">
     <span class='ocr_line' id='line_1_10' title="bbox 224 933 1922 1005; baseline -0.001 -17"><span class='ocrx_word' id='word_1_71' title='bbox 224 934 367 989; x_wconf 87' lang='lat' dir='ltr'>tium</span> <span class='ocrx_word' id='word_1_72' title='bbox 404 949 543 989; x_wconf 90' lang='lat' dir='ltr'>:nec</span> <span class='ocrx_word' id='word_1_73' title='bbox 590 935 838 989; x_wconf 86' lang='lat' dir='ltr'>clamant</span> <span class='ocrx_word' id='word_1_74' title='bbox 888 938 951 988; x_wconf 89' lang='lat' dir='ltr'>ut</span> <span class='ocrx_word' id='word_1_75' title='bbox 1008 934 1337 1001; x_wconf 84' lang='lat' dir='ltr'>audiantur,</span> <span class='ocrx_word' id='word_1_76' title='bbox 1401 935 1498 989; x_wconf 89' lang='lat' dir='ltr'>sed</span> <span class='ocrx_word' id='word_1_77' title='bbox 1564 933 1824 1005; x_wconf 89' lang='lat' dir='ltr'>cupiunt.</span> <span class='ocrx_word' id='word_1_78' title='bbox 1856 937 1922 987; x_wconf 89' lang='lat' dir='ltr'>ut</span> 
     </span>
    </p>
   </div>
   <div class='ocr_carea' id='block_1_11' title="bbox 228 1023 628 1090">
    <p class='ocr_par' dir='ltr' id='par_1_11' title="bbox 228 1023 628 1090">
     <span class='ocr_line' id='line_1_11' title="bbox 228 1023 628 1090; baseline -0.005 -13"><span class='ocrx_word' id='word_1_79' title='bbox 228 1023 628 1090; x_wconf 84' lang='lat' dir='ltr'>exaudiantur,</span> 
     </span>
    </p>
   </div>
   <div class='ocr_carea' id='block_1_12' title="bbox 293 1110 1916 1183">
    <p class='ocr_par' dir='ltr' id='par_1_12' title="bbox 293 1110 1916 1183">
     <span class='ocr_line' id='line_1_12' title="bbox 293 1110 1916 1183; baseline -0.002 -17"><span class='ocrx_word' id='word_1_80' title='bbox 293 1113 443 1166; x_wconf 84' lang='lat' dir='ltr'>Inter</span> <span class='ocrx_word' id='word_1_81' title='bbox 486 1113 696 1166; x_wconf 86' lang='lat' dir='ltr'>stultos.</span> <span class='ocrx_word' id='word_1_82' title='bbox 757 1110 924 1177; x_wconf 78' lang='lat' dir='ltr'>Stulti</span> <span class='ocrx_word' id='word_1_83' title='bbox 981 1111 1079 1183; x_wconf 91' lang='lat' dir='ltr'>qui</span> <span class='ocrx_word' id='word_1_84' title='bbox 1120 1127 1238 1166; x_wconf 89' lang='lat' dir='ltr'>non</span> <span class='ocrx_word' id='word_1_85' title='bbox 1287 1116 1558 1183; x_wconf 71' lang='lat' dir='ltr'>quierunt</span> <span class='ocrx_word' id='word_1_86' title='bbox 1618 1110 1916 1181; x_wconf 74' lang='lat' dir='ltr'>proﬁceret</span> 
     </span>
    </p>
   </div>
   <div class='ocr_carea' id='block_1_13' title="bbox 228 1199 1072 1271">
    <p class='ocr_par' dir='ltr' id='par_1_13' title="bbox 228 1199 1072 1271">
     <span class='ocr_line' id='line_1_13' title="bbox 228 1199 1072 1271; baseline 0.001 -18"><span class='ocrx_word' id='word_1_87' title='bbox 228 1199 325 1255; x_wconf 89' lang='lat' dir='ltr'>sed</span> <span class='ocrx_word' id='word_1_88' title='bbox 355 1199 587 1255; x_wconf 89' lang='lat' dir='ltr'>laudem</span> <span class='ocrx_word' id='word_1_89' title='bbox 616 1199 724 1254; x_wconf 82' lang='lat' dir='ltr'>sibi</span> <span class='ocrx_word' id='word_1_90' title='bbox 756 1199 1072 1271; x_wconf 81' lang='lat' dir='ltr'>acquirere.</span> 
     </span>
    </p>
   </div>
   <div class='ocr_carea' id='block_1_14' title="bbox 915 1306 1247 1361">
    <p class='ocr_par' dir='ltr' id='par_1_14' title="bbox 915 1306 1247 1361">
     <span class='ocr_line' id='line_1_14' title="bbox 915 1306 1247 1361; baseline -0.003 -1"><span class='ocrx_word' id='word_1_91' title='bbox 915 1306 1140 1361; x_wconf 89' lang='lat' dir='ltr'><strong>CAPUT</strong></span> <span class='ocrx_word' id='word_1_92' title='bbox 1186 1306 1247 1360; x_wconf 88' lang='lat' dir='ltr'>X.</span> 
     </span>
    </p>
   </div>
   <div class='ocr_carea' id='block_1_15' title="bbox 297 1411 1925 1479">
    <p class='ocr_par' dir='ltr' id='par_1_15' title="bbox 297 1411 1925 1479">
     <span class='ocr_line' id='line_1_15' title="bbox 297 1411 1925 1479; baseline 0.001 -14"><span class='ocrx_word' id='word_1_93' title='bbox 297 1412 460 1466; x_wconf 74' lang='lat' dir='ltr'>Vsus.</span> <span class='ocrx_word' id='word_1_94' title='bbox 491 1412 544 1466; x_wconf 84' lang='grc'><strong>4.</strong></span> <span class='ocrx_word' id='word_1_95' title='bbox 575 1440 645 1452; x_wconf 89' lang='grc'><strong>-</strong></span> <span class='ocrx_word' id='word_1_96' title='bbox 676 1412 892 1467; x_wconf 86' lang='lat' dir='ltr'>Locum.</span> <span class='ocrx_word' id='word_1_97' title='bbox 924 1411 1239 1466; x_wconf 83' lang='lat' dir='ltr'>Stationem</span> <span class='ocrx_word' id='word_1_98' title='bbox 1277 1411 1411 1468; x_wconf 82' lang='lat' dir='ltr'>ﬁdei</span> <span class='ocrx_word' id='word_1_99' title='bbox 1439 1411 1641 1479; x_wconf 89' lang='lat' dir='ltr'>retine,</span> <span class='ocrx_word' id='word_1_100' title='bbox 1703 1426 1776 1466; x_wconf 90' lang='lat' dir='ltr'>ne</span> <span class='ocrx_word' id='word_1_101' title='bbox 1805 1411 1925 1466; x_wconf 86' lang='lat' dir='ltr'>vin-</span> 
     </span>
    </p>
   </div>
   <div class='ocr_carea' id='block_1_16' title="bbox 225 1498 1648 1570">
    <p class='ocr_par' dir='ltr' id='par_1_16' title="bbox 225 1498 1648 1570">
     <span class='ocr_line' id='line_1_16' title="bbox 225 1498 1648 1570; baseline -0.001 -17"><span class='ocrx_word' id='word_1_102' title='bbox 225 1500 370 1553; x_wconf 88' lang='lat' dir='ltr'>caris</span> <span class='ocrx_word' id='word_1_103' title='bbox 394 1515 407 1553; x_wconf 88' lang='lat'>:</span> <span class='ocrx_word' id='word_1_104' title='bbox 436 1504 493 1554; x_wconf 90' lang='lat' dir='ltr'>et</span> <span class='ocrx_word' id='word_1_105' title='bbox 520 1515 593 1554; x_wconf 89' lang='lat' dir='ltr'>ne</span> <span class='ocrx_word' id='word_1_106' title='bbox 614 1498 874 1570; x_wconf 84' lang='lat' dir='ltr'>perﬁcias</span> <span class='ocrx_word' id='word_1_107' title='bbox 899 1498 945 1553; x_wconf 89' lang='lat' dir='ltr'>si</span> <span class='ocrx_word' id='word_1_108' title='bbox 968 1500 1090 1569; x_wconf 88' lang='lat' dir='ltr'>jam</span> <span class='ocrx_word' id='word_1_109' title='bbox 1118 1499 1265 1553; x_wconf 88' lang='lat' dir='ltr'>male</span> <span class='ocrx_word' id='word_1_110' title='bbox 1295 1498 1648 1570; x_wconf 82' lang='lat' dir='ltr'>cogitaveris.</span> 
     </span>
    </p>
   </div>
   <div class='ocr_carea' id='block_1_17' title="bbox 295 1587 1920 1658">
    <p class='ocr_par' dir='ltr' id='par_1_17' title="bbox 295 1587 1920 1658">
     <span class='ocr_line' id='line_1_17' title="bbox 295 1587 1920 1658; baseline -0.001 -17"><span class='ocrx_word' id='word_1_111' title='bbox 295 1588 400 1653; x_wconf 86' lang='lat' dir='ltr'>Qui</span> <span class='ocrx_word' id='word_1_112' title='bbox 440 1588 603 1653; x_wconf 83' lang='lat' dir='ltr'>fodit.</span> <span class='ocrx_word' id='word_1_113' title='bbox 654 1588 862 1642; x_wconf 88' lang='lat' dir='ltr'>Lacum</span> <span class='ocrx_word' id='word_1_114' title='bbox 909 1588 1156 1658; x_wconf 83' lang='lat' dir='ltr'>aperuit,</span> <span class='ocrx_word' id='word_1_115' title='bbox 1216 1594 1271 1642; x_wconf 90' lang='lat' dir='ltr'>et</span> <span class='ocrx_word' id='word_1_116' title='bbox 1302 1588 1501 1642; x_wconf 83' lang='lat' dir='ltr'>cllodit</span> <span class='ocrx_word' id='word_1_117' title='bbox 1529 1603 1659 1641; x_wconf 89' lang='lat' dir='ltr'>eum</span> <span class='ocrx_word' id='word_1_118' title='bbox 1690 1602 1705 1641; x_wconf 89' lang='lat'>:</span> <span class='ocrx_word' id='word_1_119' title='bbox 1735 1591 1791 1640; x_wconf 89' lang='lat' dir='ltr'>et</span> <span class='ocrx_word' id='word_1_120' title='bbox 1832 1587 1920 1640; x_wconf 88' lang='lat' dir='ltr'>in-</span> 
     </span>
    </p>
   </div>
   <div class='ocr_carea' id='block_1_18' title="bbox 226 1676 1077 1753">
    <p class='ocr_par' dir='ltr' id='par_1_18' title="bbox 226 1676 1077 1753">
     <span class='ocr_line' id='line_1_18' title="bbox 226 1676 1077 1753; baseline 0.001 -23"><span class='ocrx_word' id='word_1_121' title='bbox 226 1677 365 1753; x_wconf 83' lang='lat' dir='ltr'>cidit</span> <span class='ocrx_word' id='word_1_122' title='bbox 384 1678 444 1730; x_wconf 90' lang='lat' dir='ltr'>iu</span> <span class='ocrx_word' id='word_1_123' title='bbox 471 1678 690 1731; x_wconf 88' lang='lat' dir='ltr'>foveam</span> <span class='ocrx_word' id='word_1_124' title='bbox 723 1693 897 1747; x_wconf 89' lang='lat' dir='ltr'>quam</span> <span class='ocrx_word' id='word_1_125' title='bbox 926 1676 1077 1731; x_wconf 83' lang='lat' dir='ltr'>fecit.</span> 
     </span>
    </p>
   </div>
   <div class='ocr_carea' id='block_1_19' title="bbox 299 1764 1926 1835">
    <p class='ocr_par' dir='ltr' id='par_1_19' title="bbox 299 1764 1926 1835">
     <span class='ocr_line' id='line_1_19' title="bbox 299 1764 1926 1835; baseline -0.001 -17"><span class='ocrx_word' id='word_1_126' title='bbox 299 1766 467 1819; x_wconf 73' lang='lat' dir='ltr'>Vens.</span> <span class='ocrx_word' id='word_1_127' title='bbox 502 1768 585 1820; x_wconf 82' lang='grc'>11.</span> <span class='ocrx_word' id='word_1_128' title='bbox 622 1794 687 1808; x_wconf 92' lang='grc'><strong><em>-</em></strong></span> <span class='ocrx_word' id='word_1_129' title='bbox 729 1767 796 1819; x_wconf 89' lang='lat' dir='ltr'>Si</span> <span class='ocrx_word' id='word_1_130' title='bbox 847 1766 1109 1820; x_wconf 77' lang='lat' dir='ltr'>mordeat.</span> <span class='ocrx_word' id='word_1_131' title='bbox 1165 1766 1366 1835; x_wconf 80' lang='lat' dir='ltr'>(HIER.)</span> <span class='ocrx_word' id='word_1_132' title='bbox 1408 1764 1600 1832; x_wconf 85' lang='lat' dir='ltr'>Quasi,</span> <span class='ocrx_word' id='word_1_133' title='bbox 1634 1764 1781 1817; x_wconf 86' lang='lat' dir='ltr'>sicut</span> <span class='ocrx_word' id='word_1_134' title='bbox 1806 1779 1926 1817; x_wconf 90' lang='lat' dir='ltr'>ser-</span> 
     </span>
    </p>
   </div>
   <div class='ocr_carea' id='block_1_20' title="bbox 227 1851 1928 1924">
    <p class='ocr_par' dir='ltr' id='par_1_20' title="bbox 227 1851 1928 1924">
     <span class='ocr_line' id='line_1_20' title="bbox 227 1851 1928 1924; baseline -0.002 -17"><span class='ocrx_word' id='word_1_135' title='bbox 227 1870 367 1924; x_wconf 89' lang='lat' dir='ltr'>pens</span> <span class='ocrx_word' id='word_1_136' title='bbox 410 1855 627 1908; x_wconf 91' lang='lat' dir='ltr'>occulte</span> <span class='ocrx_word' id='word_1_137' title='bbox 682 1854 943 1908; x_wconf 89' lang='lat' dir='ltr'>mordens</span> <span class='ocrx_word' id='word_1_138' title='bbox 982 1870 1266 1907; x_wconf 90' lang='lat' dir='ltr'>venenum</span> <span class='ocrx_word' id='word_1_139' title='bbox 1314 1852 1584 1919; x_wconf 79' lang='lat' dir='ltr'>infundit,</span> <span class='ocrx_word' id='word_1_140' title='bbox 1635 1852 1713 1905; x_wconf 92' lang='lat' dir='ltr'>sic</span> <span class='ocrx_word' id='word_1_141' title='bbox 1743 1858 1799 1906; x_wconf 91' lang='lat' dir='ltr'>et</span> <span class='ocrx_word' id='word_1_142' title='bbox 1828 1851 1928 1922; x_wconf 87' lang='lat' dir='ltr'>qui</span> 
     </span>
    </p>
   </div>
   <div class='ocr_carea' id='block_1_21' title="bbox 228 1939 1929 2013">
    <p class='ocr_par' dir='ltr' id='par_1_21' title="bbox 228 1939 1929 2013">
     <span class='ocr_line' id='line_1_21' title="bbox 228 1939 1929 2013; baseline -0.001 -18"><span class='ocrx_word' id='word_1_143' title='bbox 228 1942 495 1996; x_wconf 85' lang='lat' dir='ltr'>detrahit.</span> <span class='ocrx_word' id='word_1_144' title='bbox 531 1943 647 2009; x_wconf 90' lang='lat' dir='ltr'>Vel,</span> <span class='ocrx_word' id='word_1_145' title='bbox 678 1958 933 2013; x_wconf 84' lang='lat' dir='ltr'>serpens,</span> <span class='ocrx_word' id='word_1_146' title='bbox 978 1942 1037 1996; x_wconf 89' lang='lat' dir='ltr'>id</span> <span class='ocrx_word' id='word_1_147' title='bbox 1067 1948 1152 1996; x_wconf 90' lang='lat' dir='ltr'>est</span> <span class='ocrx_word' id='word_1_148' title='bbox 1193 1942 1472 2006; x_wconf 86' lang='lat' dir='ltr'>diabolus,</span> <span class='ocrx_word' id='word_1_149' title='bbox 1505 1940 1727 1994; x_wconf 85' lang='lat' dir='ltr'>mordet</span> <span class='ocrx_word' id='word_1_150' title='bbox 1756 1940 1817 1993; x_wconf 89' lang='lat' dir='ltr'>in</span> <span class='ocrx_word' id='word_1_151' title='bbox 1846 1939 1929 1993; x_wconf 85' lang='lat' dir='ltr'>si-</span> 
     </span>
    </p>
   </div>
   <div class='ocr_carea' id='block_1_22' title="bbox 227 2028 1928 2101">
    <p class='ocr_par' dir='ltr' id='par_1_22' title="bbox 227 2028 1928 2101">
     <span class='ocr_line' id='line_1_22' title="bbox 227 2028 1928 2101; baseline -0.001 -18"><span class='ocrx_word' id='word_1_152' title='bbox 227 2030 429 2096; x_wconf 88' lang='lat' dir='ltr'>lentio,</span> <span class='ocrx_word' id='word_1_153' title='bbox 463 2030 691 2101; x_wconf 87' lang='lat' dir='ltr'>quando</span> <span class='ocrx_word' id='word_1_154' title='bbox 732 2030 854 2101; x_wconf 85' lang='lat' dir='ltr'>qui,</span> <span class='ocrx_word' id='word_1_155' title='bbox 886 2030 1115 2085; x_wconf 85' lang='lat' dir='ltr'>diabolo</span> <span class='ocrx_word' id='word_1_156' title='bbox 1162 2030 1458 2095; x_wconf 87' lang='lat' dir='ltr'>suadente,</span> <span class='ocrx_word' id='word_1_157' title='bbox 1493 2028 1768 2100; x_wconf 81' lang='lat' dir='ltr'>peccavit,</span> <span class='ocrx_word' id='word_1_158' title='bbox 1814 2044 1928 2082; x_wconf 91' lang='lat' dir='ltr'>non</span> 
     </span>
    </p>
   </div>
   <div class='ocr_carea' id='block_1_23' title="bbox 228 2120 747 2189">
    <p class='ocr_par' dir='ltr' id='par_1_23' title="bbox 228 2120 747 2189">
     <span class='ocr_line' id='line_1_23' title="bbox 228 2120 747 2189; baseline 0.002 -17"><span class='ocrx_word' id='word_1_159' title='bbox 228 2120 348 2173; x_wconf 83' lang='lat' dir='ltr'>vult</span> <span class='ocrx_word' id='word_1_160' title='bbox 373 2120 648 2173; x_wconf 88' lang='lat' dir='ltr'>conﬁteri.</span> <span class='ocrx_word' id='word_1_161' title='bbox 732 2178 747 2189; x_wconf 38' lang='grc' dir='ltr'><em>κ</em></span> 
     </span>
    </p>
   </div>
   <div class='ocr_carea' id='block_1_24' title="bbox 301 2208 1931 2277">
    <p class='ocr_par' dir='ltr' id='par_1_24' title="bbox 301 2208 1931 2277">
     <span class='ocr_line' id='line_1_24' title="bbox 301 2208 1931 2277; baseline -0.001 -17"><span class='ocrx_word' id='word_1_162' title='bbox 301 2208 463 2260; x_wconf 75' lang='lat' dir='ltr'>Vens.</span> <span class='ocrx_word' id='word_1_163' title='bbox 502 2210 591 2262; x_wconf 81' lang='lat' dir='ltr'>l9.</span> <span class='ocrx_word' id='word_1_164' title='bbox 634 2237 695 2248; x_wconf 94' lang='lat'><strong><em>—</em></strong></span> <span class='ocrx_word' id='word_1_165' title='bbox 748 2209 812 2262; x_wconf 83' lang='lat' dir='ltr'>In</span> <span class='ocrx_word' id='word_1_166' title='bbox 872 2210 991 2261; x_wconf 85' lang='lat' dir='ltr'>risu</span> <span class='ocrx_word' id='word_1_167' title='bbox 1034 2209 1252 2274; x_wconf 83' lang='lat' dir='ltr'>faciunt</span> <span class='ocrx_word' id='word_1_168' title='bbox 1294 2222 1498 2277; x_wconf 82' lang='lat' dir='ltr'>panem</span> <span class='ocrx_word' id='word_1_169' title='bbox 1549 2210 1601 2260; x_wconf 90' lang='lat' dir='ltr'>et</span> <span class='ocrx_word' id='word_1_170' title='bbox 1636 2208 1842 2272; x_wconf 80' lang='lat' dir='ltr'>vinum,</span> <span class='ocrx_word' id='word_1_171' title='bbox 1871 2211 1931 2260; x_wconf 93' lang='lat' dir='ltr'>ut</span> 
     </span>
    </p>
   </div>
   <div class='ocr_carea' id='block_1_25' title="bbox 228 2293 1931 2366">
    <p class='ocr_par' dir='ltr' id='par_1_25' title="bbox 228 2293 1931 2366">
     <span class='ocr_line' id='line_1_25' title="bbox 228 2293 1931 2366; baseline -0.001 -18"><span class='ocrx_word' id='word_1_172' title='bbox 228 2298 517 2364; x_wconf 86' lang='lat' dir='ltr'>epulentur</span> <span class='ocrx_word' id='word_1_173' title='bbox 580 2295 845 2350; x_wconf 81' lang='lat' dir='ltr'>bibentes.</span> <span class='ocrx_word' id='word_1_174' title='bbox 911 2296 1247 2363; x_wconf 72' lang='lat' dir='ltr'>Prasdicant,</span> <span class='ocrx_word' id='word_1_175' title='bbox 1307 2295 1492 2366; x_wconf 90' lang='lat' dir='ltr'>magis</span> <span class='ocrx_word' id='word_1_176' title='bbox 1547 2300 1612 2348; x_wconf 89' lang='lat' dir='ltr'>ut</span> <span class='ocrx_word' id='word_1_177' title='bbox 1678 2293 1931 2350; x_wconf 86' lang='lat' dir='ltr'>alliciant</span> 
     </span>
    </p>
   </div>
   <div class='ocr_carea' id='block_1_26' title="bbox 228 2384 840 2454">
    <p class='ocr_par' dir='ltr' id='par_1_26' title="bbox 228 2384 840 2454">
     <span class='ocr_line' id='line_1_26' title="bbox 228 2384 840 2454; baseline 0.003 -19"><span class='ocrx_word' id='word_1_178' title='bbox 228 2398 402 2454; x_wconf 89' lang='lat' dir='ltr'>quam</span> <span class='ocrx_word' id='word_1_179' title='bbox 431 2388 494 2437; x_wconf 87' lang='lat' dir='ltr'>ut</span> <span class='ocrx_word' id='word_1_180' title='bbox 522 2384 840 2453; x_wconf 89' lang='lat' dir='ltr'>proﬁciant.</span> 
     </span>
    </p>
   </div>
   <div class='ocr_carea' id='block_1_27' title="bbox 298 2469 1927 2535">
    <p class='ocr_par' dir='ltr' id='par_1_27' title="bbox 298 2469 1927 2535">
     <span class='ocr_line' id='line_1_27' title="bbox 298 2469 1927 2535; baseline -0.001 -11"><span class='ocrx_word' id='word_1_181' title='bbox 298 2472 540 2525; x_wconf 67' lang='lat' dir='ltr'>Pecuniae</span> <span class='ocrx_word' id='word_1_182' title='bbox 610 2471 870 2526; x_wconf 89' lang='lat' dir='ltr'>obediunt</span> <span class='ocrx_word' id='word_1_183' title='bbox 935 2473 1131 2535; x_wconf 81' lang='lat' dir='ltr'>omnia,</span> <span class='ocrx_word' id='word_1_184' title='bbox 1180 2473 1286 2527; x_wconf 85' lang='lat' dir='ltr'>etc.</span> <span class='ocrx_word' id='word_1_185' title='bbox 1357 2471 1425 2524; x_wconf 89' lang='lat' dir='ltr'>Et</span> <span class='ocrx_word' id='word_1_186' title='bbox 1492 2470 1814 2524; x_wconf 86' lang='lat' dir='ltr'>sacerdotes</span> <span class='ocrx_word' id='word_1_187' title='bbox 1869 2469 1927 2522; x_wconf 89' lang='lat' dir='ltr'>in</span> 
     </span>
    </p>
   </div>
   <div class='ocr_carea' id='block_1_28' title="bbox 228 2558 816 2613">
    <p class='ocr_par' dir='ltr' id='par_1_28' title="bbox 228 2558 816 2613">
     <span class='ocr_line' id='line_1_28' title="bbox 228 2558 816 2613; baseline 0.002 -1"><span class='ocrx_word' id='word_1_188' title='bbox 228 2558 488 2612; x_wconf 87' lang='lat' dir='ltr'>mercede</span> <span class='ocrx_word' id='word_1_189' title='bbox 521 2559 816 2613; x_wconf 87' lang='lat' dir='ltr'>docebant.</span> 
     </span>
    </p>
   </div>
   <div class='ocr_carea' id='block_1_29' title="bbox 297 2645 1930 2716">
    <p class='ocr_par' dir='ltr' id='par_1_29' title="bbox 297 2645 1930 2716">
     <span class='ocr_line' id='line_1_29' title="bbox 297 2645 1930 2716; baseline 0 -17"><span class='ocrx_word' id='word_1_190' title='bbox 297 2647 463 2700; x_wconf 77' lang='lat' dir='ltr'>Vens.</span> <span class='ocrx_word' id='word_1_191' title='bbox 492 2649 581 2701; x_wconf 83' lang='lat'>20.</span> <span class='ocrx_word' id='word_1_192' title='bbox 627 2664 701 2688; x_wconf 68' lang='lat'><strong><em>—‘</em></strong></span> <span class='ocrx_word' id='word_1_193' title='bbox 749 2648 821 2701; x_wconf 88' lang='grc' dir='ltr'><em>1η</em></span> <span class='ocrx_word' id='word_1_194' title='bbox 868 2648 1208 2716; x_wconf 71' lang='lat' dir='ltr'>cogitatione.</span> <span class='ocrx_word' id='word_1_195' title='bbox 1271 2651 1387 2713; x_wconf 89' lang='lat' dir='ltr'>tua,</span> <span class='ocrx_word' id='word_1_196' title='bbox 1437 2650 1544 2701; x_wconf 91' lang='lat' dir='ltr'>etc.</span> <span class='ocrx_word' id='word_1_197' title='bbox 1582 2645 1930 2716; x_wconf 85' lang='lat' dir='ltr'>Simpliciter</span> 
     </span>
    </p>
   </div>
   <div class='ocr_carea' id='block_1_30' title="bbox 226 2734 1924 2805">
    <p class='ocr_par' dir='ltr' id='par_1_30' title="bbox 226 2734 1924 2805">
     <span class='ocr_line' id='line_1_30' title="bbox 226 2734 1924 2805; baseline -0.001 -17"><span class='ocrx_word' id='word_1_198' title='bbox 226 2740 443 2801; x_wconf 90' lang='lat' dir='ltr'>monet,</span> <span class='ocrx_word' id='word_1_199' title='bbox 469 2750 540 2788; x_wconf 92' lang='lat' dir='ltr'>ne</span> <span class='ocrx_word' id='word_1_200' title='bbox 594 2736 684 2789; x_wconf 89' lang='lat' dir='ltr'>vel</span> <span class='ocrx_word' id='word_1_201' title='bbox 727 2735 812 2788; x_wconf 90' lang='lat' dir='ltr'>ira</span> <span class='ocrx_word' id='word_1_202' title='bbox 844 2736 931 2788; x_wconf 90' lang='lat' dir='ltr'>vel</span> <span class='ocrx_word' id='word_1_203' title='bbox 985 2734 1214 2789; x_wconf 88' lang='lat' dir='ltr'>levitate</span> <span class='ocrx_word' id='word_1_204' title='bbox 1270 2735 1584 2805; x_wconf 88' lang='lat' dir='ltr'>majoribus</span> <span class='ocrx_word' id='word_1_205' title='bbox 1618 2734 1924 2788; x_wconf 87' lang='lat' dir='ltr'>maledica-</span> 
     </span>
    </p>
   </div>
   <div class='ocr_carea' id='block_1_31' title="bbox 228 2822 1923 2894">
    <p class='ocr_par' dir='ltr' id='par_1_31' title="bbox 228 2822 1923 2894">
     <span class='ocr_line' id='line_1_31' title="bbox 228 2822 1923 2894; baseline -0.001 -17"><span class='ocrx_word' id='word_1_206' title='bbox 228 2839 379 2890; x_wconf 89' lang='lat' dir='ltr'>mus,</span> <span class='ocrx_word' id='word_1_207' title='bbox 414 2822 551 2894; x_wconf 87' lang='lat' dir='ltr'>quia</span> <span class='ocrx_word' id='word_1_208' title='bbox 580 2840 730 2894; x_wconf 65' lang='lat' dir='ltr'>saepe</span> <span class='ocrx_word' id='word_1_209' title='bbox 758 2824 856 2889; x_wconf 88' lang='lat' dir='ltr'>eis,</span> <span class='ocrx_word' id='word_1_210' title='bbox 882 2823 1055 2878; x_wconf 88' lang='lat' dir='ltr'>etiam</span> <span class='ocrx_word' id='word_1_211' title='bbox 1088 2839 1217 2876; x_wconf 90' lang='lat' dir='ltr'>cum</span> <span class='ocrx_word' id='word_1_212' title='bbox 1250 2840 1366 2877; x_wconf 90' lang='lat' dir='ltr'>non</span> <span class='ocrx_word' id='word_1_213' title='bbox 1396 2823 1765 2892; x_wconf 83' lang='lat' dir='ltr'>timebamus,</span> <span class='ocrx_word' id='word_1_214' title='bbox 1794 2838 1923 2893; x_wconf 67' lang='lat' dir='ltr'>quas</span> 
     </span>
    </p>
   </div>
   <div class='ocr_carea' id='block_1_32' title="bbox 226 2910 1470 2978">
    <p class='ocr_par' dir='ltr' id='par_1_32' title="bbox 226 2910 1470 2978">
     <span class='ocr_line' id='line_1_32' title="bbox 226 2910 1470 2978; baseline 0.001 -13"><span class='ocrx_word' id='word_1_215' title='bbox 226 2911 502 2978; x_wconf 82' lang='lat' dir='ltr'>diximus,</span> <span class='ocrx_word' id='word_1_216' title='bbox 535 2911 875 2978; x_wconf 87' lang='lat' dir='ltr'>muntiatur,</span> <span class='ocrx_word' id='word_1_217' title='bbox 916 2912 1087 2965; x_wconf 89' lang='lat' dir='ltr'>etiam</span> <span class='ocrx_word' id='word_1_218' title='bbox 1118 2910 1167 2964; x_wconf 91' lang='lat' dir='ltr'>si</span> <span class='ocrx_word' id='word_1_219' title='bbox 1196 2911 1253 2965; x_wconf 92' lang='lat' dir='ltr'>in</span> <span class='ocrx_word' id='word_1_220' title='bbox 1275 2910 1470 2966; x_wconf 88' lang='lat' dir='ltr'>cubili.</span> 
     </span>
    </p>
   </div>
   <div class='ocr_carea' id='block_1_33' title="bbox 910 3016 1286 3071">
    <p class='ocr_par' dir='ltr' id='par_1_33' title="bbox 910 3016 1286 3071">
     <span class='ocr_line' id='line_1_33' title="bbox 910 3016 1286 3071; baseline -0.003 0"><span class='ocrx_word' id='word_1_221' title='bbox 910 3016 1133 3071; x_wconf 81' lang='lat' dir='ltr'>CAPUT</span> <span class='ocrx_word' id='word_1_222' title='bbox 1199 3017 1286 3071; x_wconf 85' lang='lat' dir='ltr'>XI.</span> 
     </span>
    </p>
   </div>
   <div class='ocr_carea' id='block_1_34' title="bbox 300 3120 1780 3193">
    <p class='ocr_par' dir='ltr' id='par_1_34' title="bbox 300 3120 1780 3193">
     <span class='ocr_line' id='line_1_34' title="bbox 300 3120 1780 3193; baseline 0 -19"><span class='ocrx_word' id='word_1_223' title='bbox 300 3121 469 3175; x_wconf 76' lang='lat' dir='ltr'>Vens.</span> <span class='ocrx_word' id='word_1_224' title='bbox 515 3124 560 3175; x_wconf 84' lang='lat' dir='ltr'>l.</span> <span class='ocrx_word' id='word_1_225' title='bbox 599 3123 841 3177; x_wconf 86' lang='lat' dir='ltr'>—Mitte</span> <span class='ocrx_word' id='word_1_226' title='bbox 864 3138 1080 3191; x_wconf 83' lang='lat' dir='ltr'>panem.</span> <span class='ocrx_word' id='word_1_227' title='bbox 1117 3125 1292 3193; x_wconf 83' lang='lat' dir='ltr'>Aptos</span> <span class='ocrx_word' id='word_1_228' title='bbox 1337 3120 1780 3175; x_wconf 83' lang='lat' dir='ltr'>fructificationi.</span> 
     </span>
    </p>
   </div>
   <div class='ocr_carea' id='block_1_35' title="bbox 302 3208 1928 3280">
    <p class='ocr_par' dir='ltr' id='par_1_35' title="bbox 302 3208 1928 3280">
     <span class='ocr_line' id='line_1_35' title="bbox 302 3208 1928 3280; baseline 0.001 -19"><span class='ocrx_word' id='word_1_229' title='bbox 302 3210 463 3263; x_wconf 72' lang='lat' dir='ltr'>Vens.</span> <span class='ocrx_word' id='word_1_230' title='bbox 526 3212 578 3264; x_wconf 83' lang='lat'>2.</span> <span class='ocrx_word' id='word_1_231' title='bbox 640 3239 709 3251; x_wconf 91' lang='lat'>—</span> <span class='ocrx_word' id='word_1_232' title='bbox 774 3212 855 3263; x_wconf 88' lang='lat' dir='ltr'>Da</span> <span class='ocrx_word' id='word_1_233' title='bbox 916 3215 1103 3279; x_wconf 88' lang='lat' dir='ltr'>partes</span> <span class='ocrx_word' id='word_1_234' title='bbox 1182 3215 1398 3280; x_wconf 86' lang='lat' dir='ltr'>septem.</span> <span class='ocrx_word' id='word_1_235' title='bbox 1478 3208 1684 3280; x_wconf 74' lang='lat' dir='ltr'>(Hii-zu.)</span> <span class='ocrx_word' id='word_1_236' title='bbox 1758 3210 1928 3263; x_wconf 86' lang='lat' dir='ltr'>Vetus</span> 
     </span>
    </p>
   </div>
   <div class='ocr_carea' id='block_1_36' title="bbox 226 3295 1924 3368">
    <p class='ocr_par' dir='ltr' id='par_1_36' title="bbox 226 3295 1924 3368">
     <span class='ocr_line' id='line_1_36' title="bbox 226 3295 1924 3368; baseline -0.002 -15"><span class='ocrx_word' id='word_1_237' title='bbox 226 3300 680 3366; x_wconf 88' lang='lat' dir='ltr'>Testamentum,</span> <span class='ocrx_word' id='word_1_238' title='bbox 741 3299 901 3367; x_wconf 89' lang='lat' dir='ltr'>cujus</span> <span class='ocrx_word' id='word_1_239' title='bbox 954 3299 1199 3368; x_wconf 83' lang='lat' dir='ltr'>septima</span> <span class='ocrx_word' id='word_1_240' title='bbox 1280 3298 1421 3364; x_wconf 90' lang='lat' dir='ltr'>dies,</span> <span class='ocrx_word' id='word_1_241' title='bbox 1483 3297 1696 3351; x_wconf 89' lang='lat' dir='ltr'>scilicet</span> <span class='ocrx_word' id='word_1_242' title='bbox 1726 3295 1924 3350; x_wconf 88' lang='lat' dir='ltr'>sabba-</span> 
     </span>
    </p>
   </div>
   <div class='ocr_carea' id='block_1_37' title="bbox 226 3384 1931 3458">
    <p class='ocr_par' dir='ltr' id='par_1_37' title="bbox 226 3384 1931 3458">
     <span class='ocr_line' id='line_1_37' title="bbox 226 3384 1931 3458; baseline -0.002 -17"><span class='ocrx_word' id='word_1_243' title='bbox 226 3392 377 3450; x_wconf 87' lang='lat' dir='ltr'>tum,</span> <span class='ocrx_word' id='word_1_244' title='bbox 413 3388 696 3458; x_wconf 68' lang='lat' dir='ltr'>praecipue</span> <span class='ocrx_word' id='word_1_245' title='bbox 726 3387 1078 3453; x_wconf 88' lang='lat' dir='ltr'>honoratur;</span> <span class='ocrx_word' id='word_1_246' title='bbox 1120 3402 1321 3440; x_wconf 88' lang='lat' dir='ltr'>necnon</span> <span class='ocrx_word' id='word_1_247' title='bbox 1367 3390 1417 3439; x_wconf 90' lang='lat' dir='ltr'>et</span> <span class='ocrx_word' id='word_1_248' title='bbox 1467 3392 1599 3453; x_wconf 83' lang='lat' dir='ltr'>octo,</span> <span class='ocrx_word' id='word_1_249' title='bbox 1652 3384 1803 3456; x_wconf 90' lang='lat' dir='ltr'>quod</span> <span class='ocrx_word' id='word_1_250' title='bbox 1845 3388 1931 3438; x_wconf 89' lang='lat' dir='ltr'>est</span> 
     </span>
    </p>
   </div>
   <div class='ocr_carea' id='block_1_38' title="bbox 228 3475 1677 3542">
    <p class='ocr_par' dir='ltr' id='par_1_38' title="bbox 228 3475 1677 3542">
     <span class='ocr_line' id='line_1_38' title="bbox 228 3475 1677 3542; baseline -0.001 -14"><span class='ocrx_word' id='word_1_251' title='bbox 228 3490 440 3529; x_wconf 92' lang='lat' dir='ltr'>novum</span> <span class='ocrx_word' id='word_1_252' title='bbox 478 3492 491 3542; x_wconf 91' lang='lat'><strong>;</strong></span> <span class='ocrx_word' id='word_1_253' title='bbox 527 3476 649 3529; x_wconf 88' lang='lat' dir='ltr'>sine</span> <span class='ocrx_word' id='word_1_254' title='bbox 680 3476 859 3529; x_wconf 89' lang='lat' dir='ltr'>altero</span> <span class='ocrx_word' id='word_1_255' title='bbox 894 3475 1047 3529; x_wconf 91' lang='lat' dir='ltr'>enim</span> <span class='ocrx_word' id='word_1_256' title='bbox 1082 3491 1195 3529; x_wconf 91' lang='lat' dir='ltr'>non</span> <span class='ocrx_word' id='word_1_257' title='bbox 1219 3476 1366 3529; x_wconf 90' lang='lat' dir='ltr'>valet</span> <span class='ocrx_word' id='word_1_258' title='bbox 1414 3475 1677 3527; x_wconf 88' lang='lat' dir='ltr'>alterum.</span> 
     </span>
    </p>
   </div>
   <div class='ocr_carea' id='block_1_39' title="bbox 302 3563 1928 3635">
    <p class='ocr_par' dir='ltr' id='par_1_39' title="bbox 302 3563 1928 3635">
     <span class='ocr_line' id='line_1_39' title="bbox 302 3563 1928 3635; baseline 0 -20"><span class='ocrx_word' id='word_1_259' title='bbox 302 3564 465 3618; x_wconf 73' lang='lat' dir='ltr'>Vens.</span> <span class='ocrx_word' id='word_1_260' title='bbox 527 3563 696 3635; x_wconf 74' lang='lat'>3.[}—</span> <span class='ocrx_word' id='word_1_261' title='bbox 756 3566 818 3621; x_wconf 90' lang='lat' dir='ltr'>Si</span> <span class='ocrx_word' id='word_1_262' title='bbox 865 3565 1118 3619; x_wconf 75' lang='lat' dir='ltr'>ceciderit</span> <span class='ocrx_word' id='word_1_263' title='bbox 1176 3565 1383 3631; x_wconf 79' lang='lat' dir='ltr'>lignum</span> <span class='ocrx_word' id='word_1_264' title='bbox 1412 3563 1487 3617; x_wconf 87' lang='lat' dir='ltr'>ad</span> <span class='ocrx_word' id='word_1_265' title='bbox 1533 3567 1803 3631; x_wconf 83' lang='lat' dir='ltr'>austrum,</span> <span class='ocrx_word' id='word_1_266' title='bbox 1834 3566 1928 3616; x_wconf 88' lang='lat' dir='ltr'>aut</span> 
     </span>
    </p>
   </div>
   <div class='ocr_carea' id='block_1_40' title="bbox 226 3650 1930 3724">
    <p class='ocr_par' dir='ltr' id='par_1_40' title="bbox 226 3650 1930 3724">
     <span class='ocr_line' id='line_1_40' title="bbox 226 3650 1930 3724; baseline -0.001 -19"><span class='ocrx_word' id='word_1_267' title='bbox 226 3652 305 3705; x_wconf 84' lang='lat' dir='ltr'>ad</span> <span class='ocrx_word' id='word_1_268' title='bbox 330 3653 652 3721; x_wconf 83' lang='lat' dir='ltr'>aquilonem,</span> <span class='ocrx_word' id='word_1_269' title='bbox 687 3653 812 3723; x_wconf 76' lang='lat'>(10.)</span> <span class='ocrx_word' id='word_1_270' title='bbox 857 3653 1021 3723; x_wconf 90' lang='lat' dir='ltr'>quasi</span> <span class='ocrx_word' id='word_1_271' title='bbox 1079 3653 1325 3707; x_wconf 88' lang='lat' dir='ltr'>diceret:</span> <span class='ocrx_word' id='word_1_272' title='bbox 1374 3652 1586 3707; x_wconf 88' lang='lat' dir='ltr'>Locum</span> <span class='ocrx_word' id='word_1_273' title='bbox 1625 3668 1797 3724; x_wconf 92' lang='lat' dir='ltr'>quem</span> <span class='ocrx_word' id='word_1_274' title='bbox 1837 3650 1930 3705; x_wconf 92' lang='lat' dir='ltr'>hic</span> 
     </span>
    </p>
   </div>
   <div class='ocr_carea' id='block_1_41' title="bbox 224 3739 1393 3810">
    <p class='ocr_par' dir='ltr' id='par_1_41' title="bbox 224 3739 1393 3810">
     <span class='ocr_line' id='line_1_41' title="bbox 224 3739 1393 3810; baseline 0.002 -16"><span class='ocrx_word' id='word_1_275' title='bbox 224 3739 333 3794; x_wconf 91' lang='lat' dir='ltr'>tibi</span> <span class='ocrx_word' id='word_1_276' title='bbox 357 3741 785 3810; x_wconf 62' lang='lat' dir='ltr'>praeparaveris,</span> <span class='ocrx_word' id='word_1_277' title='bbox 819 3741 878 3795; x_wconf 90' lang='lat' dir='ltr'>in</span> <span class='ocrx_word' id='word_1_278' title='bbox 900 3742 1093 3795; x_wconf 88' lang='lat' dir='ltr'>futuro</span> <span class='ocrx_word' id='word_1_279' title='bbox 1140 3741 1393 3796; x_wconf 84' lang='lat' dir='ltr'>habebis.</span> 
     </span>
    </p>
   </div>
   <div class='ocr_carea' id='block_1_42' title="bbox 299 3829 1924 3898">
    <p class='ocr_par' dir='ltr' id='par_1_42' title="bbox 299 3829 1924 3898">
     <span class='ocr_line' id='line_1_42' title="bbox 299 3829 1924 3898; baseline -0.001 -17"><span class='ocrx_word' id='word_1_280' title='bbox 299 3829 472 3882; x_wconf 76' lang='lat' dir='ltr'>Vens.</span> <span class='ocrx_word' id='word_1_281' title='bbox 530 3831 582 3883; x_wconf 75' lang='grc'><strong>4.</strong></span> <span class='ocrx_word' id='word_1_282' title='bbox 635 3861 702 3869; x_wconf 92' lang='grc'><strong>-</strong></span> <span class='ocrx_word' id='word_1_283' title='bbox 754 3831 863 3896; x_wconf 85' lang='lat' dir='ltr'>Qui</span> <span class='ocrx_word' id='word_1_284' title='bbox 920 3830 1167 3885; x_wconf 86' lang='lat' dir='ltr'>observat</span> <span class='ocrx_word' id='word_1_285' title='bbox 1209 3835 1447 3898; x_wconf 80' lang='lat' dir='ltr'>ventum,</span> <span class='ocrx_word' id='word_1_286' title='bbox 1500 3843 1606 3881; x_wconf 87' lang='lat' dir='ltr'>non</span> <span class='ocrx_word' id='word_1_287' title='bbox 1675 3831 1924 3882; x_wconf 86' lang='lat' dir='ltr'>seminat.</span> 
     </span>
    </p>
   </div>
   <div class='ocr_carea' id='block_1_43' title="bbox 227 3914 1928 3988">
    <p class='ocr_par' dir='ltr' id='par_1_43' title="bbox 227 3914 1928 3988">
     <span class='ocr_line' id='line_1_43' title="bbox 227 3914 1928 3988; baseline 0.002 -21"><span class='ocrx_word' id='word_1_288' title='bbox 227 3914 364 3984; x_wconf 80' lang='grc' dir='ltr'>(1ο.)</span> <span class='ocrx_word' id='word_1_289' title='bbox 405 3918 482 3968; x_wconf 84' lang='lat' dir='ltr'>Ac</span> <span class='ocrx_word' id='word_1_290' title='bbox 512 3918 556 3968; x_wconf 90' lang='lat' dir='ltr'>si</span> <span class='ocrx_word' id='word_1_291' title='bbox 590 3916 776 3970; x_wconf 88' lang='lat' dir='ltr'>dicat:</span> <span class='ocrx_word' id='word_1_292' title='bbox 834 3916 1229 3988; x_wconf 89' lang='lat' dir='ltr'>Omnipotenti</span> <span class='ocrx_word' id='word_1_293' title='bbox 1270 3921 1324 3971; x_wconf 90' lang='lat' dir='ltr'>te</span> <span class='ocrx_word' id='word_1_294' title='bbox 1370 3916 1581 3979; x_wconf 87' lang='lat' dir='ltr'>tribue,</span> <span class='ocrx_word' id='word_1_295' title='bbox 1609 3916 1698 3968; x_wconf 89' lang='lat' dir='ltr'>vel</span> <span class='ocrx_word' id='word_1_296' title='bbox 1727 3932 1928 3986; x_wconf 92' lang='lat' dir='ltr'>corpo-</span> 
     </span>
    </p>
   </div>
   <div class='ocr_carea' id='block_1_44' title="bbox 228 4004 1928 4077">
    <p class='ocr_par' dir='ltr' id='par_1_44' title="bbox 228 4004 1928 4077">
     <span class='ocr_line' id='line_1_44' title="bbox 228 4004 1928 4077; baseline 0.001 -21"><span class='ocrx_word' id='word_1_297' title='bbox 228 4005 349 4057; x_wconf 88' lang='lat' dir='ltr'>rale</span> <span class='ocrx_word' id='word_1_298' title='bbox 398 4004 685 4067; x_wconf 86' lang='lat' dir='ltr'>solatium,</span> <span class='ocrx_word' id='word_1_299' title='bbox 753 4005 841 4059; x_wconf 88' lang='lat' dir='ltr'>vel</span> <span class='ocrx_word' id='word_1_300' title='bbox 900 4004 999 4060; x_wconf 91' lang='lat' dir='ltr'>Dei</span> <span class='ocrx_word' id='word_1_301' title='bbox 1036 4004 1274 4060; x_wconf 89' lang='lat' dir='ltr'>verbum</span> <span class='ocrx_word' id='word_1_302' title='bbox 1333 4007 1422 4077; x_wconf 91' lang='lat' dir='ltr'>(ne</span> <span class='ocrx_word' id='word_1_303' title='bbox 1451 4004 1593 4058; x_wconf 86' lang='lat' dir='ltr'>forte</span> <span class='ocrx_word' id='word_1_304' title='bbox 1622 4008 1928 4074; x_wconf 65' lang='lat' dir='ltr'>praetereas</span> 
     </span>
    </p>
   </div>
   <div class='ocr_carea' id='block_1_45' title="bbox 228 4092 1932 4165">
    <p class='ocr_par' dir='ltr' id='par_1_45' title="bbox 228 4092 1932 4165">
     <span class='ocr_line' id='line_1_45' title="bbox 228 4092 1932 4165; baseline 0 -20"><span class='ocrx_word' id='word_1_305' title='bbox 228 4106 368 4145; x_wconf 90' lang='lat' dir='ltr'>eum</span> <span class='ocrx_word' id='word_1_306' title='bbox 395 4092 491 4161; x_wconf 88' lang='lat' dir='ltr'>qui</span> <span class='ocrx_word' id='word_1_307' title='bbox 514 4093 722 4163; x_wconf 87' lang='lat' dir='ltr'>dignus</span> <span class='ocrx_word' id='word_1_308' title='bbox 755 4098 840 4147; x_wconf 90' lang='lat' dir='ltr'>est</span> <span class='ocrx_word' id='word_1_309' title='bbox 865 4095 1182 4165; x_wconf 85' lang='lat' dir='ltr'>accipere);</span> <span class='ocrx_word' id='word_1_310' title='bbox 1218 4098 1274 4148; x_wconf 90' lang='lat' dir='ltr'>et</span> <span class='ocrx_word' id='word_1_311' title='bbox 1310 4092 1469 4147; x_wconf 89' lang='lat' dir='ltr'>omni</span> <span class='ocrx_word' id='word_1_312' title='bbox 1500 4097 1785 4163; x_wconf 89' lang='lat' dir='ltr'>tempore.</span> <span class='ocrx_word' id='word_1_313' title='bbox 1825 4092 1932 4158; x_wconf 86' lang='lat' dir='ltr'>Qui</span> 
     </span>
    </p>
   </div>
   <div class='ocr_carea' id='block_1_46' title="bbox 226 4179 1922 4253">
    <p class='ocr_par' dir='ltr' id='par_1_46' title="bbox 226 4179 1922 4253">
     <span class='ocr_line' id='line_1_46' title="bbox 226 4179 1922 4253; baseline -0.001 -19"><span class='ocrx_word' id='word_1_314' title='bbox 226 4179 482 4237; x_wconf 77' lang='lat' dir='ltr'>observat</span> <span class='ocrx_word' id='word_1_315' title='bbox 504 4182 753 4251; x_wconf 65' lang='lat' dir='ltr'>iventum.</span> <span class='ocrx_word' id='word_1_316' title='bbox 796 4182 859 4236; x_wconf 91' lang='lat' dir='ltr'>In</span> <span class='ocrx_word' id='word_1_317' title='bbox 919 4182 1110 4237; x_wconf 89' lang='lat' dir='ltr'>media</span> <span class='ocrx_word' id='word_1_318' title='bbox 1157 4186 1493 4253; x_wconf 89' lang='lat' dir='ltr'>tempestate</span> <span class='ocrx_word' id='word_1_319' title='bbox 1524 4180 1922 4235; x_wconf 90' lang='lat' dir='ltr'>seminandum</span> 
     </span>
    </p>
   </div>
   <div class='ocr_carea' id='block_1_47' title="bbox 228 4268 1926 4341">
    <p class='ocr_par' dir='ltr' id='par_1_47' title="bbox 228 4268 1926 4341">
     <span class='ocr_line' id='line_1_47' title="bbox 228 4268 1926 4341; baseline 0.002 -22"><span class='ocrx_word' id='word_1_320' title='bbox 228 4272 339 4329; x_wconf 87' lang='lat' dir='ltr'>est,</span> <span class='ocrx_word' id='word_1_321' title='bbox 371 4268 505 4337; x_wconf 76' lang='lat' dir='ltr'>quia</span> <span class='ocrx_word' id='word_1_322' title='bbox 537 4268 820 4321; x_wconf 91' lang='lat' dir='ltr'>nescimus</span> <span class='ocrx_word' id='word_1_323' title='bbox 852 4285 982 4340; x_wconf 67' lang='lat' dir='ltr'>quae</span> <span class='ocrx_word' id='word_1_324' title='bbox 1032 4269 1106 4323; x_wconf 90' lang='lat' dir='ltr'>sit</span> <span class='ocrx_word' id='word_1_325' title='bbox 1137 4269 1400 4323; x_wconf 86' lang='lat' dir='ltr'>voluntas</span> <span class='ocrx_word' id='word_1_326' title='bbox 1449 4268 1706 4341; x_wconf 88' lang='lat' dir='ltr'>spiritus,</span> <span class='ocrx_word' id='word_1_327' title='bbox 1734 4274 1792 4322; x_wconf 91' lang='lat' dir='ltr'>et</span> <span class='ocrx_word' id='word_1_328' title='bbox 1817 4269 1926 4322; x_wconf 89' lang='lat' dir='ltr'>hoc</span> 
     </span>
    </p>
   </div>
   <div class='ocr_carea' id='block_1_48' title="bbox 228 4356 804 4423">
    <p class='ocr_par' dir='ltr' id='par_1_48' title="bbox 228 4356 804 4423">
     <span class='ocr_line' id='line_1_48' title="bbox 228 4356 804 4423; baseline 0.002 -14"><span class='ocrx_word' id='word_1_329' title='bbox 228 4361 342 4423; x_wconf 87' lang='lat' dir='ltr'>est,</span> <span class='ocrx_word' id='word_1_330' title='bbox 374 4356 666 4423; x_wconf 82' lang='lat' dir='ltr'>Quomodo,</span> <span class='ocrx_word' id='word_1_331' title='bbox 700 4362 804 4410; x_wconf 90' lang='lat' dir='ltr'>etc.</span> 
     </span>
    </p>
   </div>
   <div class='ocr_carea' id='block_1_49' title="bbox 306 4434 1925 4515">
    <p class='ocr_par' dir='ltr' id='par_1_49' title="bbox 306 4434 1925 4515">
     <span class='ocr_line' id='line_1_49' title="bbox 306 4434 1925 4515; baseline 0.002 -20"><span class='ocrx_word' id='word_1_332' title='bbox 306 4446 469 4498; x_wconf 73' lang='lat' dir='ltr'>VERS.</span> <span class='ocrx_word' id='word_1_333' title='bbox 503 4447 554 4498; x_wconf 90' lang='lat'>6.</span> <span class='ocrx_word' id='word_1_334' title='bbox 614 4475 681 4484; x_wconf 96' lang='lat'><strong>—</strong></span> <span class='ocrx_word' id='word_1_335' title='bbox 735 4447 889 4498; x_wconf 83' lang='lat' dir='ltr'>Mane</span> <span class='ocrx_word' id='word_1_336' title='bbox 934 4447 1139 4499; x_wconf 82' lang='lat' dir='ltr'>semina</span> <span class='ocrx_word' id='word_1_337' title='bbox 1194 4434 1368 4500; x_wconf 84' lang='lat' dir='ltr'>semen</span> <span class='ocrx_word' id='word_1_338' title='bbox 1425 4450 1595 4514; x_wconf 91' lang='lat' dir='ltr'>tuum,</span> <span class='ocrx_word' id='word_1_339' title='bbox 1657 4448 1762 4500; x_wconf 91' lang='lat' dir='ltr'>etc.</span> <span class='ocrx_word' id='word_1_340' title='bbox 1796 4443 1925 4515; x_wconf 84' lang='grc' dir='ltr'>(ῐυ.)</span> 
     </span>
    </p>
   </div>
   <div class='ocr_carea' id='block_1_50' title="bbox 2020 580 2704 649">
    <p class='ocr_par' dir='ltr' id='par_1_50' title="bbox 2020 580 2704 649">
     <span class='ocr_line' id='line_1_50' title="bbox 2020 580 2704 649; baseline 0.001 -15"><span class='ocrx_word' id='word_1_341' title='bbox 2020 585 2354 649; x_wconf 83' lang='lat' dir='ltr'>perseverat,</span> <span class='ocrx_word' id='word_1_342' title='bbox 2377 580 2704 635; x_wconf 84' lang='lat' dir='ltr'>salvabitur.</span> 
     </span>
    </p>
   </div>
   <div class='ocr_carea' id='block_1_51' title="bbox 2098 668 3719 740">
    <p class='ocr_par' dir='ltr' id='par_1_51' title="bbox 2098 668 3719 740">
     <span class='ocr_line' id='line_1_51' title="bbox 2098 668 3719 740; baseline 0.004 -21"><span class='ocrx_word' id='word_1_343' title='bbox 2098 668 2254 721; x_wconf 78' lang='lat' dir='ltr'>Vens.</span> <span class='ocrx_word' id='word_1_344' title='bbox 2292 670 2339 722; x_wconf 85' lang='lat'>9.</span> <span class='ocrx_word' id='word_1_345' title='bbox 2371 698 2436 707; x_wconf 89' lang='lat'><strong><em>—</em></strong></span> <span class='ocrx_word' id='word_1_346' title='bbox 2493 669 2699 721; x_wconf 65' lang='lat' dir='ltr'>Lwtare</span> <span class='ocrx_word' id='word_1_347' title='bbox 2747 683 2871 735; x_wconf 84' lang='lat' dir='ltr'>ergo</span> <span class='ocrx_word' id='word_1_348' title='bbox 2912 668 3152 736; x_wconf 83' lang='lat' dir='ltr'>juvenis,</span> <span class='ocrx_word' id='word_1_349' title='bbox 3217 674 3347 734; x_wconf 89' lang='lat' dir='ltr'>etc.,</span> <span class='ocrx_word' id='word_1_350' title='bbox 3383 670 3511 740; x_wconf 80' lang='grc' dir='ltr'>(ῐο.)</span> <span class='ocrx_word' id='word_1_351' title='bbox 3575 670 3719 725; x_wconf 86' lang='lat' dir='ltr'>Hinc</span> 
     </span>
    </p>
   </div>
   <div class='ocr_carea' id='block_1_52' title="bbox 2028 756 3717 828">
    <p class='ocr_par' dir='ltr' id='par_1_52' title="bbox 2028 756 3717 828">
     <span class='ocr_line' id='line_1_52' title="bbox 2028 756 3717 828; baseline 0.002 -20"><span class='ocrx_word' id='word_1_352' title='bbox 2028 772 2207 826; x_wconf 86' lang='lat' dir='ltr'>usque</span> <span class='ocrx_word' id='word_1_353' title='bbox 2263 756 2334 809; x_wconf 91' lang='lat' dir='ltr'>ad</span> <span class='ocrx_word' id='word_1_354' title='bbox 2381 756 2551 810; x_wconf 82' lang='lat' dir='ltr'>linem</span> <span class='ocrx_word' id='word_1_355' title='bbox 2604 756 2753 824; x_wconf 90' lang='lat' dir='ltr'>libri,</span> <span class='ocrx_word' id='word_1_356' title='bbox 2795 763 2919 823; x_wconf 92' lang='lat' dir='ltr'>etc.,</span> <span class='ocrx_word' id='word_1_357' title='bbox 2966 772 3135 827; x_wconf 85' lang='lat' dir='ltr'>usque</span> <span class='ocrx_word' id='word_1_358' title='bbox 3166 758 3239 811; x_wconf 79' lang='lat' dir='ltr'>ad</span> <span class='ocrx_word' id='word_1_359' title='bbox 3282 774 3341 811; x_wconf 92' lang='lat' dir='ltr'>se</span> <span class='ocrx_word' id='word_1_360' title='bbox 3367 758 3717 828; x_wconf 88' lang='lat' dir='ltr'>judicandos</span> 
     </span>
    </p>
   </div>
   <div class='ocr_carea' id='block_1_53' title="bbox 2030 842 2232 897">
    <p class='ocr_par' dir='ltr' id='par_1_53' title="bbox 2030 842 2232 897">
     <span class='ocr_line' id='line_1_53' title="bbox 2030 842 2232 897; baseline 0.005 -1"><span class='ocrx_word' id='word_1_361' title='bbox 2030 842 2232 897; x_wconf 89' lang='lat' dir='ltr'>sciant.</span> 
     </span>
    </p>
   </div>
   <div class='ocr_carea' id='block_1_54' title="bbox 2700 915 3084 969">
    <p class='ocr_par' dir='ltr' id='par_1_54' title="bbox 2700 915 3084 969">
     <span class='ocr_line' id='line_1_54' title="bbox 2700 915 3084 969; baseline 0.003 -1"><span class='ocrx_word' id='word_1_362' title='bbox 2700 915 2923 969; x_wconf 76' lang='lat' dir='ltr'>CAPUT</span> <span class='ocrx_word' id='word_1_363' title='bbox 2968 916 3084 969; x_wconf 79' lang='lat' dir='ltr'>XII.</span> 
     </span>
    </p>
   </div>
   <div class='ocr_carea' id='block_1_55' title="bbox 2100 1001 3719 1073">
    <p class='ocr_par' dir='ltr' id='par_1_55' title="bbox 2100 1001 3719 1073">
     <span class='ocr_line' id='line_1_55' title="bbox 2100 1001 3719 1073; baseline 0.001 -18"><span class='ocrx_word' id='word_1_364' title='bbox 2100 1001 2238 1056; x_wconf 77' lang='lat' dir='ltr'>ilinc</span> <span class='ocrx_word' id='word_1_365' title='bbox 2270 1017 2448 1072; x_wconf 86' lang='lat' dir='ltr'>usque</span> <span class='ocrx_word' id='word_1_366' title='bbox 2478 1002 2547 1055; x_wconf 89' lang='lat' dir='ltr'>ad</span> <span class='ocrx_word' id='word_1_367' title='bbox 2576 1001 2751 1055; x_wconf 89' lang='lat' dir='ltr'>ﬁnem</span> <span class='ocrx_word' id='word_1_368' title='bbox 2778 1002 3015 1072; x_wconf 83' lang='lat' dir='ltr'>capituli</span> <span class='ocrx_word' id='word_1_369' title='bbox 3061 1002 3273 1073; x_wconf 86' lang='lat' dir='ltr'>legitur</span> <span class='ocrx_word' id='word_1_370' title='bbox 3298 1003 3481 1058; x_wconf 88' lang='lat' dir='ltr'>tribus</span> <span class='ocrx_word' id='word_1_371' title='bbox 3514 1004 3719 1071; x_wconf 91' lang='lat' dir='ltr'>modis,</span> 
     </span>
    </p>
   </div>
   <div class='ocr_carea' id='block_1_56' title="bbox 2028 1089 3726 1163">
    <p class='ocr_par' dir='ltr' id='par_1_56' title="bbox 2028 1089 3726 1163">
     <span class='ocr_line' id='line_1_56' title="bbox 2028 1089 3726 1163; baseline 0.002 -19"><span class='ocrx_word' id='word_1_372' title='bbox 2028 1089 2240 1144; x_wconf 90' lang='lat' dir='ltr'>scilicet</span> <span class='ocrx_word' id='word_1_373' title='bbox 2283 1090 2352 1143; x_wconf 89' lang='lat' dir='ltr'>de</span> <span class='ocrx_word' id='word_1_374' title='bbox 2395 1090 2636 1160; x_wconf 85' lang='lat' dir='ltr'>judicio,</span> <span class='ocrx_word' id='word_1_375' title='bbox 2697 1096 3004 1157; x_wconf 84' lang='lat' dir='ltr'>senectute,</span> <span class='ocrx_word' id='word_1_376' title='bbox 3074 1092 3422 1163; x_wconf 76' lang='lat' dir='ltr'>captivitate,</span> <span class='ocrx_word' id='word_1_377' title='bbox 3488 1100 3545 1147; x_wconf 90' lang='lat' dir='ltr'>et</span> <span class='ocrx_word' id='word_1_378' title='bbox 3601 1110 3726 1147; x_wconf 88' lang='lat' dir='ltr'>ser-</span> 
     </span>
    </p>
   </div>
   <div class='ocr_carea' id='block_1_57' title="bbox 2028 1178 3724 1250">
    <p class='ocr_par' dir='ltr' id='par_1_57' title="bbox 2028 1178 3724 1250">
     <span class='ocr_line' id='line_1_57' title="bbox 2028 1178 3724 1250; baseline 0.002 -19"><span class='ocrx_word' id='word_1_379' title='bbox 2028 1178 2191 1233; x_wconf 89' lang='lat' dir='ltr'>viunt</span> <span class='ocrx_word' id='word_1_380' title='bbox 2218 1178 2484 1249; x_wconf 75' lang='lat' dir='ltr'>quaedam</span> <span class='ocrx_word' id='word_1_381' title='bbox 2513 1179 2715 1249; x_wconf 66' lang='lat' dir='ltr'>glossaa</span> <span class='ocrx_word' id='word_1_382' title='bbox 2745 1179 3093 1250; x_wconf 88' lang='lat' dir='ltr'>quandoque</span> <span class='ocrx_word' id='word_1_383' title='bbox 3140 1180 3361 1235; x_wconf 89' lang='lat' dir='ltr'>duabus</span> <span class='ocrx_word' id='word_1_384' title='bbox 3404 1182 3724 1248; x_wconf 89' lang='lat' dir='ltr'>sententiis,</span> 
     </span>
    </p>
   </div>
   <div class='ocr_carea' id='block_1_58' title="bbox 2029 1268 3728 1340">
    <p class='ocr_par' dir='ltr' id='par_1_58' title="bbox 2029 1268 3728 1340">
     <span class='ocr_line' id='line_1_58' title="bbox 2029 1268 3728 1340; baseline 0.001 -19"><span class='ocrx_word' id='word_1_385' title='bbox 2029 1268 2373 1340; x_wconf 89' lang='lat' dir='ltr'>quandoque</span> <span class='ocrx_word' id='word_1_386' title='bbox 2403 1283 2535 1323; x_wconf 85' lang='lat' dir='ltr'>vero</span> <span class='ocrx_word' id='word_1_387' title='bbox 2584 1268 2958 1324; x_wconf 89' lang='lat' dir='ltr'>inveniuntur</span> <span class='ocrx_word' id='word_1_388' title='bbox 2997 1269 3309 1324; x_wconf 88' lang='lat' dir='ltr'>secundum</span> <span class='ocrx_word' id='word_1_389' title='bbox 3342 1286 3541 1324; x_wconf 87' lang='lat' dir='ltr'>omnes</span> <span class='ocrx_word' id='word_1_390' title='bbox 3600 1286 3728 1324; x_wconf 90' lang='lat' dir='ltr'>sen-</span> 
     </span>
    </p>
   </div>
   <div class='ocr_carea' id='block_1_59' title="bbox 2028 1356 2256 1411">
    <p class='ocr_par' dir='ltr' id='par_1_59' title="bbox 2028 1356 2256 1411">
     <span class='ocr_line' id='line_1_59' title="bbox 2028 1356 2256 1411; baseline 0.004 -1"><span class='ocrx_word' id='word_1_391' title='bbox 2028 1356 2256 1411; x_wconf 86' lang='lat' dir='ltr'>tentias.</span> 
     </span>
    </p>
   </div>
   <div class='ocr_carea' id='block_1_60' title="bbox 2104 1446 3726 1515">
    <p class='ocr_par' dir='ltr' id='par_1_60' title="bbox 2104 1446 3726 1515">
     <span class='ocr_line' id='line_1_60' title="bbox 2104 1446 3726 1515; baseline 0.002 -17"><span class='ocrx_word' id='word_1_392' title='bbox 2104 1446 2266 1499; x_wconf 77' lang='lat' dir='ltr'>Vaas.</span> <span class='ocrx_word' id='word_1_393' title='bbox 2297 1448 2349 1499; x_wconf 83' lang='lat'>2.</span> <span class='ocrx_word' id='word_1_394' title='bbox 2382 1475 2452 1488; x_wconf 89' lang='lat'>-—-</span> <span class='ocrx_word' id='word_1_395' title='bbox 2505 1446 2815 1515; x_wconf 82' lang='lat' dir='ltr'>Antequam</span> <span class='ocrx_word' id='word_1_396' title='bbox 2844 1447 3208 1502; x_wconf 85' lang='lat' dir='ltr'>tenebrescant</span> <span class='ocrx_word' id='word_1_397' title='bbox 3235 1448 3315 1501; x_wconf 90' lang='lat' dir='ltr'>sol</span> <span class='ocrx_word' id='word_1_398' title='bbox 3366 1451 3421 1502; x_wconf 88' lang='lat' dir='ltr'>et</span> <span class='ocrx_word' id='word_1_399' title='bbox 3452 1448 3652 1515; x_wconf 82' lang='lat' dir='ltr'>lumen,</span> <span class='ocrx_word' id='word_1_400' title='bbox 3674 1451 3726 1501; x_wconf 88' lang='lat' dir='ltr'>et</span> 
     </span>
    </p>
   </div>
   <div class='ocr_carea' id='block_1_61' title="bbox 2030 1535 3730 1604">
    <p class='ocr_par' dir='ltr' id='par_1_61' title="bbox 2030 1535 3730 1604">
     <span class='ocr_line' id='line_1_61' title="bbox 2030 1535 3730 1604; baseline 0.002 -17"><span class='ocrx_word' id='word_1_401' title='bbox 2030 1535 2196 1588; x_wconf 59' lang='lat' dir='ltr'>stella</span> <span class='ocrx_word' id='word_1_402' title='bbox 2237 1538 2285 1588; x_wconf 92' lang='lat' dir='ltr'>et</span> <span class='ocrx_word' id='word_1_403' title='bbox 2320 1535 2470 1601; x_wconf 89' lang='lat' dir='ltr'>luna,</span> <span class='ocrx_word' id='word_1_404' title='bbox 2528 1540 2634 1589; x_wconf 90' lang='lat' dir='ltr'>etc.</span> <span class='ocrx_word' id='word_1_405' title='bbox 2705 1536 2924 1604; x_wconf 69' lang='grc' dir='ltr'>(ΗιΕΒ.)</span> <span class='ocrx_word' id='word_1_406' title='bbox 2980 1535 3074 1590; x_wconf 82' lang='grc'>801</span> <span class='ocrx_word' id='word_1_407' title='bbox 3136 1542 3497 1589; x_wconf 78' lang='lat' dir='ltr'>convertatur</span> <span class='ocrx_word' id='word_1_408' title='bbox 3535 1535 3597 1589; x_wconf 89' lang='lat' dir='ltr'>in</span> <span class='ocrx_word' id='word_1_409' title='bbox 3643 1542 3730 1590; x_wconf 92' lang='lat' dir='ltr'>te-</span> 
     </span>
    </p>
   </div>
   <div class='ocr_carea' id='block_1_62' title="bbox 2033 1622 3616 1693">
    <p class='ocr_par' dir='ltr' id='par_1_62' title="bbox 2033 1622 3616 1693">
     <span class='ocr_line' id='line_1_62' title="bbox 2033 1622 3616 1693; baseline 0.001 -17"><span class='ocrx_word' id='word_1_410' title='bbox 2033 1622 2257 1687; x_wconf 89' lang='lat' dir='ltr'>nebras,</span> <span class='ocrx_word' id='word_1_411' title='bbox 2290 1626 2421 1688; x_wconf 91' lang='lat' dir='ltr'>etc.,</span> <span class='ocrx_word' id='word_1_412' title='bbox 2447 1638 2613 1690; x_wconf 87' lang='lat' dir='ltr'>usque</span> <span class='ocrx_word' id='word_1_413' title='bbox 2636 1623 2711 1676; x_wconf 83' lang='lat' dir='ltr'>ad</span> <span class='ocrx_word' id='word_1_414' title='bbox 2742 1624 2922 1677; x_wconf 89' lang='lat' dir='ltr'>nubes</span> <span class='ocrx_word' id='word_1_415' title='bbox 2952 1629 3007 1677; x_wconf 88' lang='lat' dir='ltr'>et</span> <span class='ocrx_word' id='word_1_416' title='bbox 3034 1624 3238 1693; x_wconf 70' lang='lat' dir='ltr'>pluviae</span> <span class='ocrx_word' id='word_1_417' title='bbox 3292 1629 3515 1677; x_wconf 87' lang='lat' dir='ltr'>cessant</span> <span class='ocrx_word' id='word_1_418' title='bbox 3544 1625 3616 1677; x_wconf 88' lang='lat' dir='ltr'>ei.</span> 
     </span>
    </p>
   </div>
   <div class='ocr_carea' id='block_1_63' title="bbox 2108 1709 3727 1781">
    <p class='ocr_par' dir='ltr' id='par_1_63' title="bbox 2108 1709 3727 1781">
     <span class='ocr_line' id='line_1_63' title="bbox 2108 1709 3727 1781; baseline 0.002 -19"><span class='ocrx_word' id='word_1_419' title='bbox 2108 1709 2271 1763; x_wconf 72' lang='lat' dir='ltr'>Vens.</span> <span class='ocrx_word' id='word_1_420' title='bbox 2303 1711 2355 1763; x_wconf 84' lang='grc'>4.</span> <span class='ocrx_word' id='word_1_421' title='bbox 2414 1740 2483 1751; x_wconf 92' lang='grc'><strong>-</strong></span> <span class='ocrx_word' id='word_1_422' title='bbox 2551 1714 2620 1765; x_wconf 91' lang='lat' dir='ltr'>Et</span> <span class='ocrx_word' id='word_1_423' title='bbox 2671 1712 2921 1766; x_wconf 82' lang='lat' dir='ltr'>claudent</span> <span class='ocrx_word' id='word_1_424' title='bbox 2975 1714 3119 1767; x_wconf 87' lang='lat' dir='ltr'>ostia</span> <span class='ocrx_word' id='word_1_425' title='bbox 3172 1715 3231 1765; x_wconf 87' lang='lat' dir='ltr'>in</span> <span class='ocrx_word' id='word_1_426' title='bbox 3282 1713 3484 1781; x_wconf 84' lang='lat' dir='ltr'>platea,</span> <span class='ocrx_word' id='word_1_427' title='bbox 3540 1727 3613 1767; x_wconf 90' lang='lat' dir='ltr'>ne</span> <span class='ocrx_word' id='word_1_428' title='bbox 3647 1710 3727 1766; x_wconf 87' lang='lat' dir='ltr'>vi-</span> 
     </span>
    </p>
   </div>
   <div class='ocr_carea' id='block_1_64' title="bbox 2037 1799 3732 1870">
    <p class='ocr_par' dir='ltr' id='par_1_64' title="bbox 2037 1799 3732 1870">
     <span class='ocr_line' id='line_1_64' title="bbox 2037 1799 3732 1870; baseline 0.001 -17"><span class='ocrx_word' id='word_1_429' title='bbox 2037 1799 2207 1853; x_wconf 89' lang='lat' dir='ltr'>deant</span> <span class='ocrx_word' id='word_1_430' title='bbox 2227 1799 2677 1870; x_wconf 89' lang='lat' dir='ltr'>lususjuvenum</span> <span class='ocrx_word' id='word_1_431' title='bbox 2709 1815 2721 1854; x_wconf 90' lang='lat'>:</span> <span class='ocrx_word' id='word_1_432' title='bbox 2754 1799 2947 1853; x_wconf 89' lang='lat' dir='ltr'>omnia</span> <span class='ocrx_word' id='word_1_433' title='bbox 2989 1799 3141 1853; x_wconf 87' lang='lat' dir='ltr'>enim</span> <span class='ocrx_word' id='word_1_434' title='bbox 3169 1800 3304 1855; x_wconf 88' lang='lat' dir='ltr'>talia</span> <span class='ocrx_word' id='word_1_435' title='bbox 3347 1805 3482 1855; x_wconf 90' lang='lat' dir='ltr'>sunt</span> <span class='ocrx_word' id='word_1_436' title='bbox 3511 1801 3592 1854; x_wconf 89' lang='lat' dir='ltr'>eis</span> <span class='ocrx_word' id='word_1_437' title='bbox 3621 1800 3732 1855; x_wconf 91' lang='lat' dir='ltr'>im-</span> 
     </span>
    </p>
   </div>
   <div class='ocr_carea' id='block_1_65' title="bbox 2036 1887 2363 1958">
    <p class='ocr_par' dir='ltr' id='par_1_65' title="bbox 2036 1887 2363 1958">
     <span class='ocr_line' id='line_1_65' title="bbox 2036 1887 2363 1958; baseline 0.006 -18"><span class='ocrx_word' id='word_1_438' title='bbox 2036 1887 2363 1958; x_wconf 87' lang='lat' dir='ltr'>portabilia.</span> 
     </span>
    </p>
   </div>
   <div class='ocr_carea' id='block_1_66' title="bbox 2107 1975 3730 2046">
    <p class='ocr_par' dir='ltr' id='par_1_66' title="bbox 2107 1975 3730 2046">
     <span class='ocr_line' id='line_1_66' title="bbox 2107 1975 3730 2046; baseline 0.001 -17"><span class='ocrx_word' id='word_1_439' title='bbox 2107 1976 2187 2030; x_wconf 83' lang='lat' dir='ltr'>Et</span> <span class='ocrx_word' id='word_1_440' title='bbox 2227 1979 2563 2042; x_wconf 86' lang='lat' dir='ltr'>consurgent.</span> <span class='ocrx_word' id='word_1_441' title='bbox 2613 1975 2757 2039; x_wconf 86' lang='lat' dir='ltr'>Quia</span> <span class='ocrx_word' id='word_1_442' title='bbox 2808 1992 2923 2029; x_wconf 92' lang='lat' dir='ltr'>non</span> <span class='ocrx_word' id='word_1_443' title='bbox 2972 1975 3479 2046; x_wconf 89' lang='lat' dir='ltr'>possuntdormire</span> <span class='ocrx_word' id='word_1_444' title='bbox 3554 1976 3730 2030; x_wconf 82' lang='lat' dir='ltr'>refri-</span> 
     </span>
    </p>
   </div>
   <div class='ocr_carea' id='block_1_67' title="bbox 2037 2063 3733 2135">
    <p class='ocr_par' dir='ltr' id='par_1_67' title="bbox 2037 2063 3733 2135">
     <span class='ocr_line' id='line_1_67' title="bbox 2037 2063 3733 2135; baseline 0.001 -20"><span class='ocrx_word' id='word_1_445' title='bbox 2037 2068 2299 2134; x_wconf 90' lang='lat' dir='ltr'>gescente</span> <span class='ocrx_word' id='word_1_446' title='bbox 2385 2063 2686 2134; x_wconf 86' lang='lat' dir='ltr'>sanguine,</span> <span class='ocrx_word' id='word_1_447' title='bbox 2744 2064 2949 2118; x_wconf 89' lang='lat' dir='ltr'>siccato</span> <span class='ocrx_word' id='word_1_448' title='bbox 2995 2065 3236 2118; x_wconf 87' lang='lat' dir='ltr'>humore</span> <span class='ocrx_word' id='word_1_449' title='bbox 3290 2064 3502 2135; x_wconf 88' lang='lat' dir='ltr'>quibus</span> <span class='ocrx_word' id='word_1_450' title='bbox 3559 2063 3733 2117; x_wconf 88' lang='lat' dir='ltr'>alitur</span> 
     </span>
    </p>
   </div>
   <div class='ocr_carea' id='block_1_68' title="bbox 2037 2167 2228 2221">
    <p class='ocr_par' dir='ltr' id='par_1_68' title="bbox 2037 2167 2228 2221">
     <span class='ocr_line' id='line_1_68' title="bbox 2037 2167 2228 2221; baseline 0.005 -17"><span class='ocrx_word' id='word_1_451' title='bbox 2037 2167 2228 2221; x_wconf 88' lang='lat' dir='ltr'>sopor.</span> 
     </span>
    </p>
   </div>
   <div class='ocr_carea' id='block_1_69' title="bbox 2110 2240 3732 2311">
    <p class='ocr_par' dir='ltr' id='par_1_69' title="bbox 2110 2240 3732 2311">
     <span class='ocr_line' id='line_1_69' title="bbox 2110 2240 3732 2311; baseline 0.003 -20"><span class='ocrx_word' id='word_1_452' title='bbox 2110 2241 2269 2295; x_wconf 77' lang='lat' dir='ltr'>Vaas.</span> <span class='ocrx_word' id='word_1_453' title='bbox 2333 2243 2382 2294; x_wconf 82' lang='lat'>5.</span> <span class='ocrx_word' id='word_1_454' title='bbox 2439 2268 2509 2282; x_wconf 90' lang='lat'>—</span> <span class='ocrx_word' id='word_1_455' title='bbox 2556 2240 2927 2309; x_wconf 78' lang='lat' dir='ltr'>DiSsipabitur</span> <span class='ocrx_word' id='word_1_456' title='bbox 2974 2243 3249 2309; x_wconf 85' lang='lat' dir='ltr'>capparis.</span> <span class='ocrx_word' id='word_1_457' title='bbox 3312 2240 3531 2311; x_wconf 74' lang='grc' dir='ltr'>(Ηιειι.)</span> <span class='ocrx_word' id='word_1_458' title='bbox 3581 2242 3732 2311; x_wconf 83' lang='lat' dir='ltr'>Cap-</span> 
     </span>
    </p>
   </div>
   <div class='ocr_carea' id='block_1_70' title="bbox 2038 2327 3733 2400">
    <p class='ocr_par' dir='ltr' id='par_1_70' title="bbox 2038 2327 3733 2400">
     <span class='ocr_line' id='line_1_70' title="bbox 2038 2327 3733 2400; baseline 0.001 -19"><span class='ocrx_word' id='word_1_459' title='bbox 2038 2327 2191 2400; x_wconf 89' lang='lat' dir='ltr'>paris</span> <span class='ocrx_word' id='word_1_460' title='bbox 2240 2328 2472 2382; x_wconf 88' lang='lat' dir='ltr'>renibus</span> <span class='ocrx_word' id='word_1_461' title='bbox 2510 2328 2676 2394; x_wconf 88' lang='lat' dir='ltr'>valet,</span> <span class='ocrx_word' id='word_1_462' title='bbox 2735 2331 2863 2395; x_wconf 87' lang='lat' dir='ltr'>etc.,</span> <span class='ocrx_word' id='word_1_463' title='bbox 2922 2342 3092 2396; x_wconf 83' lang='lat' dir='ltr'>usque</span> <span class='ocrx_word' id='word_1_464' title='bbox 3138 2327 3213 2381; x_wconf 83' lang='lat' dir='ltr'>ad</span> <span class='ocrx_word' id='word_1_465' title='bbox 3284 2328 3342 2382; x_wconf 90' lang='lat' dir='ltr'>in</span> <span class='ocrx_word' id='word_1_466' title='bbox 3394 2328 3733 2383; x_wconf 87' lang='lat' dir='ltr'>adversitate</span> 
     </span>
    </p>
   </div>
   <div class='ocr_carea' id='block_1_71' title="bbox 2036 2416 2739 2471">
    <p class='ocr_par' dir='ltr' id='par_1_71' title="bbox 2036 2416 2739 2471">
     <span class='ocr_line' id='line_1_71' title="bbox 2036 2416 2739 2471; baseline -0.003 0"><span class='ocrx_word' id='word_1_467' title='bbox 2036 2433 2169 2471; x_wconf 90' lang='lat' dir='ltr'>vero</span> <span class='ocrx_word' id='word_1_468' title='bbox 2202 2417 2482 2471; x_wconf 86' lang='lat' dir='ltr'>desistunt</span> <span class='ocrx_word' id='word_1_469' title='bbox 2513 2433 2546 2470; x_wconf 89' lang='lat' dir='ltr'>a</span> <span class='ocrx_word' id='word_1_470' title='bbox 2567 2416 2739 2469; x_wconf 91' lang='lat' dir='ltr'>bono.</span> 
     </span>
    </p>
   </div>
   <div class='ocr_carea' id='block_1_72' title="bbox 2108 2505 3735 2574">
    <p class='ocr_par' dir='ltr' id='par_1_72' title="bbox 2108 2505 3735 2574">
     <span class='ocr_line' id='line_1_72' title="bbox 2108 2505 3735 2574; baseline 0 -16"><span class='ocrx_word' id='word_1_471' title='bbox 2108 2506 2269 2559; x_wconf 76' lang='lat' dir='ltr'>Vens.</span> <span class='ocrx_word' id='word_1_472' title='bbox 2299 2508 2347 2559; x_wconf 90' lang='lat'>6.</span> <span class='ocrx_word' id='word_1_473' title='bbox 2403 2535 2469 2545; x_wconf 88' lang='lat'>-—</span> <span class='ocrx_word' id='word_1_474' title='bbox 2517 2506 2824 2573; x_wconf 85' lang='lat' dir='ltr'>Antequam</span> <span class='ocrx_word' id='word_1_475' title='bbox 2868 2509 3156 2574; x_wconf 84' lang='lat' dir='ltr'>rumpatur</span> <span class='ocrx_word' id='word_1_476' title='bbox 3211 2506 3509 2572; x_wconf 85' lang='lat' dir='ltr'>funiculus.</span> <span class='ocrx_word' id='word_1_477' title='bbox 3567 2505 3735 2560; x_wconf 85' lang='lat' dir='ltr'>Redit</span> 
     </span>
    </p>
   </div>
   <div class='ocr_carea' id='block_1_73' title="bbox 2036 2593 3729 2663">
    <p class='ocr_par' dir='ltr' id='par_1_73' title="bbox 2036 2593 3729 2663">
     <span class='ocr_line' id='line_1_73' title="bbox 2036 2593 3729 2663; baseline 0 -16"><span class='ocrx_word' id='word_1_478' title='bbox 2036 2593 2105 2647; x_wconf 88' lang='lat' dir='ltr'>ad</span> <span class='ocrx_word' id='word_1_479' title='bbox 2136 2593 2450 2663; x_wconf 89' lang='lat' dir='ltr'>superiora,</span> <span class='ocrx_word' id='word_1_480' title='bbox 2485 2593 2580 2646; x_wconf 92' lang='lat' dir='ltr'>ubi</span> <span class='ocrx_word' id='word_1_481' title='bbox 2630 2593 2745 2647; x_wconf 88' lang='lat' dir='ltr'>ait:</span> <span class='ocrx_word' id='word_1_482' title='bbox 2807 2594 3063 2647; x_wconf 81' lang='lat' dir='ltr'>Memento</span> <span class='ocrx_word' id='word_1_483' title='bbox 3119 2594 3388 2649; x_wconf 86' lang='lat' dir='ltr'>Creatoris</span> <span class='ocrx_word' id='word_1_484' title='bbox 3440 2595 3540 2657; x_wconf 87' lang='lat' dir='ltr'>tui,</span> <span class='ocrx_word' id='word_1_485' title='bbox 3600 2598 3729 2655; x_wconf 87' lang='lat' dir='ltr'>etc.,</span> 
     </span>
    </p>
   </div>
   <div class='ocr_carea' id='block_1_74' title="bbox 2037 2681 3063 2735">
    <p class='ocr_par' dir='ltr' id='par_1_74' title="bbox 2037 2681 3063 2735">
     <span class='ocr_line' id='line_1_74' title="bbox 2037 2681 3063 2735; baseline -0.001 0"><span class='ocrx_word' id='word_1_486' title='bbox 2037 2682 2211 2735; x_wconf 89' lang='lat' dir='ltr'>simili</span> <span class='ocrx_word' id='word_1_487' title='bbox 2244 2682 2358 2735; x_wconf 88' lang='lat' dir='ltr'>ﬁne</span> <span class='ocrx_word' id='word_1_488' title='bbox 2387 2681 2728 2735; x_wconf 88' lang='lat' dir='ltr'>sententiam</span> <span class='ocrx_word' id='word_1_489' title='bbox 2758 2681 3063 2735; x_wconf 90' lang='lat' dir='ltr'>concludit.</span> 
     </span>
    </p>
   </div>
   <div class='ocr_carea' id='block_1_75' title="bbox 2110 2768 3729 2841">
    <p class='ocr_par' dir='ltr' id='par_1_75' title="bbox 2110 2768 3729 2841">
     <span class='ocr_line' id='line_1_75' title="bbox 2110 2768 3729 2841; baseline 0 -18"><span class='ocrx_word' id='word_1_490' title='bbox 2110 2772 2268 2825; x_wconf 76' lang='lat' dir='ltr'>Vsus.</span> <span class='ocrx_word' id='word_1_491' title='bbox 2295 2775 2346 2825; x_wconf 87' lang='lat'>7.</span> <span class='ocrx_word' id='word_1_492' title='bbox 2389 2800 2456 2810; x_wconf 90' lang='lat'><strong>-</strong></span> <span class='ocrx_word' id='word_1_493' title='bbox 2498 2773 2568 2825; x_wconf 89' lang='lat' dir='ltr'>Et</span> <span class='ocrx_word' id='word_1_494' title='bbox 2599 2775 2921 2825; x_wconf 86' lang='lat' dir='ltr'>revertatur.</span> <span class='ocrx_word' id='word_1_495' title='bbox 2984 2774 3308 2841; x_wconf 85' lang='lat' dir='ltr'>Antequam</span> <span class='ocrx_word' id='word_1_496' title='bbox 3340 2768 3641 2822; x_wconf 86' lang='lat' dir='ltr'>revertaris</span> <span class='ocrx_word' id='word_1_497' title='bbox 3672 2768 3729 2823; x_wconf 90' lang='lat' dir='ltr'>in</span> 
     </span>
    </p>
   </div>
   <div class='ocr_carea' id='block_1_76' title="bbox 2038 2857 3731 2929">
    <p class='ocr_par' dir='ltr' id='par_1_76' title="bbox 2038 2857 3731 2929">
     <span class='ocr_line' id='line_1_76' title="bbox 2038 2857 3731 2929; baseline -0.001 -17"><span class='ocrx_word' id='word_1_498' title='bbox 2038 2859 2406 2929; x_wconf 85' lang='lat' dir='ltr'>Babyloniam</span> <span class='ocrx_word' id='word_1_499' title='bbox 2449 2860 2596 2913; x_wconf 88' lang='lat' dir='ltr'>unde</span> <span class='ocrx_word' id='word_1_500' title='bbox 2654 2875 2725 2923; x_wconf 85' lang='lat' dir='ltr'>es</span> <span class='ocrx_word' id='word_1_501' title='bbox 2764 2875 3025 2929; x_wconf 84' lang='lat' dir='ltr'>egressus</span> <span class='ocrx_word' id='word_1_502' title='bbox 3081 2858 3140 2911; x_wconf 90' lang='lat' dir='ltr'>in</span> <span class='ocrx_word' id='word_1_503' title='bbox 3200 2857 3410 2911; x_wconf 87' lang='lat' dir='ltr'>lumbis</span> <span class='ocrx_word' id='word_1_504' title='bbox 3467 2858 3731 2925; x_wconf 68' lang='lat' dir='ltr'>Abrahae,</span> 
     </span>
    </p>
   </div>
   <div class='ocr_carea' id='block_1_77' title="bbox 1960 2946 3731 3019">
    <p class='ocr_par' dir='ltr' id='par_1_77' title="bbox 1960 2946 3731 3019">
     <span class='ocr_line' id='line_1_77' title="bbox 1960 2946 3731 3019; baseline 0.001 -19"><span class='ocrx_word' id='word_1_505' title='bbox 1960 2957 1999 3012; x_wconf 76' lang='grc' dir='ltr'>ο</span> <span class='ocrx_word' id='word_1_506' title='bbox 2037 2953 2094 3001; x_wconf 92' lang='lat' dir='ltr'>et</span> <span class='ocrx_word' id='word_1_507' title='bbox 2152 2947 2391 3019; x_wconf 87' lang='lat' dir='ltr'>incipias</span> <span class='ocrx_word' id='word_1_508' title='bbox 2444 2948 2506 3003; x_wconf 88' lang='lat' dir='ltr'>in</span> <span class='ocrx_word' id='word_1_509' title='bbox 2558 2947 2966 3018; x_wconf 83' lang='lat' dir='ltr'>Mesopotamia</span> <span class='ocrx_word' id='word_1_510' title='bbox 3021 2947 3262 3013; x_wconf 90' lang='lat' dir='ltr'>conteri,</span> <span class='ocrx_word' id='word_1_511' title='bbox 3316 2946 3467 3000; x_wconf 89' lang='lat' dir='ltr'>unde</span> <span class='ocrx_word' id='word_1_512' title='bbox 3541 2947 3731 3016; x_wconf 82' lang='lat' dir='ltr'>profe-</span> 
     </span>
    </p>
   </div>
   <div class='ocr_carea' id='block_1_78' title="bbox 2033 3041 2264 3090">
    <p class='ocr_par' dir='ltr' id='par_1_78' title="bbox 2033 3041 2264 3090">
     <span class='ocr_line' id='line_1_78' title="bbox 2033 3041 2264 3090; baseline 0.004 -1"><span class='ocrx_word' id='word_1_513' title='bbox 2033 3041 2156 3090; x_wconf 91' lang='lat' dir='ltr'>ctus</span> <span class='ocrx_word' id='word_1_514' title='bbox 2186 3052 2264 3090; x_wconf 89' lang='lat' dir='ltr'>es.</span> 
     </span>
    </p>
   </div>
   <div class='ocr_carea' id='block_1_79' title="bbox 2108 3122 3732 3193">
    <p class='ocr_par' dir='ltr' id='par_1_79' title="bbox 2108 3122 3732 3193">
     <span class='ocr_line' id='line_1_79' title="bbox 2108 3122 3732 3193; baseline 0.001 -17"><span class='ocrx_word' id='word_1_515' title='bbox 2108 3125 2264 3179; x_wconf 75' lang='lat' dir='ltr'>Vens.</span> <span class='ocrx_word' id='word_1_516' title='bbox 2299 3127 2351 3179; x_wconf 92' lang='lat'>8.</span> <span class='ocrx_word' id='word_1_517' title='bbox 2410 3154 2479 3163; x_wconf 91' lang='lat'><strong><em>—</em></strong></span> <span class='ocrx_word' id='word_1_518' title='bbox 2550 3126 2778 3179; x_wconf 89' lang='lat' dir='ltr'>Vanitas</span> <span class='ocrx_word' id='word_1_519' title='bbox 2824 3126 3148 3178; x_wconf 75' lang='lat' dir='ltr'>vanitatem.</span> <span class='ocrx_word' id='word_1_520' title='bbox 3200 3124 3332 3177; x_wconf 87' lang='lat' dir='ltr'>Post</span> <span class='ocrx_word' id='word_1_521' title='bbox 3396 3122 3732 3193; x_wconf 83' lang='lat' dir='ltr'>descriptio-</span> 
     </span>
    </p>
   </div>
   <div class='ocr_carea' id='block_1_80' title="bbox 2034 3210 3731 3283">
    <p class='ocr_par' dir='ltr' id='par_1_80' title="bbox 2034 3210 3731 3283">
     <span class='ocr_line' id='line_1_80' title="bbox 2034 3210 3731 3283; baseline -0.002 -16"><span class='ocrx_word' id='word_1_522' title='bbox 2034 3228 2167 3267; x_wconf 90' lang='lat' dir='ltr'>nem</span> <span class='ocrx_word' id='word_1_523' title='bbox 2201 3213 2469 3267; x_wconf 71' lang='lat' dir='ltr'>humana:</span> <span class='ocrx_word' id='word_1_524' title='bbox 2512 3212 2835 3283; x_wconf 83' lang='lat' dir='ltr'>fragilitatis</span> <span class='ocrx_word' id='word_1_525' title='bbox 2888 3217 2945 3266; x_wconf 89' lang='lat' dir='ltr'>et</span> <span class='ocrx_word' id='word_1_526' title='bbox 3000 3211 3221 3278; x_wconf 89' lang='lat' dir='ltr'>mortis,</span> <span class='ocrx_word' id='word_1_527' title='bbox 3278 3211 3515 3281; x_wconf 85' lang='lat' dir='ltr'>pulchre</span> <span class='ocrx_word' id='word_1_528' title='bbox 3575 3210 3731 3281; x_wconf 90' lang='lat' dir='ltr'>quod</span> 
     </span>
    </p>
   </div>
   <div class='ocr_carea' id='block_1_81' title="bbox 2034 3297 3735 3372">
    <p class='ocr_par' dir='ltr' id='par_1_81' title="bbox 2034 3297 3735 3372">
     <span class='ocr_line' id='line_1_81' title="bbox 2034 3297 3735 3372; baseline -0.003 -17"><span class='ocrx_word' id='word_1_529' title='bbox 2034 3307 2416 3372; x_wconf 87' lang='lat' dir='ltr'>proposuerat</span> <span class='ocrx_word' id='word_1_530' title='bbox 2471 3300 2792 3354; x_wconf 90' lang='lat' dir='ltr'>concludit:</span> <span class='ocrx_word' id='word_1_531' title='bbox 2884 3301 3111 3353; x_wconf 86' lang='lat' dir='ltr'>Vanitas</span> <span class='ocrx_word' id='word_1_532' title='bbox 3161 3300 3487 3351; x_wconf 82' lang='lat' dir='ltr'>vanitatum.</span> <span class='ocrx_word' id='word_1_533' title='bbox 3562 3297 3735 3361; x_wconf 87' lang='lat' dir='ltr'>Quasi</span> 
     </span>
    </p>
   </div>
   <div class='ocr_carea' id='block_1_82' title="bbox 2037 3386 3734 3457">
    <p class='ocr_par' dir='ltr' id='par_1_82' title="bbox 2037 3386 3734 3457">
     <span class='ocr_line' id='line_1_82' title="bbox 2037 3386 3734 3457; baseline -0.002 -15"><span class='ocrx_word' id='word_1_534' title='bbox 2037 3388 2151 3443; x_wconf 90' lang='lat' dir='ltr'>noli</span> <span class='ocrx_word' id='word_1_535' title='bbox 2203 3388 2502 3453; x_wconf 83' lang='lat' dir='ltr'>luxuriari,</span> <span class='ocrx_word' id='word_1_536' title='bbox 2563 3387 2683 3441; x_wconf 88' lang='lat' dir='ltr'>noli</span> <span class='ocrx_word' id='word_1_537' title='bbox 2730 3386 2960 3441; x_wconf 87' lang='lat' dir='ltr'>delicias</span> <span class='ocrx_word' id='word_1_538' title='bbox 3007 3402 3286 3457; x_wconf 67' lang='lat' dir='ltr'>qumrere,</span> <span class='ocrx_word' id='word_1_539' title='bbox 3346 3402 3477 3439; x_wconf 92' lang='lat' dir='ltr'>cum</span> <span class='ocrx_word' id='word_1_540' title='bbox 3513 3386 3657 3438; x_wconf 89' lang='lat' dir='ltr'>scias</span> <span class='ocrx_word' id='word_1_541' title='bbox 3679 3390 3734 3439; x_wconf 90' lang='lat' dir='ltr'>te</span> 
     </span>
    </p>
   </div>
   <div class='ocr_carea' id='block_1_83' title="bbox 2033 3475 3434 3545">
    <p class='ocr_par' dir='ltr' id='par_1_83' title="bbox 2033 3475 3434 3545">
     <span class='ocr_line' id='line_1_83' title="bbox 2033 3475 3434 3545; baseline -0.003 -14"><span class='ocrx_word' id='word_1_542' title='bbox 2033 3477 2203 3532; x_wconf 89' lang='lat' dir='ltr'>celeri</span> <span class='ocrx_word' id='word_1_543' title='bbox 2233 3476 2346 3531; x_wconf 85' lang='lat' dir='ltr'>ﬁne</span> <span class='ocrx_word' id='word_1_544' title='bbox 2374 3476 2615 3530; x_wconf 90' lang='lat' dir='ltr'>transire</span> <span class='ocrx_word' id='word_1_545' title='bbox 2642 3480 2698 3529; x_wconf 85' lang='lat' dir='ltr'>et</span> <span class='ocrx_word' id='word_1_546' title='bbox 2729 3475 2799 3530; x_wconf 92' lang='lat' dir='ltr'>ad</span> <span class='ocrx_word' id='word_1_547' title='bbox 2825 3475 3106 3545; x_wconf 86' lang='lat' dir='ltr'>judicium</span> <span class='ocrx_word' id='word_1_548' title='bbox 3138 3475 3434 3528; x_wconf 86' lang='lat' dir='ltr'>festinare.</span> 
     </span>
    </p>
   </div>
   <div class='ocr_carea' id='block_1_84' title="bbox 2108 3561 3736 3636">
    <p class='ocr_par' dir='ltr' id='par_1_84' title="bbox 2108 3561 3736 3636">
     <span class='ocr_line' id='line_1_84' title="bbox 2108 3561 3736 3636; baseline -0.002 -19"><span class='ocrx_word' id='word_1_549' title='bbox 2108 3566 2274 3621; x_wconf 73' lang='lat' dir='ltr'>Vens.</span> <span class='ocrx_word' id='word_1_550' title='bbox 2343 3568 2428 3619; x_wconf 83' lang='lat' dir='ltr'>ll.</span> <span class='ocrx_word' id='word_1_551' title='bbox 2488 3596 2556 3606; x_wconf 88' lang='lat'><em>—</em></span> <span class='ocrx_word' id='word_1_552' title='bbox 2612 3566 2788 3620; x_wconf 88' lang='lat' dir='ltr'>Verba</span> <span class='ocrx_word' id='word_1_553' title='bbox 2853 3566 3202 3636; x_wconf 86' lang='lat' dir='ltr'>sapientium.</span> <span class='ocrx_word' id='word_1_554' title='bbox 3259 3561 3467 3634; x_wconf 62' lang='lat' dir='ltr'>(illam)</span> <span class='ocrx_word' id='word_1_555' title='bbox 3526 3563 3604 3616; x_wconf 86' lang='lat' dir='ltr'>Ne</span> <span class='ocrx_word' id='word_1_556' title='bbox 3657 3562 3736 3615; x_wconf 90' lang='lat' dir='ltr'>vi-</span> 
     </span>
    </p>
   </div>
   <div class='ocr_carea' id='block_1_85' title="bbox 2037 3650 3731 3723">
    <p class='ocr_par' dir='ltr' id='par_1_85' title="bbox 2037 3650 3731 3723">
     <span class='ocr_line' id='line_1_85' title="bbox 2037 3650 3731 3723; baseline -0.003 -14"><span class='ocrx_word' id='word_1_557' title='bbox 2037 3654 2241 3709; x_wconf 90' lang='lat' dir='ltr'>deatur</span> <span class='ocrx_word' id='word_1_558' title='bbox 2295 3658 2510 3707; x_wconf 89' lang='lat' dir='ltr'>temere</span> <span class='ocrx_word' id='word_1_559' title='bbox 2564 3657 2691 3723; x_wconf 91' lang='lat' dir='ltr'>post</span> <span class='ocrx_word' id='word_1_560' title='bbox 2739 3653 2925 3723; x_wconf 80' lang='lat' dir='ltr'>legem</span> <span class='ocrx_word' id='word_1_561' title='bbox 2981 3667 3085 3721; x_wconf 89' lang='lat' dir='ltr'>per</span> <span class='ocrx_word' id='word_1_562' title='bbox 3135 3653 3380 3723; x_wconf 80' lang='lat' dir='ltr'>Moysen,</span> <span class='ocrx_word' id='word_1_563' title='bbox 3435 3650 3561 3721; x_wconf 90' lang='lat' dir='ltr'>ipso</span> <span class='ocrx_word' id='word_1_564' title='bbox 3619 3653 3731 3704; x_wconf 92' lang='lat' dir='ltr'>Deo</span> 
     </span>
    </p>
   </div>
   <div class='ocr_carea' id='block_1_86' title="bbox 2034 3738 3737 3811">
    <p class='ocr_par' dir='ltr' id='par_1_86' title="bbox 2034 3738 3737 3811">
     <span class='ocr_line' id='line_1_86' title="bbox 2034 3738 3737 3811; baseline -0.001 -17"><span class='ocrx_word' id='word_1_565' title='bbox 2034 3746 2452 3811; x_wconf 78' lang='lat' dir='ltr'>praemonente,</span> <span class='ocrx_word' id='word_1_566' title='bbox 2503 3740 2716 3804; x_wconf 87' lang='lat' dir='ltr'>datam,</span> <span class='ocrx_word' id='word_1_567' title='bbox 2767 3756 2913 3792; x_wconf 90' lang='lat' dir='ltr'>nova</span> <span class='ocrx_word' id='word_1_568' title='bbox 2971 3745 3259 3808; x_wconf 69' lang='lat' dir='ltr'>praecepta</span> <span class='ocrx_word' id='word_1_569' title='bbox 3313 3738 3540 3805; x_wconf 89' lang='lat' dir='ltr'>cudere,</span> <span class='ocrx_word' id='word_1_570' title='bbox 3598 3738 3737 3792; x_wconf 88' lang='lat' dir='ltr'>dicit</span> 
     </span>
    </p>
   </div>
   <div class='ocr_carea' id='block_1_87' title="bbox 2035 3828 2912 3898">
    <p class='ocr_par' dir='ltr' id='par_1_87' title="bbox 2035 3828 2912 3898">
     <span class='ocr_line' id='line_1_87' title="bbox 2035 3828 2912 3898; baseline -0.003 -15"><span class='ocrx_word' id='word_1_571' title='bbox 2035 3831 2159 3884; x_wconf 77' lang='lat' dir='ltr'>haec</span> <span class='ocrx_word' id='word_1_572' title='bbox 2188 3830 2362 3883; x_wconf 89' lang='lat' dir='ltr'>verba</span> <span class='ocrx_word' id='word_1_573' title='bbox 2391 3828 2740 3898; x_wconf 88' lang='lat' dir='ltr'>sapientium</span> <span class='ocrx_word' id='word_1_574' title='bbox 2772 3843 2912 3881; x_wconf 90' lang='lat' dir='ltr'>esse.</span> 
     </span>
    </p>
   </div>
   <div class='ocr_carea' id='block_1_88' title="bbox 2108 3913 3731 3984">
    <p class='ocr_par' dir='ltr' id='par_1_88' title="bbox 2108 3913 3731 3984">
     <span class='ocr_line' id='line_1_88' title="bbox 2108 3913 3731 3984; baseline -0.002 -13"><span class='ocrx_word' id='word_1_575' title='bbox 2108 3920 2267 3973; x_wconf 75' lang='lat' dir='ltr'>Vsus.</span> <span class='ocrx_word' id='word_1_576' title='bbox 2332 3919 2417 3971; x_wconf 88' lang='lat' dir='ltr'>l3.</span> <span class='ocrx_word' id='word_1_577' title='bbox 2481 3946 2549 3955; x_wconf 92' lang='lat'>—-</span> <span class='ocrx_word' id='word_1_578' title='bbox 2604 3918 2785 3971; x_wconf 84' lang='lat' dir='ltr'>Finem</span> <span class='ocrx_word' id='word_1_579' title='bbox 2845 3915 3114 3984; x_wconf 84' lang='lat' dir='ltr'>loquendi.</span> <span class='ocrx_word' id='word_1_580' title='bbox 3191 3913 3334 3977; x_wconf 88' lang='lat' dir='ltr'>Quia</span> <span class='ocrx_word' id='word_1_581' title='bbox 3374 3914 3731 3967; x_wconf 84' lang='lat' dir='ltr'>diversorum</span> 
     </span>
    </p>
   </div>
   <div class='ocr_carea' id='block_1_89' title="bbox 2036 4000 3732 4072">
    <p class='ocr_par' dir='ltr' id='par_1_89' title="bbox 2036 4000 3732 4072">
     <span class='ocr_line' id='line_1_89' title="bbox 2036 4000 3732 4072; baseline -0.004 -13"><span class='ocrx_word' id='word_1_582' title='bbox 2036 4004 2285 4059; x_wconf 87' lang='lat' dir='ltr'>diversas</span> <span class='ocrx_word' id='word_1_583' title='bbox 2336 4002 2664 4069; x_wconf 86' lang='lat' dir='ltr'>sententias,</span> <span class='ocrx_word' id='word_1_584' title='bbox 2709 4006 2987 4072; x_wconf 87' lang='lat' dir='ltr'>tanquam</span> <span class='ocrx_word' id='word_1_585' title='bbox 3043 4001 3430 4063; x_wconf 85' lang='lat' dir='ltr'>concionator,</span> <span class='ocrx_word' id='word_1_586' title='bbox 3493 4000 3732 4054; x_wconf 78' lang='lat' dir='ltr'>induxe-</span> 
     </span>
    </p>
   </div>
   <div class='ocr_carea' id='block_1_90' title="bbox 2037 4088 3728 4157">
    <p class='ocr_par' dir='ltr' id='par_1_90' title="bbox 2037 4088 3728 4157">
     <span class='ocr_line' id='line_1_90' title="bbox 2037 4088 3728 4157; baseline -0.003 -10"><span class='ocrx_word' id='word_1_587' title='bbox 2037 4098 2161 4147; x_wconf 87' lang='lat' dir='ltr'>rat:</span> <span class='ocrx_word' id='word_1_588' title='bbox 2196 4092 2303 4147; x_wconf 86' lang='lat' dir='ltr'>hoc</span> <span class='ocrx_word' id='word_1_589' title='bbox 2352 4090 2465 4145; x_wconf 86' lang='lat' dir='ltr'>ﬁne</span> <span class='ocrx_word' id='word_1_590' title='bbox 2519 4106 2718 4144; x_wconf 89' lang='lat' dir='ltr'>omnes</span> <span class='ocrx_word' id='word_1_591' title='bbox 2766 4091 3045 4157; x_wconf 88' lang='lat' dir='ltr'>conciliat,</span> <span class='ocrx_word' id='word_1_592' title='bbox 3106 4088 3317 4143; x_wconf 88' lang='lat' dir='ltr'>scilicet</span> <span class='ocrx_word' id='word_1_593' title='bbox 3371 4092 3529 4143; x_wconf 87' lang='lat' dir='ltr'>Deum</span> <span class='ocrx_word' id='word_1_594' title='bbox 3585 4091 3728 4142; x_wconf 89' lang='lat' dir='ltr'>time.</span> 
     </span>
    </p>
   </div>
   <div class='ocr_carea' id='block_1_91' title="bbox 2038 4177 3732 4237">
    <p class='ocr_par' dir='ltr' id='par_1_91' title="bbox 2038 4177 3732 4237">
     <span class='ocr_line' id='line_1_91' title="bbox 2038 4177 3732 4237; baseline -0.004 0"><span class='ocrx_word' id='word_1_595' title='bbox 2038 4183 2152 4237; x_wconf 85' lang='lat' dir='ltr'>Hoc</span> <span class='ocrx_word' id='word_1_596' title='bbox 2201 4181 2387 4235; x_wconf 90' lang='lat' dir='ltr'>solum</span> <span class='ocrx_word' id='word_1_597' title='bbox 2444 4179 2607 4233; x_wconf 91' lang='lat' dir='ltr'>aiunt</span> <span class='ocrx_word' id='word_1_598' title='bbox 2668 4177 2886 4234; x_wconf 70' lang='lat' dir='ltr'>Hebraei</span> <span class='ocrx_word' id='word_1_599' title='bbox 2962 4178 3021 4231; x_wconf 93' lang='lat' dir='ltr'>in</span> <span class='ocrx_word' id='word_1_600' title='bbox 3081 4178 3419 4231; x_wconf 87' lang='lat' dir='ltr'>auctoritate</span> <span class='ocrx_word' id='word_1_601' title='bbox 3471 4178 3732 4231; x_wconf 89' lang='lat' dir='ltr'>habitum</span> 
     </span>
    </p>
   </div>
   <div class='ocr_carea' id='block_1_92' title="bbox 2041 4264 3735 4341">
    <p class='ocr_par' dir='ltr' id='par_1_92' title="bbox 2041 4264 3735 4341">
     <span class='ocr_line' id='line_1_92' title="bbox 2041 4264 3735 4341; baseline -0.005 -17"><span class='ocrx_word' id='word_1_602' title='bbox 2041 4270 2178 4341; x_wconf 89' lang='lat' dir='ltr'>quia</span> <span class='ocrx_word' id='word_1_603' title='bbox 2208 4269 2301 4324; x_wconf 89' lang='lat' dir='ltr'>hic</span> <span class='ocrx_word' id='word_1_604' title='bbox 2354 4266 2734 4321; x_wconf 89' lang='lat' dir='ltr'>intentionem</span> <span class='ocrx_word' id='word_1_605' title='bbox 2789 4282 2948 4320; x_wconf 92' lang='lat' dir='ltr'>suam</span> <span class='ocrx_word' id='word_1_606' title='bbox 3010 4265 3278 4332; x_wconf 87' lang='lat' dir='ltr'>ostendit,</span> <span class='ocrx_word' id='word_1_607' title='bbox 3319 4281 3448 4319; x_wconf 90' lang='lat' dir='ltr'>cum</span> <span class='ocrx_word' id='word_1_608' title='bbox 3478 4264 3735 4319; x_wconf 88' lang='lat' dir='ltr'>videatur</span> 
     </span>
    </p>
   </div>
   <div class='ocr_carea' id='block_1_93' title="bbox 2041 4355 3051 4427">
    <p class='ocr_par' dir='ltr' id='par_1_93' title="bbox 2041 4355 3051 4427">
     <span class='ocr_line' id='line_1_93' title="bbox 2041 4355 3051 4427; baseline -0.003 -15"><span class='ocrx_word' id='word_1_609' title='bbox 2041 4359 2102 4412; x_wconf 89' lang='lat' dir='ltr'>in</span> <span class='ocrx_word' id='word_1_610' title='bbox 2134 4357 2326 4412; x_wconf 89' lang='lat' dir='ltr'>multis</span> <span class='ocrx_word' id='word_1_611' title='bbox 2356 4357 2429 4412; x_wconf 89' lang='lat' dir='ltr'>ad</span> <span class='ocrx_word' id='word_1_612' title='bbox 2459 4357 2783 4427; x_wconf 88' lang='lat' dir='ltr'>voluptates</span> <span class='ocrx_word' id='word_1_613' title='bbox 2813 4355 3051 4409; x_wconf 81' lang='lat' dir='ltr'>hortari.</span> 
     </span>
    </p>
   </div>
   <div class='ocr_carea' id='block_1_94' title="bbox 1363 4736 2606 4816">
    <p class='ocr_par' dir='ltr' id='par_1_94' title="bbox 1363 4736 2606 4816">
     <span class='ocr_line' id='line_1_94' title="bbox 1363 4736 2606 4816; baseline -0.001 -1"><span class='ocrx_word' id='word_1_614' title='bbox 1363 4738 1863 4816; x_wconf 80' lang='lat' dir='ltr'>CANTICUM</span> <span class='ocrx_word' id='word_1_615' title='bbox 1939 4736 2606 4815; x_wconf 79' lang='lat' dir='ltr'>CANTICORUM.</span> 
     </span>
    </p>
   </div>
   <div class='ocr_carea' id='block_1_95' title="bbox 939 4987 1322 5043">
    <p class='ocr_par' dir='ltr' id='par_1_95' title="bbox 939 4987 1322 5043">
     <span class='ocr_line' id='line_1_95' title="bbox 939 4987 1322 5043; baseline 0.003 -1"><span class='ocrx_word' id='word_1_616' title='bbox 939 4987 1322 5043; x_wconf 66' lang='lat' dir='ltr'>PREFATIO.</span> 
     </span>
    </p>
   </div>
   <div class='ocr_carea' id='block_1_96' title="bbox 296 5075 1924 5148">
    <p class='ocr_par' dir='ltr' id='par_1_96' title="bbox 296 5075 1924 5148">
     <span class='ocr_line' id='line_1_96' title="bbox 296 5075 1924 5148; baseline -0.001 -17"><span class='ocrx_word' id='word_1_617' title='bbox 296 5075 569 5131; x_wconf 88' lang='lat' dir='ltr'>Salomon</span> <span class='ocrx_word' id='word_1_618' title='bbox 595 5076 746 5131; x_wconf 90' lang='lat' dir='ltr'>ﬁlius</span> <span class='ocrx_word' id='word_1_619' title='bbox 783 5078 949 5133; x_wconf 90' lang='lat' dir='ltr'>David</span> <span class='ocrx_word' id='word_1_620' title='bbox 1002 5079 1153 5147; x_wconf 86' lang='lat' dir='ltr'>regis</span> <span class='ocrx_word' id='word_1_621' title='bbox 1205 5078 1376 5132; x_wconf 89' lang='lat' dir='ltr'>Israel</span> <span class='ocrx_word' id='word_1_622' title='bbox 1419 5078 1586 5148; x_wconf 83' lang='lat' dir='ltr'>juxta</span> <span class='ocrx_word' id='word_1_623' title='bbox 1617 5092 1924 5131; x_wconf 88' lang='lat' dir='ltr'>numerum</span> 
     </span>
    </p>
   </div>
   <div class='ocr_carea' id='block_1_97' title="bbox 222 5164 1923 5229">
    <p class='ocr_par' dir='ltr' id='par_1_97' title="bbox 222 5164 1923 5229">
     <span class='ocr_line' id='line_1_97' title="bbox 222 5164 1923 5229; baseline 0.001 -11"><span class='ocrx_word' id='word_1_624' title='bbox 222 5164 635 5220; x_wconf 88' lang='lat' dir='ltr'>vocabulorum</span> <span class='ocrx_word' id='word_1_625' title='bbox 680 5182 913 5219; x_wconf 90' lang='lat' dir='ltr'>suorum</span> <span class='ocrx_word' id='word_1_626' title='bbox 970 5166 1083 5220; x_wconf 88' lang='lat' dir='ltr'>tria</span> <span class='ocrx_word' id='word_1_627' title='bbox 1122 5167 1412 5219; x_wconf 89' lang='lat' dir='ltr'>volumina</span> <span class='ocrx_word' id='word_1_628' title='bbox 1442 5166 1638 5220; x_wconf 89' lang='lat' dir='ltr'>edidit.</span> <span class='ocrx_word' id='word_1_629' title='bbox 1670 5166 1923 5229; x_wconf 87' lang='lat' dir='ltr'>Quorum</span> 
     </span>
    </p>
   </div>
   <div class='ocr_carea' id='block_1_98' title="bbox 224 5239 1925 5326">
    <p class='ocr_par' dir='ltr' id='par_1_98' title="bbox 224 5239 1925 5326">
     <span class='ocr_line' id='line_1_98' title="bbox 224 5239 1925 5326; baseline 0 -20"><span class='ocrx_word' id='word_1_630' title='bbox 224 5252 454 5323; x_wconf 87' lang='lat' dir='ltr'>primus</span> <span class='ocrx_word' id='word_1_631' title='bbox 486 5259 571 5307; x_wconf 89' lang='lat' dir='ltr'>est</span> <span class='ocrx_word' id='word_1_632' title='bbox 598 5239 760 5314; x_wconf 47' lang='lat' dir='ltr'>aliis):</span> <span class='ocrx_word' id='word_1_633' title='bbox 808 5255 977 5323; x_wconf 85' lang='lat' dir='ltr'>misle,</span> <span class='ocrx_word' id='word_1_634' title='bbox 1024 5270 1197 5325; x_wconf 90' lang='lat' dir='ltr'>quem</span> <span class='ocrx_word' id='word_1_635' title='bbox 1247 5254 1424 5307; x_wconf 68' lang='lat' dir='ltr'>Graeci</span> <span class='ocrx_word' id='word_1_636' title='bbox 1452 5252 1769 5326; x_wconf 74' lang='grc' dir='ltr'>παραϐολὰς,</span> <span class='ocrx_word' id='word_1_637' title='bbox 1825 5254 1925 5307; x_wconf 89' lang='lat' dir='ltr'>La-</span> 
     </span>
    </p>
   </div>
   <div class='ocr_carea' id='block_1_99' title="bbox 221 5338 1926 5411">
    <p class='ocr_par' dir='ltr' id='par_1_99' title="bbox 221 5338 1926 5411">
     <span class='ocr_line' id='line_1_99' title="bbox 221 5338 1926 5411; baseline 0.001 -19"><span class='ocrx_word' id='word_1_638' title='bbox 221 5338 337 5393; x_wconf 89' lang='lat' dir='ltr'>tini</span> <span class='ocrx_word' id='word_1_639' title='bbox 366 5340 667 5409; x_wconf 87' lang='lat' dir='ltr'>proverbia</span> <span class='ocrx_word' id='word_1_640' title='bbox 686 5342 1007 5405; x_wconf 83' lang='lat' dir='ltr'>nominaut,</span> <span class='ocrx_word' id='word_1_641' title='bbox 1035 5356 1101 5394; x_wconf 91' lang='lat' dir='ltr'>eo</span> <span class='ocrx_word' id='word_1_642' title='bbox 1159 5340 1306 5411; x_wconf 89' lang='lat' dir='ltr'>quod</span> <span class='ocrx_word' id='word_1_643' title='bbox 1361 5340 1419 5393; x_wconf 91' lang='lat' dir='ltr'>in</span> <span class='ocrx_word' id='word_1_644' title='bbox 1477 5340 1600 5409; x_wconf 89' lang='lat' dir='ltr'>ipso</span> <span class='ocrx_word' id='word_1_645' title='bbox 1633 5340 1739 5393; x_wconf 93' lang='lat' dir='ltr'>sub</span> <span class='ocrx_word' id='word_1_646' title='bbox 1769 5356 1926 5393; x_wconf 82' lang='lat' dir='ltr'>com-</span> 
     </span>
    </p>
   </div>
   <div class='ocr_carea' id='block_1_100' title="bbox 223 5425 1925 5499">
    <p class='ocr_par' dir='ltr' id='par_1_100' title="bbox 223 5425 1925 5499">
     <span class='ocr_line' id='line_1_100' title="bbox 223 5425 1925 5499; baseline 0.001 -19"><span class='ocrx_word' id='word_1_647' title='bbox 223 5427 490 5499; x_wconf 84' lang='lat' dir='ltr'>parativa</span> <span class='ocrx_word' id='word_1_648' title='bbox 548 5425 921 5481; x_wconf 89' lang='lat' dir='ltr'>similitudine</span> <span class='ocrx_word' id='word_1_649' title='bbox 950 5428 1164 5498; x_wconf 88' lang='lat' dir='ltr'>ﬁguras</span> <span class='ocrx_word' id='word_1_650' title='bbox 1218 5428 1520 5481; x_wconf 86' lang='lat' dir='ltr'>verborum</span> <span class='ocrx_word' id='word_1_651' title='bbox 1560 5430 1616 5481; x_wconf 90' lang='lat' dir='ltr'>et</span> <span class='ocrx_word' id='word_1_652' title='bbox 1648 5427 1925 5498; x_wconf 87' lang='lat' dir='ltr'>imagines</span> 
     </span>
    </p>
   </div>
   <div class='ocr_carea' id='block_1_101' title="bbox 228 5512 1924 5584">
    <p class='ocr_par' dir='ltr' id='par_1_101' title="bbox 228 5512 1924 5584">
     <span class='ocr_line' id='line_1_101' title="bbox 228 5512 1924 5584; baseline 0.001 -16"><span class='ocrx_word' id='word_1_653' title='bbox 228 5512 489 5568; x_wconf 87' lang='lat' dir='ltr'>veritatis</span> <span class='ocrx_word' id='word_1_654' title='bbox 512 5512 760 5567; x_wconf 74' lang='lat' dir='ltr'>Ostendit</span> <span class='ocrx_word' id='word_1_655' title='bbox 790 5529 802 5567; x_wconf 92' lang='lat'>:</span> <span class='ocrx_word' id='word_1_656' title='bbox 842 5513 1022 5584; x_wconf 89' lang='lat' dir='ltr'>ipsam</span> <span class='ocrx_word' id='word_1_657' title='bbox 1079 5518 1268 5568; x_wconf 89' lang='lat' dir='ltr'>autem</span> <span class='ocrx_word' id='word_1_658' title='bbox 1328 5514 1621 5569; x_wconf 78' lang='lat' dir='ltr'>veritatem</span> <span class='ocrx_word' id='word_1_659' title='bbox 1654 5514 1721 5569; x_wconf 90' lang='lat' dir='ltr'>ad</span> <span class='ocrx_word' id='word_1_660' title='bbox 1752 5514 1924 5570; x_wconf 85' lang='lat' dir='ltr'>intel-</span> 
     </span>
    </p>
   </div>
   <div class='ocr_carea' id='block_1_102' title="bbox 2034 4986 3734 5058">
    <p class='ocr_par' dir='ltr' id='par_1_102' title="bbox 2034 4986 3734 5058">
     <span class='ocr_line' id='line_1_102' title="bbox 2034 4986 3734 5058; baseline 0.001 -17"><span class='ocrx_word' id='word_1_661' title='bbox 2034 4986 2330 5057; x_wconf 90' lang='lat' dir='ltr'>ligendum</span> <span class='ocrx_word' id='word_1_662' title='bbox 2358 4986 2590 5058; x_wconf 87' lang='lat' dir='ltr'>ingenio</span> <span class='ocrx_word' id='word_1_663' title='bbox 2647 4987 2962 5057; x_wconf 87' lang='lat' dir='ltr'>legentium</span> <span class='ocrx_word' id='word_1_664' title='bbox 3014 4990 3340 5045; x_wconf 87' lang='lat' dir='ltr'>reservavit.</span> <span class='ocrx_word' id='word_1_665' title='bbox 3407 4990 3734 5047; x_wconf 88' lang='lat' dir='ltr'>Secundum</span> 
     </span>
    </p>
   </div>
   <div class='ocr_carea' id='block_1_103' title="bbox 2034 5060 3729 5160">
    <p class='ocr_par' dir='ltr' id='par_1_103' title="bbox 2034 5060 3729 5160">
     <span class='ocr_line' id='line_1_103' title="bbox 2034 5060 3729 5160; baseline 0.002 -33"><span class='ocrx_word' id='word_1_666' title='bbox 2034 5074 2244 5128; x_wconf 89' lang='lat' dir='ltr'>librum</span> <span class='ocrx_word' id='word_1_667' title='bbox 2274 5060 2435 5160; x_wconf 66' lang='lat' dir='ltr'>rian</span> <span class='ocrx_word' id='word_1_668' title='bbox 2465 5076 2700 5129; x_wconf 79' lang='lat' dir='ltr'>coheleth</span> <span class='ocrx_word' id='word_1_669' title='bbox 2726 5077 2965 5145; x_wconf 86' lang='lat' dir='ltr'>vocavit,</span> <span class='ocrx_word' id='word_1_670' title='bbox 3000 5076 3099 5148; x_wconf 89' lang='lat' dir='ltr'>qui</span> <span class='ocrx_word' id='word_1_671' title='bbox 3130 5078 3319 5131; x_wconf 64' lang='lat' dir='ltr'>Graece</span> <span class='ocrx_word' id='word_1_672' title='bbox 3351 5076 3729 5139; x_wconf 76' lang='grc' dir='ltr'>ἐκκλησιαστὴς</span> 
     </span>
    </p>
   </div>
   <div class='ocr_carea' id='block_1_104' title="bbox 2033 5163 3731 5234">
    <p class='ocr_par' dir='ltr' id='par_1_104' title="bbox 2033 5163 3731 5234">
     <span class='ocr_line' id='line_1_104' title="bbox 2033 5163 3731 5234; baseline 0.004 -19"><span class='ocrx_word' id='word_1_673' title='bbox 2033 5166 2287 5228; x_wconf 90' lang='lat' dir='ltr'>vocatur,</span> <span class='ocrx_word' id='word_1_674' title='bbox 2324 5163 2516 5216; x_wconf 87' lang='lat' dir='ltr'>Latine</span> <span class='ocrx_word' id='word_1_675' title='bbox 2546 5164 2884 5216; x_wconf 89' lang='lat' dir='ltr'>concionator</span> <span class='ocrx_word' id='word_1_676' title='bbox 2904 5182 2921 5217; x_wconf 89' lang='lat'><strong><em>:</em></strong></span> <span class='ocrx_word' id='word_1_677' title='bbox 2954 5180 3020 5217; x_wconf 89' lang='lat' dir='ltr'>eo</span> <span class='ocrx_word' id='word_1_678' title='bbox 3071 5165 3221 5234; x_wconf 90' lang='lat' dir='ltr'>quod</span> <span class='ocrx_word' id='word_1_679' title='bbox 3277 5165 3583 5220; x_wconf 88' lang='lat' dir='ltr'>conciones</span> <span class='ocrx_word' id='word_1_680' title='bbox 3614 5183 3731 5222; x_wconf 90' lang='lat' dir='ltr'>non</span> 
     </span>
    </p>
   </div>
   <div class='ocr_carea' id='block_1_105' title="bbox 2033 5250 3733 5323">
    <p class='ocr_par' dir='ltr' id='par_1_105' title="bbox 2033 5250 3733 5323">
     <span class='ocr_line' id='line_1_105' title="bbox 2033 5250 3733 5323; baseline 0.005 -21"><span class='ocrx_word' id='word_1_681' title='bbox 2033 5250 2217 5304; x_wconf 89' lang='lat' dir='ltr'>solum</span> <span class='ocrx_word' id='word_1_682' title='bbox 2250 5250 2621 5320; x_wconf 88' lang='lat' dir='ltr'>spiritualiter</span> <span class='ocrx_word' id='word_1_683' title='bbox 2644 5250 2715 5304; x_wconf 92' lang='lat' dir='ltr'>ad</span> <span class='ocrx_word' id='word_1_684' title='bbox 2747 5267 2946 5316; x_wconf 90' lang='lat' dir='ltr'>unum,</span> <span class='ocrx_word' id='word_1_685' title='bbox 2979 5251 3118 5305; x_wconf 89' lang='lat' dir='ltr'>sicut</span> <span class='ocrx_word' id='word_1_686' title='bbox 3160 5252 3219 5306; x_wconf 92' lang='lat' dir='ltr'>in</span> <span class='ocrx_word' id='word_1_687' title='bbox 3251 5254 3598 5323; x_wconf 88' lang='lat' dir='ltr'>Proverbiis,</span> <span class='ocrx_word' id='word_1_688' title='bbox 3632 5256 3733 5311; x_wconf 89' lang='lat' dir='ltr'>sed</span> 
     </span>
    </p>
   </div>
   <div class='ocr_carea' id='block_1_106' title="bbox 2033 5338 3732 5409">
    <p class='ocr_par' dir='ltr' id='par_1_106' title="bbox 2033 5338 3732 5409">
     <span class='ocr_line' id='line_1_106' title="bbox 2033 5338 3732 5409; baseline 0.004 -18"><span class='ocrx_word' id='word_1_689' title='bbox 2033 5338 2105 5393; x_wconf 92' lang='lat' dir='ltr'>ad</span> <span class='ocrx_word' id='word_1_690' title='bbox 2131 5338 2422 5391; x_wconf 88' lang='lat' dir='ltr'>universos</span> <span class='ocrx_word' id='word_1_691' title='bbox 2480 5339 2827 5409; x_wconf 83' lang='lat' dir='ltr'>generaliter</span> <span class='ocrx_word' id='word_1_692' title='bbox 2866 5340 3207 5409; x_wconf 87' lang='lat' dir='ltr'>dirigantur,</span> <span class='ocrx_word' id='word_1_693' title='bbox 3272 5341 3498 5407; x_wconf 90' lang='lat' dir='ltr'>docens,</span> <span class='ocrx_word' id='word_1_694' title='bbox 3533 5344 3732 5399; x_wconf 88' lang='lat' dir='ltr'>omnia</span> 
     </span>
    </p>
   </div>
   <div class='ocr_carea' id='block_1_107' title="bbox 2034 5425 3733 5498">
    <p class='ocr_par' dir='ltr' id='par_1_107' title="bbox 2034 5425 3733 5498">
     <span class='ocr_line' id='line_1_107' title="bbox 2034 5425 3733 5498; baseline 0.004 -17"><span class='ocrx_word' id='word_1_695' title='bbox 2034 5442 2163 5498; x_wconf 61' lang='lat' dir='ltr'>quae</span> <span class='ocrx_word' id='word_1_696' title='bbox 2189 5425 2250 5480; x_wconf 88' lang='lat' dir='ltr'>in</span> <span class='ocrx_word' id='word_1_697' title='bbox 2281 5426 2497 5481; x_wconf 90' lang='lat' dir='ltr'>mundo</span> <span class='ocrx_word' id='word_1_698' title='bbox 2530 5428 2838 5492; x_wconf 85' lang='lat' dir='ltr'>cernimus,</span> <span class='ocrx_word' id='word_1_699' title='bbox 2870 5444 3013 5482; x_wconf 85' lang='lat' dir='ltr'>vana</span> <span class='ocrx_word' id='word_1_700' title='bbox 3042 5445 3164 5482; x_wconf 88' lang='lat' dir='ltr'>esse</span> <span class='ocrx_word' id='word_1_701' title='bbox 3197 5434 3255 5483; x_wconf 82' lang='lat' dir='ltr'>et</span> <span class='ocrx_word' id='word_1_702' title='bbox 3298 5429 3492 5485; x_wconf 88' lang='lat' dir='ltr'>brevia</span> <span class='ocrx_word' id='word_1_703' title='bbox 3522 5446 3535 5484; x_wconf 91' lang='lat'>:</span> <span class='ocrx_word' id='word_1_704' title='bbox 3569 5437 3625 5487; x_wconf 92' lang='lat' dir='ltr'>et</span> <span class='ocrx_word' id='word_1_705' title='bbox 3658 5434 3733 5487; x_wconf 92' lang='lat' dir='ltr'>ob</span> 
     </span>
    </p>
   </div>
   <div class='ocr_carea' id='block_1_108' title="bbox 2034 5513 3734 5586">
    <p class='ocr_par' dir='ltr' id='par_1_108' title="bbox 2034 5513 3734 5586">
     <span class='ocr_line' id='line_1_108' title="bbox 2034 5513 3734 5586; baseline 0.008 -17"><span class='ocrx_word' id='word_1_706' title='bbox 2034 5516 2143 5570; x_wconf 90' lang='lat' dir='ltr'>hoc</span> <span class='ocrx_word' id='word_1_707' title='bbox 2171 5514 2407 5570; x_wconf 89' lang='lat' dir='ltr'>minime</span> <span class='ocrx_word' id='word_1_708' title='bbox 2437 5513 2775 5586; x_wconf 79' lang='lat' dir='ltr'>appetenda.</span> <span class='ocrx_word' id='word_1_709' title='bbox 2817 5517 3071 5571; x_wconf 83' lang='lat' dir='ltr'>Tertium</span> <span class='ocrx_word' id='word_1_710' title='bbox 3115 5517 3324 5574; x_wconf 89' lang='lat' dir='ltr'>librum</span> <span class='ocrx_word' id='word_1_711' title='bbox 3356 5521 3583 5581; x_wconf 57' lang='lat' dir='ltr'>nivea</span> <span class='ocrx_word' id='word_1_712' title='bbox 3621 5522 3734 5581; x_wconf 60' lang='grc' dir='ltr'>ὐἱέ</span> 
     </span>
    </p>
   </div>
  </div>
