4020 6184
370 302 504 354 H27

971 293 1361 352 WALAFRIDI
1398 287 1648 349 STRABI
1691 291 1884 347 FULD.
1930 292 2086 347 MON.
2129 291 2288 349 OPP.
2333 292 2506 348 PARS
2553 294 2594 348 Ι.
2638 321 2706 331 -—
2743 291 3197 348 THEOLOGICA.

3712 299 3821 352 1128

366 424 446 476 sir
479 421 734 475 hassirim
788 415 1130 488 prmnotavit
1164 431 1178 468 :
1211 413 1310 484 qui
1374 413 1432 467 in
1489 413 1745 467 Latinam
1802 413 2058 483 linguam
2090 415 2135 466 Α
2173 413 2522 478 cohaereant,
2564 419 2621 468 et
2669 412 2721 468 ei
2771 415 2994 484 placere
3043 413 3406 481 contendant,
3443 417 3499 468 et
3549 431 3668 485 quas
3702 417 3825 473 dona

369 509 612 563 vertitur
641 509 700 561 in
734 506 965 561 Cantica
993 505 1364 557 canticorum.
1404 502 1505 555 Ubi
1563 517 1666 572 per
1695 501 2065 570 epithalami-

371 614 501 651 cum
541 611 769 650 carmen
820 592 1284 662 conjunctionem
1332 589 1538 643 Christi
1565 596 1622 642 et
1650 589 1912 643 Ecclesia:
1935 603 2066 658 my-

371 687 507 740 stice
537 685 706 737 canit.
765 682 981 736 Dicitur
1027 685 1217 738 autem
1272 678 1567 733 Canticum
1598 677 1967 741 canticorum,
1999 692 2065 729 eo

373 773 526 844 quod
590 769 854 826 omnibus
907 768 1140 822 cauticis
1196 767 1553 836 prmferatur.
1616 765 1773 820 Sicut
1826 765 1885 818 in
1942 766 2063 832 lege

368 862 632 934 quaedam
655 860 919 912 dicuntur
945 861 1156 924 sancta,
1188 856 1397 925 quibus
1447 855 1664 924 majora
1691 857 1824 907 sunt
1877 858 2067 906 sancta

346 932 693 1006 sanctorum.
735 947 799 1000 In
827 945 913 999 his
963 945 1196 1016 quidem
1253 943 1432 996 tribus
1463 942 1621 996 libris
1667 941 1841 994 trium
1891 957 2064 1010 gene-

371 1053 502 1091 rum
533 1035 861 1106 disciplinas
896 1032 1239 1103 composuit,
1293 1031 1500 1102 quibus
1555 1030 1625 1084 ad
1659 1045 1849 1083 rerum
1882 1028 2064 1081 scicn-

369 1125 510 1179 tiam
545 1123 892 1194 pervenitur.
939 1123 1004 1175 In
1039 1120 1240 1192 primis
1294 1135 1544 1190 namque
1575 1118 1838 1183 ethicam,
1898 1116 1954 1170 id
1985 1119 2069 1170 est

371 1213 675 1279 moralem,
707 1215 837 1281 post
866 1210 974 1263 hoc
1003 1208 1313 1280 physicam,
1333 1224 1460 1278 quae
1483 1206 1814 1278 qualitatem
1846 1209 2066 1258 natura:

373 1299 835 1370 comprehendit,
886 1298 955 1352 ad
1031 1296 1300 1350 ultimum
1358 1295 1692 1361 theoricam,
1735 1293 1788 1348 id
1822 1298 1905 1348 est
1929 1308 2066 1346 con-

371 1388 783 1459 templativam.
842 1388 903 1440 In
953 1385 1276 1440 Proverbiis
1333 1383 1485 1439 enim
1547 1383 1786 1437 moralia
1835 1383 2062 1448 docens,

371 1494 474 1548 per
495 1491 859 1530 communem
909 1473 1216 1544 quemdam
1266 1471 1537 1542 loquendi
1596 1487 1763 1524 usum
1804 1469 2064 1523 altiorem

370 1564 818 1635 intelligentiam
850 1563 1046 1626 edidit,
1108 1560 1713 1630 conservationemque
1778 1558 2069 1611 mandato-

371 1670 522 1720 rum,
580 1659 637 1706 et
683 1651 955 1704 doctrina:
1004 1649 1247 1702 caelestis
1305 1647 1725 1701 institutionem
1767 1644 2066 1698 succinctis

369 1742 577 1808 verbis,
609 1740 878 1794 brevibus
911 1737 1211 1791 sententiis
1250 1740 1492 1806 coaptat.
1527 1735 1671 1790 Sunt
1700 1738 1887 1788 autem
1923 1735 2065 1787 Pro-

369 1829 565 1884 verbia
612 1828 716 1882 sub
763 1827 951 1880 verbis
1015 1825 1139 1879 aliis
1179 1841 1268 1877 res
1315 1823 1454 1877 alias
1519 1821 1878 1892 explicantia,
1936 1836 2066 1890 quae

369 1919 534 1972 aliter
559 1932 732 1987 quam
784 1915 1070 1981 dicuntur,
1119 1913 1555 1982 intelliguntur:
1587 1911 1716 1982 plus
1743 1909 1804 1963 in
1856 1909 2065 1963 virtute

370 2005 806 2071 sententiarum,
841 2018 1014 2072 quam
1035 2002 1094 2055 in
1122 2018 1265 2056 sono
1286 2000 1590 2054 verborum
1645 1999 1860 2053 habent
1887 2014 1900 2064 ;
1937 2014 2065 2068 quae

373 2093 550 2149 Graeci
587 2090 886 2166 παραϐολὰς
911 2093 1130 2145 vocant.
1199 2089 1558 2144 Ecclesiastes
1606 2103 1803 2142 rerum
1835 2090 2067 2140 naturas

372 2183 702 2248 discutiens,
759 2184 961 2235 cuncta
1015 2179 1074 2232 in
1125 2179 1340 2232 mundo
1381 2193 1525 2230 vana
1577 2181 1635 2230 et
1680 2176 1890 2230 caduca
1946 2191 2066 2228 esse

371 2267 768 2339 deprehendit,
826 2282 1138 2338 rerumque
1213 2265 1473 2320 omnium
1543 2264 1853 2334 fragilitate
1923 2279 2066 2317 con-

371 2362 584 2428 specta,
615 2355 934 2410 renuntiari
963 2355 1178 2410 mundo
1201 2354 1519 2408 admonuit.
1558 2355 1624 2408 In
1662 2351 1908 2406 Canticis
1933 2367 2064 2405 can-

368 2448 611 2502 ticorum
643 2461 1044 2516 supergressus
1081 2443 1348 2510 visibilia,
1383 2448 1554 2512 atque
1585 2440 1976 2512 contemplans
2000 2455 2068 2493 ea

369 2551 500 2606 quae
550 2537 683 2588 sunt
726 2531 998 2598 caelestia,
1047 2531 1136 2585 vel
1186 2530 1398 2596 divina,
1457 2528 1561 2582 sub
1611 2529 1796 2599 specie
1867 2527 2066 2597 sponsi

369 2638 733 2694 sponsaaque,
766 2619 976 2676 Christi
1034 2618 1412 2689 Ecclesiaeque
1465 2617 1745 2671 unitatem
1795 2615 2063 2681 declarat,

369 2713 542 2779 atque
573 2708 829 2762 animam
861 2707 928 2762 ad
972 2723 1230 2761 amorem
1284 2704 1599 2760 caelestium
1630 2704 1902 2769 excitans,
1931 2719 2067 2774 per—

368 2797 716 2851 veniendum
741 2798 811 2851 ad
867 2797 1221 2851 consortium
1282 2794 1379 2848 Dei
1409 2802 1696 2864 provocat.
1754 2792 1896 2846 Illud
1930 2808 2064 2845 vero

369 2901 490 2940 non
533 2892 618 2940 est
649 2885 991 2956 putandum,
1027 2883 1181 2955 quod
1224 2882 1293 2937 ab
1324 2882 1680 2938 auditoribus
1711 2881 1918 2935 nostris
1949 2885 2064 2934 tra-

372 3079 441 3117 ne
460 3062 726 3133 cuiquam
785 3063 938 3116 hunc
991 3061 1203 3116 librum
1257 3061 1444 3132 legere
1501 3059 1920 3130 permitterent,
1956 3057 2067 3111 nisi

370 3152 492 3206 viro
515 3151 637 3222 jam
667 3151 932 3222 perfectae
986 3149 1237 3203 scientiae
1269 3154 1324 3202 et
1375 3148 1652 3202 roboratae
1699 3147 1829 3201 fidei
1876 3147 1935 3200 in
1966 3163 2065 3217 pe-

371 3240 548 3295 ritia:
611 3257 682 3294 ne
742 3245 857 3293 tam
910 3238 1161 3293 erudiret
1210 3237 1457 3308 cognitio
1534 3235 1782 3290 lubricas
1827 3239 2064 3304 mentes,

373 3344 547 3400 quam
607 3332 793 3382 textus
845 3327 918 3382 ad
991 3325 1478 3397 concupiscentias
1555 3325 1880 3396 corporales
1933 3341 2070 3379 con-

371 3420 637 3470 verteret.

444 3505 739 3570 Salomon,
772 3503 829 3558 id
880 3507 964 3557 est
996 3501 1284 3574 paciﬁcus,
1319 3501 1455 3572 quia
1491 3501 1550 3555 in
1581 3517 1759 3571 regno
1807 3500 1929 3569 ejus
1961 3515 2067 3571 pax

372 3608 477 3664 per
505 3607 678 3663 quam
709 3592 901 3646 futura
929 3608 1038 3662 pax
1072 3590 1330 3644 Ecclesiae
1390 3589 1764 3660 iigurabatur,
1798 3589 1978 3656 ldida,
2011 3589 2067 3642 id

373 3686 457 3735 est
501 3681 763 3747 dilectus,
840 3685 898 3734 et
961 3678 1248 3749 signiﬁcat
1302 3679 1466 3731 illum
1522 3677 1590 3732 de
1641 3695 1755 3749 quo
1823 3677 2066 3732 dicitur:

372 3771 652 3841 Speciosus
680 3772 860 3837 forma
912 3784 1027 3838 prz
1058 3769 1188 3836 ﬁliis
1228 3768 1502 3821 hominum
1536 3783 1549 3822 :
1594 3771 1881 3837 propterea
1911 3767 2067 3819 bene-

373 3861 520 3914 dixit
551 3864 600 3914 te
629 3862 770 3915 Deus
801 3862 860 3913 in
890 3863 1152 3913 zternum
1183 3855 1347 3926 (Psal.
1405 3859 1568 3923 xuv‘).
1606 3854 1978 3920 Ecclesiastes,
2012 3853 2068 3906 id

373 3954 460 4004 est
488 3947 883 4016 concionator,
913 3952 968 4002 et
1001 3944 1287 4016 signiﬁcat
1315 3944 1500 4012 illum,
1527 3943 1622 4015 qui
1652 3941 2072 3997 rationabiliter

375 4043 499 4092 erat
528 4037 904 4102 allocuturus,
937 4041 993 4089 et
1024 4038 1478 4104 congregaturus
1537 4031 1866 4086 Ecclesiam.
1904 4031 2071 4085 Juxta

375 4141 682 4179 numerum
705 4123 1136 4189 vocabulorum,
1167 4127 1280 4176 tres
1309 4122 1443 4176 fecit
1481 4121 1651 4174 libros
1693 4136 1706 4174 :
1745 4119 2067 4184 Proverbia,

372 4213 434 4267 in
460 4229 573 4284 quo
604 4213 752 4267 libro
806 4212 972 4266 docet
1022 4211 1286 4282 parvulos
1336 4225 1452 4263 non
1510 4215 1628 4262 tam
1671 4214 1834 4262 aetate
1891 4223 2064 4278 quam

374 4301 672 4371 sapientia,
731 4299 801 4354 de
855 4297 1165 4369 aequanimi
1207 4297 1634 4350 conversatione
1713 4296 1773 4349 in
1827 4295 2064 4361 mundo,

374 4389 588 4443 scilicet
615 4388 863 4459 qualiter
891 4387 1040 4442 licite
1072 4384 1294 4456 possint
1344 4384 1425 4437 uti
1480 4383 1935 4454 temporalibus;
1970 4383 2069 4436 Ec-

374 4476 696 4542 clesiasten,
755 4476 815 4529 in
881 4491 994 4545 quo
1051 4473 1283 4528 instruit
1356 4473 1621 4526 homines
1701 4470 2070 4542 provectioris

375 4565 554 4620 aetatis
583 4565 654 4618 ad
710 4568 1104 4634 contemptum
1159 4562 1548 4626 caducorum;
1619 4561 1850 4614 Cantica
1889 4558 2068 4613 canti-

375 4669 593 4720 corum,
639 4652 851 4706 scilicet
905 4653 1012 4706 hoc
1059 4667 1222 4721 opus,
1276 4651 1336 4703 in
1393 4666 1507 4720 quo
1561 4649 1747 4702 virum
1805 4663 2068 4702 consum-

377 4746 596 4797 matum
631 4741 792 4796 docet
821 4740 890 4794 de
920 4740 1040 4794 solo
1067 4755 1259 4793 amore
1293 4737 1415 4804 Dei,
1455 4741 1521 4791 ut
1549 4736 1869 4808 requiescat
1920 4736 2070 4790 inter

375 4829 609 4884 brachia
654 4827 876 4900 sponsi.
945 4828 1103 4882 Unde
1149 4832 1205 4880 et
1257 4826 1551 4881 Canticum
1607 4824 1959 4880 canticorum
1991 4824 2073 4878 di-

376 4919 524 4974 citur
553 4935 656 4973 sua
684 4916 959 4989 dignitate
987 4916 1181 4972 omnia
1219 4916 1331 4970 alia
1360 4915 1640 4970 excellens
1694 4914 1929 4968 cantica.
1962 4915 2071 4968 Per

375 5008 475 5062 illa
495 5007 712 5079 quippe
760 5005 1018 5060 vitantur
1061 5005 1217 5072 vitia,
1270 5008 1504 5059 cavetur
1557 5003 1780 5058 hostis:
1841 5018 1942 5072 per
1964 5001 2071 5056 ista

377 5097 796 5166 locupletamnr
844 5093 1172 5162 virtutibus,
1224 5093 1471 5148 Domino
1527 5090 1949 5162 conjungimur.
1978 5090 2070 5144 Si-

379 5185 501 5238 mili
533 5183 731 5238 ordine
757 5181 930 5237 etiam
982 5181 1312 5252 philosophi
1368 5180 1754 5235 institutiones
1801 5195 1932 5233 suas
1961 5195 2069 5250 po-

377 5278 545 5328 nunt.
579 5271 836 5326 Primum
866 5270 1111 5325 ethicam
1159 5271 1380 5337 docent,
1417 5273 1614 5340 postea
1667 5268 1981 5340 physicam,
2015 5271 2072 5321 et

379 5375 552 5429 quem
583 5359 642 5412 in
671 5359 762 5414 his
789 5358 1094 5430 profecisse
1150 5358 1366 5421 vident,
1417 5357 1489 5412 ad
1527 5357 1840 5412 theoricam
1890 5370 2069 5426 usque

377 5447 715 5518 perducunt.
749 5447 980 5502 Materia
1010 5463 1252 5518 sponsus
1301 5450 1359 5500 et
1387 5462 1618 5517 sponsa,
1686 5446 1744 5500 id
1791 5449 1875 5499 est
1899 5447 2072 5514 caput

378 5539 436 5590 et
463 5534 725 5590 Ecclesia.
759 5536 823 5590 Et
847 5535 1074 5606 modus,
1104 5535 1261 5606 quali
1291 5534 1573 5590 desiderio
1613 5533 1872 5590 membra
1899 5532 2070 5604 capiti

2173 501 2244 554 ab
2298 503 2416 569 illo,
2474 503 2560 555 vel
2613 502 2670 555 in
2740 503 3008 572 prmsenti
3075 501 3373 572 accipiant,
3423 503 3508 556 vel
3556 504 3614 557 iu
3665 505 3822 559 futuro

2176 594 2514 662 exspectent,
2569 596 2625 644 et
2693 591 2849 660 quali
2897 590 3193 644 affectione
3245 607 3486 661 sponsus
3561 593 3824 648 Ecclesiam

2175 680 2391 749 diligat,
2423 695 2548 733 eam
2598 679 2858 743 laudans,
2913 683 2970 732 et
3011 679 3350 745 admonens,
3415 683 3472 733 et
3519 681 3822 734 confortans.

2179 770 2328 824 Finis
2357 773 2442 822 est
2467 767 2696 822 dilectio
2729 767 2848 821 Dei.

2245 857 2498 921 Quatuor
2555 855 2696 909 mihi
2749 855 2808 908 in
2848 855 2954 908 hoc
2975 871 3146 925 opere
3193 853 3479 909 invenisse
3509 855 3694 910 videor
3718 873 3826 926 pcr-

2174 963 2365 1016 sonas,
2393 962 2668 1017 sponsum
2721 949 2774 998 et
2830 944 3054 998 sodales
3102 943 3301 1014 ipsius,
3359 959 3623 1014 sponsam
3648 949 3699 998 et
3723 947 3830 1000 ado-

2174 1035 2515 1090 lescentulas
2561 1050 2691 1088 cum
2751 1049 2837 1087 ea.
2880 1032 3004 1086 Alia
3037 1048 3069 1084 a
3121 1047 3350 1100 sponso,
3385 1032 3496 1085 alia
3543 1032 3832 1088 dicuntura

2175 1139 2387 1194 sponsa
2419 1139 2432 1176 :
2466 1122 2740 1176 nonnulla
2771 1136 2802 1174 a
2832 1118 3175 1190 juvenculis,
3209 1119 3475 1188 quaedam
3518 1136 3550 1173 a
3581 1120 3833 1176 sodalibus

2177 1211 2388 1280 sponsi.
2418 1211 2749 1280 Congruum
2783 1208 2996 1278 quippe
3027 1213 3112 1260 est
3176 1211 3240 1260 ut
3285 1207 3344 1261 in
3402 1207 3582 1261 initiis
3627 1209 3695 1263 sit
3719 1209 3834 1263 ado-

2176 1298 2613 1353 lescentularum
2649 1297 2952 1351 multitudo
2976 1310 3108 1348 cum
3134 1311 3361 1366 sponsa,
3390 1295 3666 1366 juvenum
3695 1297 3837 1349 turba

2177 1403 2306 1442 cum
2341 1403 2568 1458 sponso.
2599 1387 2901 1456 Sponsum,
2955 1383 3244 1438 Christum
3289 1383 3569 1454 intellige,
3601 1401 3836 1454 sponsam

2180 1476 2480 1531 Ecclesiam
2514 1475 2633 1529 sine
2662 1474 2884 1529 macula
2914 1478 2970 1527 et
3018 1489 3180 1542 ruga.
3237 1473 3484 1542 Angelos
3509 1489 3658 1538 vero,
3690 1478 3739 1526 et
3758 1490 3837 1526 eos

2177 1565 2276 1634 qui
2307 1569 2691 1634 pervenerunt
2716 1563 2772 1616 in
2797 1562 2982 1615 virum
3014 1560 3352 1631 perfectum,
3377 1561 3632 1631 intelligo
3657 1563 3838 1615 amicos

2175 1653 2393 1723 sponsi.
2429 1651 2904 1715 Adolescentulae,
2939 1655 3074 1702 sunt
3103 1664 3441 1719 sponsarum
3465 1649 3837 1720 incipientium

2173 1742 2375 1809 turben,
2405 1742 2564 1812 juxta
2598 1740 2831 1794 modum
2863 1737 3171 1809 quemdam
3221 1738 3461 1791 salutem
3486 1738 3718 1808 adeptae.

2256 1833 2328 1886 Ex
2396 1830 2504 1884 hoc
2550 1833 2742 1884 autem
2792 1828 2936 1882 libro
2987 1826 3237 1881 Gentiles
3284 1825 3394 1879 sibi
3433 1825 3838 1896 epithalamium

2174 1923 2557 1985 vindicarunt,
2599 1922 2656 1972 et
2685 1915 2848 1970 istius
2877 1913 3106 1984 generis
3133 1929 3362 1967 carnem
3375 1919 3723 1984 assumptum
3750 1919 3836 1967 est.

2173 2013 2231 2069 Si
2261 2012 2344 2065 vis
2375 2007 2679 2062 ascendere
2737 2003 2805 2068 ad
2858 2001 3152 2056 Canticum
3209 2001 3586 2068 canticorum,
3645 2017 3841 2056 necesse

2175 2107 2258 2155 est
2313 2099 2384 2154 de
2436 2098 2676 2165 Egypto
2726 2089 2943 2162 egredi,
3025 2093 3088 2142 ut
3153 2094 3280 2159 post
3337 2089 3640 2144 transitum
3696 2090 3844 2144 maris

2175 2187 2374 2253 Rubri,
2435 2179 2744 2238 submersis
2797 2177 3062 2242 inimicis,
3112 2176 3365 2247 primum
3423 2178 3609 2248 possis
3667 2194 3842 2232 cauere

2173 2276 2458 2332 canticum
2507 2289 2520 2326 :
2580 2273 2866 2327 Cantemus
2935 2268 3159 2321 Domino
3229 2265 3462 2334 gloriose
3532 2269 3692 2334 enim,
3751 2273 3839 2319 etc.

2175 2365 2375 2436 (Exod.
2406 2361 2526 2431 xv).
2550 2359 2656 2415 Sed
2703 2356 2840 2428 quia
2873 2355 3060 2410 adhuc
3088 2355 3262 2424 longe
3295 2371 3353 2408 es
3385 2372 3413 2408 a
3437 2355 3668 2410 Cantico
3696 2354 3845 2409 canti-

2173 2469 2394 2518 corum,
2450 2445 2790 2520 perambula
2839 2449 3054 2498 terram
3126 2442 3336 2497 deserti
3387 2443 3772 2513 spiritualiter,
3798 2447 3843 2495 et

2173 2543 2588 2612 consequenter
2612 2534 2869 2591 Iordanis
2897 2533 2965 2586 ad
3007 2531 3192 2602 ripam
3247 2533 3614 2597 constitutus,
3665 2547 3844 2586 secun-

2174 2633 2310 2687 dum
2341 2627 2626 2683 canticum
2657 2639 2846 2691 canas,
2895 2621 3096 2677 Audite
3155 2621 3273 2675 caeli
3327 2636 3444 2688 qua:
3508 2622 3714 2689 loquor,
3751 2625 3841 2684 etc,

2176 2722 2354 2788 (Deus.
2386 2718 2552 2784 xxxi).
2603 2714 2670 2768 Et
2720 2727 2850 2766 cum
2903 2709 3168 2764 universa
3223 2708 3539 2774 transieris,
3575 2709 3644 2763 ad
3671 2707 3846 2762 altiora

2174 2805 2515 2871 conscende,
2559 2807 2624 2857 ut
2647 2799 2826 2873 possis
2884 2798 3076 2852 anima
3128 2797 3334 2852 decora
3387 2812 3520 2851 cum
3554 2813 3772 2868 sponso,
3800 2800 3847 2848 et

2173 2897 2279 2952 hoc
2308 2910 2511 2950 canere
2535 2890 2826 2946 Canticum
2859 2887 3230 2942 canticorum.

277 2975 280 2978 ’
370 2973 545 3038 ditur,
605 2973 754 3044 apud
812 2973 1077 3027 Ilebrmos
1116 2973 1262 3026 hanc
1325 2971 1500 3026 fuisse
1547 2969 2060 3037 conversationem,
2097 2979 2138 3034 ς,
2247 2981 2572 3037 Notandum
2606 2976 2760 3048 quod
2804 2989 3016 3045 sponsa
3070 2987 3299 3042 semper
3336 2969 3396 3025 in
3451 2972 3648 3040 domo,
3696 2970 3774 3024 vel
3800 2969 3849 3022 in

2175 3071 2408 3138 lectulo,
2439 3069 2526 3123 vel
2554 3065 2614 3120 in
2645 3065 2837 3136 aliquo
2863 3060 3126 3116 interiori
3165 3062 3286 3114 loco
3336 3075 3466 3114 cum
3513 3076 3721 3131 sponso
3747 3075 3849 3112 ma-

2176 3176 2311 3215 nere
2367 3154 2764 3226 concupiscit:
2815 3149 2972 3222 quod
3019 3148 3358 3204 mulieribus
3414 3147 3698 3218 congruit.
3743 3147 3848 3216 Ipse

2176 3243 2331 3316 quod
2383 3240 2765 3296 masculorum
2818 3241 2923 3300 est,
2976 3234 3047 3289 ad
3100 3232 3378 3287 forinseca
3422 3231 3742 3295 vinearum,
3778 3228 3849 3281 vel

2176 3332 2248 3386 ad
2277 3326 2607 3400 hujusmodi
2640 3341 2814 3396 opera
2856 3323 3098 3377 amicam
3155 3327 3389 3375 evocat:
3420 3321 3558 3391 quia
3598 3319 3851 3374 nimirum

2178 3419 2441 3486 Ecclesia,
2487 3416 2535 3470 si
2590 3421 2782 3486 posset
2824 3411 2950 3465 ﬁeri
2980 3411 3039 3464 in
3091 3409 3502 3480 tranquillitate
3555 3408 3712 3479 pacis
3755 3408 3849 3460 Do-

2177 3509 2336 3564 mino
2364 3506 2620 3560 sobolem
2647 3503 2890 3557 educare
2911 3499 3203 3554 desiderat.
3251 3501 3324 3552 At
3357 3497 3479 3568 ipse
3509 3496 3573 3551 in
3602 3495 3852 3569 praesenti

2177 3613 2302 3652 eam
2333 3594 2544 3650 crebris
2593 3588 3087 3663 persecutionibus
3133 3591 3371 3652 exercet,
3433 3602 3550 3656 quo
3604 3585 3853 3640 mundior

2178 3687 2246 3741 ad
2269 3690 2484 3740 aeterna
2513 3680 2828 3753 perveniat,
2854 3694 2926 3731 ne
2988 3677 3036 3730 si
3082 3691 3354 3747 prospera
3405 3674 3760 3746 contingant,
3781 3673 3852 3726 in-

2177 3777 2367 3829 colatu
2407 3769 2706 3844 praesentis
2746 3766 2938 3822 saeculi
2971 3765 3061 3819 vel
3110 3764 3291 3819 exsilii
3339 3763 3640 3830 delectata,
3687 3762 3854 3816 minus

2180 3864 2250 3918 ad
2280 3862 2569 3916 caelestem
2598 3857 2845 3928 suspiret
2876 3854 3142 3925 patriam.

2250 3951 2550 4021 Synagoga
2577 3944 2966 4015 congregatio,
3023 3942 3175 4014 quod
3217 3946 3273 3996 et
3295 3939 3549 4012 lapidum
3585 3956 3601 3995 :
3636 3938 3858 3994 Ecclesia

2179 4037 2532 4102 convocatio,
2561 4035 2715 4106 quod
2761 4032 3210 4086 rationabilium.
3246 4031 3492 4100 Utraque
3527 4034 3722 4083 autem
3754 4029 3857 4082 haec

2178 4127 2364 4200 portio
2391 4126 2681 4197 justorum
2730 4123 2790 4177 in
2823 4123 3023 4176 eadem
3067 4120 3177 4175 ﬁde
3229 4119 3434 4174 Christi
3479 4123 3536 4172 et
3568 4119 3858 4173 dilectione

2182 4214 2416 4271 diversis
2436 4211 2807 4282 temporibus,
2843 4210 2940 4263 illa
2985 4205 3365 4278 exspectando
3407 4210 3743 4274 venturum,
3770 4205 3858 4256 ista

2181 4301 2544 4372 suscipiendo
2565 4303 2932 4371 prmsentem,
2989 4312 3218 4351 consors
3275 4295 3470 4349 effecta
3517 4300 3626 4349 est.
3671 4295 3858 4350 Omnes

2179 4394 2389 4444 animae
2419 4388 2725 4453 motiones,
2757 4384 3150 4441 universitatis
3189 4383 3450 4438 conditor
3482 4383 3636 4437 Deus
3675 4380 3858 4436 creavit

2179 4478 2247 4532 ad
2279 4477 2496 4532 bonum
2529 4492 2542 4532 :
2579 4475 2676 4530 sed
2730 4491 2838 4529 usu
2866 4477 3061 4528 nostro
3121 4488 3267 4541 saepe
3300 4471 3383 4536 fit,
3417 4477 3482 4524 ut
3510 4487 3608 4524 res
3626 4487 3754 4542 quae
3779 4482 3861 4539 per

2179 4572 2442 4622 naturam
2463 4566 2628 4620 boum
2650 4567 2802 4630 sunt,
2825 4563 2962 4617 dum
2991 4561 3138 4615 male
3188 4559 3278 4614 his
3325 4559 3647 4627 abutimur,
3682 4574 3779 4612 nos
3804 4554 3858 4607 ad

2178 4659 2473 4727 peccatum
2499 4653 2782 4709 deducant
2834 4653 2991 4706 Unus
3055 4667 3123 4704 ex
3176 4649 3386 4702 animae
3435 4648 3697 4702 motibus
3721 4659 3861 4699 amor

2178 4747 2281 4810 est,
2317 4760 2431 4815 quo
2463 4743 2610 4798 bene
2635 4743 2856 4797 utimur
2885 4740 2932 4794 si
2963 4737 3304 4809 sapientiam
3342 4751 3629 4803 amemus,
3651 4741 3710 4790 et
3736 4733 3859 4787 veri-

2177 4838 2399 4887 tatem:
2442 4833 2581 4887 Male
2637 4836 2830 4885 autem
2877 4829 2923 4883 si
2978 4843 3213 4882 carnem
3266 4832 3365 4880 aut
3407 4821 3857 4895 sanguinem.Tu

2178 4921 2356 4992 igitur
2385 4925 2450 4975 ut
2473 4919 2786 4990 spiritualis
2817 4917 2951 4972 audi
2973 4915 3348 4987 spiritualiter
3390 4914 3682 4968 amatoria
3711 4910 3858 4964 verba

2178 5009 2381 5064 cantici
2413 5007 2651 5075 cantari,
2683 5011 2740 5061 et
2786 5005 2939 5061 disce
2991 5009 3214 5058 motum
3265 5003 3470 5058 animm
3500 5006 3622 5057 tuas
3652 5005 3706 5056 et
3728 5002 3859 5054 natu-

2178 5099 2313 5154 ralis
2341 5097 2550 5153 amoris
2575 5094 2905 5150 incendium
2936 5093 3004 5148 ad
3035 5093 3276 5150 meliora
3295 5091 3632 5147 transferre.

2785 5225 3008 5281 CAPUT
3047 5223 3339 5278 PRIMUM.

2254 5355 2421 5408 Vens.
2462 5356 2510 5408 ί.
2552 5384 2620 5393 -
2660 5353 2942 5410 Osculetur
2966 5364 3051 5405 me
3086 5349 3262 5403 osculo
3299 5347 3408 5401 oris
3439 5346 3549 5399 sui.
3582 5345 3705 5398 Vox
3742 5353 3856 5412 pre

2179 5443 2505 5497 cedentium
2553 5441 2864 5496 adventum
2919 5435 3126 5494 Christi
3177 5434 3275 5506 qui
3329 5437 3494 5488 orant
3538 5431 3611 5485 ad
3661 5436 3856 5502 patrem

2179 5530 2466 5604 sponsi,id
2501 5533 2586 5585 est
2613 5527 2840 5585 Christi.
2869 5527 2937 5583 In
2964 5523 3170 5582 mediis
3236 5521 3500 5595 precibus
3553 5519 3855 5576 exauditur.
