4020 6184
218 260 367 311 1129

1128 255 1372 310 GLOSSA
1407 209 1829 308 oaDINARlA.
1872 276 1940 287 —
1975 253 2323 311 CANTICUM
2374 256 2847 312 CANTICORUM.

3605 258 3740 312 H30

207 382 269 431 et
301 378 507 431 videns
536 391 811 447 sponsum
863 375 931 429 ad
980 374 1167 446 ipsum
1221 374 1511 445 loquitur:
1559 355 1787 434 Τδηεδι
1832 385 1921 425 me
1955 378 2000 427 Α
2039 391 2213 445 quem
2245 376 2441 430 venire
2484 376 2784 430 desiderat.
2840 378 2904 430 In
2934 376 3147 430 odorem
3202 380 3615 445 unguentorum.
3674 380 3739 432 ln

205 467 527 521 dulcedine
568 465 888 537 praesentia:
926 481 1042 518 suae
1104 481 1331 535 quama
1378 450 1678 534 prophetis
1726 460 1928 529 saepius

205 556 564 623 promissam
597 553 809 618 audivi,
846 559 901 606 et
941 553 1092 606 velut
1133 554 1389 605 osculum
1432 552 1698 615 atl‘ereus,
1754 550 1926 603 etiam

205 645 331 698 mei
362 646 480 697 oris
504 648 779 696 attactum
829 641 1131 712 suscipiat;
1192 641 1250 695 id
1311 646 1414 707 est,
1469 642 1926 709 interrogantem

207 749 308 786 me
342 733 415 787 de
442 732 530 786 via
561 731 759 784 salutis
789 730 1001 793 audiat,
1041 736 1097 783 et
1142 734 1386 801 utraque
1451 745 1631 783 unum
1688 729 1922 797 faciens,

204 822 483 874 osculum
508 821 661 889 pacis
688 819 905 872 afferat.
952 818 1207 872 Osculari
1254 835 1357 889 pro
1415 818 1701 889 paciﬁcari
1750 818 1923 889 poni-

204 914 330 976 tur,
367 909 438 963 ad
460 908 897 962 similitudinem
934 908 1163 961 illorum
1195 909 1293 977 qui
1317 914 1553 977 propter
1582 907 1923 961 discordiam

203 1014 239 1051 ει
270 997 535 1052 dominis
568 996 684 1049 suis
706 1001 1082 1057 recesserunt,
1106 995 1200 1048 sed
1234 996 1537 1049 redeuntes
1588 1011 1645 1049 se
1681 995 1922 1049 invicem

206 1088 571 1151 osculantur,
630 1091 687 1138 et
744 1085 992 1154 perfecte
1049 1082 1444 1154 paciﬁcantur,
1502 1084 1580 1137 sic
1621 1084 1924 1153 Synagoga

206 1191 406 1246 genus
460 1176 781 1227 humanum
843 1189 876 1226 a
932 1174 1043 1226 Deo
1100 1189 1204 1242 per
1260 1177 1553 1241 peccatum
1612 1179 1918 1238 remotum,

206 1269 383 1333 optat
411 1262 765 1316 reconciliari
794 1277 899 1330 per
927 1261 1377 1314 incarnationem
1418 1260 1563 1313 Filii.
1596 1260 1742 1323 Quot
1771 1276 1919 1329 pra:-

206 1355 387 1419 cepta
417 1366 482 1403 ex
520 1349 642 1419 ejus
674 1348 1083 1418 praedicatione
1117 1348 1425 1418 cognoscit,
1461 1348 1622 1419 quasi
1663 1353 1745 1401 tot
1804 1348 1920 1400 oris

208 1439 344 1508 ejus
378 1438 569 1491 oscula
616 1437 869 1506 suscipit.
912 1436 1186 1506 Loquitur
1233 1451 1424 1489 amore
1471 1435 1735 1500 amantis,
1792 1452 1919 1505 quae

208 1544 339 1598 pra:
391 1527 613 1580 fervore
664 1525 981 1580 dilectionis
1011 1525 1269 1578 ordinem
1321 1525 1595 1594 loquendi
1629 1540 1743 1577 non
1773 1526 1921 1576 valet

211 1616 545 1668 observare.
579 1615 735 1667 Sicut
759 1615 909 1666 enim
937 1613 996 1666 in
1043 1614 1207 1666 oculo
1236 1613 1349 1665 duo
1396 1629 1637 1682 corpora
1695 1612 1919 1666 diversa

202 1705 569 1773 junguntur,
603 1703 683 1755 sic
712 1703 771 1755 in
804 1702 1199 1755 incarnatione
1250 1701 1373 1754 Filii
1403 1702 1529 1754 duae
1585 1702 1918 1754 substantiae

212 1791 543 1846 divinitatis
575 1797 632 1844 et
670 1790 1045 1843 humanitatis
1086 1790 1313 1858 penitus
1345 1790 1582 1841 diversa}
1630 1790 1922 1858 insepara-

213 1881 324 1933 bili
411 1880 815 1948 conjunctione
891 1879 1190 1931 liniuntur.
1244 1879 1470 1932 Meliora
1536 1884 1678 1931 sunt.
1740 1879 1923 1931 Ubera

210 1969 420 2038 sponsi
454 1969 660 2021 Christi
693 1968 968 2031 nominat,
1008 1967 1160 2036 quod
1200 1966 1476 2019 muliebre
1534 1972 1635 2032 est,
1669 1967 1741 2019 'ut
1797 1966 1919 2035 ipso

212 2057 493 2110 carminis
524 2055 989 2123 initioligurate
1055 2070 1113 2107 se
1171 2054 1331 2123 loqui
1391 2054 1733 2107 manifestet.
1791 2054 1920 2107 Ideo

214 2146 484 2199 desidero
527 2144 786 2207 osculun,
843 2143 995 2213 quod
1033 2148 1114 2195 est
1165 2142 1337 2195 etiam
1378 2142 1696 2211 redemptio
1757 2157 1920 2208 mea;

215 2235 362 2305 quia
410 2233 815 2287 instructiones
870 2238 1002 2295 tum,
1035 2246 1162 2301 quae
1195 2240 1327 2284 sunt
1360 2232 1442 2283 Iac
1486 2236 1543 2284 et
1573 2231 1923 2284 nutrimenta

216 2339 560 2393 puerorum,
594 2328 729 2375 sunt
776 2322 1041 2375 meliores
1100 2320 1226 2373 aliis
1275 2319 1566 2386 doctrinis,
1629 2335 1756 2389 quae
1804 2334 1921 2371 non

217 2411 439 2475 fovent,
468 2411 565 2463 sed
597 2410 864 2463 occidunt
896 2410 1182 2480 simplices
1217 2425 1229 2461 :
1287 2408 1433 2461 sicut
1472 2406 1667 2461 vinum
1725 2412 1924 2461 enecat

218 2499 516 2569 parvulos.
543 2499 976 2569 Unguentorum
1008 2496 1279 2551 odoribus
1311 2495 1506 2566 opinio
1537 2497 1679 2550 solet
1708 2495 1922 2564 signari

218 2588 521 2640 virtutum.

298 2676 467 2729 Vens.
529 2677 582 2728 2.
642 2706 707 2713 —
762 2674 946 2730 Oleum
1016 2674 1244 2742 effusum
1318 2689 1506 2727 nomen
1562 2676 1731 2727 tuum.
1791 2673 1922 2727 ldeo

221 2763 402 2818 etiam
456 2763 715 2817 desidero
772 2763 1053 2827 osculum,
1128 2762 1262 2832 quia
1336 2777 1551 2815 nomen
1618 2766 1781 2815 tuum
1839 2766 1923 2815 est

222 2853 442 2918 oleum,
473 2856 585 2905 etc.
616 2851 869 2920 Sponsus
889 2869 920 2905 a
950 2856 1109 2921 patre
1131 2851 1199 2905 ad
1223 2866 1488 2921 sponsam
1512 2850 1665 2904 venit
1696 2854 1917 2917 unctus,

224 2947 287 2995 ut
318 2946 375 2994 et
404 2956 669 3011 sponsam
700 2945 897 3009 ungat.
932 2944 976 2993 A
1017 2940 1263 2993 chrisma
1292 2939 1555 3004 christus,
1617 2938 1669 2991 id
1702 2943 1801 3002 est,
1851 2938 1919 2991 ab

222 3028 496 3083 unctione
521 3032 753 3091 unctu‘s;
807 3027 961 3097 quod
982 3043 1189 3081 nomen
1223 3043 1324 3097 per
1376 3027 1619 3094 gratiam
1677 3026 1920 3096 Spiritus

225 3118 407 3172 sancti
461 3118 523 3170 in
610 3116 952 3186 baptismate
1006 3116 1264 3170 funditur
1309 3116 1367 3168 in
1418 3119 1649 3168 cunctos
1702 3114 1916 3168 ﬁdeles.

227 3205 489 3260 Nondum
522 3221 756 3275 possum
785 3204 1031 3274 teipsum
1064 3203 1351 3272 amplecti,
1384 3218 1593 3255 nomen
1624 3205 1785 3255 tuum
1830 3200 1919 3253 in-

227 3300 383 3347 terea
414 3311 480 3347 ex
528 3292 813 3347 desiderio
846 3292 927 3344 tui
1000 3308 1221 3345 mecum
1272 3290 1649 3360 pernoctahit.
1704 3290 1920 3343 Nomen

225 3384 358 3437 Jesu
396 3382 551 3437 venit
581 3382 639 3435 in
672 3381 977 3449 mundum,
1008 3386 1063 3433 et
1102 3379 1290 3433 statim
1322 3379 1680 3449 praedicatur.
1737 3379 1922 3431 Oleum

229 3471 475 3539 effusum,
536 3471 593 3523 id
652 3475 757 3533 est,
824 3468 882 3522 in
931 3469 1195 3521 universa
1244 3471 1396 3521 terra
1446 3467 1653 3521 Christi
1710 3482 1921 3520 nomen

230 3558 600 3629 praedicatur}
636 3573 790 3611 nunc
819 3557 992 3626 Moysi
1021 3572 1228 3610 nomen
1259 3555 1491 3609 auditur
1523 3555 1583 3608 in
1633 3555 1920 3625 gentibus,

229 3649 379 3718 quod
436 3647 595 3716 prius
655 3647 865 3700 Juda'aa
913 3650 1133 3698 tantum
1188 3643 1560 3697 claudebatur
1623 3644 1920 3714 angustiis.

229 3737 350 3791 Ideo
402 3737 805 3789 adolescentulz
848 3735 1155 3789 dilexerunt
1206 3738 1272 3788 te.
1322 3734 1443 3786 Haec
1509 3731 1723 3797 dicens,
1781 3732 1922 3785 ado-

225 3825 567 3879 lescentulas
592 3823 887 3893 conspicit,
917 3838 1044 3892 quae
1075 3822 1210 3875 dum
1234 3822 1394 3892 prius
1426 3822 1777 3890 loqueretur,
1810 3835 1923 3872 non

225 3914 487 3978 aderant,
539 3913 634 3966 sed
666 3913 725 3965 in
781 3912 1042 3981 precibus
1096 3910 1301 3964 mediis
1352 3908 1671 3978 ingreditur
1702 3908 1924 3961 adoles-

225 4003 587 4056 centularum
654 4001 858 4053 chorus
912 4004 969 4052 et
1049 4015 1273 4068 sponsa:
1342 3997 1606 4050 laudatur
1662 3996 1922 4066 eloquiis.

227 4090 517 4145 Universae
544 4089 827 4153 Ecclesiae,
870 4104 999 4158 quae
1042 4103 1217 4140 unam
1249 4085 1584 4139 catholicam
1623 4085 1925 4138 Ecclesiam

2039 464 2495 519 consideratione
2527 465 2957 518 miraculorum.
3003 465 3317 519 Introduxit
3346 481 3427 518 me
3448 481 3565 533 rem,
3630 472 3734 521 etc.

2039 552 2255 622 Sponsa
2314 553 2370 605 in
2418 554 2709 623 penetrale
2770 552 2964 622 sponsi
3014 552 3271 622 ingressa
3330 554 3638 607 revertitur
3665 555 3736 609 ad

2030 640 2389 709 juvenculas,
2443 646 2499 694 et
2551 642 2775 694 nuntiat
2807 641 2917 694 illis
2951 657 2963 694 :
3010 642 3325 695 Introduxit
3354 658 3455 698 mc.
3490 642 3587 695 Vel
3636 659 3738 713 per

2037 744 2195 797 spem
2231 730 2287 781 in
2347 735 2621 782 aeternam
2666 729 3083 783 beatitudinem
3111 729 3355 793 induxit,
3412 731 3735 801 pluraliter,

2035 832 2139 885 pro
2172 818 2504 871 omnimoda
2555 819 2835 871 bonorum
2876 818 3057 886 copia,
3116 818 3273 888 quasi
3300 818 3422 887 jam
3478 819 3734 873 dulcedi-

2035 921 2168 958 nem
2219 907 2379 973 regni
2435 908 2676 960 coelestis
2743 906 3038 977 prtelibavi
3083 923 3211 977 quae
3267 907 3410 960 mihi
3467 908 3526 961 in
3579 910 3736 962 caelis

2034 998 2231 1063 parata
2285 999 2435 1061 sunt,
2490 995 2613 1065 ipso
2666 995 2949 1047 revelante
3011 996 3300 1065 cognovi:
3355 1011 3601 1066 moxque
3658 999 3731 1051 ad

2032 1099 2160 1135 eum
2194 1100 2483 1149 conversa,
2520 1083 2617 1153 qui
2645 1083 2751 1137 sibi
2789 1084 2892 1137 hoc
2922 1083 3152 1150 revelat,
3208 1083 3419 1153 gratias
3459 1084 3579 1153 agit
3621 1101 3728 1155 pro

2033 1172 2341 1225 beneficiis.
2377 1172 2629 1236 Quatuor
2686 1177 2817 1225 sunt
2870 1171 2927 1225 in
2961 1174 3179 1226 domo:
3226 1178 3410 1241 porta,
3462 1189 3729 1227 ascensus

2030 1260 2366 1325 triclinium,
2400 1260 2745 1313 cubiculum.
2782 1261 2888 1313 Per
2917 1266 3163 1330 portam,
3198 1259 3371 1313 fidem
3409 1275 3422 1313 :
3468 1276 3573 1330 per
3636 1278 3728 1313 as-

2029 1364 2285 1415 censum,
2320 1364 2480 1418 spem
2512 1365 2525 1401 :
2558 1366 2662 1420 per
2687 1348 2999 1401 triclinium
3030 1348 3364 1401 charitatem
3393 1367 3409 1401 :
3473 1364 3577 1418 per
3624 1366 3727 1403 cu-

2028 1436 2303 1502 biculum,
2341 1438 2521 1505 ipsam
2552 1438 2968 1491 beatitudinem
3006 1437 3404 1505 intelligimus.
3461 1438 3729 1491 Exsulta-

2030 1526 2201 1579 bimus
2219 1531 2268 1579 et
2298 1526 2619 1579 (iactabimur.
2661 1526 2829 1589 Quasi
2861 1527 3076 1579 diceret
3105 1542 3117 1578 :
3180 1526 3301 1578 Non
3343 1526 3411 1579 de
3445 1526 3728 1595 perceptis

2032 1613 2364 1665 muneribus
2388 1612 2491 1682 ipsi
2535 1630 2634 1665 nos
2665 1614 3008 1678 extollimus,
3035 1615 3129 1666 sed
3159 1618 3210 1666 te
3246 1630 3257 1666 :
3297 1630 3580 1666 memores
3628 1630 3730 1683 per

2035 1702 2210 1754 onnia
2238 1707 2453 1771 quanta
2494 1702 2705 1768 pietate
2747 1702 3139 1754 austeritatem
3186 1702 3347 1770 legis,
3383 1703 3565 1769 gratia
3596 1703 3731 1755 lldei

2034 1792 2375 1858 evangeliczr
2409 1791 2673 1860 mitigare
2715 1791 2979 1860 dignatus
3011 1807 3068 1842 es
3101 1807 3113 1843 :
3149 1790 3276 1843 ideo
3310 1808 3423 1843 non
3455 1792 3511 1843 in
3539 1792 3726 1857 nobis,

2032 1879 2126 1930 sed
2160 1878 2221 1929 in
2252 1883 2304 1931 te
2336 1877 2770 1946 exsultabimus,
2803 1878 2938 1948 quia
2971 1879 3106 1931 recti
3139 1895 3340 1931 omnes
3367 1879 3613 1949 diligunt
3645 1868 3723 1945 te,

2032 1970 2085 2018 et
2144 1981 2316 2033 super
2374 1965 2567 2018 omnia
2612 1966 2967 2035 diligendum
3001 1967 3339 2020 didicerunt.
3390 1967 3606 2021 Rursus
3666 1969 3725 2022 in

2033 2055 2322 2124 penetrale
2350 2070 2557 2123 sponsa
2590 2054 2862 2122 ingressa,
2896 2056 3353 2121 adolescentulos,
3386 2056 3524 2109 dum
3572 2056 3726 2110 illius

2032 2143 2438 2211 praestolamur
2464 2142 2790 2206 adventum,
2823 2143 2948 2195 laete
2988 2143 3297 2196 concinunt
3351 2160 3454 2214 pro
3501 2161 3726 2214 sponsae

2029 2230 2397 2299 perfectione.
2436 2232 2690 2283 Memores
2720 2230 2961 2283 uberum.
3009 2232 3073 2284 Et
3126 2235 3271 2286 Recti
3316 2233 3579 2301 diligunt,
3650 2235 3723 2287 ad

2033 2335 2254 2388 sponsae
2294 2318 2852 2371 commendationem
2896 2318 3159 2390 refertur.
3192 2322 3446 2374 Memores
3505 2322 3726 2375 uberum

2033 2413 2138 2461 etc.
2176 2408 2275 2460 llla
2309 2407 2460 2477 (quae
2490 2407 2674 2474 major
2701 2407 2803 2476 est)
2848 2407 2968 2475 jam
3000 2411 3233 2461 tuorum
3292 2409 3435 2461 lacte
3481 2409 3722 2462 uberum

2033 2494 2362 2565 perfruitur.
2398 2495 2510 2547 Nos
2541 2510 2772 2564 quoque
2826 2511 2939 2548 non
2975 2495 3205 2565 quidem
3254 2495 3567 2566 diligimus,
3630 2498 3725 2551 sed

2032 2584 2365 2653 diligemus.
2413 2583 2628 2637 Deinde
2676 2585 2990 2653 loquuntur
3017 2584 3083 2636 ad
3117 2600 3414 2654 sponsum,
3449 2586 3606 2638 Recti
3636 2585 3724 2638 di-

2031 2673 2206 2738 ligunt
2238 2678 2303 2726 te.
2365 2673 2543 2738 Recti,
2601 2689 2801 2725 omnes
2856 2674 2954 2742 qui
2996 2678 3128 2726 sunt
3159 2672 3295 2726 recti
3326 2672 3496 2725 corde
3554 2689 3727 2742 super

2030 2762 2220 2817 omnia
2251 2766 2305 2814 te
2336 2761 2604 2830 diligunt,
2642 2776 2745 2813 nec
2788 2760 2924 2813 recti
2947 2760 3198 2830 suntqui
3228 2765 3326 2813 tuo
3389 2759 3569 2813 amori
3619 2761 3725 2814 ali-

2029 2851 2168 2922 quid
2217 2854 2581 2921 przeponunt,
2628 2865 2660 2901 a
2688 2865 2801 2919 quo
2840 2849 2959 2901 solo
2990 2848 3201 2901 habent
3261 2847 3542 2919 quidquid
3585 2848 3725 2901 boni

2029 2940 2261 2993 habent.
2296 2938 2453 2992 Recti
2505 2938 2760 3003 diligunt.
2798 2938 3028 2991 Frustra
3082 2953 3141 2990 se
3198 2937 3551 2990 conditorem
3600 2936 3727 2990 dili-

2027 3044 2161 3098 gere
2201 3027 2460 3091 credunt,
2512 3026 2612 3096 qui
2663 3025 2784 3094 ejus
2843 3027 3063 3078 monita
3108 3029 3505 3079 contemnunt.
3582 3026 3720 3079 Vere

2022 3116 2180 3186 justi,
2242 3131 2347 3170 nec
2410 3119 2561 3181 actu,
2636 3131 2740 3168 nec
2798 3114 3071 3185 cogitatu,
3133 3130 3235 3167 nec
3309 3114 3457 3167 dicto
3538 3114 3719 3167 Deum

2028 3205 2265 3259 violant.

2100 3294 2257 3347 Vens.
2384 3291 2649 3359 —Nigra
2669 3306 2807 3345 sum.
2850 3291 3161 3360 Postquam
3206 3289 3449 3344 Ecclesia
3496 3290 3555 3344 in
3604 3289 3723 3344 cel-

2030 3383 2171 3438 laria
2195 3388 2280 3437 est
2327 3382 2624 3453 perducta,
2679 3396 2780 3451 per
2818 3380 3209 3450 cognitionem
3266 3380 3476 3434 scilicet
3530 3386 3587 3434 et
3623 3394 3727 3451 per

2030 3488 2189 3542 spem
2220 3470 2542 3524 futurorum
2560 3468 2863 3533 bonorum,
2892 3469 3197 3538 postquam
3220 3483 3350 3520 eum
3384 3473 3535 3521 recto
3559 3468 3726 3522 corde

2030 3559 2292 3629 diligere,
2345 3563 2402 3611 et
2449 3556 2508 3610 in
2560 3556 2683 3625 ejus
2730 3556 2914 3625 gratia
2990 3555 3240 3625 gaudere
3289 3555 3508 3621 didicit,
3556 3560 3729 3609 restat

2032 3648 2352 3715 ostendere,
2381 3646 2531 3717 quod
2574 3662 2677 3717 pro
2716 3661 2910 3699 amore
2940 3645 3096 3698 illius
3126 3649 3183 3697 et
3213 3661 3317 3714 pro
3349 3644 3727 3716 acquisitione

2032 3738 2336 3801 bonorum,
2388 3750 2517 3803 quae
2564 3732 2831 3803 gustavit,
2880 3736 3169 3786 certamen
3207 3731 3425 3798 subeat,
3483 3737 3539 3785 et
3591 3732 3727 3802 quid

2033 3823 2358 3878 afﬂictionis
2408 3823 2629 3880 toleret,
2681 3823 2870 3887 Nigra.
2944 3819 3115 3882 Quasi
3164 3819 3357 3872 dicat:
3392 3820 3731 3888 promittitis

2033 3930 2132 3966 vos
2164 3927 2387 3965 mecum
2434 3909 2633 3975 ituras,
2661 3914 2715 3961 et
2749 3911 2934 3978 potest
2960 3924 3059 3960 vos
3085 3906 3379 3960 tribulatio
3442 3908 3729 3962 deterrere

2034 4016 2206 4072 quam
2238 3999 2425 4069 patior
2456 4014 2469 4051 :
2504 3999 2599 4050 sed
2631 4013 2702 4050 ne
2734 3996 2987 4072 afﬂictio,
3025 4011 3128 4048 nec
3157 3994 3393 4049 infamia
3421 4013 3518 4050 vos
3550 3996 3733 4050 deter-

2036 4068 2219 4153 reant,
2242 4068 2384 4158 quia
2416 4087 2536 4140 haec
2564 4068 2839 4139 virtutum
2869 4083 3283 4137 formositatem
3313 4084 3630 4149 conferent,
3675 4088 3733 4138 et

228 4179 465 4243 faciunt,
500 4178 937 4231 adolescentulus
992 4181 1167 4230 sunt:
1199 4192 1311 4229 non
1365 4179 1599 4228 vetustte
1650 4188 1749 4245 per
1808 4172 1926 4226 cul—
1958 4171 2000 4224 D
2038 4182 2169 4249 post
2245 4191 2498 4229 amorem
2558 4178 2734 4227 restat
2812 4172 3091 4243 patientia
3143 4172 3214 4227 ad
3272 4172 3727 4243 experimentum

228 4266 509 4338 pam,sed
545 4266 784 4320 novella:
818 4282 919 4334 per
975 4257 1239 4334 gratiam,
1300 4279 1417 4317 non
1471 4261 1630 4316 senio
1687 4262 1923 4328 steriles,

229 4356 326 4409 sed
360 4358 525 4408 aetate
558 4353 762 4407 mentis
790 4353 861 4407 ad
906 4353 1260 4423 spiritualem
1294 4367 1562 4422 congruas
1607 4350 1927 4404 fecundita-

230 4451 371 4499 tem.
408 4444 475 4496 Et
503 4442 638 4513 quia
666 4444 793 4496 oleo
821 4448 933 4495 tua:
960 4447 1161 4511 gratiae
1213 4456 1416 4493 omnes
1456 4441 1679 4494 dolores
1735 4438 1927 4492 crimi-

227 4548 372 4587 num
408 4530 709 4595 evacuasti,
740 4531 861 4584 Ideo
881 4529 1310 4588 adolescentulw.
1348 4533 1453 4581 etc.

302 4621 464 4673 νεεδ.
499 4622 549 4673 3.
585 4648 651 4659 -
683 4618 857 4672 Trahe
900 4633 982 4670 me
1010 4623 1128 4686 post
1154 4622 1219 4670 te.
1278 4614 1649 4685 Respondent
1704 4614 1927 4667 adoles-

230 4708 479 4764 centulaa
514 4727 526 4761 ι
566 4709 741 4761 Trahe
757 4721 837 4759 me
859 4707 982 4774 post
1014 4711 1078 4759 te.
1124 4705 1343 4775 Sponsa
1372 4720 1485 4757 non
1506 4708 1635 4774 post
1700 4708 1930 4773 tergum

228 4797 510 4868 sequitur,
538 4795 635 4849 sed
651 4794 841 4865 sponsi
861 4792 1257 4863 junctalateri,
1280 4792 1511 4845 famulae
1539 4795 1666 4862 post
1690 4806 1813 4845 eam
1841 4791 1929 4844 in-

229 4886 597 4957 grediuntur.
660 4884 833 4937 Trahe
854 4898 934 4936 me
958 4888 1080 4952 post
1113 4888 1181 4936 te.
1217 4883 1521 4951 Hucusque
1568 4896 1677 4933 vox
1728 4895 1931 4950 exspe—

226 4973 511 5027 ctantium
551 4968 1006 5024 incarnationem
1056 4968 1379 5033 Salvatoris,
1435 4973 1491 5020 et
1542 4967 1693 5021 dona
1750 4966 1931 5038 ipsius

226 5059 756 5116 commendantium
787 5076 800 5111 :
839 5059 973 5112 hinc
1003 5058 1358 5112 subinfertur
1385 5071 1493 5111 vox
1519 5056 1770 5120 illorum,
1823 5056 1923 5126 qui

227 5154 361 5220 post
390 5152 655 5218 tempora
691 5147 1103 5201 incarnationis
1134 5147 1199 5200 ad
1261 5146 1431 5199 ﬁdem
1468 5150 1767 5198 venerunt.
1834 5144 1934 5196 llla

227 5242 297 5293 ut
326 5238 568 5302 veniret,
598 5242 655 5289 et
686 5236 943 5289 osculum
978 5235 1205 5288 otferret
1235 5234 1506 5303 rogabat;
1544 5233 1663 5285 haec
1715 5247 1833 5284 non
1864 5231 1933 5284 ad

227 5344 291 5381 se
341 5327 489 5379 ultra
539 5340 670 5378 eum
731 5323 1071 5378 descendere
1116 5323 1306 5377 taliter
1364 5322 1604 5391 ﬂagitat,
1664 5321 1757 5373 sed
1812 5320 1934 5390 ipsa

228 5417 427 5487 potius
458 5414 526 5468 ad
553 5414 723 5491 caelos
771 5412 933 5483 sequi
978 5412 1263 5465 desiderat
1293 5426 1306 5464 :
1341 5411 1493 5481 quod
1542 5410 1678 5481 quia
1733 5425 1838 5480 per
1870 5424 1935 5464 se

232 5520 356 5559 non
381 5519 546 5573 posse
582 5501 709 5556 ﬁeri
757 5500 1054 5572 conspicit,
1078 5501 1201 5571 ejus
1229 5500 1498 5555 ducatum
1523 5497 1815 5569 implorat,
1864 5499 1935 5554 ad

553 5609 823 5672 PATROL.
880 5608 1089 5671 CXlll.

2036 4265 2268 4321 amoris.
2305 4266 2500 4332 Nigra.
2530 4252 2748 4317 RurSus
2780 4260 3219 4315 adolescentulis
3260 4278 3465 4332 sponsa
3495 4278 3730 4332 respon-

2036 4355 2152 4420 det,
2175 4357 2231 4406 et
2256 4352 2447 4421 agitur
2495 4350 2563 4405 de
2596 4348 2895 4403 manifesta
2953 4350 3287 4403 tentatione.
3346 4351 3541 4417 Nigra.
3600 4350 3734 4403 Vilis

2036 4442 2267 4512 quidem
2298 4441 2357 4493 in
2397 4438 2573 4493 oculis
2599 4437 3064 4508 persequentium
3127 4454 3395 4508 appareo,
3456 4438 3550 4492 sed
3603 4444 3733 4491 ante

2038 4532 2219 4585 Deum
2249 4527 2501 4581 veritatis
2547 4526 2904 4580 confessione
2960 4526 3207 4595 gloriosa
3257 4526 3532 4597 refulgeo.
3585 4527 3736 4582 Sicut

2038 4618 2388 4672 tabernacula
2420 4615 2606 4671 Cedar.
2642 4614 2740 4667 Hic
2777 4616 2915 4668 sicut
2958 4612 3195 4683 ponitur
3251 4630 3366 4667 non
3424 4631 3527 4684 pro
3584 4613 3734 4667 veri-

2039 4709 2175 4770 tate,
2232 4704 2326 4757 sed
2361 4719 2463 4773 pro
2540 4701 2926 4755 zestimatione
2983 4699 3404 4770 insipientium,
3456 4699 3555 4770 qui
3609 4715 3735 4752 eam

2038 4796 2247 4863 putant
2276 4791 2564 4855 vitiorum,
2626 4789 2710 4842 vel
2773 4789 3096 4842 daemonum
3152 4787 3547 4854 mansionem;
3600 4790 3739 4841 sicut

2037 4881 2200 4949 pelles
2271 4878 2575 4932 Salomonis
2639 4875 2731 4929 hic
2788 4875 3024 4945 ponitur
3106 4890 3211 4944 pro
3261 4875 3513 4928 veritate.
3566 4875 3739 4931 Cedar

2043 4965 2299 5019 Ismaelis
2330 4965 2483 5018 ﬁlius
2527 4962 2655 5029 fuit,
2714 4963 2876 5032 cujus
2908 4976 3111 5014 manus
3158 4966 3356 5014 contra
3403 4977 3621 5029 omnes,
3684 4965 3741 5015 et

2041 5071 2246 5108 nanus
2268 5054 2525 5107 omnium
2560 5056 2759 5104 contra
2816 5065 2971 5116 eum,
3016 5049 3239 5102 nullum
3293 5049 3442 5102 inter
3480 5049 3740 5103 homines

2044 5144 2259 5197 habens
2312 5143 2521 5209 locum,
2568 5139 2663 5193 sed
2712 5140 2772 5192 in
2822 5139 3207 5193 tabernaculis
3239 5155 3342 5209 pro
3374 5137 3652 5208 nequitia,
3685 5142 3742 5190 et

2044 5232 2127 5285 ira
2183 5246 2410 5300 semper
2440 5228 2728 5282 habitans.
2789 5227 2879 5281 Sic
2926 5234 2984 5281 et
3030 5228 3171 5297 justi
3223 5244 3325 5297 pro
3357 5226 3571 5280 meritis
3626 5225 3743 5279 suis

2045 5319 2358 5373 creduntur
2388 5318 2592 5389 expelli
2621 5321 2678 5370 et
2721 5316 2918 5387 afﬂigi,
2971 5322 3026 5369 et
3056 5316 3217 5386 quasi
3239 5316 3430 5368 hostes
3478 5314 3739 5368 omnium

2038 5408 2375 5479 judicantur
2405 5425 2421 5459 :
2447 5404 2599 5459 unde
2629 5404 2858 5472 dicitur,
2903 5406 3088 5459 Erilis
3118 5404 3239 5458 odio
3270 5404 3515 5458 omnibus
3568 5404 3741 5457 homi-

2045 5497 2206 5552 nibus
2240 5500 2464 5565 pr0pter
2511 5510 2698 5557 nomen
2751 5510 2923 5549 meum
2956 5493 3168 5563 (Matth.
3228 5491 3306 5563 Χ).
3358 5492 3508 5548 Sicut
3554 5492 3737 5560 pedes.

3231 5604 3312 5662 36
