  <div class='ocr_page' id='page_1' title='image "/cluster/home/n/w/nwhite01/storage/ocr_20150623/113/hvd.32044054759782/571.png"; bbox 0 0 4020 6184; ppageno 0'>
   <div class='ocr_carea' id='block_1_1' title="bbox 433 252 556 304">
    <p class='ocr_par' dir='ltr' id='par_1_1' title="bbox 433 252 556 304">
     <span class='ocr_line' id='line_1_1' title="bbox 433 252 556 304; baseline 0.016 -2"><span class='ocrx_word' id='word_1_1' title='bbox 433 252 556 304; x_wconf 83' lang='grc'><strong>1131</strong></span> 
     </span>
    </p>
   </div>
   <div class='ocr_carea' id='block_1_2' title="bbox 1025 239 3244 304">
    <p class='ocr_par' dir='ltr' id='par_1_2' title="bbox 1025 239 3244 304">
     <span class='ocr_line' id='line_1_2' title="bbox 1025 239 3244 304; baseline -0.005 -2"><span class='ocrx_word' id='word_1_2' title='bbox 1025 247 1416 302; x_wconf 81' lang='lat' dir='ltr'>WALAFRIDI</span> <span class='ocrx_word' id='word_1_3' title='bbox 1456 247 1701 304; x_wconf 79' lang='lat' dir='ltr'>STRABI</span> <span class='ocrx_word' id='word_1_4' title='bbox 1745 249 1940 304; x_wconf 83' lang='lat' dir='ltr'>FULD.</span> <span class='ocrx_word' id='word_1_5' title='bbox 1986 249 2146 303; x_wconf 81' lang='grc' dir='ltr'><strong>ΜΟΝ.</strong></span> <span class='ocrx_word' id='word_1_6' title='bbox 2186 246 2336 302; x_wconf 85' lang='lat' dir='ltr'>OPP.</span> <span class='ocrx_word' id='word_1_7' title='bbox 2384 247 2556 300; x_wconf 79' lang='lat' dir='ltr'>PARS</span> <span class='ocrx_word' id='word_1_8' title='bbox 2599 246 2638 299; x_wconf 95' lang='grc' dir='ltr'><strong>Ι.</strong></span> <span class='ocrx_word' id='word_1_9' title='bbox 2683 273 2750 281; x_wconf 88' lang='grc'><strong>-</strong></span> <span class='ocrx_word' id='word_1_10' title='bbox 2789 239 3244 297; x_wconf 80' lang='lat' dir='ltr'>THEOLOGIGA.</span> 
     </span>
    </p>
   </div>
   <div class='ocr_carea' id='block_1_3' title="bbox 3731 245 3824 298">
    <p class='ocr_par' dir='ltr' id='par_1_3' title="bbox 3731 245 3824 298">
     <span class='ocr_line' id='line_1_3' title="bbox 3731 245 3824 298; baseline 0.032 -3"><span class='ocrx_word' id='word_1_11' title='bbox 3731 245 3824 298; x_wconf 70' lang='lat' dir='ltr'>H3!</span> 
     </span>
    </p>
   </div>
   <div class='ocr_carea' id='block_1_4' title="bbox 426 363 3828 441">
    <p class='ocr_par' dir='ltr' id='par_1_4' title="bbox 426 363 3828 441">
     <span class='ocr_line' id='line_1_4' title="bbox 426 363 3828 441; baseline -0.002 -14"><span class='ocrx_word' id='word_1_12' title='bbox 426 370 669 427; x_wconf 84' lang='lat' dir='ltr'>Ecclesia</span> <span class='ocrx_word' id='word_1_13' title='bbox 700 369 758 423; x_wconf 90' lang='lat' dir='ltr'>in</span> <span class='ocrx_word' id='word_1_14' title='bbox 797 385 855 423; x_wconf 87' lang='lat' dir='ltr'>se</span> <span class='ocrx_word' id='word_1_15' title='bbox 887 369 1137 424; x_wconf 82' lang='lat' dir='ltr'>carnalia</span> <span class='ocrx_word' id='word_1_16' title='bbox 1181 369 1530 424; x_wconf 83' lang='lat' dir='ltr'>mortiﬁcans</span> <span class='ocrx_word' id='word_1_17' title='bbox 1581 369 1882 437; x_wconf 89' lang='lat' dir='ltr'>desideria,</span> <span class='ocrx_word' id='word_1_18' title='bbox 1913 376 1969 424; x_wconf 88' lang='lat' dir='ltr'>et</span> <span class='ocrx_word' id='word_1_19' title='bbox 2017 371 2113 426; x_wconf 88' lang='lat' dir='ltr'>de-</span> <span class='ocrx_word' id='word_1_20' title='bbox 2143 373 2189 424; x_wconf 82' lang='lat' dir='ltr'><strong>A</strong></span> <span class='ocrx_word' id='word_1_21' title='bbox 2228 369 2466 441; x_wconf 82' lang='lat' dir='ltr'>subripi.</span> <span class='ocrx_word' id='word_1_22' title='bbox 2530 367 2684 424; x_wconf 83' lang='lat' dir='ltr'><strong>Solet</strong></span> <span class='ocrx_word' id='word_1_23' title='bbox 2729 382 2922 421; x_wconf 91' lang='lat' dir='ltr'>rerum</span> <span class='ocrx_word' id='word_1_24' title='bbox 2982 363 3228 436; x_wconf 83' lang='lat' dir='ltr'>qualitas</span> <span class='ocrx_word' id='word_1_25' title='bbox 3271 379 3338 417; x_wconf 83' lang='lat' dir='ltr'>ex</span> <span class='ocrx_word' id='word_1_26' title='bbox 3390 365 3628 433; x_wconf 87' lang='lat' dir='ltr'>tempore</span> <span class='ocrx_word' id='word_1_27' title='bbox 3675 369 3828 421; x_wconf 82' lang='lat' dir='ltr'>notari.</span> 
     </span>
    </p>
   </div>
   <div class='ocr_carea' id='block_1_5' title="bbox 423 459 2113 528">
    <p class='ocr_par' dir='ltr' id='par_1_5' title="bbox 423 459 2113 528">
     <span class='ocr_line' id='line_1_5' title="bbox 423 459 2113 528; baseline -0.001 -14"><span class='ocrx_word' id='word_1_28' title='bbox 423 465 614 514; x_wconf 88' lang='lat' dir='ltr'>corata</span> <span class='ocrx_word' id='word_1_29' title='bbox 642 459 967 524; x_wconf 82' lang='lat' dir='ltr'>virtutibus,</span> <span class='ocrx_word' id='word_1_30' title='bbox 1000 475 1131 511; x_wconf 90' lang='lat' dir='ltr'>vero</span> <span class='ocrx_word' id='word_1_31' title='bbox 1163 459 1395 528; x_wconf 84' lang='lat' dir='ltr'>pacifico</span> <span class='ocrx_word' id='word_1_32' title='bbox 1435 459 1672 528; x_wconf 89' lang='lat' dir='ltr'>dignum</span> <span class='ocrx_word' id='word_1_33' title='bbox 1704 459 1770 513; x_wconf 82' lang='lat' dir='ltr'>fit</span> <span class='ocrx_word' id='word_1_34' title='bbox 1820 460 2113 514; x_wconf 87' lang='lat' dir='ltr'>habitacu-</span> 
     </span>
    </p>
   </div>
   <div class='ocr_carea' id='block_1_6' title="bbox 424 545 2112 618">
    <p class='ocr_par' dir='ltr' id='par_1_6' title="bbox 424 545 2112 618">
     <span class='ocr_line' id='line_1_6' title="bbox 424 545 2112 618; baseline -0.001 -17"><span class='ocrx_word' id='word_1_35' title='bbox 424 548 563 602; x_wconf 86' lang='lat' dir='ltr'>lum.</span> <span class='ocrx_word' id='word_1_36' title='bbox 607 545 736 598; x_wconf 83' lang='lat' dir='ltr'>ldeo</span> <span class='ocrx_word' id='word_1_37' title='bbox 768 561 896 600; x_wconf 88' lang='lat' dir='ltr'>caro</span> <span class='ocrx_word' id='word_1_38' title='bbox 928 545 1208 599; x_wconf 89' lang='lat' dir='ltr'>Dominici</span> <span class='ocrx_word' id='word_1_39' title='bbox 1227 546 1475 600; x_wconf 84' lang='lat' dir='ltr'>hominis</span> <span class='ocrx_word' id='word_1_40' title='bbox 1498 551 1729 600; x_wconf 81' lang='lat' dir='ltr'>vocatur</span> <span class='ocrx_word' id='word_1_41' title='bbox 1757 546 2112 618; x_wconf 44' lang='lat' dir='ltr'>pellis,&#39;quia</span> 
     </span>
    </p>
   </div>
   <div class='ocr_carea' id='block_1_7' title="bbox 423 635 2109 705">
    <p class='ocr_par' dir='ltr' id='par_1_7' title="bbox 423 635 2109 705">
     <span class='ocr_line' id='line_1_7' title="bbox 423 635 2109 705; baseline 0.001 -17"><span class='ocrx_word' id='word_1_42' title='bbox 423 635 566 688; x_wconf 84' lang='lat' dir='ltr'>sicut</span> <span class='ocrx_word' id='word_1_43' title='bbox 611 635 922 687; x_wconf 88' lang='lat' dir='ltr'>tentorium</span> <span class='ocrx_word' id='word_1_44' title='bbox 981 651 1152 704; x_wconf 83' lang='lat' dir='ltr'>super</span> <span class='ocrx_word' id='word_1_45' title='bbox 1195 635 1444 705; x_wconf 88' lang='lat' dir='ltr'>aliquem</span> <span class='ocrx_word' id='word_1_46' title='bbox 1498 635 1751 689; x_wconf 88' lang='lat' dir='ltr'>tenditur</span> <span class='ocrx_word' id='word_1_47' title='bbox 1779 652 1850 688; x_wconf 91' lang='lat' dir='ltr'>ne</span> <span class='ocrx_word' id='word_1_48' title='bbox 1909 654 1938 688; x_wconf 87' lang='lat' dir='ltr'>a</span> <span class='ocrx_word' id='word_1_49' title='bbox 1994 638 2109 690; x_wconf 89' lang='lat' dir='ltr'>sole</span> 
     </span>
    </p>
   </div>
   <div class='ocr_carea' id='block_1_8' title="bbox 422 721 2110 789">
    <p class='ocr_par' dir='ltr' id='par_1_8' title="bbox 422 721 2110 789">
     <span class='ocr_line' id='line_1_8' title="bbox 422 721 2110 789; baseline -0.001 -12"><span class='ocrx_word' id='word_1_50' title='bbox 422 729 642 789; x_wconf 89' lang='lat' dir='ltr'>uratur,</span> <span class='ocrx_word' id='word_1_51' title='bbox 676 723 752 774; x_wconf 91' lang='lat' dir='ltr'>ita</span> <span class='ocrx_word' id='word_1_52' title='bbox 777 738 906 775; x_wconf 91' lang='lat' dir='ltr'>caro</span> <span class='ocrx_word' id='word_1_53' title='bbox 949 722 1157 776; x_wconf 78' lang='lat' dir='ltr'>Christi</span> <span class='ocrx_word' id='word_1_54' title='bbox 1186 721 1246 775; x_wconf 88' lang='lat' dir='ltr'>in</span> <span class='ocrx_word' id='word_1_55' title='bbox 1277 739 1443 776; x_wconf 82' lang='lat' dir='ltr'><strong>cruce</strong></span> <span class='ocrx_word' id='word_1_56' title='bbox 1498 727 1729 777; x_wconf 84' lang='lat' dir='ltr'>extensa</span> <span class='ocrx_word' id='word_1_57' title='bbox 1786 724 1890 777; x_wconf 86' lang='lat' dir='ltr'>fuit</span> <span class='ocrx_word' id='word_1_58' title='bbox 1946 725 2110 778; x_wconf 89' lang='lat' dir='ltr'>nobis</span> 
     </span>
    </p>
   </div>
   <div class='ocr_carea' id='block_1_9' title="bbox 423 808 1102 864">
    <p class='ocr_par' dir='ltr' id='par_1_9' title="bbox 423 808 1102 864">
     <span class='ocr_line' id='line_1_9' title="bbox 423 808 1102 864; baseline -0.001 -1"><span class='ocrx_word' id='word_1_59' title='bbox 423 810 781 864; x_wconf 90' lang='lat' dir='ltr'>obumbratio</span> <span class='ocrx_word' id='word_1_60' title='bbox 815 808 1102 862; x_wconf 89' lang='lat' dir='ltr'>vitiorum.</span> 
     </span>
    </p>
   </div>
   <div class='ocr_carea' id='block_1_10' title="bbox 493 899 2108 954">
    <p class='ocr_par' dir='ltr' id='par_1_10' title="bbox 493 899 2108 954">
     <span class='ocr_line' id='line_1_10' title="bbox 493 899 2108 954; baseline 0.001 -4"><span class='ocrx_word' id='word_1_61' title='bbox 493 901 654 952; x_wconf 76' lang='lat' dir='ltr'>Vsas.</span> <span class='ocrx_word' id='word_1_62' title='bbox 681 902 729 952; x_wconf 90' lang='lat'>5.</span> <span class='ocrx_word' id='word_1_63' title='bbox 761 929 828 937; x_wconf 92' lang='lat'>-—</span> <span class='ocrx_word' id='word_1_64' title='bbox 860 900 1197 952; x_wconf 81' lang='lat' dir='ltr'>Decoloravit</span> <span class='ocrx_word' id='word_1_65' title='bbox 1223 915 1305 952; x_wconf 86' lang='lat' dir='ltr'>me</span> <span class='ocrx_word' id='word_1_66' title='bbox 1334 900 1432 952; x_wconf 87' lang='lat' dir='ltr'>sol.</span> <span class='ocrx_word' id='word_1_67' title='bbox 1455 899 1596 953; x_wconf 91' lang='lat' dir='ltr'>Solis</span> <span class='ocrx_word' id='word_1_68' title='bbox 1617 905 1877 953; x_wconf 88' lang='lat' dir='ltr'>esturere</span> <span class='ocrx_word' id='word_1_69' title='bbox 1899 905 1953 953; x_wconf 91' lang='lat' dir='ltr'>et</span> <span class='ocrx_word' id='word_1_70' title='bbox 1973 901 2108 954; x_wconf 81' lang='lat' dir='ltr'>illii-</span> 
     </span>
    </p>
   </div>
   <div class='ocr_carea' id='block_1_11' title="bbox 421 984 2110 1056">
    <p class='ocr_par' dir='ltr' id='par_1_11' title="bbox 421 984 2110 1056">
     <span class='ocr_line' id='line_1_11' title="bbox 421 984 2110 1056; baseline 0.001 -18"><span class='ocrx_word' id='word_1_71' title='bbox 421 985 664 1048; x_wconf 84' lang='lat' dir='ltr'>minare,</span> <span class='ocrx_word' id='word_1_72' title='bbox 699 984 777 1037; x_wconf 91' lang='lat' dir='ltr'>sic</span> <span class='ocrx_word' id='word_1_73' title='bbox 807 998 971 1039; x_wconf 80' lang='lat' dir='ltr'>verus</span> <span class='ocrx_word' id='word_1_74' title='bbox 1003 985 1085 1037; x_wconf 93' lang='lat' dir='ltr'>sol</span> <span class='ocrx_word' id='word_1_75' title='bbox 1145 985 1394 1038; x_wconf 85' lang='lat' dir='ltr'>exterius</span> <span class='ocrx_word' id='word_1_76' title='bbox 1425 1002 1557 1038; x_wconf 92' lang='lat' dir='ltr'>suos</span> <span class='ocrx_word' id='word_1_77' title='bbox 1614 986 2110 1056; x_wconf 80' lang='lat' dir='ltr'>persecutionibus</span> 
     </span>
    </p>
   </div>
   <div class='ocr_carea' id='block_1_12' title="bbox 421 1073 2103 1134">
    <p class='ocr_par' dir='ltr' id='par_1_12' title="bbox 421 1073 2103 1134">
     <span class='ocr_line' id='line_1_12' title="bbox 421 1073 2103 1134; baseline 0.001 -8"><span class='ocrx_word' id='word_1_78' title='bbox 421 1075 624 1134; x_wconf 82' lang='lat' dir='ltr'>evurit,</span> <span class='ocrx_word' id='word_1_79' title='bbox 657 1073 844 1127; x_wconf 86' lang='lat' dir='ltr'>dando</span> <span class='ocrx_word' id='word_1_80' title='bbox 878 1074 1023 1126; x_wconf 87' lang='lat' dir='ltr'>vires</span> <span class='ocrx_word' id='word_1_81' title='bbox 1047 1074 1344 1126; x_wconf 85' lang='lat' dir='ltr'>resistendi</span> <span class='ocrx_word' id='word_1_82' title='bbox 1373 1074 1679 1129; x_wconf 81' lang='lat' dir='ltr'>illuminat.</span> <span class='ocrx_word' id='word_1_83' title='bbox 1713 1076 1844 1129; x_wconf 82' lang='lat' dir='ltr'>Filii</span> <span class='ocrx_word' id='word_1_84' title='bbox 1890 1079 2103 1130; x_wconf 80' lang='lat' dir='ltr'>matris.</span> 
     </span>
    </p>
   </div>
   <div class='ocr_carea' id='block_1_13' title="bbox 423 1161 2112 1232">
    <p class='ocr_par' dir='ltr' id='par_1_13' title="bbox 423 1161 2112 1232">
     <span class='ocr_line' id='line_1_13' title="bbox 423 1161 2112 1232; baseline -0.001 -15"><span class='ocrx_word' id='word_1_85' title='bbox 423 1165 489 1217; x_wconf 85' lang='lat' dir='ltr'>Et</span> <span class='ocrx_word' id='word_1_86' title='bbox 519 1162 681 1232; x_wconf 88' lang='lat' dir='ltr'>quasi</span> <span class='ocrx_word' id='word_1_87' title='bbox 709 1161 778 1215; x_wconf 89' lang='lat' dir='ltr'>ad</span> <span class='ocrx_word' id='word_1_88' title='bbox 803 1161 1181 1231; x_wconf 88' lang='lat' dir='ltr'>objectionem</span> <span class='ocrx_word' id='word_1_89' title='bbox 1209 1162 1570 1216; x_wconf 79' lang='lat' dir='ltr'>infirmorum</span> <span class='ocrx_word' id='word_1_90' title='bbox 1590 1163 1972 1218; x_wconf 90' lang='lat' dir='ltr'>dubitantium</span> <span class='ocrx_word' id='word_1_91' title='bbox 1999 1181 2112 1217; x_wconf 87' lang='lat' dir='ltr'>res-</span> 
     </span>
    </p>
   </div>
   <div class='ocr_carea' id='block_1_14' title="bbox 419 1250 2107 1320">
    <p class='ocr_par' dir='ltr' id='par_1_14' title="bbox 419 1250 2107 1320">
     <span class='ocr_line' id='line_1_14' title="bbox 419 1250 2107 1320; baseline 0.001 -16"><span class='ocrx_word' id='word_1_92' title='bbox 419 1250 676 1320; x_wconf 82' lang='lat' dir='ltr'>pendet:</span> <span class='ocrx_word' id='word_1_93' title='bbox 731 1250 989 1304; x_wconf 79' lang='lat' dir='ltr'>Ostendit</span> <span class='ocrx_word' id='word_1_94' title='bbox 1038 1252 1187 1304; x_wconf 91' lang='lat' dir='ltr'>unde</span> <span class='ocrx_word' id='word_1_95' title='bbox 1246 1251 1489 1320; x_wconf 79' lang='lat' dir='ltr'>primam</span> <span class='ocrx_word' id='word_1_96' title='bbox 1526 1258 1955 1320; x_wconf 84' lang='lat' dir='ltr'>persecuturum</span> <span class='ocrx_word' id='word_1_97' title='bbox 2013 1269 2107 1305; x_wconf 89' lang='lat' dir='ltr'>ra-</span> 
     </span>
    </p>
   </div>
   <div class='ocr_carea' id='block_1_15' title="bbox 419 1343 2110 1414">
    <p class='ocr_par' dir='ltr' id='par_1_15' title="bbox 419 1343 2110 1414">
     <span class='ocr_line' id='line_1_15' title="bbox 419 1343 2110 1414; baseline 0.001 -18"><span class='ocrx_word' id='word_1_98' title='bbox 419 1343 570 1397; x_wconf 87' lang='lat' dir='ltr'>biem</span> <span class='ocrx_word' id='word_1_99' title='bbox 597 1343 915 1412; x_wconf 79' lang='lat' dir='ltr'>pertulerit,</span> <span class='ocrx_word' id='word_1_100' title='bbox 949 1359 1079 1412; x_wconf 73' lang='lat' dir='ltr'>quas</span> <span class='ocrx_word' id='word_1_101' title='bbox 1119 1343 1346 1412; x_wconf 82' lang='lat' dir='ltr'>gravior</span> <span class='ocrx_word' id='word_1_102' title='bbox 1375 1348 1611 1414; x_wconf 82' lang='lat' dir='ltr'>apparet</span> <span class='ocrx_word' id='word_1_103' title='bbox 1642 1360 1743 1413; x_wconf 90' lang='lat' dir='ltr'>per</span> <span class='ocrx_word' id='word_1_104' title='bbox 1797 1344 1905 1398; x_wconf 89' lang='lat' dir='ltr'>hoc</span> <span class='ocrx_word' id='word_1_105' title='bbox 1957 1344 2110 1414; x_wconf 91' lang='lat' dir='ltr'>quod</span> 
     </span>
    </p>
   </div>
   <div class='ocr_carea' id='block_1_16' title="bbox 421 1430 2112 1501">
    <p class='ocr_par' dir='ltr' id='par_1_16' title="bbox 421 1430 2112 1501">
     <span class='ocr_line' id='line_1_16' title="bbox 421 1430 2112 1501; baseline 0.002 -18"><span class='ocrx_word' id='word_1_106' title='bbox 421 1448 452 1483; x_wconf 90' lang='lat' dir='ltr'>a</span> <span class='ocrx_word' id='word_1_107' title='bbox 485 1430 919 1484; x_wconf 87' lang='lat' dir='ltr'>contribulibus.</span> <span class='ocrx_word' id='word_1_108' title='bbox 957 1431 1110 1494; x_wconf 78' lang='lat' dir='ltr'>Filii,</span> <span class='ocrx_word' id='word_1_109' title='bbox 1175 1431 1231 1484; x_wconf 90' lang='lat' dir='ltr'>id</span> <span class='ocrx_word' id='word_1_110' title='bbox 1264 1436 1366 1499; x_wconf 89' lang='lat' dir='ltr'>est,</span> <span class='ocrx_word' id='word_1_111' title='bbox 1423 1432 1663 1501; x_wconf 85' lang='lat' dir='ltr'>apostoli</span> <span class='ocrx_word' id='word_1_112' title='bbox 1707 1434 2112 1486; x_wconf 65' lang='lat' dir='ltr'>destruxerunt</span> 
     </span>
    </p>
   </div>
   <div class='ocr_carea' id='block_1_17' title="bbox 422 1519 2109 1591">
    <p class='ocr_par' dir='ltr' id='par_1_17' title="bbox 422 1519 2109 1591">
     <span class='ocr_line' id='line_1_17' title="bbox 422 1519 2109 1591; baseline 0.001 -19"><span class='ocrx_word' id='word_1_113' title='bbox 422 1527 630 1572; x_wconf 80' lang='lat' dir='ltr'>sectam</span> <span class='ocrx_word' id='word_1_114' title='bbox 682 1525 955 1572; x_wconf 89' lang='lat' dir='ltr'>nostram.</span> <span class='ocrx_word' id='word_1_115' title='bbox 1008 1519 1216 1572; x_wconf 87' lang='lat' dir='ltr'>Paulus</span> <span class='ocrx_word' id='word_1_116' title='bbox 1277 1520 1538 1573; x_wconf 67' lang='lat' dir='ltr'>Ecclesiae</span> <span class='ocrx_word' id='word_1_117' title='bbox 1588 1525 1910 1591; x_wconf 88' lang='lat' dir='ltr'>persecutor</span> <span class='ocrx_word' id='word_1_118' title='bbox 1958 1522 2109 1574; x_wconf 81' lang='lat' dir='ltr'>ﬁlius</span> 
     </span>
    </p>
   </div>
   <div class='ocr_carea' id='block_1_18' title="bbox 420 1607 2108 1676">
    <p class='ocr_par' dir='ltr' id='par_1_18' title="bbox 420 1607 2108 1676">
     <span class='ocr_line' id='line_1_18' title="bbox 420 1607 2108 1676; baseline 0.002 -16"><span class='ocrx_word' id='word_1_119' title='bbox 420 1608 528 1661; x_wconf 86' lang='lat' dir='ltr'>fuit</span> <span class='ocrx_word' id='word_1_120' title='bbox 567 1607 763 1661; x_wconf 80' lang='lat' dir='ltr'>matris</span> <span class='ocrx_word' id='word_1_121' title='bbox 783 1609 904 1676; x_wconf 84' lang='lat' dir='ltr'>ejus</span> <span class='ocrx_word' id='word_1_122' title='bbox 923 1609 1236 1661; x_wconf 89' lang='lat' dir='ltr'>secundum</span> <span class='ocrx_word' id='word_1_123' title='bbox 1297 1625 1524 1662; x_wconf 87' lang='lat' dir='ltr'>carnem</span> <span class='ocrx_word' id='word_1_124' title='bbox 1555 1615 1612 1662; x_wconf 88' lang='lat' dir='ltr'>et</span> <span class='ocrx_word' id='word_1_125' title='bbox 1669 1610 2065 1663; x_wconf 77' lang='lat' dir='ltr'>educationem</span> <span class='ocrx_word' id='word_1_126' title='bbox 2094 1627 2108 1663; x_wconf 91' lang='lat'>:</span> 
     </span>
    </p>
   </div>
   <div class='ocr_carea' id='block_1_19' title="bbox 421 1697 2110 1767">
    <p class='ocr_par' dir='ltr' id='par_1_19' title="bbox 421 1697 2110 1767">
     <span class='ocr_line' id='line_1_19' title="bbox 421 1697 2110 1767; baseline 0.001 -17"><span class='ocrx_word' id='word_1_127' title='bbox 421 1703 475 1750; x_wconf 90' lang='lat' dir='ltr'>et</span> <span class='ocrx_word' id='word_1_128' title='bbox 506 1697 906 1766; x_wconf 68' lang='lat' dir='ltr'>paenitentiam</span> <span class='ocrx_word' id='word_1_129' title='bbox 960 1712 1136 1766; x_wconf 71' lang='lat' dir='ltr'>agi-ns</span> <span class='ocrx_word' id='word_1_130' title='bbox 1184 1697 1252 1749; x_wconf 91' lang='lat' dir='ltr'>ad</span> <span class='ocrx_word' id='word_1_131' title='bbox 1307 1697 1520 1750; x_wconf 88' lang='lat' dir='ltr'>sororis</span> <span class='ocrx_word' id='word_1_132' title='bbox 1569 1698 1733 1767; x_wconf 89' lang='lat' dir='ltr'>signa</span> <span class='ocrx_word' id='word_1_133' title='bbox 1785 1713 2110 1767; x_wconf 85' lang='lat' dir='ltr'>conversus,</span> 
     </span>
    </p>
   </div>
   <div class='ocr_carea' id='block_1_20' title="bbox 420 1785 2114 1856">
    <p class='ocr_par' dir='ltr' id='par_1_20' title="bbox 420 1785 2114 1856">
     <span class='ocr_line' id='line_1_20' title="bbox 420 1785 2114 1856; baseline 0 -18"><span class='ocrx_word' id='word_1_134' title='bbox 420 1785 751 1856; x_wconf 71' lang='lat' dir='ltr'>praedicavit</span> <span class='ocrx_word' id='word_1_135' title='bbox 800 1785 970 1839; x_wconf 83' lang='lat' dir='ltr'>tidem</span> <span class='ocrx_word' id='word_1_136' title='bbox 1021 1802 1193 1854; x_wconf 89' lang='lat' dir='ltr'>quam</span> <span class='ocrx_word' id='word_1_137' title='bbox 1249 1791 1379 1838; x_wconf 87' lang='lat' dir='ltr'>ante</span> <span class='ocrx_word' id='word_1_138' title='bbox 1420 1786 1766 1839; x_wconf 81' lang='lat' dir='ltr'>destruebat.</span> <span class='ocrx_word' id='word_1_139' title='bbox 1823 1786 2114 1839; x_wconf 84' lang='lat' dir='ltr'>Posuerunt</span> 
     </span>
    </p>
   </div>
   <div class='ocr_carea' id='block_1_21' title="bbox 421 1873 2114 1944">
    <p class='ocr_par' dir='ltr' id='par_1_21' title="bbox 421 1873 2114 1944">
     <span class='ocr_line' id='line_1_21' title="bbox 421 1873 2114 1944; baseline 0.001 -18"><span class='ocrx_word' id='word_1_140' title='bbox 421 1889 520 1926; x_wconf 81' lang='lat' dir='ltr'>me.</span> <span class='ocrx_word' id='word_1_141' title='bbox 557 1873 676 1926; x_wconf 85' lang='lat' dir='ltr'>Una</span> <span class='ocrx_word' id='word_1_142' title='bbox 711 1879 831 1926; x_wconf 87' lang='lat' dir='ltr'>erat</span> <span class='ocrx_word' id='word_1_143' title='bbox 862 1874 917 1926; x_wconf 91' lang='lat' dir='ltr'>in</span> <span class='ocrx_word' id='word_1_144' title='bbox 967 1875 1374 1944; x_wconf 87' lang='lat' dir='ltr'>Hierosolymis</span> <span class='ocrx_word' id='word_1_145' title='bbox 1404 1874 1566 1927; x_wconf 85' lang='lat' dir='ltr'>vinea</span> <span class='ocrx_word' id='word_1_146' title='bbox 1620 1873 1846 1940; x_wconf 84' lang='lat' dir='ltr'>Christi,</span> <span class='ocrx_word' id='word_1_147' title='bbox 1903 1873 2114 1927; x_wconf 77' lang='lat' dir='ltr'>scilicet</span> 
     </span>
    </p>
   </div>
   <div class='ocr_carea' id='block_1_22' title="bbox 422 1960 2112 2031">
    <p class='ocr_par' dir='ltr' id='par_1_22' title="bbox 422 1960 2112 2031">
     <span class='ocr_line' id='line_1_22' title="bbox 422 1960 2112 2031; baseline 0.001 -18"><span class='ocrx_word' id='word_1_148' title='bbox 422 1960 706 2031; x_wconf 87' lang='lat' dir='ltr'>primitiva</span> <span class='ocrx_word' id='word_1_149' title='bbox 743 1960 1006 2029; x_wconf 83' lang='lat' dir='ltr'>Ecclesia,</span> <span class='ocrx_word' id='word_1_150' title='bbox 1041 1977 1169 2031; x_wconf 71' lang='lat' dir='ltr'>quas</span> <span class='ocrx_word' id='word_1_151' title='bbox 1225 1961 1282 2014; x_wconf 90' lang='lat' dir='ltr'>in</span> <span class='ocrx_word' id='word_1_152' title='bbox 1317 1961 1407 2015; x_wconf 89' lang='lat' dir='ltr'>die</span> <span class='ocrx_word' id='word_1_153' title='bbox 1464 1962 1821 2014; x_wconf 87' lang='lat' dir='ltr'>Pentecostes</span> <span class='ocrx_word' id='word_1_154' title='bbox 1862 1960 2112 2014; x_wconf 87' lang='lat' dir='ltr'>adventu</span> 
     </span>
    </p>
   </div>
   <div class='ocr_carea' id='block_1_23' title="bbox 422 2048 2110 2120">
    <p class='ocr_par' dir='ltr' id='par_1_23' title="bbox 422 2048 2110 2120">
     <span class='ocr_line' id='line_1_23' title="bbox 422 2048 2110 2120; baseline -0.002 -18"><span class='ocrx_word' id='word_1_155' title='bbox 422 2048 602 2102; x_wconf 88' lang='lat' dir='ltr'>sancti</span> <span class='ocrx_word' id='word_1_156' title='bbox 672 2049 914 2120; x_wconf 88' lang='lat' dir='ltr'>Spiritus</span> <span class='ocrx_word' id='word_1_157' title='bbox 994 2055 1078 2102; x_wconf 85' lang='lat' dir='ltr'>est</span> <span class='ocrx_word' id='word_1_158' title='bbox 1134 2049 1463 2114; x_wconf 83' lang='lat' dir='ltr'>constituta,</span> <span class='ocrx_word' id='word_1_159' title='bbox 1516 2050 1678 2118; x_wconf 85' lang='lat' dir='ltr'>cujus</span> <span class='ocrx_word' id='word_1_160' title='bbox 1734 2064 1801 2101; x_wconf 92' lang='lat' dir='ltr'>eo</span> <span class='ocrx_word' id='word_1_161' title='bbox 1850 2053 2110 2117; x_wconf 88' lang='lat' dir='ltr'>tempore</span> 
     </span>
    </p>
   </div>
   <div class='ocr_carea' id='block_1_24' title="bbox 422 2135 2109 2206">
    <p class='ocr_par' dir='ltr' id='par_1_24' title="bbox 422 2135 2109 2206">
     <span class='ocr_line' id='line_1_24' title="bbox 422 2135 2109 2206; baseline -0.002 -17"><span class='ocrx_word' id='word_1_162' title='bbox 422 2137 662 2206; x_wconf 86' lang='lat' dir='ltr'>apostoli</span> <span class='ocrx_word' id='word_1_163' title='bbox 718 2137 982 2190; x_wconf 87' lang='lat' dir='ltr'>custodes</span> <span class='ocrx_word' id='word_1_164' title='bbox 1039 2137 1312 2190; x_wconf 90' lang='lat' dir='ltr'>fuerunt:</span> <span class='ocrx_word' id='word_1_165' title='bbox 1363 2137 1461 2189; x_wconf 91' lang='lat' dir='ltr'>sed</span> <span class='ocrx_word' id='word_1_166' title='bbox 1518 2136 1666 2188; x_wconf 67' lang='lat' dir='ltr'>facta</span> <span class='ocrx_word' id='word_1_167' title='bbox 1716 2135 2109 2205; x_wconf 85' lang='lat' dir='ltr'>persecutione</span> 
     </span>
    </p>
   </div>
   <div class='ocr_carea' id='block_1_25' title="bbox 421 2223 2111 2293">
    <p class='ocr_par' dir='ltr' id='par_1_25' title="bbox 421 2223 2111 2293">
     <span class='ocr_line' id='line_1_25' title="bbox 421 2223 2111 2293; baseline -0.002 -15"><span class='ocrx_word' id='word_1_168' title='bbox 421 2224 811 2293; x_wconf 89' lang='lat' dir='ltr'>dispersisunt</span> <span class='ocrx_word' id='word_1_169' title='bbox 838 2225 896 2276; x_wconf 92' lang='lat' dir='ltr'>in</span> <span class='ocrx_word' id='word_1_170' title='bbox 931 2224 1260 2293; x_wconf 83' lang='lat' dir='ltr'>regionibus</span> <span class='ocrx_word' id='word_1_171' title='bbox 1289 2225 1499 2278; x_wconf 69' lang='lat' dir='ltr'>Judasas</span> <span class='ocrx_word' id='word_1_172' title='bbox 1521 2230 1578 2277; x_wconf 91' lang='lat' dir='ltr'>et</span> <span class='ocrx_word' id='word_1_173' title='bbox 1607 2223 1875 2278; x_wconf 72' lang='lat' dir='ltr'>Samaria:</span> <span class='ocrx_word' id='word_1_174' title='bbox 1907 2228 2111 2292; x_wconf 70' lang='lat' dir='ltr'>praeter</span> 
     </span>
    </p>
   </div>
   <div class='ocr_carea' id='block_1_26' title="bbox 420 2311 2106 2382">
    <p class='ocr_par' dir='ltr' id='par_1_26' title="bbox 420 2311 2106 2382">
     <span class='ocr_line' id='line_1_26' title="bbox 420 2311 2106 2382; baseline -0.001 -17"><span class='ocrx_word' id='word_1_175' title='bbox 420 2314 726 2382; x_wconf 87' lang='lat' dir='ltr'>apostolos,</span> <span class='ocrx_word' id='word_1_176' title='bbox 759 2319 813 2365; x_wconf 91' lang='lat' dir='ltr'>et</span> <span class='ocrx_word' id='word_1_177' title='bbox 843 2313 920 2365; x_wconf 92' lang='lat' dir='ltr'>sic</span> <span class='ocrx_word' id='word_1_178' title='bbox 940 2313 1181 2382; x_wconf 85' lang='lat' dir='ltr'>contigit</span> <span class='ocrx_word' id='word_1_179' title='bbox 1208 2317 1268 2365; x_wconf 88' lang='lat' dir='ltr'>ut</span> <span class='ocrx_word' id='word_1_180' title='bbox 1321 2314 1516 2381; x_wconf 87' lang='lat' dir='ltr'>plures</span> <span class='ocrx_word' id='word_1_181' title='bbox 1569 2317 1756 2365; x_wconf 89' lang='lat' dir='ltr'>essent</span> <span class='ocrx_word' id='word_1_182' title='bbox 1799 2311 2001 2375; x_wconf 68' lang='lat' dir='ltr'>vineas,</span> <span class='ocrx_word' id='word_1_183' title='bbox 2052 2311 2106 2364; x_wconf 92' lang='lat' dir='ltr'>id</span> 
     </span>
    </p>
   </div>
   <div class='ocr_carea' id='block_1_27' title="bbox 419 2399 2108 2470">
    <p class='ocr_par' dir='ltr' id='par_1_27' title="bbox 419 2399 2108 2470">
     <span class='ocr_line' id='line_1_27' title="bbox 419 2399 2108 2470; baseline -0.001 -17"><span class='ocrx_word' id='word_1_184' title='bbox 419 2405 502 2453; x_wconf 87' lang='lat' dir='ltr'>est</span> <span class='ocrx_word' id='word_1_185' title='bbox 532 2399 590 2452; x_wconf 92' lang='lat' dir='ltr'>in</span> <span class='ocrx_word' id='word_1_186' title='bbox 621 2401 880 2470; x_wconf 88' lang='lat' dir='ltr'>pluribus</span> <span class='ocrx_word' id='word_1_187' title='bbox 914 2401 1068 2454; x_wconf 89' lang='lat' dir='ltr'>locis.</span> <span class='ocrx_word' id='word_1_188' title='bbox 1102 2400 1170 2453; x_wconf 86' lang='lat' dir='ltr'>Et</span> <span class='ocrx_word' id='word_1_189' title='bbox 1200 2400 1336 2454; x_wconf 90' lang='lat' dir='ltr'>dum</span> <span class='ocrx_word' id='word_1_190' title='bbox 1368 2405 1759 2470; x_wconf 78' lang='lat' dir='ltr'>persecutores</span> <span class='ocrx_word' id='word_1_191' title='bbox 1779 2400 1962 2453; x_wconf 65' lang='lat' dir='ltr'>Judaei</span> <span class='ocrx_word' id='word_1_192' title='bbox 2006 2415 2108 2452; x_wconf 91' lang='lat' dir='ltr'>vo-</span> 
     </span>
    </p>
   </div>
   <div class='ocr_carea' id='block_1_28' title="bbox 415 2487 2108 2559">
    <p class='ocr_par' dir='ltr' id='par_1_28' title="bbox 415 2487 2108 2559">
     <span class='ocr_line' id='line_1_28' title="bbox 415 2487 2108 2559; baseline -0.001 -18"><span class='ocrx_word' id='word_1_193' title='bbox 415 2487 613 2542; x_wconf 82' lang='lat' dir='ltr'>lebant</span> <span class='ocrx_word' id='word_1_194' title='bbox 682 2489 979 2543; x_wconf 79' lang='lat' dir='ltr'>Ecclesium</span> <span class='ocrx_word' id='word_1_195' title='bbox 1052 2488 1404 2559; x_wconf 88' lang='lat' dir='ltr'>perturbare,</span> <span class='ocrx_word' id='word_1_196' title='bbox 1508 2489 1877 2541; x_wconf 87' lang='lat' dir='ltr'>seminarium</span> <span class='ocrx_word' id='word_1_197' title='bbox 1950 2487 2108 2540; x_wconf 78' lang='lat' dir='ltr'>verbi</span> 
     </span>
    </p>
   </div>
   <div class='ocr_carea' id='block_1_29' title="bbox 417 2576 2102 2649">
    <p class='ocr_par' dir='ltr' id='par_1_29' title="bbox 417 2576 2102 2649">
     <span class='ocr_line' id='line_1_29' title="bbox 417 2576 2102 2649; baseline -0.002 -17"><span class='ocrx_word' id='word_1_198' title='bbox 417 2578 762 2649; x_wconf 82' lang='lat' dir='ltr'>spargebant</span> <span class='ocrx_word' id='word_1_199' title='bbox 813 2578 980 2631; x_wconf 89' lang='lat' dir='ltr'>latius</span> <span class='ocrx_word' id='word_1_200' title='bbox 1033 2578 1310 2643; x_wconf 87' lang='lat' dir='ltr'>nolentes,</span> <span class='ocrx_word' id='word_1_201' title='bbox 1366 2583 1422 2630; x_wconf 92' lang='lat' dir='ltr'>et</span> <span class='ocrx_word' id='word_1_202' title='bbox 1475 2592 1648 2629; x_wconf 90' lang='lat' dir='ltr'>unam</span> <span class='ocrx_word' id='word_1_203' title='bbox 1688 2576 2102 2646; x_wconf 88' lang='lat' dir='ltr'>persequendo,</span> 
     </span>
    </p>
   </div>
   <div class='ocr_carea' id='block_1_30' title="bbox 416 2663 2102 2733">
    <p class='ocr_par' dir='ltr' id='par_1_30' title="bbox 416 2663 2102 2733">
     <span class='ocr_line' id='line_1_30' title="bbox 416 2663 2102 2733; baseline -0.003 -12"><span class='ocrx_word' id='word_1_204' title='bbox 416 2668 627 2721; x_wconf 89' lang='lat' dir='ltr'>multas</span> <span class='ocrx_word' id='word_1_205' title='bbox 681 2666 946 2720; x_wconf 89' lang='lat' dir='ltr'>constitui</span> <span class='ocrx_word' id='word_1_206' title='bbox 990 2666 1263 2719; x_wconf 91' lang='lat' dir='ltr'>fecerunt.</span> <span class='ocrx_word' id='word_1_207' title='bbox 1297 2665 1436 2719; x_wconf 90' lang='lat' dir='ltr'>Cum</span> <span class='ocrx_word' id='word_1_208' title='bbox 1469 2680 1605 2733; x_wconf 88' lang='lat' dir='ltr'>ergo</span> <span class='ocrx_word' id='word_1_209' title='bbox 1637 2665 1870 2718; x_wconf 86' lang='lat' dir='ltr'>dixisset</span> <span class='ocrx_word' id='word_1_210' title='bbox 1918 2681 1975 2716; x_wconf 90' lang='lat' dir='ltr'>se</span> <span class='ocrx_word' id='word_1_211' title='bbox 2021 2663 2102 2716; x_wconf 84' lang='lat' dir='ltr'>af-</span> 
     </span>
    </p>
   </div>
   <div class='ocr_carea' id='block_1_31' title="bbox 415 2752 2102 2824">
    <p class='ocr_par' dir='ltr' id='par_1_31' title="bbox 415 2752 2102 2824">
     <span class='ocr_line' id='line_1_31' title="bbox 415 2752 2102 2824; baseline -0.001 -16"><span class='ocrx_word' id='word_1_212' title='bbox 415 2756 626 2809; x_wconf 84' lang='lat' dir='ltr'>flictam</span> <span class='ocrx_word' id='word_1_213' title='bbox 659 2755 1006 2824; x_wconf 88' lang='lat' dir='ltr'>parricidiali</span> <span class='ocrx_word' id='word_1_214' title='bbox 1077 2754 1207 2808; x_wconf 92' lang='lat' dir='ltr'>odio</span> <span class='ocrx_word' id='word_1_215' title='bbox 1263 2754 1602 2823; x_wconf 67' lang='lat' dir='ltr'>Synagogaa,</span> <span class='ocrx_word' id='word_1_216' title='bbox 1665 2768 1794 2806; x_wconf 83' lang='lat' dir='ltr'>mox</span> <span class='ocrx_word' id='word_1_217' title='bbox 1851 2752 2102 2823; x_wconf 89' lang='lat' dir='ltr'>subjicit,</span> 
     </span>
    </p>
   </div>
   <div class='ocr_carea' id='block_1_32' title="bbox 414 2841 2102 2914">
    <p class='ocr_par' dir='ltr' id='par_1_32' title="bbox 414 2841 2102 2914">
     <span class='ocr_line' id='line_1_32' title="bbox 414 2841 2102 2914; baseline -0.002 -17"><span class='ocrx_word' id='word_1_218' title='bbox 414 2851 696 2914; x_wconf 90' lang='lat' dir='ltr'>quantum</span> <span class='ocrx_word' id='word_1_219' title='bbox 729 2860 833 2914; x_wconf 77' lang='lat' dir='ltr'>per</span> <span class='ocrx_word' id='word_1_220' title='bbox 867 2844 1011 2896; x_wconf 91' lang='lat' dir='ltr'>hanc</span> <span class='ocrx_word' id='word_1_221' title='bbox 1064 2841 1432 2896; x_wconf 82' lang='lat' dir='ltr'>aftlictionem</span> <span class='ocrx_word' id='word_1_222' title='bbox 1486 2841 1835 2911; x_wconf 88' lang='lat' dir='ltr'>profecerit:</span> <span class='ocrx_word' id='word_1_223' title='bbox 1890 2841 2102 2895; x_wconf 89' lang='lat' dir='ltr'>addens</span> 
     </span>
    </p>
   </div>
   <div class='ocr_carea' id='block_1_33' title="bbox 2217 451 3834 525">
    <p class='ocr_par' dir='ltr' id='par_1_33' title="bbox 2217 451 3834 525">
     <span class='ocr_line' id='line_1_33' title="bbox 2217 451 3834 525; baseline -0.002 -12"><span class='ocrx_word' id='word_1_224' title='bbox 2217 460 2502 513; x_wconf 85' lang='lat' dir='ltr'>Abraham</span> <span class='ocrx_word' id='word_1_225' title='bbox 2560 456 2799 514; x_wconf 85' lang='lat' dir='ltr'>meridie</span> <span class='ocrx_word' id='word_1_226' title='bbox 2843 457 3075 525; x_wconf 85' lang='lat' dir='ltr'>angelos</span> <span class='ocrx_word' id='word_1_227' title='bbox 3115 452 3380 524; x_wconf 88' lang='lat' dir='ltr'>suscepit.</span> <span class='ocrx_word' id='word_1_228' title='bbox 3421 451 3614 522; x_wconf 72' lang='lat' dir='ltr'>Ioseph</span> <span class='ocrx_word' id='word_1_229' title='bbox 3655 455 3834 510; x_wconf 78' lang='lat' dir='ltr'>meridie</span> 
     </span>
    </p>
   </div>
   <div class='ocr_carea' id='block_1_34' title="bbox 2219 542 3835 616">
    <p class='ocr_par' dir='ltr' id='par_1_34' title="bbox 2219 542 3835 616">
     <span class='ocr_line' id='line_1_34' title="bbox 2219 542 3835 616; baseline -0.002 -15"><span class='ocrx_word' id='word_1_230' title='bbox 2219 565 2348 602; x_wconf 91' lang='lat' dir='ltr'>cum</span> <span class='ocrx_word' id='word_1_231' title='bbox 2405 547 2672 602; x_wconf 88' lang='lat' dir='ltr'>fratribus</span> <span class='ocrx_word' id='word_1_232' title='bbox 2724 544 3008 616; x_wconf 88' lang='lat' dir='ltr'>epulatur.</span> <span class='ocrx_word' id='word_1_233' title='bbox 3053 542 3332 599; x_wconf 87' lang='lat' dir='ltr'>Sodalium</span> <span class='ocrx_word' id='word_1_234' title='bbox 3367 545 3590 594; x_wconf 82' lang='lat' dir='ltr'>tuorum.</span> <span class='ocrx_word' id='word_1_235' title='bbox 3637 542 3835 598; x_wconf 63' lang='lat' dir='ltr'>Haeretici</span> 
     </span>
    </p>
   </div>
   <div class='ocr_carea' id='block_1_35' title="bbox 2219 629 3837 704">
    <p class='ocr_par' dir='ltr' id='par_1_35' title="bbox 2219 629 3837 704">
     <span class='ocr_line' id='line_1_35' title="bbox 2219 629 3837 704; baseline -0.003 -14"><span class='ocrx_word' id='word_1_236' title='bbox 2219 638 2438 690; x_wconf 87' lang='lat' dir='ltr'>sodales</span> <span class='ocrx_word' id='word_1_237' title='bbox 2470 637 2758 699; x_wconf 90' lang='lat' dir='ltr'>dicuntur,</span> <span class='ocrx_word' id='word_1_238' title='bbox 2794 634 2925 704; x_wconf 88' lang='lat' dir='ltr'>quia</span> <span class='ocrx_word' id='word_1_239' title='bbox 2954 632 3202 686; x_wconf 88' lang='lat' dir='ltr'>nominis</span> <span class='ocrx_word' id='word_1_240' title='bbox 3258 630 3383 700; x_wconf 89' lang='lat' dir='ltr'>ejus</span> <span class='ocrx_word' id='word_1_241' title='bbox 3435 634 3491 683; x_wconf 90' lang='lat' dir='ltr'>et</span> <span class='ocrx_word' id='word_1_242' title='bbox 3540 629 3837 685; x_wconf 82' lang='lat' dir='ltr'>confessionis</span> 
     </span>
    </p>
   </div>
   <div class='ocr_carea' id='block_1_36' title="bbox 2218 723 2948 796">
    <p class='ocr_par' dir='ltr' id='par_1_36' title="bbox 2218 723 2948 796">
     <span class='ocr_line' id='line_1_36' title="bbox 2218 723 2948 796; baseline -0.007 -17"><span class='ocrx_word' id='word_1_243' title='bbox 2218 726 2488 796; x_wconf 84' lang='lat' dir='ltr'>mysteria</span> <span class='ocrx_word' id='word_1_244' title='bbox 2519 723 2948 778; x_wconf 85' lang='lat' dir='ltr'>circumferunt.</span> 
     </span>
    </p>
   </div>
   <div class='ocr_carea' id='block_1_37' title="bbox 2290 806 3842 879">
    <p class='ocr_par' dir='ltr' id='par_1_37' title="bbox 2290 806 3842 879">
     <span class='ocr_line' id='line_1_37' title="bbox 2290 806 3842 879; baseline -0.003 -13"><span class='ocrx_word' id='word_1_245' title='bbox 2290 816 2451 868; x_wconf 75' lang='lat' dir='ltr'>Vens.</span> <span class='ocrx_word' id='word_1_246' title='bbox 2483 819 2533 867; x_wconf 91' lang='lat'>7.</span> <span class='ocrx_word' id='word_1_247' title='bbox 2572 842 2641 853; x_wconf 91' lang='lat'><strong><em>—</em></strong></span> <span class='ocrx_word' id='word_1_248' title='bbox 2665 813 2731 866; x_wconf 85' lang='lat' dir='ltr'>Si</span> <span class='ocrx_word' id='word_1_249' title='bbox 2770 813 3012 879; x_wconf 86' lang='lat' dir='ltr'>ignoras.</span> <span class='ocrx_word' id='word_1_250' title='bbox 3074 807 3221 872; x_wconf 88' lang='lat' dir='ltr'>Quia</span> <span class='ocrx_word' id='word_1_251' title='bbox 3259 823 3465 877; x_wconf 87' lang='lat' dir='ltr'>sponsa</span> <span class='ocrx_word' id='word_1_252' title='bbox 3519 806 3644 860; x_wconf 90' lang='lat' dir='ltr'>dum</span> <span class='ocrx_word' id='word_1_253' title='bbox 3680 808 3842 861; x_wconf 78' lang='lat' dir='ltr'>auxilia</span> 
     </span>
    </p>
   </div>
   <div class='ocr_carea' id='block_1_38' title="bbox 2219 895 3843 974">
    <p class='ocr_par' dir='ltr' id='par_1_38' title="bbox 2219 895 3843 974">
     <span class='ocr_line' id='line_1_38' title="bbox 2219 895 3843 974; baseline -0.005 -18"><span class='ocrx_word' id='word_1_254' title='bbox 2219 902 2540 974; x_wconf 71' lang='lat' dir='ltr'>praesentius</span> <span class='ocrx_word' id='word_1_255' title='bbox 2583 900 2681 954; x_wconf 87' lang='lat' dir='ltr'>Dei</span> <span class='ocrx_word' id='word_1_256' title='bbox 2715 899 3030 970; x_wconf 86' lang='lat' dir='ltr'>requireret</span> <span class='ocrx_word' id='word_1_257' title='bbox 3060 897 3119 949; x_wconf 90' lang='lat' dir='ltr'>in</span> <span class='ocrx_word' id='word_1_258' title='bbox 3149 895 3624 959; x_wconf 84' lang='lat' dir='ltr'>tribulationibus,</span> <span class='ocrx_word' id='word_1_259' title='bbox 3648 911 3706 948; x_wconf 85' lang='lat' dir='ltr'>ex</span> <span class='ocrx_word' id='word_1_260' title='bbox 3751 911 3843 964; x_wconf 83' lang='lat' dir='ltr'>per-</span> 
     </span>
    </p>
   </div>
   <div class='ocr_carea' id='block_1_39' title="bbox 2219 985 3842 1056">
    <p class='ocr_par' dir='ltr' id='par_1_39' title="bbox 2219 985 3842 1056">
     <span class='ocr_line' id='line_1_39' title="bbox 2219 985 3842 1056; baseline -0.006 -11"><span class='ocrx_word' id='word_1_261' title='bbox 2219 1008 2356 1045; x_wconf 89' lang='lat' dir='ltr'>sona</span> <span class='ocrx_word' id='word_1_262' title='bbox 2387 989 2803 1045; x_wconf 80' lang='lat' dir='ltr'>infirmantium</span> <span class='ocrx_word' id='word_1_263' title='bbox 2833 987 3226 1056; x_wconf 81' lang='lat' dir='ltr'>subjunxerat,</span> <span class='ocrx_word' id='word_1_264' title='bbox 3254 985 3328 1039; x_wconf 89' lang='lat' dir='ltr'>Ne</span> <span class='ocrx_word' id='word_1_265' title='bbox 3382 987 3576 1049; x_wconf 71' lang='lat' dir='ltr'>vagari</span> <span class='ocrx_word' id='word_1_266' title='bbox 3609 985 3842 1052; x_wconf 82' lang='lat' dir='ltr'>incipiam:</span> 
     </span>
    </p>
   </div>
   <div class='ocr_carea' id='block_1_40' title="bbox 2219 1071 3847 1146">
    <p class='ocr_par' dir='ltr' id='par_1_40' title="bbox 2219 1071 3847 1146">
     <span class='ocr_line' id='line_1_40' title="bbox 2219 1071 3847 1146; baseline -0.006 -12"><span class='ocrx_word' id='word_1_267' title='bbox 2219 1080 2411 1134; x_wconf 85' lang='lat' dir='ltr'>statim</span> <span class='ocrx_word' id='word_1_268' title='bbox 2470 1080 2732 1132; x_wconf 89' lang='lat' dir='ltr'>eamdem</span> <span class='ocrx_word' id='word_1_269' title='bbox 2766 1074 3206 1146; x_wconf 78' lang='lat' dir='ltr'>trepidationem</span> <span class='ocrx_word' id='word_1_270' title='bbox 3251 1071 3406 1125; x_wconf 89' lang='lat' dir='ltr'>illius</span> <span class='ocrx_word' id='word_1_271' title='bbox 3435 1088 3663 1142; x_wconf 91' lang='lat' dir='ltr'>sponsus</span> <span class='ocrx_word' id='word_1_272' title='bbox 3690 1073 3847 1142; x_wconf 85' lang='lat' dir='ltr'>implo-</span> 
     </span>
    </p>
   </div>
   <div class='ocr_carea' id='block_1_41' title="bbox 2219 1159 3851 1237">
    <p class='ocr_par' dir='ltr' id='par_1_41' title="bbox 2219 1159 3851 1237">
     <span class='ocr_line' id='line_1_41' title="bbox 2219 1159 3851 1237; baseline -0.007 -14"><span class='ocrx_word' id='word_1_273' title='bbox 2219 1175 2374 1222; x_wconf 91' lang='lat' dir='ltr'>ratus</span> <span class='ocrx_word' id='word_1_274' title='bbox 2408 1170 2655 1237; x_wconf 91' lang='lat' dir='ltr'>benigna</span> <span class='ocrx_word' id='word_1_275' title='bbox 2685 1164 3073 1235; x_wconf 87' lang='lat' dir='ltr'>increpatione</span> <span class='ocrx_word' id='word_1_276' title='bbox 3128 1160 3444 1231; x_wconf 86' lang='lat' dir='ltr'>redarguit,</span> <span class='ocrx_word' id='word_1_277' title='bbox 3478 1159 3760 1213; x_wconf 88' lang='lat' dir='ltr'>secundum</span> <span class='ocrx_word' id='word_1_278' title='bbox 3806 1160 3851 1212; x_wconf 89' lang='lat' dir='ltr'>il-</span> 
     </span>
    </p>
   </div>
   <div class='ocr_carea' id='block_1_42' title="bbox 2219 1247 3850 1326">
    <p class='ocr_par' dir='ltr' id='par_1_42' title="bbox 2219 1247 3850 1326">
     <span class='ocr_line' id='line_1_42' title="bbox 2219 1247 3850 1326; baseline -0.007 -16"><span class='ocrx_word' id='word_1_279' title='bbox 2219 1257 2314 1311; x_wconf 90' lang='lat' dir='ltr'>lud</span> <span class='ocrx_word' id='word_1_280' title='bbox 2341 1257 2650 1326; x_wconf 80' lang='lat' dir='ltr'>Evangelii,</span> <span class='ocrx_word' id='word_1_281' title='bbox 2683 1255 2904 1310; x_wconf 71' lang='lat' dir='ltr'>Modica:</span> <span class='ocrx_word' id='word_1_282' title='bbox 2927 1253 3056 1321; x_wconf 81' lang='lat' dir='ltr'>ﬁdei</span> <span class='ocrx_word' id='word_1_283' title='bbox 3088 1251 3306 1321; x_wconf 80' lang='lat' dir='ltr'>(Matth.</span> <span class='ocrx_word' id='word_1_284' title='bbox 3349 1251 3479 1316; x_wconf 78' lang='lat' dir='ltr'>inv),</span> <span class='ocrx_word' id='word_1_285' title='bbox 3537 1247 3684 1319; x_wconf 91' lang='lat' dir='ltr'>quasi</span> <span class='ocrx_word' id='word_1_286' title='bbox 3717 1247 3850 1312; x_wconf 88' lang='lat' dir='ltr'>dicat,</span> 
     </span>
    </p>
   </div>
   <div class='ocr_carea' id='block_1_43' title="bbox 2217 1336 3853 1404">
    <p class='ocr_par' dir='ltr' id='par_1_43' title="bbox 2217 1336 3853 1404">
     <span class='ocr_line' id='line_1_43' title="bbox 2217 1336 3853 1404; baseline -0.007 -4"><span class='ocrx_word' id='word_1_287' title='bbox 2217 1350 2280 1401; x_wconf 91' lang='lat' dir='ltr'>tu</span> <span class='ocrx_word' id='word_1_288' title='bbox 2310 1346 2475 1399; x_wconf 88' lang='lat' dir='ltr'>times</span> <span class='ocrx_word' id='word_1_289' title='bbox 2505 1345 2563 1398; x_wconf 91' lang='lat' dir='ltr'>in</span> <span class='ocrx_word' id='word_1_290' title='bbox 2593 1343 2962 1398; x_wconf 87' lang='lat' dir='ltr'>tribulatione</span> <span class='ocrx_word' id='word_1_291' title='bbox 2991 1357 3023 1394; x_wconf 91' lang='lat' dir='ltr'>a</span> <span class='ocrx_word' id='word_1_292' title='bbox 3071 1356 3160 1393; x_wconf 89' lang='lat' dir='ltr'>me</span> <span class='ocrx_word' id='word_1_293' title='bbox 3213 1338 3412 1404; x_wconf 87' lang='lat' dir='ltr'>deleri,</span> <span class='ocrx_word' id='word_1_294' title='bbox 3469 1343 3526 1391; x_wconf 89' lang='lat' dir='ltr'>et</span> <span class='ocrx_word' id='word_1_295' title='bbox 3579 1337 3632 1390; x_wconf 92' lang='lat' dir='ltr'>in</span> <span class='ocrx_word' id='word_1_296' title='bbox 3678 1336 3853 1390; x_wconf 81' lang='lat' dir='ltr'>fervore</span> 
     </span>
    </p>
   </div>
   <div class='ocr_carea' id='block_1_44' title="bbox 2218 1424 3852 1503">
    <p class='ocr_par' dir='ltr' id='par_1_44' title="bbox 2218 1424 3852 1503">
     <span class='ocr_line' id='line_1_44' title="bbox 2218 1424 3852 1503; baseline -0.007 -15"><span class='ocrx_word' id='word_1_297' title='bbox 2218 1434 2576 1503; x_wconf 87' lang='lat' dir='ltr'>denigratam</span> <span class='ocrx_word' id='word_1_298' title='bbox 2603 1438 2655 1485; x_wconf 91' lang='lat' dir='ltr'>te</span> <span class='ocrx_word' id='word_1_299' title='bbox 2686 1430 3055 1500; x_wconf 85' lang='lat' dir='ltr'>conquereris</span> <span class='ocrx_word' id='word_1_300' title='bbox 3088 1445 3101 1481; x_wconf 92' lang='lat'>:</span> <span class='ocrx_word' id='word_1_301' title='bbox 3134 1427 3232 1480; x_wconf 91' lang='lat' dir='ltr'>sed</span> <span class='ocrx_word' id='word_1_302' title='bbox 3264 1442 3371 1496; x_wconf 88' lang='lat' dir='ltr'>ego</span> <span class='ocrx_word' id='word_1_303' title='bbox 3424 1442 3535 1495; x_wconf 89' lang='lat' dir='ltr'>por</span> <span class='ocrx_word' id='word_1_304' title='bbox 3585 1424 3852 1479; x_wconf 83' lang='lat' dir='ltr'>tribulatio-</span> 
     </span>
    </p>
   </div>
   <div class='ocr_carea' id='block_1_45' title="bbox 2219 1510 3854 1592">
    <p class='ocr_par' dir='ltr' id='par_1_45' title="bbox 2219 1510 3854 1592">
     <span class='ocr_line' id='line_1_45' title="bbox 2219 1510 3854 1592; baseline -0.009 -15"><span class='ocrx_word' id='word_1_305' title='bbox 2219 1539 2320 1577; x_wconf 90' lang='lat' dir='ltr'>nes</span> <span class='ocrx_word' id='word_1_306' title='bbox 2347 1528 2400 1575; x_wconf 91' lang='lat' dir='ltr'>te</span> <span class='ocrx_word' id='word_1_307' title='bbox 2452 1519 2839 1592; x_wconf 89' lang='lat' dir='ltr'>pulchriorem</span> <span class='ocrx_word' id='word_1_308' title='bbox 2871 1517 3094 1570; x_wconf 82' lang='lat' dir='ltr'>efﬁcere</span> <span class='ocrx_word' id='word_1_309' title='bbox 3125 1514 3412 1568; x_wconf 87' lang='lat' dir='ltr'>constitui.</span> <span class='ocrx_word' id='word_1_310' title='bbox 3464 1512 3618 1577; x_wconf 86' lang='lat' dir='ltr'>Quod</span> <span class='ocrx_word' id='word_1_311' title='bbox 3669 1510 3710 1564; x_wconf 89' lang='lat' dir='ltr'>si</span> <span class='ocrx_word' id='word_1_312' title='bbox 3744 1512 3854 1564; x_wconf 84' lang='lat' dir='ltr'>forte</span> 
     </span>
    </p>
   </div>
   <div class='ocr_carea' id='block_1_46' title="bbox 2221 1603 3854 1681">
    <p class='ocr_par' dir='ltr' id='par_1_46' title="bbox 2221 1603 3854 1681">
     <span class='ocr_line' id='line_1_46' title="bbox 2221 1603 3854 1681; baseline -0.009 -16"><span class='ocrx_word' id='word_1_313' title='bbox 2221 1612 2330 1666; x_wconf 90' lang='lat' dir='ltr'>hoc</span> <span class='ocrx_word' id='word_1_314' title='bbox 2361 1611 2607 1681; x_wconf 88' lang='lat' dir='ltr'>ignoras,</span> <span class='ocrx_word' id='word_1_315' title='bbox 2644 1625 2748 1661; x_wconf 83' lang='lat' dir='ltr'>nec</span> <span class='ocrx_word' id='word_1_316' title='bbox 2771 1604 3154 1660; x_wconf 89' lang='lat' dir='ltr'>reminisceris</span> <span class='ocrx_word' id='word_1_317' title='bbox 3185 1603 3340 1673; x_wconf 92' lang='lat' dir='ltr'>quod</span> <span class='ocrx_word' id='word_1_318' title='bbox 3381 1619 3553 1655; x_wconf 85' lang='lat' dir='ltr'>nemo</span> <span class='ocrx_word' id='word_1_319' title='bbox 3583 1605 3854 1662; x_wconf 84' lang='lat' dir='ltr'>coronatur,</span> 
     </span>
    </p>
   </div>
   <div class='ocr_carea' id='block_1_47' title="bbox 2223 1692 3856 1770">
    <p class='ocr_par' dir='ltr' id='par_1_47' title="bbox 2223 1692 3856 1770">
     <span class='ocr_line' id='line_1_47' title="bbox 2223 1692 3856 1770; baseline -0.009 -16"><span class='ocrx_word' id='word_1_320' title='bbox 2223 1700 2331 1754; x_wconf 89' lang='lat' dir='ltr'>nisi</span> <span class='ocrx_word' id='word_1_321' title='bbox 2365 1699 2464 1770; x_wconf 87' lang='lat' dir='ltr'>qui</span> <span class='ocrx_word' id='word_1_322' title='bbox 2495 1698 2750 1766; x_wconf 84' lang='lat' dir='ltr'>legitime</span> <span class='ocrx_word' id='word_1_323' title='bbox 2765 1693 3081 1757; x_wconf 83' lang='lat' dir='ltr'>certaverit,</span> <span class='ocrx_word' id='word_1_324' title='bbox 3114 1692 3387 1762; x_wconf 82' lang='lat' dir='ltr'>egredere</span> <span class='ocrx_word' id='word_1_325' title='bbox 3416 1707 3448 1743; x_wconf 89' lang='lat' dir='ltr'>a</span> <span class='ocrx_word' id='word_1_326' title='bbox 3506 1706 3627 1743; x_wconf 91' lang='lat' dir='ltr'>meo</span> <span class='ocrx_word' id='word_1_327' title='bbox 3664 1704 3856 1741; x_wconf 88' lang='lat' dir='ltr'>consor-</span> 
     </span>
    </p>
   </div>
   <div class='ocr_carea' id='block_1_48' title="bbox 2223 1779 3854 1856">
    <p class='ocr_par' dir='ltr' id='par_1_48' title="bbox 2223 1779 3854 1856">
     <span class='ocr_line' id='line_1_48' title="bbox 2223 1779 3854 1856; baseline -0.009 -13"><span class='ocrx_word' id='word_1_328' title='bbox 2223 1789 2323 1843; x_wconf 92' lang='lat' dir='ltr'>tio.</span> <span class='ocrx_word' id='word_1_329' title='bbox 2388 1790 2604 1856; x_wconf 81' lang='lat' dir='ltr'>(CREG.,</span> <span class='ocrx_word' id='word_1_330' title='bbox 2662 1786 2872 1839; x_wconf 76' lang='lat' dir='ltr'>lib.xv1</span> <span class='ocrx_word' id='word_1_331' title='bbox 2917 1782 3136 1843; x_wconf 81' lang='lat' dir='ltr'>Morut.,</span> <span class='ocrx_word' id='word_1_332' title='bbox 3166 1798 3211 1834; x_wconf 88' lang='lat' dir='ltr'>c.</span> <span class='ocrx_word' id='word_1_333' title='bbox 3244 1782 3356 1847; x_wconf 79' lang='lat' dir='ltr'>2t.)</span> <span class='ocrx_word' id='word_1_334' title='bbox 3387 1779 3743 1848; x_wconf 88' lang='lat' dir='ltr'>Semetipsam</span> <span class='ocrx_word' id='word_1_335' title='bbox 3787 1792 3854 1828; x_wconf 89' lang='lat' dir='ltr'>co-</span> 
     </span>
    </p>
   </div>
   <div class='ocr_carea' id='block_1_49' title="bbox 2222 1865 3855 1947">
    <p class='ocr_par' dir='ltr' id='par_1_49' title="bbox 2222 1865 3855 1947">
     <span class='ocr_line' id='line_1_49' title="bbox 2222 1865 3855 1947; baseline -0.008 -16"><span class='ocrx_word' id='word_1_336' title='bbox 2222 1877 2464 1947; x_wconf 88' lang='lat' dir='ltr'>gnoscit,</span> <span class='ocrx_word' id='word_1_337' title='bbox 2514 1875 2742 1946; x_wconf 87' lang='lat' dir='ltr'>quando</span> <span class='ocrx_word' id='word_1_338' title='bbox 2787 1873 2981 1926; x_wconf 90' lang='lat' dir='ltr'>animo</span> <span class='ocrx_word' id='word_1_339' title='bbox 3014 1872 3165 1924; x_wconf 91' lang='lat' dir='ltr'>inter</span> <span class='ocrx_word' id='word_1_340' title='bbox 3192 1873 3521 1939; x_wconf 89' lang='lat' dir='ltr'>peccatores</span> <span class='ocrx_word' id='word_1_341' title='bbox 3575 1866 3756 1937; x_wconf 88' lang='lat' dir='ltr'>posita,</span> <span class='ocrx_word' id='word_1_342' title='bbox 3805 1865 3855 1918; x_wconf 85' lang='lat' dir='ltr'>ad</span> 
     </span>
    </p>
   </div>
   <div class='ocr_carea' id='block_1_50' title="bbox 2221 1955 3860 2032">
    <p class='ocr_par' dir='ltr' id='par_1_50' title="bbox 2221 1955 3860 2032">
     <span class='ocr_line' id='line_1_50' title="bbox 2221 1955 3860 2032; baseline -0.007 -13"><span class='ocrx_word' id='word_1_343' title='bbox 2221 1964 2469 2019; x_wconf 87' lang='lat' dir='ltr'>auctoris</span> <span class='ocrx_word' id='word_1_344' title='bbox 2492 1963 2577 2017; x_wconf 91' lang='lat' dir='ltr'>sui</span> <span class='ocrx_word' id='word_1_345' title='bbox 2609 1963 2920 2032; x_wconf 82' lang='lat' dir='ltr'>imaginem</span> <span class='ocrx_word' id='word_1_346' title='bbox 2953 1975 3013 2012; x_wconf 90' lang='lat' dir='ltr'>se</span> <span class='ocrx_word' id='word_1_347' title='bbox 3033 1958 3317 2012; x_wconf 85' lang='lat' dir='ltr'>conditam</span> <span class='ocrx_word' id='word_1_348' title='bbox 3355 1957 3618 2010; x_wconf 87' lang='lat' dir='ltr'>meminit</span> <span class='ocrx_word' id='word_1_349' title='bbox 3648 1961 3698 2008; x_wconf 87' lang='lat' dir='ltr'>et</span> <span class='ocrx_word' id='word_1_350' title='bbox 3732 1955 3860 2024; x_wconf 77' lang='lat' dir='ltr'>juxta</span> 
     </span>
    </p>
   </div>
   <div class='ocr_carea' id='block_1_51' title="bbox 2221 2044 3858 2125">
    <p class='ocr_par' dir='ltr' id='par_1_51' title="bbox 2221 2044 3858 2125">
     <span class='ocr_line' id='line_1_51' title="bbox 2221 2044 3858 2125; baseline -0.007 -18"><span class='ocrx_word' id='word_1_351' title='bbox 2221 2059 2503 2125; x_wconf 61' lang='lat' dir='ltr'>perceptae</span> <span class='ocrx_word' id='word_1_352' title='bbox 2535 2049 2924 2105; x_wconf 88' lang='lat' dir='ltr'>similitudinis</span> <span class='ocrx_word' id='word_1_353' title='bbox 2952 2048 3210 2104; x_wconf 88' lang='lat' dir='ltr'>ordinem</span> <span class='ocrx_word' id='word_1_354' title='bbox 3249 2046 3496 2110; x_wconf 89' lang='lat' dir='ltr'>incedit;</span> <span class='ocrx_word' id='word_1_355' title='bbox 3537 2045 3675 2115; x_wconf 92' lang='lat' dir='ltr'>quod</span> <span class='ocrx_word' id='word_1_356' title='bbox 3705 2044 3743 2096; x_wconf 89' lang='lat' dir='ltr'>si</span> <span class='ocrx_word' id='word_1_357' title='bbox 3772 2059 3858 2096; x_wconf 89' lang='lat' dir='ltr'>non</span> 
     </span>
    </p>
   </div>
   <div class='ocr_carea' id='block_1_52' title="bbox 2220 2131 3860 2212">
    <p class='ocr_par' dir='ltr' id='par_1_52' title="bbox 2220 2131 3860 2212">
     <span class='ocr_line' id='line_1_52' title="bbox 2220 2131 3860 2212; baseline -0.009 -16"><span class='ocrx_word' id='word_1_358' title='bbox 2220 2143 2531 2212; x_wconf 81' lang='lat' dir='ltr'>cognoscit,</span> <span class='ocrx_word' id='word_1_359' title='bbox 2591 2140 2938 2209; x_wconf 84' lang='lat' dir='ltr'>egreditura</span> <span class='ocrx_word' id='word_1_360' title='bbox 2986 2143 3201 2191; x_wconf 87' lang='lat' dir='ltr'>secreto</span> <span class='ocrx_word' id='word_1_361' title='bbox 3257 2135 3442 2188; x_wconf 88' lang='lat' dir='ltr'>cordis</span> <span class='ocrx_word' id='word_1_362' title='bbox 3493 2134 3554 2188; x_wconf 91' lang='lat' dir='ltr'>in</span> <span class='ocrx_word' id='word_1_363' title='bbox 3605 2131 3860 2187; x_wconf 82' lang='lat' dir='ltr'>exteriores</span> 
     </span>
    </p>
   </div>
   <div class='ocr_carea' id='block_1_53' title="bbox 2219 2220 3862 2300">
    <p class='ocr_par' dir='ltr' id='par_1_53' title="bbox 2219 2220 3862 2300">
     <span class='ocr_line' id='line_1_53' title="bbox 2219 2220 3862 2300; baseline -0.009 -16"><span class='ocrx_word' id='word_1_364' title='bbox 2219 2230 2726 2300; x_wconf 86' lang='lat' dir='ltr'>concupiscentias,</span> <span class='ocrx_word' id='word_1_365' title='bbox 2777 2235 2833 2282; x_wconf 89' lang='lat' dir='ltr'>et</span> <span class='ocrx_word' id='word_1_366' title='bbox 2857 2230 2930 2282; x_wconf 90' lang='lat' dir='ltr'>ad</span> <span class='ocrx_word' id='word_1_367' title='bbox 2987 2227 3160 2281; x_wconf 85' lang='lat' dir='ltr'>latam</span> <span class='ocrx_word' id='word_1_368' title='bbox 3208 2225 3355 2278; x_wconf 88' lang='lat' dir='ltr'>viam</span> <span class='ocrx_word' id='word_1_369' title='bbox 3403 2223 3594 2287; x_wconf 90' lang='lat' dir='ltr'>ducta,</span> <span class='ocrx_word' id='word_1_370' title='bbox 3651 2220 3862 2291; x_wconf 86' lang='lat' dir='ltr'>sequitur</span> 
     </span>
    </p>
   </div>
   <div class='ocr_carea' id='block_1_54' title="bbox 2218 2309 3857 2390">
    <p class='ocr_par' dir='ltr' id='par_1_54' title="bbox 2218 2309 3857 2390">
     <span class='ocr_line' id='line_1_54' title="bbox 2218 2309 3857 2390; baseline -0.009 -17"><span class='ocrx_word' id='word_1_371' title='bbox 2218 2320 2479 2390; x_wconf 84' lang='lat' dir='ltr'>exempla</span> <span class='ocrx_word' id='word_1_372' title='bbox 2508 2319 2878 2390; x_wconf 89' lang='lat' dir='ltr'>populorum.</span> <span class='ocrx_word' id='word_1_373' title='bbox 2926 2315 3201 2370; x_wconf 85' lang='lat' dir='ltr'>Dominus</span> <span class='ocrx_word' id='word_1_374' title='bbox 3234 2313 3548 2383; x_wconf 83' lang='lat' dir='ltr'>objurgans</span> <span class='ocrx_word' id='word_1_375' title='bbox 3606 2309 3857 2365; x_wconf 78' lang='lat' dir='ltr'>Ecclesiaiu</span> 
     </span>
    </p>
   </div>
   <div class='ocr_carea' id='block_1_55' title="bbox 2217 2399 3854 2478">
    <p class='ocr_par' dir='ltr' id='par_1_55' title="bbox 2217 2399 3854 2478">
     <span class='ocr_line' id='line_1_55' title="bbox 2217 2399 3854 2478; baseline -0.009 -17"><span class='ocrx_word' id='word_1_376' title='bbox 2217 2414 2542 2478; x_wconf 84' lang='lat' dir='ltr'>paventem,</span> <span class='ocrx_word' id='word_1_377' title='bbox 2621 2407 2893 2460; x_wconf 88' lang='lat' dir='ltr'>admonet</span> <span class='ocrx_word' id='word_1_378' title='bbox 2963 2405 3108 2459; x_wconf 70' lang='lat' dir='ltr'>datas</span> <span class='ocrx_word' id='word_1_379' title='bbox 3184 2402 3287 2456; x_wconf 87' lang='lat' dir='ltr'>sibi</span> <span class='ocrx_word' id='word_1_380' title='bbox 3345 2400 3547 2470; x_wconf 72' lang='lat' dir='ltr'>gratia:</span> <span class='ocrx_word' id='word_1_381' title='bbox 3630 2399 3854 2451; x_wconf 83' lang='lat' dir='ltr'>adversus</span> 
     </span>
    </p>
   </div>
   <div class='ocr_carea' id='block_1_56' title="bbox 2216 2489 3868 2558">
    <p class='ocr_par' dir='ltr' id='par_1_56' title="bbox 2216 2489 3868 2558">
     <span class='ocr_line' id='line_1_56' title="bbox 2216 2489 3868 2558; baseline -0.008 -8"><span class='ocrx_word' id='word_1_382' title='bbox 2216 2495 2468 2550; x_wconf 86' lang='lat' dir='ltr'>hostium</span> <span class='ocrx_word' id='word_1_383' title='bbox 2516 2495 2770 2549; x_wconf 81' lang='lat' dir='ltr'>insidias.</span> <span class='ocrx_word' id='word_1_384' title='bbox 2819 2494 3012 2549; x_wconf 77' lang='lat' dir='ltr'>Haedus</span> <span class='ocrx_word' id='word_1_385' title='bbox 3043 2499 3177 2546; x_wconf 87' lang='lat' dir='ltr'>tuos.</span> <span class='ocrx_word' id='word_1_386' title='bbox 3228 2491 3369 2554; x_wconf 87' lang='lat' dir='ltr'>Quia</span> <span class='ocrx_word' id='word_1_387' title='bbox 3428 2506 3543 2542; x_wconf 90' lang='lat' dir='ltr'>non</span> <span class='ocrx_word' id='word_1_388' title='bbox 3567 2489 3717 2558; x_wconf 82' lang='lat' dir='ltr'>juxta</span> <span class='ocrx_word' id='word_1_389' title='bbox 3745 2502 3868 2539; x_wconf 88' lang='lat' dir='ltr'>man-</span> 
     </span>
    </p>
   </div>
   <div class='ocr_carea' id='block_1_57' title="bbox 2218 2575 3865 2654">
    <p class='ocr_par' dir='ltr' id='par_1_57' title="bbox 2218 2575 3865 2654">
     <span class='ocr_line' id='line_1_57' title="bbox 2218 2575 3865 2654; baseline -0.009 -15"><span class='ocrx_word' id='word_1_390' title='bbox 2218 2585 2483 2640; x_wconf 86' lang='lat' dir='ltr'>datorum</span> <span class='ocrx_word' id='word_1_391' title='bbox 2523 2600 2784 2639; x_wconf 90' lang='lat' dir='ltr'>meorum</span> <span class='ocrx_word' id='word_1_392' title='bbox 2816 2583 3095 2654; x_wconf 81' lang='lat' dir='ltr'>regulam,</span> <span class='ocrx_word' id='word_1_393' title='bbox 3124 2581 3217 2635; x_wconf 90' lang='lat' dir='ltr'>sed</span> <span class='ocrx_word' id='word_1_394' title='bbox 3247 2581 3555 2650; x_wconf 75' lang='lat' dir='ltr'>juxtaluos</span> <span class='ocrx_word' id='word_1_395' title='bbox 3577 2592 3776 2631; x_wconf 86' lang='lat' dir='ltr'>errores</span> <span class='ocrx_word' id='word_1_396' title='bbox 3801 2575 3865 2626; x_wconf 90' lang='lat' dir='ltr'>iu-</span> 
     </span>
    </p>
   </div>
   <div class='ocr_carea' id='block_1_58' title="bbox 2216 2662 3870 2739">
    <p class='ocr_par' dir='ltr' id='par_1_58' title="bbox 2216 2662 3870 2739">
     <span class='ocr_line' id='line_1_58' title="bbox 2216 2662 3870 2739; baseline -0.008 -13"><span class='ocrx_word' id='word_1_397' title='bbox 2216 2674 2552 2727; x_wconf 89' lang='lat' dir='ltr'>stituuntur.</span> <span class='ocrx_word' id='word_1_398' title='bbox 2607 2677 2798 2737; x_wconf 68' lang='lat' dir='ltr'>Juxta,</span> <span class='ocrx_word' id='word_1_399' title='bbox 2838 2671 2898 2724; x_wconf 89' lang='lat' dir='ltr'>in</span> <span class='ocrx_word' id='word_1_400' title='bbox 2954 2669 3201 2739; x_wconf 87' lang='lat' dir='ltr'>vestigiis</span> <span class='ocrx_word' id='word_1_401' title='bbox 3251 2672 3551 2738; x_wconf 88' lang='lat' dir='ltr'>pastorum</span> <span class='ocrx_word' id='word_1_402' title='bbox 3607 2662 3870 2718; x_wconf 82' lang='lat' dir='ltr'>novissima</span> 
     </span>
    </p>
   </div>
   <div class='ocr_carea' id='block_1_59' title="bbox 2215 2753 3871 2827">
    <p class='ocr_par' dir='ltr' id='par_1_59' title="bbox 2215 2753 3871 2827">
     <span class='ocr_line' id='line_1_59' title="bbox 2215 2753 3871 2827; baseline -0.01 -11"><span class='ocrx_word' id='word_1_403' title='bbox 2215 2761 2334 2826; x_wconf 78' lang='lat' dir='ltr'>fies,</span> <span class='ocrx_word' id='word_1_404' title='bbox 2358 2778 2474 2815; x_wconf 90' lang='lat' dir='ltr'>non</span> <span class='ocrx_word' id='word_1_405' title='bbox 2508 2764 2658 2815; x_wconf 89' lang='lat' dir='ltr'>inter</span> <span class='ocrx_word' id='word_1_406' title='bbox 2679 2777 2830 2827; x_wconf 88' lang='lat' dir='ltr'>oves,</span> <span class='ocrx_word' id='word_1_407' title='bbox 2867 2759 2965 2814; x_wconf 91' lang='lat' dir='ltr'>sed</span> <span class='ocrx_word' id='word_1_408' title='bbox 2998 2758 3207 2813; x_wconf 55' lang='lat' dir='ltr'>haedos.</span> <span class='ocrx_word' id='word_1_409' title='bbox 3240 2757 3337 2810; x_wconf 86' lang='lat' dir='ltr'>Vel</span> <span class='ocrx_word' id='word_1_410' title='bbox 3359 2757 3553 2825; x_wconf 67' lang='lat' dir='ltr'>juxta,</span> <span class='ocrx_word' id='word_1_411' title='bbox 3600 2753 3654 2807; x_wconf 91' lang='lat' dir='ltr'>id</span> <span class='ocrx_word' id='word_1_412' title='bbox 3705 2756 3780 2805; x_wconf 88' lang='lat' dir='ltr'>est</span> <span class='ocrx_word' id='word_1_413' title='bbox 3822 2754 3871 2801; x_wconf 89' lang='lat' dir='ltr'>ut</span> 
     </span>
    </p>
   </div>
   <div class='ocr_carea' id='block_1_60' title="bbox 2213 2835 3871 2920">
    <p class='ocr_par' dir='ltr' id='par_1_60' title="bbox 2213 2835 3871 2920">
     <span class='ocr_line' id='line_1_60' title="bbox 2213 2835 3871 2920; baseline -0.008 -18"><span class='ocrx_word' id='word_1_414' title='bbox 2213 2849 2289 2902; x_wconf 90' lang='lat' dir='ltr'>sis</span> <span class='ocrx_word' id='word_1_415' title='bbox 2345 2849 2546 2902; x_wconf 91' lang='lat' dir='ltr'>similis</span> <span class='ocrx_word' id='word_1_416' title='bbox 2596 2850 2744 2903; x_wconf 84' lang='lat' dir='ltr'>veris</span> <span class='ocrx_word' id='word_1_417' title='bbox 2801 2847 3148 2920; x_wconf 86' lang='lat' dir='ltr'>pastoribus,</span> <span class='ocrx_word' id='word_1_418' title='bbox 3205 2846 3339 2918; x_wconf 90' lang='lat' dir='ltr'>quia</span> <span class='ocrx_word' id='word_1_419' title='bbox 3388 2841 3699 2914; x_wconf 62' lang='lat' dir='ltr'>hypocrita</span> <span class='ocrx_word' id='word_1_420' title='bbox 3742 2835 3871 2909; x_wconf 86' lang='lat' dir='ltr'>sequi</span> 
     </span>
    </p>
   </div>
   <div class='ocr_carea' id='block_1_61' title="bbox 415 2929 2875 3002">
    <p class='ocr_par' dir='ltr' id='par_1_61' title="bbox 415 2929 2875 3002">
     <span class='ocr_line' id='line_1_61' title="bbox 415 2929 2875 3002; baseline 0.001 -18"><span class='ocrx_word' id='word_1_421' title='bbox 415 2946 480 2984; x_wconf 82' lang='lat' dir='ltr'>ex</span> <span class='ocrx_word' id='word_1_422' title='bbox 513 2948 754 3002; x_wconf 89' lang='lat' dir='ltr'>persona</span> <span class='ocrx_word' id='word_1_423' title='bbox 805 2932 1060 2998; x_wconf 88' lang='lat' dir='ltr'>illorum,</span> <span class='ocrx_word' id='word_1_424' title='bbox 1122 2930 1333 3000; x_wconf 85' lang='lat' dir='ltr'>quibus</span> <span class='ocrx_word' id='word_1_425' title='bbox 1382 2929 1730 2998; x_wconf 65' lang='lat' dir='ltr'>prasdicandi</span> <span class='ocrx_word' id='word_1_426' title='bbox 1770 2945 1907 2982; x_wconf 91' lang='lat' dir='ltr'>cura</span> <span class='ocrx_word' id='word_1_427' title='bbox 1944 2945 2100 2982; x_wconf 91' lang='lat' dir='ltr'>com-</span> <span class='ocrx_word' id='word_1_428' title='bbox 2135 2933 2176 2988; x_wconf 70' lang='grc' dir='ltr'>(ἰ</span> <span class='ocrx_word' id='word_1_429' title='bbox 2213 2937 2393 2991; x_wconf 90' lang='lat' dir='ltr'>bonos</span> <span class='ocrx_word' id='word_1_430' title='bbox 2415 2937 2682 2991; x_wconf 89' lang='lat' dir='ltr'>videntur</span> <span class='ocrx_word' id='word_1_431' title='bbox 2713 2935 2875 2988; x_wconf 89' lang='lat' dir='ltr'>viros.</span> 
     </span>
    </p>
   </div>
   <div class='ocr_carea' id='block_1_62' title="bbox 415 3016 2106 3087">
    <p class='ocr_par' dir='ltr' id='par_1_62' title="bbox 415 3016 2106 3087">
     <span class='ocr_line' id='line_1_62' title="bbox 415 3016 2106 3087; baseline -0.003 -13"><span class='ocrx_word' id='word_1_432' title='bbox 415 3019 586 3074; x_wconf 87' lang='lat' dir='ltr'>missa</span> <span class='ocrx_word' id='word_1_433' title='bbox 615 3025 701 3073; x_wconf 89' lang='lat' dir='ltr'>est</span> <span class='ocrx_word' id='word_1_434' title='bbox 733 3021 1069 3074; x_wconf 82' lang='lat' dir='ltr'>:Posuerunt</span> <span class='ocrx_word' id='word_1_435' title='bbox 1108 3034 1188 3072; x_wconf 89' lang='lat' dir='ltr'>me</span> <span class='ocrx_word' id='word_1_436' title='bbox 1217 3018 1487 3072; x_wconf 75' lang='lat' dir='ltr'>custodem</span> <span class='ocrx_word' id='word_1_437' title='bbox 1550 3020 1609 3072; x_wconf 80' lang='lat' dir='ltr'>in</span> <span class='ocrx_word' id='word_1_438' title='bbox 1663 3019 1852 3072; x_wconf 82' lang='lat' dir='ltr'>uineis.</span> <span class='ocrx_word' id='word_1_439' title='bbox 1889 3016 2106 3087; x_wconf 55' lang='lat' dir='ltr'>(Casa)</span> 
     </span>
    </p>
   </div>
   <div class='ocr_carea' id='block_1_63' title="bbox 419 3093 2106 3176">
    <p class='ocr_par' dir='ltr' id='par_1_63' title="bbox 419 3093 2106 3176">
     <span class='ocr_line' id='line_1_63' title="bbox 419 3093 2106 3176; baseline -0.002 -15"><span class='ocrx_word' id='word_1_440' title='bbox 419 3109 600 3162; x_wconf 75' lang='lat' dir='ltr'>Vincas</span> <span class='ocrx_word' id='word_1_441' title='bbox 646 3114 876 3172; x_wconf 61' lang='lat' dir='ltr'>nostrae,</span> <span class='ocrx_word' id='word_1_442' title='bbox 925 3108 1174 3161; x_wconf 88' lang='lat' dir='ltr'>actiones</span> <span class='ocrx_word' id='word_1_443' title='bbox 1222 3093 1372 3166; x_wconf 85' lang='lat' dir='ltr'>sunt,</span> <span class='ocrx_word' id='word_1_444' title='bbox 1423 3122 1565 3176; x_wconf 89' lang='lat' dir='ltr'>quas</span> <span class='ocrx_word' id='word_1_445' title='bbox 1618 3123 1724 3159; x_wconf 90' lang='lat' dir='ltr'>usu</span> <span class='ocrx_word' id='word_1_446' title='bbox 1782 3105 2106 3176; x_wconf 87' lang='lat' dir='ltr'>quotidiani</span> 
     </span>
    </p>
   </div>
   <div class='ocr_carea' id='block_1_64' title="bbox 415 3194 2103 3264">
    <p class='ocr_par' dir='ltr' id='par_1_64' title="bbox 415 3194 2103 3264">
     <span class='ocr_line' id='line_1_64' title="bbox 415 3194 2103 3264; baseline -0.001 -15"><span class='ocrx_word' id='word_1_447' title='bbox 415 3197 624 3249; x_wconf 84' lang='lat' dir='ltr'>laboris</span> <span class='ocrx_word' id='word_1_448' title='bbox 654 3197 985 3250; x_wconf 85' lang='lat' dir='ltr'>excolimus.</span> <span class='ocrx_word' id='word_1_449' title='bbox 1018 3195 1124 3250; x_wconf 86' lang='lat' dir='ltr'>Sed</span> <span class='ocrx_word' id='word_1_450' title='bbox 1157 3194 1401 3248; x_wconf 83' lang='lat' dir='ltr'>custodes</span> <span class='ocrx_word' id='word_1_451' title='bbox 1459 3197 1516 3248; x_wconf 83' lang='lat' dir='ltr'>in</span> <span class='ocrx_word' id='word_1_452' title='bbox 1549 3196 1722 3248; x_wconf 82' lang='lat' dir='ltr'>vineis</span> <span class='ocrx_word' id='word_1_453' title='bbox 1755 3194 1948 3264; x_wconf 88' lang='lat' dir='ltr'>positi,</span> <span class='ocrx_word' id='word_1_454' title='bbox 1995 3210 2103 3247; x_wconf 91' lang='lat' dir='ltr'>no-</span> 
     </span>
    </p>
   </div>
   <div class='ocr_carea' id='block_1_65' title="bbox 411 3283 2105 3352">
    <p class='ocr_par' dir='ltr' id='par_1_65' title="bbox 411 3283 2105 3352">
     <span class='ocr_line' id='line_1_65' title="bbox 411 3283 2105 3352; baseline -0.001 -15"><span class='ocrx_word' id='word_1_455' title='bbox 411 3292 586 3338; x_wconf 83' lang='lat' dir='ltr'>stram</span> <span class='ocrx_word' id='word_1_456' title='bbox 614 3285 837 3338; x_wconf 79' lang='lat' dir='ltr'>vineam</span> <span class='ocrx_word' id='word_1_457' title='bbox 870 3301 985 3337; x_wconf 88' lang='lat' dir='ltr'>non</span> <span class='ocrx_word' id='word_1_458' title='bbox 1020 3284 1414 3337; x_wconf 85' lang='lat' dir='ltr'>custodimus:</span> <span class='ocrx_word' id='word_1_459' title='bbox 1447 3283 1583 3352; x_wconf 87' lang='lat' dir='ltr'>quia</span> <span class='ocrx_word' id='word_1_460' title='bbox 1628 3284 1767 3337; x_wconf 91' lang='lat' dir='ltr'>dum</span> <span class='ocrx_word' id='word_1_461' title='bbox 1821 3283 2105 3336; x_wconf 83' lang='lat' dir='ltr'>extraneis</span> 
     </span>
    </p>
   </div>
   <div class='ocr_carea' id='block_1_66' title="bbox 412 3369 2105 3442">
    <p class='ocr_par' dir='ltr' id='par_1_66' title="bbox 412 3369 2105 3442">
     <span class='ocr_line' id='line_1_66' title="bbox 412 3369 2105 3442; baseline -0.001 -16"><span class='ocrx_word' id='word_1_462' title='bbox 412 3373 730 3426; x_wconf 85' lang='lat' dir='ltr'>actionibus</span> <span class='ocrx_word' id='word_1_463' title='bbox 775 3372 1158 3442; x_wconf 89' lang='lat' dir='ltr'>implicamur,</span> <span class='ocrx_word' id='word_1_464' title='bbox 1195 3371 1579 3424; x_wconf 89' lang='lat' dir='ltr'>ministerium</span> <span class='ocrx_word' id='word_1_465' title='bbox 1611 3369 1850 3423; x_wconf 89' lang='lat' dir='ltr'>actionis</span> <span class='ocrx_word' id='word_1_466' title='bbox 1899 3375 2105 3424; x_wconf 75' lang='lat' dir='ltr'>nostras</span> 
     </span>
    </p>
   </div>
   <div class='ocr_carea' id='block_1_67' title="bbox 412 3458 2104 3530">
    <p class='ocr_par' dir='ltr' id='par_1_67' title="bbox 412 3458 2104 3530">
     <span class='ocr_line' id='line_1_67' title="bbox 412 3458 2104 3530; baseline -0.001 -17"><span class='ocrx_word' id='word_1_467' title='bbox 412 3461 778 3530; x_wconf 83' lang='lat' dir='ltr'>negligimus.</span> <span class='ocrx_word' id='word_1_468' title='bbox 808 3461 950 3513; x_wconf 88' lang='lat' dir='ltr'>Dum</span> <span class='ocrx_word' id='word_1_469' title='bbox 984 3461 1178 3529; x_wconf 88' lang='lat' dir='ltr'>plures</span> <span class='ocrx_word' id='word_1_470' title='bbox 1208 3459 1552 3512; x_wconf 88' lang='lat' dir='ltr'>custodirem</span> <span class='ocrx_word' id='word_1_471' title='bbox 1578 3458 1790 3524; x_wconf 88' lang='lat' dir='ltr'>vineas,</span> <span class='ocrx_word' id='word_1_472' title='bbox 1843 3463 1907 3512; x_wconf 87' lang='lat' dir='ltr'>ut</span> <span class='ocrx_word' id='word_1_473' title='bbox 1963 3459 2104 3512; x_wconf 89' lang='lat' dir='ltr'>alios</span> 
     </span>
    </p>
   </div>
   <div class='ocr_carea' id='block_1_68' title="bbox 409 3545 2105 3618">
    <p class='ocr_par' dir='ltr' id='par_1_68' title="bbox 409 3545 2105 3618">
     <span class='ocr_line' id='line_1_68' title="bbox 409 3545 2105 3618; baseline -0.001 -15"><span class='ocrx_word' id='word_1_474' title='bbox 409 3550 820 3614; x_wconf 75' lang='lat' dir='ltr'>luerit-acerem,</span> <span class='ocrx_word' id='word_1_475' title='bbox 880 3547 940 3601; x_wconf 89' lang='lat' dir='ltr'>in</span> <span class='ocrx_word' id='word_1_476' title='bbox 989 3547 1331 3618; x_wconf 87' lang='lat' dir='ltr'>quibusdam</span> <span class='ocrx_word' id='word_1_477' title='bbox 1363 3547 1572 3600; x_wconf 91' lang='lat' dir='ltr'>damna</span> <span class='ocrx_word' id='word_1_478' title='bbox 1612 3545 1877 3602; x_wconf 86' lang='lat' dir='ltr'>sustinui.</span> <span class='ocrx_word' id='word_1_479' title='bbox 1939 3550 2105 3602; x_wconf 81' lang='lat' dir='ltr'>Acer-</span> 
     </span>
    </p>
   </div>
   <div class='ocr_carea' id='block_1_69' title="bbox 411 3633 2102 3706">
    <p class='ocr_par' dir='ltr' id='par_1_69' title="bbox 411 3633 2102 3706">
     <span class='ocr_line' id='line_1_69' title="bbox 411 3633 2102 3706; baseline -0.001 -17"><span class='ocrx_word' id='word_1_480' title='bbox 411 3637 557 3690; x_wconf 83' lang='lat' dir='ltr'>bitas</span> <span class='ocrx_word' id='word_1_481' title='bbox 598 3634 1005 3706; x_wconf 84' lang='lat' dir='ltr'>persecutionis</span> <span class='ocrx_word' id='word_1_482' title='bbox 1056 3633 1306 3688; x_wconf 75' lang='lat' dir='ltr'>filiorum</span> <span class='ocrx_word' id='word_1_483' title='bbox 1350 3633 1665 3704; x_wconf 73' lang='lat' dir='ltr'>Synagogas</span> <span class='ocrx_word' id='word_1_484' title='bbox 1715 3634 1844 3688; x_wconf 88' lang='lat' dir='ltr'>fecit</span> <span class='ocrx_word' id='word_1_485' title='bbox 1891 3649 1982 3687; x_wconf 90' lang='lat' dir='ltr'>me</span> <span class='ocrx_word' id='word_1_486' title='bbox 2019 3635 2102 3688; x_wconf 87' lang='lat' dir='ltr'>vi-</span> 
     </span>
    </p>
   </div>
   <div class='ocr_carea' id='block_1_70' title="bbox 411 3723 2101 3794">
    <p class='ocr_par' dir='ltr' id='par_1_70' title="bbox 411 3723 2101 3794">
     <span class='ocr_line' id='line_1_70' title="bbox 411 3723 2101 3794; baseline -0.001 -16"><span class='ocrx_word' id='word_1_487' title='bbox 411 3741 577 3778; x_wconf 85' lang='lat' dir='ltr'>neam</span> <span class='ocrx_word' id='word_1_488' title='bbox 626 3741 808 3778; x_wconf 89' lang='lat' dir='ltr'>meam</span> <span class='ocrx_word' id='word_1_489' title='bbox 840 3740 955 3777; x_wconf 92' lang='lat' dir='ltr'>non</span> <span class='ocrx_word' id='word_1_490' title='bbox 985 3723 1292 3792; x_wconf 90' lang='lat' dir='ltr'>custodire,</span> <span class='ocrx_word' id='word_1_491' title='bbox 1325 3724 1479 3794; x_wconf 88' lang='lat' dir='ltr'>quia,</span> <span class='ocrx_word' id='word_1_492' title='bbox 1533 3723 1731 3776; x_wconf 89' lang='lat' dir='ltr'>relicta</span> <span class='ocrx_word' id='word_1_493' title='bbox 1778 3723 2101 3793; x_wconf 83' lang='lat' dir='ltr'>evangelica</span> 
     </span>
    </p>
   </div>
   <div class='ocr_carea' id='block_1_71' title="bbox 411 3810 2102 3882">
    <p class='ocr_par' dir='ltr' id='par_1_71' title="bbox 411 3810 2102 3882">
     <span class='ocr_line' id='line_1_71' title="bbox 411 3810 2102 3882; baseline -0.001 -16"><span class='ocrx_word' id='word_1_494' title='bbox 411 3812 686 3878; x_wconf 87' lang='lat' dir='ltr'>doctrina,</span> <span class='ocrx_word' id='word_1_495' title='bbox 720 3812 787 3866; x_wconf 89' lang='lat' dir='ltr'>ad</span> <span class='ocrx_word' id='word_1_496' title='bbox 814 3811 1086 3882; x_wconf 87' lang='lat' dir='ltr'>legalium</span> <span class='ocrx_word' id='word_1_497' title='bbox 1118 3811 1574 3865; x_wconf 85' lang='lat' dir='ltr'>Observationum</span> <span class='ocrx_word' id='word_1_498' title='bbox 1619 3810 1966 3866; x_wconf 81' lang='lat' dir='ltr'>differentias</span> <span class='ocrx_word' id='word_1_499' title='bbox 2013 3827 2102 3865; x_wconf 91' lang='lat' dir='ltr'>co-</span> 
     </span>
    </p>
   </div>
   <div class='ocr_carea' id='block_1_72' title="bbox 408 3903 636 3972">
    <p class='ocr_par' dir='ltr' id='par_1_72' title="bbox 408 3903 636 3972">
     <span class='ocr_line' id='line_1_72' title="bbox 408 3903 636 3972; baseline 0 -16"><span class='ocrx_word' id='word_1_500' title='bbox 408 3903 636 3972; x_wconf 83' lang='lat' dir='ltr'>gebant.</span> 
     </span>
    </p>
   </div>
   <div class='ocr_carea' id='block_1_73' title="bbox 481 3985 2099 4056">
    <p class='ocr_par' dir='ltr' id='par_1_73' title="bbox 481 3985 2099 4056">
     <span class='ocr_line' id='line_1_73' title="bbox 481 3985 2099 4056; baseline -0.001 -14"><span class='ocrx_word' id='word_1_501' title='bbox 481 3991 638 4043; x_wconf 80' lang='lat' dir='ltr'>Vsus.</span> <span class='ocrx_word' id='word_1_502' title='bbox 662 3991 712 4042; x_wconf 86' lang='lat'>6.</span> <span class='ocrx_word' id='word_1_503' title='bbox 745 4018 813 4028; x_wconf 89' lang='lat'><strong>—</strong></span> <span class='ocrx_word' id='word_1_504' title='bbox 842 3986 1033 4042; x_wconf 83' lang='lat' dir='ltr'>Indica</span> <span class='ocrx_word' id='word_1_505' title='bbox 1077 3987 1236 4052; x_wconf 84' lang='lat' dir='ltr'>mihi,</span> <span class='ocrx_word' id='word_1_506' title='bbox 1295 3989 1400 4040; x_wconf 89' lang='lat' dir='ltr'>ctc.</span> <span class='ocrx_word' id='word_1_507' title='bbox 1445 3987 1562 4039; x_wconf 85' lang='lat' dir='ltr'>Vox</span> <span class='ocrx_word' id='word_1_508' title='bbox 1614 3985 1938 4056; x_wconf 88' lang='lat' dir='ltr'>incipientis</span> <span class='ocrx_word' id='word_1_509' title='bbox 1995 3987 2099 4040; x_wconf 85' lang='lat' dir='ltr'>Ec-</span> 
     </span>
    </p>
   </div>
   <div class='ocr_carea' id='block_1_74' title="bbox 406 4075 2096 4147">
    <p class='ocr_par' dir='ltr' id='par_1_74' title="bbox 406 4075 2096 4147">
     <span class='ocr_line' id='line_1_74' title="bbox 406 4075 2096 4147; baseline -0.002 -15"><span class='ocrx_word' id='word_1_510' title='bbox 406 4079 589 4132; x_wconf 65' lang='lat' dir='ltr'>clesia:</span> <span class='ocrx_word' id='word_1_511' title='bbox 619 4079 688 4131; x_wconf 89' lang='lat' dir='ltr'>de</span> <span class='ocrx_word' id='word_1_512' title='bbox 711 4077 977 4147; x_wconf 86' lang='lat' dir='ltr'>gentibus</span> <span class='ocrx_word' id='word_1_513' title='bbox 1006 4076 1074 4129; x_wconf 92' lang='lat' dir='ltr'>ad</span> <span class='ocrx_word' id='word_1_514' title='bbox 1106 4092 1396 4145; x_wconf 87' lang='lat' dir='ltr'>sponsam.</span> <span class='ocrx_word' id='word_1_515' title='bbox 1431 4076 1566 4145; x_wconf 87' lang='lat' dir='ltr'>quia</span> <span class='ocrx_word' id='word_1_516' title='bbox 1631 4075 1796 4129; x_wconf 89' lang='lat' dir='ltr'>multi</span> <span class='ocrx_word' id='word_1_517' title='bbox 1849 4076 2096 4146; x_wconf 78' lang='lat' dir='ltr'>pseudo-</span> 
     </span>
    </p>
   </div>
   <div class='ocr_carea' id='block_1_75' title="bbox 400 4163 2096 4238">
    <p class='ocr_par' dir='ltr' id='par_1_75' title="bbox 400 4163 2096 4238">
     <span class='ocr_line' id='line_1_75' title="bbox 400 4163 2096 4238; baseline -0.002 -18"><span class='ocrx_word' id='word_1_518' title='bbox 400 4167 696 4238; x_wconf 71' lang='lat' dir='ltr'>prophetae</span> <span class='ocrx_word' id='word_1_519' title='bbox 749 4170 960 4219; x_wconf 82' lang='lat' dir='ltr'>exeunt</span> <span class='ocrx_word' id='word_1_520' title='bbox 1006 4164 1066 4218; x_wconf 91' lang='lat' dir='ltr'>in</span> <span class='ocrx_word' id='word_1_521' title='bbox 1090 4164 1392 4230; x_wconf 82' lang='lat' dir='ltr'>mundum,</span> <span class='ocrx_word' id='word_1_522' title='bbox 1449 4163 1746 4218; x_wconf 89' lang='lat' dir='ltr'>dicentes:</span> <span class='ocrx_word' id='word_1_523' title='bbox 1805 4164 1943 4217; x_wconf 86' lang='lat' dir='ltr'>Ecce</span> <span class='ocrx_word' id='word_1_524' title='bbox 2004 4163 2096 4217; x_wconf 91' lang='lat' dir='ltr'>hic</span> 
     </span>
    </p>
   </div>
   <div class='ocr_carea' id='block_1_76' title="bbox 405 4251 2092 4321">
    <p class='ocr_par' dir='ltr' id='par_1_76' title="bbox 405 4251 2092 4321">
     <span class='ocr_line' id='line_1_76' title="bbox 405 4251 2092 4321; baseline -0.002 -12"><span class='ocrx_word' id='word_1_525' title='bbox 405 4255 678 4321; x_wconf 88' lang='lat' dir='ltr'>Christus,</span> <span class='ocrx_word' id='word_1_526' title='bbox 711 4271 838 4308; x_wconf 90' lang='lat' dir='ltr'>ecce</span> <span class='ocrx_word' id='word_1_527' title='bbox 875 4253 1019 4320; x_wconf 91' lang='lat' dir='ltr'>illic;</span> <span class='ocrx_word' id='word_1_528' title='bbox 1079 4258 1274 4306; x_wconf 82' lang='lat' dir='ltr'>exorat</span> <span class='ocrx_word' id='word_1_529' title='bbox 1318 4257 1377 4305; x_wconf 92' lang='lat' dir='ltr'>ut</span> <span class='ocrx_word' id='word_1_530' title='bbox 1431 4252 1606 4321; x_wconf 87' lang='lat' dir='ltr'>possit</span> <span class='ocrx_word' id='word_1_531' title='bbox 1639 4251 1982 4320; x_wconf 87' lang='lat' dir='ltr'>discernere,</span> <span class='ocrx_word' id='word_1_532' title='bbox 2036 4252 2092 4306; x_wconf 91' lang='lat' dir='ltr'>in</span> 
     </span>
    </p>
   </div>
   <div class='ocr_carea' id='block_1_77' title="bbox 402 4340 2094 4415">
    <p class='ocr_par' dir='ltr' id='par_1_77' title="bbox 402 4340 2094 4415">
     <span class='ocr_line' id='line_1_77' title="bbox 402 4340 2094 4415; baseline -0.001 -19"><span class='ocrx_word' id='word_1_533' title='bbox 402 4360 650 4415; x_wconf 89' lang='lat' dir='ltr'>quorum</span> <span class='ocrx_word' id='word_1_534' title='bbox 676 4341 1022 4413; x_wconf 86' lang='lat' dir='ltr'>professione</span> <span class='ocrx_word' id='word_1_535' title='bbox 1053 4345 1110 4394; x_wconf 87' lang='lat' dir='ltr'>et</span> <span class='ocrx_word' id='word_1_536' title='bbox 1139 4357 1310 4410; x_wconf 90' lang='lat' dir='ltr'>opere</span> <span class='ocrx_word' id='word_1_537' title='bbox 1358 4341 1533 4410; x_wconf 90' lang='lat' dir='ltr'>possit</span> <span class='ocrx_word' id='word_1_538' title='bbox 1591 4340 1851 4393; x_wconf 84' lang='lat' dir='ltr'>inveniri.</span> <span class='ocrx_word' id='word_1_539' title='bbox 1904 4340 2094 4395; x_wconf 79' lang='lat' dir='ltr'>Indica</span> 
     </span>
    </p>
   </div>
   <div class='ocr_carea' id='block_1_78' title="bbox 401 4419 2092 4501">
    <p class='ocr_par' dir='ltr' id='par_1_78' title="bbox 401 4419 2092 4501">
     <span class='ocr_line' id='line_1_78' title="bbox 401 4419 2092 4501; baseline -0.002 -15"><span class='ocrx_word' id='word_1_540' title='bbox 401 4419 558 4501; x_wconf 75' lang='lat' dir='ltr'>mihi,</span> <span class='ocrx_word' id='word_1_541' title='bbox 589 4435 876 4501; x_wconf 90' lang='lat' dir='ltr'>pastorem</span> <span class='ocrx_word' id='word_1_542' title='bbox 919 4445 1129 4492; x_wconf 91' lang='lat' dir='ltr'>meum,</span> <span class='ocrx_word' id='word_1_543' title='bbox 1162 4444 1332 4498; x_wconf 83' lang='lat' dir='ltr'>quem</span> <span class='ocrx_word' id='word_1_544' title='bbox 1385 4433 1500 4480; x_wconf 90' lang='lat' dir='ltr'>tota</span> <span class='ocrx_word' id='word_1_545' title='bbox 1532 4427 1726 4481; x_wconf 91' lang='lat' dir='ltr'>anima</span> <span class='ocrx_word' id='word_1_546' title='bbox 1779 4429 1977 4498; x_wconf 82' lang='lat' dir='ltr'>diligo,</span> <span class='ocrx_word' id='word_1_547' title='bbox 2037 4433 2092 4483; x_wconf 86' lang='lat' dir='ltr'>et</span> 
     </span>
    </p>
   </div>
   <div class='ocr_carea' id='block_1_79' title="bbox 400 4516 2093 4590">
    <p class='ocr_par' dir='ltr' id='par_1_79' title="bbox 400 4516 2093 4590">
     <span class='ocr_line' id='line_1_79' title="bbox 400 4516 2093 4590; baseline -0.002 -16"><span class='ocrx_word' id='word_1_548' title='bbox 400 4521 459 4575; x_wconf 90' lang='lat' dir='ltr'>in</span> <span class='ocrx_word' id='word_1_549' title='bbox 482 4521 690 4590; x_wconf 86' lang='lat' dir='ltr'>quibus</span> <span class='ocrx_word' id='word_1_550' title='bbox 712 4519 969 4590; x_wconf 89' lang='lat' dir='ltr'>requiem</span> <span class='ocrx_word' id='word_1_551' title='bbox 1000 4523 1056 4571; x_wconf 90' lang='lat' dir='ltr'>et</span> <span class='ocrx_word' id='word_1_552' title='bbox 1077 4533 1280 4587; x_wconf 90' lang='lat' dir='ltr'>pascua</span> <span class='ocrx_word' id='word_1_553' title='bbox 1311 4516 1533 4576; x_wconf 87' lang='lat' dir='ltr'>habeat,</span> <span class='ocrx_word' id='word_1_554' title='bbox 1569 4533 1638 4570; x_wconf 92' lang='lat' dir='ltr'>ne</span> <span class='ocrx_word' id='word_1_555' title='bbox 1683 4522 1821 4570; x_wconf 71' lang='lat' dir='ltr'>aestu</span> <span class='ocrx_word' id='word_1_556' title='bbox 1867 4516 2093 4570; x_wconf 86' lang='lat' dir='ltr'>turbata</span> 
     </span>
    </p>
   </div>
   <div class='ocr_carea' id='block_1_80' title="bbox 397 4605 2090 4678">
    <p class='ocr_par' dir='ltr' id='par_1_80' title="bbox 397 4605 2090 4678">
     <span class='ocr_line' id='line_1_80' title="bbox 397 4605 2090 4678; baseline -0.004 -15"><span class='ocrx_word' id='word_1_557' title='bbox 397 4608 800 4675; x_wconf 87' lang='lat' dir='ltr'>tentationum,</span> <span class='ocrx_word' id='word_1_558' title='bbox 829 4622 931 4678; x_wconf 93' lang='lat' dir='ltr'>per</span> <span class='ocrx_word' id='word_1_559' title='bbox 952 4605 1258 4673; x_wconf 90' lang='lat' dir='ltr'>sodalium,</span> <span class='ocrx_word' id='word_1_560' title='bbox 1298 4605 1351 4658; x_wconf 92' lang='lat' dir='ltr'>id</span> <span class='ocrx_word' id='word_1_561' title='bbox 1383 4609 1466 4658; x_wconf 89' lang='lat' dir='ltr'>est</span> <span class='ocrx_word' id='word_1_562' title='bbox 1500 4605 1902 4658; x_wconf 81' lang='lat' dir='ltr'>haereticorum</span> <span class='ocrx_word' id='word_1_563' title='bbox 1953 4620 2090 4658; x_wconf 92' lang='lat' dir='ltr'>con-</span> 
     </span>
    </p>
   </div>
   <div class='ocr_carea' id='block_1_81' title="bbox 397 4693 2092 4766">
    <p class='ocr_par' dir='ltr' id='par_1_81' title="bbox 397 4693 2092 4766">
     <span class='ocr_line' id='line_1_81' title="bbox 397 4693 2092 4766; baseline -0.002 -16"><span class='ocrx_word' id='word_1_564' title='bbox 397 4697 682 4752; x_wconf 87' lang='lat' dir='ltr'>venticula</span> <span class='ocrx_word' id='word_1_565' title='bbox 714 4712 838 4749; x_wconf 90' lang='lat' dir='ltr'>eam</span> <span class='ocrx_word' id='word_1_566' title='bbox 872 4710 1127 4766; x_wconf 68' lang='lat' dir='ltr'>quaerere</span> <span class='ocrx_word' id='word_1_567' title='bbox 1161 4693 1452 4764; x_wconf 85' lang='lat' dir='ltr'>incipiam.</span> <span class='ocrx_word' id='word_1_568' title='bbox 1504 4693 1622 4760; x_wconf 90' lang='lat' dir='ltr'>Vel,</span> <span class='ocrx_word' id='word_1_569' title='bbox 1682 4693 1741 4746; x_wconf 90' lang='lat' dir='ltr'>in</span> <span class='ocrx_word' id='word_1_570' title='bbox 1774 4709 1910 4746; x_wconf 89' lang='lat' dir='ltr'>voce</span> <span class='ocrx_word' id='word_1_571' title='bbox 1956 4709 2092 4762; x_wconf 69' lang='lat' dir='ltr'>prae-</span> 
     </span>
    </p>
   </div>
   <div class='ocr_carea' id='block_1_82' title="bbox 399 4782 2091 4854">
    <p class='ocr_par' dir='ltr' id='par_1_82' title="bbox 399 4782 2091 4854">
     <span class='ocr_line' id='line_1_82' title="bbox 399 4782 2091 4854; baseline -0.004 -14"><span class='ocrx_word' id='word_1_572' title='bbox 399 4786 714 4840; x_wconf 89' lang='lat' dir='ltr'>dicatorum</span> <span class='ocrx_word' id='word_1_573' title='bbox 747 4785 815 4838; x_wconf 88' lang='lat' dir='ltr'>ad</span> <span class='ocrx_word' id='word_1_574' title='bbox 848 4799 1137 4854; x_wconf 83' lang='lat' dir='ltr'>sponsam,</span> <span class='ocrx_word' id='word_1_575' title='bbox 1171 4787 1236 4835; x_wconf 91' lang='lat' dir='ltr'>ut</span> <span class='ocrx_word' id='word_1_576' title='bbox 1275 4782 1594 4835; x_wconf 89' lang='lat' dir='ltr'>discernere</span> <span class='ocrx_word' id='word_1_577' title='bbox 1622 4782 1840 4852; x_wconf 89' lang='lat' dir='ltr'>possint</span> <span class='ocrx_word' id='word_1_578' title='bbox 1882 4783 2091 4852; x_wconf 89' lang='lat' dir='ltr'>quibus</span> 
     </span>
    </p>
   </div>
   <div class='ocr_carea' id='block_1_83' title="bbox 397 4870 2090 4940">
    <p class='ocr_par' dir='ltr' id='par_1_83' title="bbox 397 4870 2090 4940">
     <span class='ocr_line' id='line_1_83' title="bbox 397 4870 2090 4940; baseline -0.004 -12"><span class='ocrx_word' id='word_1_579' title='bbox 397 4875 526 4928; x_wconf 76' lang='lat' dir='ltr'>vitae</span> <span class='ocrx_word' id='word_1_580' title='bbox 593 4874 762 4927; x_wconf 89' lang='lat' dir='ltr'>verba</span> <span class='ocrx_word' id='word_1_581' title='bbox 817 4871 1140 4926; x_wconf 89' lang='lat' dir='ltr'>ministrare</span> <span class='ocrx_word' id='word_1_582' title='bbox 1199 4870 1460 4924; x_wconf 89' lang='lat' dir='ltr'>debeant.</span> <span class='ocrx_word' id='word_1_583' title='bbox 1543 4870 1758 4923; x_wconf 83' lang='lat' dir='ltr'>Deinde</span> <span class='ocrx_word' id='word_1_584' title='bbox 1817 4870 2090 4940; x_wconf 75' lang='lat' dir='ltr'>conspicit</span> 
     </span>
    </p>
   </div>
   <div class='ocr_carea' id='block_1_84' title="bbox 395 4956 2090 5034">
    <p class='ocr_par' dir='ltr' id='par_1_84' title="bbox 395 4956 2090 5034">
     <span class='ocr_line' id='line_1_84' title="bbox 395 4956 2090 5034; baseline -0.004 -16"><span class='ocrx_word' id='word_1_585' title='bbox 395 4979 692 5034; x_wconf 90' lang='lat' dir='ltr'>sponsum,</span> <span class='ocrx_word' id='word_1_586' title='bbox 743 4962 841 5032; x_wconf 92' lang='lat' dir='ltr'>qui</span> <span class='ocrx_word' id='word_1_587' title='bbox 886 4963 1221 5030; x_wconf 84' lang='lat' dir='ltr'>conspectus</span> <span class='ocrx_word' id='word_1_588' title='bbox 1278 4956 1565 5011; x_wconf 89' lang='lat' dir='ltr'>abscessit.</span> <span class='ocrx_word' id='word_1_589' title='bbox 1643 4959 1706 5010; x_wconf 89' lang='lat' dir='ltr'>Et</span> <span class='ocrx_word' id='word_1_590' title='bbox 1761 4958 2090 5028; x_wconf 88' lang='lat' dir='ltr'>frequenter</span> 
     </span>
    </p>
   </div>
   <div class='ocr_carea' id='block_1_85' title="bbox 393 5045 2086 5117">
    <p class='ocr_par' dir='ltr' id='par_1_85' title="bbox 393 5045 2086 5117">
     <span class='ocr_line' id='line_1_85' title="bbox 393 5045 2086 5117; baseline -0.005 -10"><span class='ocrx_word' id='word_1_591' title='bbox 393 5055 500 5108; x_wconf 89' lang='lat' dir='ltr'>hoc</span> <span class='ocrx_word' id='word_1_592' title='bbox 529 5053 661 5106; x_wconf 89' lang='lat' dir='ltr'>facit</span> <span class='ocrx_word' id='word_1_593' title='bbox 689 5051 748 5104; x_wconf 92' lang='lat' dir='ltr'>in</span> <span class='ocrx_word' id='word_1_594' title='bbox 782 5055 896 5104; x_wconf 92' lang='lat' dir='ltr'>toto</span> <span class='ocrx_word' id='word_1_595' title='bbox 925 5050 1196 5112; x_wconf 91' lang='lat' dir='ltr'>carmine,</span> <span class='ocrx_word' id='word_1_596' title='bbox 1248 5046 1398 5117; x_wconf 89' lang='lat' dir='ltr'>quod</span> <span class='ocrx_word' id='word_1_597' title='bbox 1431 5053 1698 5115; x_wconf 83' lang='lat' dir='ltr'>expertus</span> <span class='ocrx_word' id='word_1_598' title='bbox 1753 5045 1810 5098; x_wconf 89' lang='lat' dir='ltr'>in</span> <span class='ocrx_word' id='word_1_599' title='bbox 1841 5061 1898 5098; x_wconf 91' lang='lat' dir='ltr'>se</span> <span class='ocrx_word' id='word_1_600' title='bbox 1958 5062 2086 5114; x_wconf 91' lang='lat' dir='ltr'>pro-</span> 
     </span>
    </p>
   </div>
   <div class='ocr_carea' id='block_1_86' title="bbox 392 5133 2087 5209">
    <p class='ocr_par' dir='ltr' id='par_1_86' title="bbox 392 5133 2087 5209">
     <span class='ocr_line' id='line_1_86' title="bbox 392 5133 2087 5209; baseline -0.004 -13"><span class='ocrx_word' id='word_1_601' title='bbox 392 5142 564 5208; x_wconf 89' lang='lat' dir='ltr'>bavit,</span> <span class='ocrx_word' id='word_1_602' title='bbox 605 5157 756 5209; x_wconf 75' lang='lat' dir='ltr'>smpe</span> <span class='ocrx_word' id='word_1_603' title='bbox 808 5138 1036 5192; x_wconf 90' lang='lat' dir='ltr'>habitus</span> <span class='ocrx_word' id='word_1_604' title='bbox 1065 5152 1325 5206; x_wconf 84' lang='lat' dir='ltr'>sponsus,</span> <span class='ocrx_word' id='word_1_605' title='bbox 1389 5150 1540 5204; x_wconf 67' lang='lat' dir='ltr'>smpe</span> <span class='ocrx_word' id='word_1_606' title='bbox 1589 5133 1849 5198; x_wconf 85' lang='lat' dir='ltr'>elabitur,</span> <span class='ocrx_word' id='word_1_607' title='bbox 1905 5134 2087 5189; x_wconf 87' lang='lat' dir='ltr'>donec</span> 
     </span>
    </p>
   </div>
   <div class='ocr_carea' id='block_1_87' title="bbox 392 5221 2085 5292">
    <p class='ocr_par' dir='ltr' id='par_1_87' title="bbox 392 5221 2085 5292">
     <span class='ocr_line' id='line_1_87' title="bbox 392 5221 2085 5292; baseline -0.006 -7"><span class='ocrx_word' id='word_1_608' title='bbox 392 5247 522 5284; x_wconf 87' lang='lat' dir='ltr'>vere</span> <span class='ocrx_word' id='word_1_609' title='bbox 544 5228 851 5284; x_wconf 88' lang='lat' dir='ltr'>tenebitur.</span> <span class='ocrx_word' id='word_1_610' title='bbox 885 5229 946 5281; x_wconf 87' lang='lat' dir='ltr'>ln</span> <span class='ocrx_word' id='word_1_611' title='bbox 963 5225 1203 5290; x_wconf 72' lang='lat' dir='ltr'>meridie,</span> <span class='ocrx_word' id='word_1_612' title='bbox 1229 5228 1330 5276; x_wconf 89' lang='lat' dir='ltr'>etc.</span> <span class='ocrx_word' id='word_1_613' title='bbox 1367 5223 1424 5276; x_wconf 88' lang='lat' dir='ltr'>Id</span> <span class='ocrx_word' id='word_1_614' title='bbox 1447 5225 1532 5275; x_wconf 90' lang='lat' dir='ltr'>est</span> <span class='ocrx_word' id='word_1_615' title='bbox 1555 5221 1615 5275; x_wconf 93' lang='lat' dir='ltr'>in</span> <span class='ocrx_word' id='word_1_616' title='bbox 1633 5221 1932 5292; x_wconf 87' lang='lat' dir='ltr'>splendore</span> <span class='ocrx_word' id='word_1_617' title='bbox 1963 5238 2085 5275; x_wconf 88' lang='lat' dir='ltr'>ma-</span> 
     </span>
    </p>
   </div>
   <div class='ocr_carea' id='block_1_88' title="bbox 384 5310 2083 5391">
    <p class='ocr_par' dir='ltr' id='par_1_88' title="bbox 384 5310 2083 5391">
     <span class='ocr_line' id='line_1_88' title="bbox 384 5310 2083 5391; baseline -0.005 -18"><span class='ocrx_word' id='word_1_618' title='bbox 384 5319 610 5391; x_wconf 88' lang='lat' dir='ltr'>jestatis</span> <span class='ocrx_word' id='word_1_619' title='bbox 637 5322 769 5384; x_wconf 64' lang='lat' dir='ltr'>tuas,</span> <span class='ocrx_word' id='word_1_620' title='bbox 799 5315 951 5387; x_wconf 91' lang='lat' dir='ltr'>quod</span> <span class='ocrx_word' id='word_1_621' title='bbox 988 5313 1250 5384; x_wconf 89' lang='lat' dir='ltr'>perfectis</span> <span class='ocrx_word' id='word_1_622' title='bbox 1281 5310 1566 5376; x_wconf 81' lang='lat' dir='ltr'>convenit,</span> <span class='ocrx_word' id='word_1_623' title='bbox 1600 5325 1716 5364; x_wconf 83' lang='lat' dir='ltr'>nor.</span> <span class='ocrx_word' id='word_1_624' title='bbox 1751 5326 1937 5373; x_wconf 90' lang='lat' dir='ltr'>mane,</span> <span class='ocrx_word' id='word_1_625' title='bbox 1998 5312 2083 5364; x_wconf 89' lang='lat' dir='ltr'>vel</span> 
     </span>
    </p>
   </div>
   <div class='ocr_carea' id='block_1_89' title="bbox 390 5399 2085 5477">
    <p class='ocr_par' dir='ltr' id='par_1_89' title="bbox 390 5399 2085 5477">
     <span class='ocr_line' id='line_1_89' title="bbox 390 5399 2085 5477; baseline -0.005 -16"><span class='ocrx_word' id='word_1_626' title='bbox 390 5423 645 5477; x_wconf 87' lang='lat' dir='ltr'>vespere.</span> <span class='ocrx_word' id='word_1_627' title='bbox 669 5407 787 5469; x_wconf 88' lang='lat' dir='ltr'>Vel,</span> <span class='ocrx_word' id='word_1_628' title='bbox 830 5403 1076 5468; x_wconf 81' lang='lat' dir='ltr'>meridie,</span> <span class='ocrx_word' id='word_1_629' title='bbox 1105 5400 1161 5454; x_wconf 91' lang='lat' dir='ltr'>id</span> <span class='ocrx_word' id='word_1_630' title='bbox 1221 5404 1303 5453; x_wconf 85' lang='lat' dir='ltr'>est</span> <span class='ocrx_word' id='word_1_631' title='bbox 1330 5399 1389 5452; x_wconf 88' lang='lat' dir='ltr'>in</span> <span class='ocrx_word' id='word_1_632' title='bbox 1421 5399 1714 5452; x_wconf 83' lang='lat' dir='ltr'>exustione</span> <span class='ocrx_word' id='word_1_633' title='bbox 1767 5399 2085 5453; x_wconf 88' lang='lat' dir='ltr'>tribulatio-</span> 
     </span>
    </p>
   </div>
   <div class='ocr_carea' id='block_1_90' title="bbox 391 5486 2080 5564">
    <p class='ocr_par' dir='ltr' id='par_1_90' title="bbox 391 5486 2080 5564">
     <span class='ocr_line' id='line_1_90' title="bbox 391 5486 2080 5564; baseline -0.005 -15"><span class='ocrx_word' id='word_1_634' title='bbox 391 5510 553 5559; x_wconf 89' lang='lat' dir='ltr'>num,</span> <span class='ocrx_word' id='word_1_635' title='bbox 587 5508 758 5564; x_wconf 89' lang='lat' dir='ltr'>quam</span> <span class='ocrx_word' id='word_1_636' title='bbox 823 5490 1058 5545; x_wconf 89' lang='lat' dir='ltr'>immitit</span> <span class='ocrx_word' id='word_1_637' title='bbox 1085 5488 1344 5543; x_wconf 88' lang='lat' dir='ltr'>diabolus</span> <span class='ocrx_word' id='word_1_638' title='bbox 1393 5487 1590 5541; x_wconf 77' lang='lat' dir='ltr'>dolens</span> <span class='ocrx_word' id='word_1_639' title='bbox 1633 5486 1912 5542; x_wconf 86' lang='lat' dir='ltr'>mundum</span> <span class='ocrx_word' id='word_1_640' title='bbox 1976 5487 2080 5541; x_wconf 88' lang='lat' dir='ltr'>sibi</span> 
     </span>
    </p>
   </div>
   <div class='ocr_carea' id='block_1_91' title="bbox 2289 3009 3873 3092">
    <p class='ocr_par' dir='ltr' id='par_1_91' title="bbox 2289 3009 3873 3092">
     <span class='ocr_line' id='line_1_91' title="bbox 2289 3009 3873 3092; baseline -0.008 -17"><span class='ocrx_word' id='word_1_641' title='bbox 2289 3026 2449 3079; x_wconf 79' lang='lat' dir='ltr'>Vens.</span> <span class='ocrx_word' id='word_1_642' title='bbox 2477 3028 2526 3078; x_wconf 90' lang='lat'>8.</span> <span class='ocrx_word' id='word_1_643' title='bbox 2554 3055 2621 3062; x_wconf 91' lang='lat'><strong>—</strong></span> <span class='ocrx_word' id='word_1_644' title='bbox 2674 3021 2992 3092; x_wconf 79' lang='lat' dir='ltr'>Equitatui.</span> <span class='ocrx_word' id='word_1_645' title='bbox 3043 3018 3199 3073; x_wconf 90' lang='lat' dir='ltr'>Sicut</span> <span class='ocrx_word' id='word_1_646' title='bbox 3236 3015 3488 3087; x_wconf 88' lang='lat' dir='ltr'>priorem</span> <span class='ocrx_word' id='word_1_647' title='bbox 3528 3013 3790 3085; x_wconf 87' lang='lat' dir='ltr'>populum</span> <span class='ocrx_word' id='word_1_648' title='bbox 3821 3009 3873 3062; x_wconf 89' lang='lat' dir='ltr'>de</span> 
     </span>
    </p>
   </div>
   <div class='ocr_carea' id='block_1_92' title="bbox 2215 3107 3876 3185">
    <p class='ocr_par' dir='ltr' id='par_1_92' title="bbox 2215 3107 3876 3185">
     <span class='ocr_line' id='line_1_92' title="bbox 2215 3107 3876 3185; baseline -0.009 -17"><span class='ocrx_word' id='word_1_649' title='bbox 2215 3115 2541 3185; x_wconf 63' lang='lat' dir='ltr'>Egyptiaca</span> <span class='ocrx_word' id='word_1_650' title='bbox 2597 3116 2868 3167; x_wconf 90' lang='lat' dir='ltr'>servitute</span> <span class='ocrx_word' id='word_1_651' title='bbox 2923 3109 3183 3177; x_wconf 88' lang='lat' dir='ltr'>liberavi,</span> <span class='ocrx_word' id='word_1_652' title='bbox 3232 3108 3310 3160; x_wconf 88' lang='lat' dir='ltr'>sic</span> <span class='ocrx_word' id='word_1_653' title='bbox 3369 3113 3423 3160; x_wconf 87' lang='lat' dir='ltr'>te</span> <span class='ocrx_word' id='word_1_654' title='bbox 3464 3107 3534 3159; x_wconf 90' lang='lat' dir='ltr'>de</span> <span class='ocrx_word' id='word_1_655' title='bbox 3567 3115 3876 3174; x_wconf 85' lang='lat' dir='ltr'>persequen-</span> 
     </span>
    </p>
   </div>
   <div class='ocr_carea' id='block_1_93' title="bbox 2213 3190 3876 3266">
    <p class='ocr_par' dir='ltr' id='par_1_93' title="bbox 2213 3190 3876 3266">
     <span class='ocr_line' id='line_1_93' title="bbox 2213 3190 3876 3266; baseline -0.009 -10"><span class='ocrx_word' id='word_1_656' title='bbox 2213 3203 2358 3256; x_wconf 84' lang='lat' dir='ltr'>tium</span> <span class='ocrx_word' id='word_1_657' title='bbox 2411 3201 2677 3255; x_wconf 87' lang='lat' dir='ltr'>manibus</span> <span class='ocrx_word' id='word_1_658' title='bbox 2741 3201 3017 3266; x_wconf 89' lang='lat' dir='ltr'>liberabo,</span> <span class='ocrx_word' id='word_1_659' title='bbox 3077 3199 3294 3252; x_wconf 88' lang='lat' dir='ltr'>elidens</span> <span class='ocrx_word' id='word_1_660' title='bbox 3348 3195 3722 3258; x_wconf 88' lang='lat' dir='ltr'>Pharaonem,</span> <span class='ocrx_word' id='word_1_661' title='bbox 3769 3190 3876 3242; x_wconf 80' lang='lat' dir='ltr'>site</span> 
     </span>
    </p>
   </div>
   <div class='ocr_carea' id='block_1_94' title="bbox 2215 3277 3881 3360">
    <p class='ocr_par' dir='ltr' id='par_1_94' title="bbox 2215 3277 3881 3360">
     <span class='ocr_line' id='line_1_94' title="bbox 2215 3277 3881 3360; baseline -0.01 -16"><span class='ocrx_word' id='word_1_662' title='bbox 2215 3308 2481 3360; x_wconf 88' lang='lat' dir='ltr'>sponsam</span> <span class='ocrx_word' id='word_1_663' title='bbox 2515 3307 2700 3344; x_wconf 87' lang='lat' dir='ltr'>meam</span> <span class='ocrx_word' id='word_1_664' title='bbox 2747 3289 3101 3359; x_wconf 84' lang='lat' dir='ltr'>cognoveris,</span> <span class='ocrx_word' id='word_1_665' title='bbox 3145 3288 3392 3341; x_wconf 89' lang='lat' dir='ltr'>liberans</span> <span class='ocrx_word' id='word_1_666' title='bbox 3416 3301 3450 3337; x_wconf 88' lang='lat' dir='ltr'>a</span> <span class='ocrx_word' id='word_1_667' title='bbox 3481 3284 3748 3337; x_wconf 85' lang='lat' dir='ltr'>servitute</span> <span class='ocrx_word' id='word_1_668' title='bbox 3793 3277 3881 3330; x_wconf 85' lang='lat' dir='ltr'>dia-</span> 
     </span>
    </p>
   </div>
   <div class='ocr_carea' id='block_1_95' title="bbox 2213 3365 3879 3448">
    <p class='ocr_par' dir='ltr' id='par_1_95' title="bbox 2213 3365 3879 3448">
     <span class='ocr_line' id='line_1_95' title="bbox 2213 3365 3879 3448; baseline -0.01 -15"><span class='ocrx_word' id='word_1_669' title='bbox 2213 3379 2354 3446; x_wconf 90' lang='lat' dir='ltr'>boli,</span> <span class='ocrx_word' id='word_1_670' title='bbox 2431 3379 2492 3433; x_wconf 88' lang='lat' dir='ltr'>in</span> <span class='ocrx_word' id='word_1_671' title='bbox 2571 3379 2726 3432; x_wconf 87' lang='lat' dir='ltr'>fonte</span> <span class='ocrx_word' id='word_1_672' title='bbox 2813 3377 3173 3448; x_wconf 89' lang='lat' dir='ltr'>baptismatis</span> <span class='ocrx_word' id='word_1_673' title='bbox 3249 3374 3517 3445; x_wconf 89' lang='lat' dir='ltr'>passione</span> <span class='ocrx_word' id='word_1_674' title='bbox 3621 3365 3879 3428; x_wconf 83' lang='lat' dir='ltr'>rubricati,</span> 
     </span>
    </p>
   </div>
   <div class='ocr_carea' id='block_1_96' title="bbox 2212 3459 3882 3534">
    <p class='ocr_par' dir='ltr' id='par_1_96' title="bbox 2212 3459 3882 3534">
     <span class='ocr_line' id='line_1_96' title="bbox 2212 3459 3882 3534; baseline -0.008 -14"><span class='ocrx_word' id='word_1_675' title='bbox 2212 3468 2509 3522; x_wconf 90' lang='lat' dir='ltr'>submerso</span> <span class='ocrx_word' id='word_1_676' title='bbox 2578 3467 2795 3521; x_wconf 90' lang='lat' dir='ltr'>ibidem</span> <span class='ocrx_word' id='word_1_677' title='bbox 2845 3474 3075 3520; x_wconf 90' lang='lat' dir='ltr'>auctore</span> <span class='ocrx_word' id='word_1_678' title='bbox 3131 3463 3369 3534; x_wconf 90' lang='lat' dir='ltr'>peccati.</span> <span class='ocrx_word' id='word_1_679' title='bbox 3419 3459 3715 3528; x_wconf 81' lang='lat' dir='ltr'>Equitatui</span> <span class='ocrx_word' id='word_1_680' title='bbox 3777 3468 3882 3508; x_wconf 79' lang='lat' dir='ltr'>meo.</span> 
     </span>
    </p>
   </div>
   <div class='ocr_carea' id='block_1_97' title="bbox 2211 3547 3876 3620">
    <p class='ocr_par' dir='ltr' id='par_1_97' title="bbox 2211 3547 3876 3620">
     <span class='ocr_line' id='line_1_97' title="bbox 2211 3547 3876 3620; baseline -0.008 -10"><span class='ocrx_word' id='word_1_681' title='bbox 2211 3556 2356 3620; x_wconf 90' lang='lat' dir='ltr'>Quia</span> <span class='ocrx_word' id='word_1_682' title='bbox 2410 3556 2686 3610; x_wconf 89' lang='lat' dir='ltr'>Dominus</span> <span class='ocrx_word' id='word_1_683' title='bbox 2726 3572 2839 3610; x_wconf 90' lang='lat' dir='ltr'>nou</span> <span class='ocrx_word' id='word_1_684' title='bbox 2868 3556 2986 3608; x_wconf 89' lang='lat' dir='ltr'>vult</span> <span class='ocrx_word' id='word_1_685' title='bbox 3012 3553 3311 3608; x_wconf 87' lang='lat' dir='ltr'>Ecclesiam</span> <span class='ocrx_word' id='word_1_686' title='bbox 3340 3551 3616 3620; x_wconf 87' lang='lat' dir='ltr'>ignorare</span> <span class='ocrx_word' id='word_1_687' title='bbox 3648 3547 3876 3616; x_wconf 87' lang='lat' dir='ltr'>seipsam.</span> 
     </span>
    </p>
   </div>
   <div class='ocr_carea' id='block_1_98' title="bbox 2211 3631 3878 3715">
    <p class='ocr_par' dir='ltr' id='par_1_98' title="bbox 2211 3631 3878 3715">
     <span class='ocr_line' id='line_1_98' title="bbox 2211 3631 3878 3715; baseline -0.008 -18"><span class='ocrx_word' id='word_1_688' title='bbox 2211 3646 2310 3699; x_wconf 91' lang='lat' dir='ltr'>sed</span> <span class='ocrx_word' id='word_1_689' title='bbox 2371 3645 2676 3715; x_wconf 85' lang='lat' dir='ltr'>diligenter</span> <span class='ocrx_word' id='word_1_690' title='bbox 2725 3643 3019 3698; x_wconf 88' lang='lat' dir='ltr'>attendere</span> <span class='ocrx_word' id='word_1_691' title='bbox 3085 3642 3219 3712; x_wconf 90' lang='lat' dir='ltr'>quid</span> <span class='ocrx_word' id='word_1_692' title='bbox 3268 3640 3558 3694; x_wconf 90' lang='lat' dir='ltr'>donorum</span> <span class='ocrx_word' id='word_1_693' title='bbox 3610 3631 3878 3704; x_wconf 84' lang='lat' dir='ltr'>acceperit,</span> 
     </span>
    </p>
   </div>
   <div class='ocr_carea' id='block_1_99' title="bbox 2208 3725 3878 3803">
    <p class='ocr_par' dir='ltr' id='par_1_99' title="bbox 2208 3725 3878 3803">
     <span class='ocr_line' id='line_1_99' title="bbox 2208 3725 3878 3803; baseline -0.008 -18"><span class='ocrx_word' id='word_1_694' title='bbox 2208 3733 2346 3803; x_wconf 90' lang='lat' dir='ltr'>quid</span> <span class='ocrx_word' id='word_1_695' title='bbox 2374 3734 2491 3802; x_wconf 88' lang='lat' dir='ltr'>pati</span> <span class='ocrx_word' id='word_1_696' title='bbox 2521 3734 2746 3800; x_wconf 88' lang='lat' dir='ltr'>debeat,</span> <span class='ocrx_word' id='word_1_697' title='bbox 2777 3736 3194 3803; x_wconf 76' lang='lat' dir='ltr'>consequenter</span> <span class='ocrx_word' id='word_1_698' title='bbox 3233 3734 3361 3800; x_wconf 88' lang='lat' dir='ltr'>post</span> <span class='ocrx_word' id='word_1_699' title='bbox 3388 3725 3878 3780; x_wconf 86' lang='lat' dir='ltr'>comminatiouem</span> 
     </span>
    </p>
   </div>
   <div class='ocr_carea' id='block_1_100' title="bbox 2209 3816 3880 3892">
    <p class='ocr_par' dir='ltr' id='par_1_100' title="bbox 2209 3816 3880 3892">
     <span class='ocr_line' id='line_1_100' title="bbox 2209 3816 3880 3892; baseline -0.008 -18"><span class='ocrx_word' id='word_1_700' title='bbox 2209 3821 2508 3875; x_wconf 87' lang='lat' dir='ltr'>btanditur</span> <span class='ocrx_word' id='word_1_701' title='bbox 2537 3822 2611 3890; x_wconf 89' lang='lat' dir='ltr'>ei,</span> <span class='ocrx_word' id='word_1_702' title='bbox 2635 3821 2796 3892; x_wconf 89' lang='lat' dir='ltr'>quasi</span> <span class='ocrx_word' id='word_1_703' title='bbox 2843 3821 2992 3875; x_wconf 89' lang='lat' dir='ltr'>dicat</span> <span class='ocrx_word' id='word_1_704' title='bbox 3025 3819 3123 3874; x_wconf 92' lang='lat' dir='ltr'>:Si</span> <span class='ocrx_word' id='word_1_705' title='bbox 3169 3819 3253 3871; x_wconf 89' lang='lat' dir='ltr'>vis</span> <span class='ocrx_word' id='word_1_706' title='bbox 3298 3816 3630 3883; x_wconf 87' lang='lat' dir='ltr'>intelligere</span> <span class='ocrx_word' id='word_1_707' title='bbox 3677 3824 3880 3883; x_wconf 84' lang='lat' dir='ltr'>quomo-</span> 
     </span>
    </p>
   </div>
   <div class='ocr_carea' id='block_1_101' title="bbox 2208 3901 3882 3977">
    <p class='ocr_par' dir='ltr' id='par_1_101' title="bbox 2208 3901 3882 3977">
     <span class='ocr_line' id='line_1_101' title="bbox 2208 3901 3882 3977; baseline -0.01 -15"><span class='ocrx_word' id='word_1_708' title='bbox 2208 3909 2278 3963; x_wconf 88' lang='lat' dir='ltr'>do</span> <span class='ocrx_word' id='word_1_709' title='bbox 2309 3913 2363 3962; x_wconf 90' lang='lat' dir='ltr'>te</span> <span class='ocrx_word' id='word_1_710' title='bbox 2395 3908 2538 3962; x_wconf 88' lang='lat' dir='ltr'>scire</span> <span class='ocrx_word' id='word_1_711' title='bbox 2577 3909 2804 3966; x_wconf 88' lang='lat' dir='ltr'>debeas.</span> <span class='ocrx_word' id='word_1_712' title='bbox 2836 3907 3094 3977; x_wconf 89' lang='lat' dir='ltr'>intellige</span> <span class='ocrx_word' id='word_1_713' title='bbox 3140 3905 3231 3959; x_wconf 88' lang='lat' dir='ltr'>cui</span> <span class='ocrx_word' id='word_1_714' title='bbox 3259 3911 3312 3957; x_wconf 90' lang='lat' dir='ltr'>te</span> <span class='ocrx_word' id='word_1_715' title='bbox 3341 3901 3814 3972; x_wconf 82' lang='lat' dir='ltr'>comparaverim,</span> <span class='ocrx_word' id='word_1_716' title='bbox 3840 3901 3882 3948; x_wconf 88' lang='lat' dir='ltr'>et</span> 
     </span>
    </p>
   </div>
   <div class='ocr_carea' id='block_1_102' title="bbox 2207 3986 3878 4068">
    <p class='ocr_par' dir='ltr' id='par_1_102' title="bbox 2207 3986 3878 4068">
     <span class='ocr_line' id='line_1_102' title="bbox 2207 3986 3878 4068; baseline -0.008 -18"><span class='ocrx_word' id='word_1_717' title='bbox 2207 4002 2343 4051; x_wconf 89' lang='lat' dir='ltr'>tunc</span> <span class='ocrx_word' id='word_1_718' title='bbox 2364 4012 2672 4068; x_wconf 88' lang='lat' dir='ltr'>cognosces</span> <span class='ocrx_word' id='word_1_719' title='bbox 2696 4002 2749 4051; x_wconf 89' lang='lat' dir='ltr'>te</span> <span class='ocrx_word' id='word_1_720' title='bbox 2778 3997 2953 4051; x_wconf 86' lang='lat' dir='ltr'>talem</span> <span class='ocrx_word' id='word_1_721' title='bbox 2985 4011 3087 4067; x_wconf 90' lang='lat' dir='ltr'>per</span> <span class='ocrx_word' id='word_1_722' title='bbox 3129 3992 3405 4048; x_wconf 81' lang='lat' dir='ltr'>beneﬁcia</span> <span class='ocrx_word' id='word_1_723' title='bbox 3465 4007 3600 4044; x_wconf 90' lang='lat' dir='ltr'>mea</span> <span class='ocrx_word' id='word_1_724' title='bbox 3646 3989 3749 4043; x_wconf 86' lang='lat' dir='ltr'>tibi</span> <span class='ocrx_word' id='word_1_725' title='bbox 3790 3986 3878 4038; x_wconf 85' lang='lat' dir='ltr'>col-</span> 
     </span>
    </p>
   </div>
   <div class='ocr_carea' id='block_1_103' title="bbox 2206 4079 3880 4155">
    <p class='ocr_par' dir='ltr' id='par_1_103' title="bbox 2206 4079 3880 4155">
     <span class='ocr_line' id='line_1_103' title="bbox 2206 4079 3880 4155; baseline -0.008 -16"><span class='ocrx_word' id='word_1_726' title='bbox 2206 4085 2340 4146; x_wconf 86' lang='lat' dir='ltr'>lata,</span> <span class='ocrx_word' id='word_1_727' title='bbox 2397 4101 2526 4155; x_wconf 63' lang='lat' dir='ltr'>qua:</span> <span class='ocrx_word' id='word_1_728' title='bbox 2579 4085 2798 4139; x_wconf 90' lang='lat' dir='ltr'>turbari</span> <span class='ocrx_word' id='word_1_729' title='bbox 2853 4101 2970 4138; x_wconf 89' lang='lat' dir='ltr'>non</span> <span class='ocrx_word' id='word_1_730' title='bbox 3024 4083 3250 4138; x_wconf 87' lang='lat' dir='ltr'>debeas.</span> <span class='ocrx_word' id='word_1_731' title='bbox 3311 4081 3632 4149; x_wconf 76' lang='lat' dir='ltr'>Equitatui.</span> <span class='ocrx_word' id='word_1_732' title='bbox 3695 4079 3880 4146; x_wconf 84' lang='lat' dir='ltr'>Eques,</span> 
     </span>
    </p>
   </div>
   <div class='ocr_carea' id='block_1_104' title="bbox 2139 4165 3879 4263">
    <p class='ocr_par' dir='ltr' id='par_1_104' title="bbox 2139 4165 3879 4263">
     <span class='ocr_line' id='line_1_104' title="bbox 2139 4165 3879 4263; baseline -0.014 -21"><span class='ocrx_word' id='word_1_733' title='bbox 2139 4209 2179 4263; x_wconf 77' lang='grc' dir='ltr'>ι)</span> <span class='ocrx_word' id='word_1_734' title='bbox 2207 4189 2466 4243; x_wconf 60' lang='lat' dir='ltr'>sP011303,</span> <span class='ocrx_word' id='word_1_735' title='bbox 2503 4173 2725 4228; x_wconf 87' lang='lat' dir='ltr'>dicente</span> <span class='ocrx_word' id='word_1_736' title='bbox 2772 4174 3052 4245; x_wconf 89' lang='lat' dir='ltr'>propheta</span> <span class='ocrx_word' id='word_1_737' title='bbox 3086 4188 3099 4226; x_wconf 91' lang='lat'>:</span> <span class='ocrx_word' id='word_1_738' title='bbox 3159 4174 3230 4226; x_wconf 85' lang='lat' dir='ltr'>Et</span> <span class='ocrx_word' id='word_1_739' title='bbox 3267 4171 3414 4224; x_wconf 81' lang='lat' dir='ltr'>salus</span> <span class='ocrx_word' id='word_1_740' title='bbox 3472 4170 3598 4238; x_wconf 82' lang='lat' dir='ltr'>ejus</span> <span class='ocrx_word' id='word_1_741' title='bbox 3647 4165 3879 4263; x_wconf 51' lang='lat' dir='ltr'>equitati‘o</span> 
     </span>
    </p>
   </div>
   <div class='ocr_carea' id='block_1_105' title="bbox 2206 4248 3881 4328">
    <p class='ocr_par' dir='ltr' id='par_1_105' title="bbox 2206 4248 3881 4328">
     <span class='ocr_line' id='line_1_105' title="bbox 2206 4248 3881 4328; baseline -0.005 -17"><span class='ocrx_word' id='word_1_742' title='bbox 2206 4258 2416 4328; x_wconf 83' lang='lat' dir='ltr'>(Habac</span> <span class='ocrx_word' id='word_1_743' title='bbox 2451 4260 2550 4328; x_wconf 84' lang='lat' dir='ltr'>In).</span> <span class='ocrx_word' id='word_1_744' title='bbox 2584 4258 2873 4323; x_wconf 87' lang='lat' dir='ltr'>Quantum</span> <span class='ocrx_word' id='word_1_745' title='bbox 2899 4273 3034 4328; x_wconf 90' lang='lat' dir='ltr'>ergo</span> <span class='ocrx_word' id='word_1_746' title='bbox 3068 4256 3258 4310; x_wconf 78' lang='lat' dir='ltr'>differt</span> <span class='ocrx_word' id='word_1_747' title='bbox 3290 4271 3446 4309; x_wconf 90' lang='lat' dir='ltr'>meus</span> <span class='ocrx_word' id='word_1_748' title='bbox 3481 4258 3780 4322; x_wconf 77' lang='lat' dir='ltr'>equitatus</span> <span class='ocrx_word' id='word_1_749' title='bbox 3828 4248 3881 4300; x_wconf 82' lang='lat' dir='ltr'>ah</span> 
     </span>
    </p>
   </div>
   <div class='ocr_carea' id='block_1_106' title="bbox 2203 4337 3879 4418">
    <p class='ocr_par' dir='ltr' id='par_1_106' title="bbox 2203 4337 3879 4418">
     <span class='ocr_line' id='line_1_106' title="bbox 2203 4337 3879 4418; baseline -0.007 -17"><span class='ocrx_word' id='word_1_750' title='bbox 2203 4347 2365 4418; x_wconf 84' lang='lat' dir='ltr'>equis</span> <span class='ocrx_word' id='word_1_751' title='bbox 2403 4348 2700 4414; x_wconf 87' lang='lat' dir='ltr'>Pharonis,</span> <span class='ocrx_word' id='word_1_752' title='bbox 2733 4351 2958 4401; x_wconf 89' lang='lat' dir='ltr'>tantum</span> <span class='ocrx_word' id='word_1_753' title='bbox 2992 4347 3197 4399; x_wconf 89' lang='lat' dir='ltr'>melior</span> <span class='ocrx_word' id='word_1_754' title='bbox 3225 4361 3283 4398; x_wconf 89' lang='lat' dir='ltr'>es</span> <span class='ocrx_word' id='word_1_755' title='bbox 3333 4343 3609 4396; x_wconf 89' lang='lat' dir='ltr'>omnibus</span> <span class='ocrx_word' id='word_1_756' title='bbox 3668 4340 3793 4394; x_wconf 85' lang='lat' dir='ltr'>aliis</span> <span class='ocrx_word' id='word_1_757' title='bbox 3828 4337 3879 4389; x_wconf 84' lang='lat' dir='ltr'><strong>ﬁ-</strong></span> 
     </span>
    </p>
   </div>
   <div class='ocr_carea' id='block_1_107' title="bbox 2202 4428 3882 4505">
    <p class='ocr_par' dir='ltr' id='par_1_107' title="bbox 2202 4428 3882 4505">
     <span class='ocr_line' id='line_1_107' title="bbox 2202 4428 3882 4505; baseline -0.007 -17"><span class='ocrx_word' id='word_1_758' title='bbox 2202 4434 2410 4488; x_wconf 88' lang='lat' dir='ltr'>liabus.</span> <span class='ocrx_word' id='word_1_759' title='bbox 2440 4436 2594 4490; x_wconf 89' lang='lat' dir='ltr'>Sicut</span> <span class='ocrx_word' id='word_1_760' title='bbox 2626 4437 2721 4489; x_wconf 93' lang='lat' dir='ltr'>ille</span> <span class='ocrx_word' id='word_1_761' title='bbox 2749 4436 2996 4505; x_wconf 90' lang='lat' dir='ltr'>populus</span> <span class='ocrx_word' id='word_1_762' title='bbox 3043 4433 3584 4504; x_wconf 87' lang='lat' dir='ltr'>supervenientibus</span> <span class='ocrx_word' id='word_1_763' title='bbox 3647 4428 3882 4484; x_wconf 79' lang='lat' dir='ltr'>curribus</span> 
     </span>
    </p>
   </div>
   <div class='ocr_carea' id='block_1_108' title="bbox 2203 4515 3880 4593">
    <p class='ocr_par' dir='ltr' id='par_1_108' title="bbox 2203 4515 3880 4593">
     <span class='ocr_line' id='line_1_108' title="bbox 2203 4515 3880 4593; baseline -0.007 -17"><span class='ocrx_word' id='word_1_764' title='bbox 2203 4523 2513 4576; x_wconf 88' lang='lat' dir='ltr'>Pharaonis</span> <span class='ocrx_word' id='word_1_765' title='bbox 2544 4523 2881 4593; x_wconf 88' lang='lat' dir='ltr'>perterritus</span> <span class='ocrx_word' id='word_1_766' title='bbox 2913 4529 3018 4588; x_wconf 88' lang='lat' dir='ltr'>est,</span> <span class='ocrx_word' id='word_1_767' title='bbox 3042 4524 3137 4575; x_wconf 90' lang='lat' dir='ltr'>scd</span> <span class='ocrx_word' id='word_1_768' title='bbox 3157 4521 3367 4575; x_wconf 74' lang='lat' dir='ltr'>cmlesti</span> <span class='ocrx_word' id='word_1_769' title='bbox 3399 4520 3764 4589; x_wconf 74' lang='lat' dir='ltr'>proiectione</span> <span class='ocrx_word' id='word_1_770' title='bbox 3791 4515 3880 4566; x_wconf 80' lang='lat' dir='ltr'>sal-</span> 
     </span>
    </p>
   </div>
   <div class='ocr_carea' id='block_1_109' title="bbox 2203 4604 3880 4679">
    <p class='ocr_par' dir='ltr' id='par_1_109' title="bbox 2203 4604 3880 4679">
     <span class='ocr_line' id='line_1_109' title="bbox 2203 4604 3880 4679; baseline -0.002 -22"><span class='ocrx_word' id='word_1_771' title='bbox 2203 4613 2381 4672; x_wconf 86' lang='lat' dir='ltr'>vatus,</span> <span class='ocrx_word' id='word_1_772' title='bbox 2421 4613 2479 4660; x_wconf 91' lang='lat' dir='ltr'>et</span> <span class='ocrx_word' id='word_1_773' title='bbox 2507 4624 2610 4676; x_wconf 88' lang='lat' dir='ltr'>per</span> <span class='ocrx_word' id='word_1_774' title='bbox 2666 4625 2844 4679; x_wconf 86' lang='lat' dir='ltr'>aquas</span> <span class='ocrx_word' id='word_1_775' title='bbox 2900 4607 3208 4661; x_wconf 78' lang='lat' dir='ltr'>submersis</span> <span class='ocrx_word' id='word_1_776' title='bbox 3261 4605 3522 4658; x_wconf 87' lang='lat' dir='ltr'>hostibus</span> <span class='ocrx_word' id='word_1_777' title='bbox 3592 4604 3655 4657; x_wconf 86' lang='lat' dir='ltr'>in</span> <span class='ocrx_word' id='word_1_778' title='bbox 3698 4609 3880 4656; x_wconf 80' lang='lat' dir='ltr'>terram</span> 
     </span>
    </p>
   </div>
   <div class='ocr_carea' id='block_1_110' title="bbox 2202 4692 3881 4764">
    <p class='ocr_par' dir='ltr' id='par_1_110' title="bbox 2202 4692 3881 4764">
     <span class='ocr_line' id='line_1_110' title="bbox 2202 4692 3881 4764; baseline -0.001 -18"><span class='ocrx_word' id='word_1_779' title='bbox 2202 4693 2599 4764; x_wconf 87' lang='lat' dir='ltr'>promissionis</span> <span class='ocrx_word' id='word_1_780' title='bbox 2629 4695 2992 4748; x_wconf 88' lang='lat' dir='ltr'>introductus</span> <span class='ocrx_word' id='word_1_781' title='bbox 3027 4700 3112 4747; x_wconf 90' lang='lat' dir='ltr'>est</span> <span class='ocrx_word' id='word_1_782' title='bbox 3148 4710 3162 4746; x_wconf 89' lang='lat'>:</span> <span class='ocrx_word' id='word_1_783' title='bbox 3197 4694 3276 4746; x_wconf 86' lang='lat' dir='ltr'>sic</span> <span class='ocrx_word' id='word_1_784' title='bbox 3307 4692 3461 4746; x_wconf 89' lang='lat' dir='ltr'>unda</span> <span class='ocrx_word' id='word_1_785' title='bbox 3505 4693 3741 4755; x_wconf 86' lang='lat' dir='ltr'>mortis,</span> <span class='ocrx_word' id='word_1_786' title='bbox 3776 4701 3881 4757; x_wconf 53' lang='lat' dir='ltr'>qua!</span> 
     </span>
    </p>
   </div>
   <div class='ocr_carea' id='block_1_111' title="bbox 2199 4777 3882 4851">
    <p class='ocr_par' dir='ltr' id='par_1_111' title="bbox 2199 4777 3882 4851">
     <span class='ocr_line' id='line_1_111' title="bbox 2199 4777 3882 4851; baseline -0.005 -15"><span class='ocrx_word' id='word_1_787' title='bbox 2199 4782 2417 4836; x_wconf 86' lang='lat' dir='ltr'>cunctis</span> <span class='ocrx_word' id='word_1_788' title='bbox 2447 4799 2750 4837; x_wconf 90' lang='lat' dir='ltr'>occursura</span> <span class='ocrx_word' id='word_1_789' title='bbox 2781 4790 2863 4836; x_wconf 89' lang='lat' dir='ltr'>est</span> <span class='ocrx_word' id='word_1_790' title='bbox 2893 4782 3246 4848; x_wconf 85' lang='lat' dir='ltr'>mortalibus,</span> <span class='ocrx_word' id='word_1_791' title='bbox 3278 4797 3484 4851; x_wconf 85' lang='lat' dir='ltr'>pravos</span> <span class='ocrx_word' id='word_1_792' title='bbox 3511 4781 3680 4850; x_wconf 86' lang='lat' dir='ltr'>rapit</span> <span class='ocrx_word' id='word_1_793' title='bbox 3708 4781 3768 4832; x_wconf 91' lang='lat' dir='ltr'>in</span> <span class='ocrx_word' id='word_1_794' title='bbox 3809 4777 3882 4828; x_wconf 52' lang='lat' dir='ltr'>in.</span> 
     </span>
    </p>
   </div>
   <div class='ocr_carea' id='block_1_112' title="bbox 2199 4870 3883 4942">
    <p class='ocr_par' dir='ltr' id='par_1_112' title="bbox 2199 4870 3883 4942">
     <span class='ocr_line' id='line_1_112' title="bbox 2199 4870 3883 4942; baseline -0.005 -17"><span class='ocrx_word' id='word_1_795' title='bbox 2199 4871 2455 4940; x_wconf 89' lang='lat' dir='ltr'>teritum,</span> <span class='ocrx_word' id='word_1_796' title='bbox 2510 4872 2619 4942; x_wconf 89' lang='lat' dir='ltr'>piis</span> <span class='ocrx_word' id='word_1_797' title='bbox 2691 4877 2906 4926; x_wconf 89' lang='lat' dir='ltr'>reserat</span> <span class='ocrx_word' id='word_1_798' title='bbox 2961 4871 3070 4924; x_wconf 91' lang='lat' dir='ltr'>iter</span> <span class='ocrx_word' id='word_1_799' title='bbox 3115 4870 3183 4924; x_wconf 88' lang='lat' dir='ltr'>ad</span> <span class='ocrx_word' id='word_1_800' title='bbox 3239 4873 3502 4936; x_wconf 89' lang='lat' dir='ltr'>salutem,</span> <span class='ocrx_word' id='word_1_801' title='bbox 3583 4876 3647 4922; x_wconf 85' lang='lat' dir='ltr'>et</span> <span class='ocrx_word' id='word_1_802' title='bbox 3705 4871 3883 4921; x_wconf 62' lang='lat' dir='ltr'>caetera</span> 
     </span>
    </p>
   </div>
   <div class='ocr_carea' id='block_1_113' title="bbox 2200 4951 3880 5032">
    <p class='ocr_par' dir='ltr' id='par_1_113' title="bbox 2200 4951 3880 5032">
     <span class='ocr_line' id='line_1_113' title="bbox 2200 4951 3880 5032; baseline -0.007 -18"><span class='ocrx_word' id='word_1_803' title='bbox 2200 4961 2415 5026; x_wconf 90' lang='lat' dir='ltr'>omnia,</span> <span class='ocrx_word' id='word_1_804' title='bbox 2465 4977 2594 5032; x_wconf 65' lang='lat' dir='ltr'>quas</span> <span class='ocrx_word' id='word_1_805' title='bbox 2643 4961 2721 5015; x_wconf 90' lang='lat' dir='ltr'>ibi</span> <span class='ocrx_word' id='word_1_806' title='bbox 2751 4959 3141 5031; x_wconf 85' lang='lat' dir='ltr'>corporaliter,</span> <span class='ocrx_word' id='word_1_807' title='bbox 3175 4958 3266 5012; x_wconf 90' lang='lat' dir='ltr'>hic</span> <span class='ocrx_word' id='word_1_808' title='bbox 3313 4959 3696 5028; x_wconf 88' lang='lat' dir='ltr'>complentur</span> <span class='ocrx_word' id='word_1_809' title='bbox 3741 4951 3880 5025; x_wconf 87' lang='lat' dir='ltr'>spiri-</span> 
     </span>
    </p>
   </div>
   <div class='ocr_carea' id='block_1_114' title="bbox 2199 5046 3880 5116">
    <p class='ocr_par' dir='ltr' id='par_1_114' title="bbox 2199 5046 3880 5116">
     <span class='ocr_line' id='line_1_114' title="bbox 2199 5046 3880 5116; baseline -0.002 -16"><span class='ocrx_word' id='word_1_810' title='bbox 2199 5049 2451 5101; x_wconf 88' lang='lat' dir='ltr'>tualiter.</span> <span class='ocrx_word' id='word_1_811' title='bbox 2494 5049 2854 5102; x_wconf 84' lang='lat' dir='ltr'>Dubitantem</span> <span class='ocrx_word' id='word_1_812' title='bbox 2889 5047 3136 5116; x_wconf 89' lang='lat' dir='ltr'>benigne</span> <span class='ocrx_word' id='word_1_813' title='bbox 3180 5046 3456 5116; x_wconf 84' lang='lat' dir='ltr'>increpat,</span> <span class='ocrx_word' id='word_1_814' title='bbox 3483 5051 3542 5098; x_wconf 88' lang='lat' dir='ltr'>et</span> <span class='ocrx_word' id='word_1_815' title='bbox 3577 5063 3654 5099; x_wconf 90' lang='lat' dir='ltr'>ne</span> <span class='ocrx_word' id='word_1_816' title='bbox 3701 5047 3880 5112; x_wconf 80' lang='lat' dir='ltr'>despe-</span> 
     </span>
    </p>
   </div>
   <div class='ocr_carea' id='block_1_115' title="bbox 2198 5127 3878 5205">
    <p class='ocr_par' dir='ltr' id='par_1_115' title="bbox 2198 5127 3878 5205">
     <span class='ocr_line' id='line_1_115' title="bbox 2198 5127 3878 5205; baseline -0.005 -17"><span class='ocrx_word' id='word_1_817' title='bbox 2198 5141 2284 5188; x_wconf 90' lang='lat' dir='ltr'>ret</span> <span class='ocrx_word' id='word_1_818' title='bbox 2314 5137 2372 5189; x_wconf 91' lang='lat' dir='ltr'>in</span> <span class='ocrx_word' id='word_1_819' title='bbox 2405 5135 2668 5205; x_wconf 83' lang='lat' dir='ltr'>sequenti</span> <span class='ocrx_word' id='word_1_820' title='bbox 2695 5135 2850 5188; x_wconf 82' lang='lat' dir='ltr'>ﬁdeli</span> <span class='ocrx_word' id='word_1_821' title='bbox 2907 5151 3103 5188; x_wconf 89' lang='lat' dir='ltr'>amore</span> <span class='ocrx_word' id='word_1_822' title='bbox 3153 5134 3391 5187; x_wconf 85' lang='lat' dir='ltr'>viriliter</span> <span class='ocrx_word' id='word_1_823' title='bbox 3427 5135 3746 5194; x_wconf 88' lang='lat' dir='ltr'>confortat,</span> <span class='ocrx_word' id='word_1_824' title='bbox 3803 5127 3878 5180; x_wconf 85' lang='lat' dir='ltr'>ubi</span> 
     </span>
    </p>
   </div>
   <div class='ocr_carea' id='block_1_116' title="bbox 2197 5221 3879 5294">
    <p class='ocr_par' dir='ltr' id='par_1_116' title="bbox 2197 5221 3879 5294">
     <span class='ocr_line' id='line_1_116' title="bbox 2197 5221 3879 5294; baseline -0.005 -18"><span class='ocrx_word' id='word_1_825' title='bbox 2197 5223 2509 5276; x_wconf 85' lang='lat' dir='ltr'>Pharaonis</span> <span class='ocrx_word' id='word_1_826' title='bbox 2559 5223 2818 5277; x_wconf 83' lang='lat' dir='ltr'>curribus</span> <span class='ocrx_word' id='word_1_827' title='bbox 2864 5228 3178 5294; x_wconf 88' lang='lat' dir='ltr'>comparat.</span> <span class='ocrx_word' id='word_1_828' title='bbox 3218 5225 3276 5277; x_wconf 89' lang='lat' dir='ltr'>ln</span> <span class='ocrx_word' id='word_1_829' title='bbox 3308 5223 3528 5276; x_wconf 85' lang='lat' dir='ltr'>curibus</span> <span class='ocrx_word' id='word_1_830' title='bbox 3562 5221 3879 5276; x_wconf 80' lang='lat' dir='ltr'>Pharaonis.</span> 
     </span>
    </p>
   </div>
   <div class='ocr_carea' id='block_1_117' title="bbox 2195 5310 3877 5382">
    <p class='ocr_par' dir='ltr' id='par_1_117' title="bbox 2195 5310 3877 5382">
     <span class='ocr_line' id='line_1_117' title="bbox 2195 5310 3877 5382; baseline -0.004 -18"><span class='ocrx_word' id='word_1_831' title='bbox 2195 5310 2256 5364; x_wconf 91' lang='lat' dir='ltr'>Id</span> <span class='ocrx_word' id='word_1_832' title='bbox 2311 5316 2396 5364; x_wconf 80' lang='lat' dir='ltr'>est</span> <span class='ocrx_word' id='word_1_833' title='bbox 2444 5311 2504 5364; x_wconf 89' lang='lat' dir='ltr'>in</span> <span class='ocrx_word' id='word_1_834' title='bbox 2566 5317 2823 5382; x_wconf 85' lang='lat' dir='ltr'>tempore</span> <span class='ocrx_word' id='word_1_835' title='bbox 2881 5328 3178 5366; x_wconf 89' lang='lat' dir='ltr'>curruum.</span> <span class='ocrx_word' id='word_1_836' title='bbox 3211 5313 3276 5366; x_wconf 84' lang='lat' dir='ltr'>Et</span> <span class='ocrx_word' id='word_1_837' title='bbox 3329 5315 3464 5364; x_wconf 91' lang='lat' dir='ltr'>nota</span> <span class='ocrx_word' id='word_1_838' title='bbox 3513 5311 3877 5380; x_wconf 84' lang='lat' dir='ltr'>superbiam:</span> 
     </span>
    </p>
   </div>
   <div class='ocr_carea' id='block_1_118' title="bbox 2195 5398 3882 5469">
    <p class='ocr_par' dir='ltr' id='par_1_118' title="bbox 2195 5398 3882 5469">
     <span class='ocr_line' id='line_1_118' title="bbox 2195 5398 3882 5469; baseline -0.003 -16"><span class='ocrx_word' id='word_1_839' title='bbox 2195 5399 2438 5466; x_wconf 87' lang='lat' dir='ltr'>Pharao,</span> <span class='ocrx_word' id='word_1_840' title='bbox 2519 5398 2720 5453; x_wconf 85' lang='lat' dir='ltr'>elidens</span> <span class='ocrx_word' id='word_1_841' title='bbox 2777 5400 2862 5453; x_wconf 80' lang='lat' dir='ltr'>vel</span> <span class='ocrx_word' id='word_1_842' title='bbox 2922 5399 3202 5469; x_wconf 78' lang='lat' dir='ltr'>dissipans</span> <span class='ocrx_word' id='word_1_843' title='bbox 3283 5398 3734 5468; x_wconf 83' lang='lat' dir='ltr'>interpretatur.</span> <span class='ocrx_word' id='word_1_844' title='bbox 3795 5398 3882 5451; x_wconf 65' lang='lat' dir='ltr'>Nec</span> 
     </span>
    </p>
   </div>
   <div class='ocr_carea' id='block_1_119' title="bbox 2195 5487 3879 5558">
    <p class='ocr_par' dir='ltr' id='par_1_119' title="bbox 2195 5487 3879 5558">
     <span class='ocr_line' id='line_1_119' title="bbox 2195 5487 3879 5558; baseline -0.001 -20"><span class='ocrx_word' id='word_1_845' title='bbox 2195 5492 2417 5556; x_wconf 84' lang='lat' dir='ltr'>oportet</span> <span class='ocrx_word' id='word_1_846' title='bbox 2476 5492 2538 5540; x_wconf 89' lang='lat' dir='ltr'>ut</span> <span class='ocrx_word' id='word_1_847' title='bbox 2595 5487 2785 5557; x_wconf 74' lang='lat' dir='ltr'>vagari</span> <span class='ocrx_word' id='word_1_848' title='bbox 2844 5487 3098 5558; x_wconf 69' lang='lat' dir='ltr'>incipias,</span> <span class='ocrx_word' id='word_1_849' title='bbox 3145 5503 3274 5540; x_wconf 91' lang='lat' dir='ltr'>cum</span> <span class='ocrx_word' id='word_1_850' title='bbox 3322 5502 3413 5540; x_wconf 89' lang='lat' dir='ltr'>me</span> <span class='ocrx_word' id='word_1_851' title='bbox 3467 5488 3879 5540; x_wconf 86' lang='lat' dir='ltr'>consolatorem</span> 
     </span>
    </p>
   </div>
  </div>
