4074 6186
220 275 342 325 1133

1094 275 1347 330 GLOSSA
1388 277 1789 333 ORDINARIA.
1830 308 1901 319 —
1940 281 2288 337 CANTICUM
2331 282 2795 338 CANTICORUM.

3560 291 3694 344 1134

206 396 429 466 habeas,
491 402 546 452 ct
628 399 895 469 pralatos
957 398 1166 469 quibus
1227 400 1509 467 innitaris,
1579 418 1681 472 per
1734 419 1900 473 quos,
1933 407 1973 457 A
2018 402 2076 456 in
2111 404 2352 457 Ecclesia
2416 420 2626 473 magno
2675 406 2836 459 nobis
2888 406 3133 476 gratiam
3194 407 3489 463 suavitatis
3521 412 3691 465 mini-

203 486 492 539 subsistas.

280 575 436 627 Vnus.
471 577 613 627 9.-
661 574 921 629 Pulchra.
966 574 1245 638 Quoniam
1297 580 1590 628 ostensum
1636 586 1720 629 est
1752 590 1893 645 quo-

208 663 366 717 modo
424 664 691 717 Dominus
740 664 1042 717 Ecclesiam
1103 664 1254 717 inter
1324 665 1559 717 adversa
1605 670 1886 734 protegat,

203 758 369 805 restat
396 752 619 806 ostendi
650 759 930 822 quantum
987 769 1242 806 amorem
1269 752 1447 822 ipsius
1483 752 1707 806 Domini
1742 752 1890 805 inter

201 842 429 894 adversa
486 846 673 894 servet
729 840 990 893 Ecclesia.
1074 841 1229 893 Unde
1316 841 1593 910 sequitur,
1647 841 1890 894 Pulchra

201 933 318 981 sunt
346 944 510 995 gena.
558 929 737 982 Tanta
766 932 819 980 te
851 928 1208 981 verecundia
1250 928 1515 981 salutaris
1558 928 1764 981 virtute
1796 928 1889 982 de-

200 1017 402 1080 coravi,
447 1021 507 1069 ut
535 1016 850 1069 castitatem
884 1016 1181 1086 promissa
1236 1017 1379 1070 mihi
1408 1016 1540 1070 fidei
1572 1018 1729 1069 nulla
1757 1033 1885 1086 pra-

201 1120 395 1157 vorum
428 1104 728 1158 doctorum
759 1105 1021 1159 doctrina
1049 1105 1516 1175 velsuggestione
1531 1120 1882 1174 corrumpas,

200 1210 227 1246 a
267 1194 475 1264 quibus
507 1193 749 1247 timebas
798 1192 857 1247 in
930 1209 1183 1247 errorem
1243 1194 1465 1247 deduci.
1525 1193 1886 1247 Pulchritudo

203 1281 451 1335 mulieris
484 1282 541 1334 in
572 1281 736 1351 genis
785 1281 992 1335 dicitur
1038 1298 1159 1336 esse
1191 1281 1632 1352 quamplurima.
1664 1282 1887 1351 Allege-

200 1371 325 1425 rice.
360 1373 419 1425 In
452 1374 602 1438 genis
652 1376 881 1425 notatur
926 1370 1152 1440 signum
1186 1370 1443 1440 pudoris,
1476 1370 1619 1423 sicut
1648 1370 1706 1423 in
1737 1386 1884 1439 pra-

199 1458 541 1512 dicatoribns
591 1475 712 1511 mos
763 1463 913 1512 recte
958 1458 1203 1511 vivendi.
1243 1458 1502 1523 Ecclesia,
1558 1459 1662 1511 etsi
1712 1473 1886 1527 spous

200 1547 483 1599 suimorte
516 1546 764 1610 viduata,
812 1551 966 1599 tanta
996 1552 1186 1599 tamen
1244 1548 1365 1617 ejus
1414 1547 1690 1600 memoria
1721 1552 1886 1599 tene-

199 1638 305 1698 tur,
335 1639 394 1686 ut
440 1635 765 1687 nullatenus
817 1640 1186 1687 externorum
1236 1636 1417 1704 possit
1462 1636 1713 1704 recipere
1754 1651 1885 1687 con-

196 1723 429 1775 sortiqu
463 1728 557 1776 :et
605 1739 708 1792 pro
758 1722 873 1775 suis
909 1728 965 1775 et
1016 1723 1256 1775 aliorum
1309 1724 1548 1793 peccatis
1593 1724 1786 1793 gemit.
1825 1724 1883 1776 ln

194 1811 339 1874 collo,
373 1810 647 1875 doctores,
693 1809 753 1863 in
792 1811 1080 1864 monilibus
1129 1828 1304 1880 opera
1336 1811 1564 1864 illorum
1602 1828 1614 1877 ;
1645 1811 1780 1881 quia
1818 1827 1885 1865 ea

193 1912 317 1965 qua
349 1898 520 1951 verbo
549 1898 772 1965 docent,
827 1904 1155 1969 operantur.
1191 1900 1328 1963 Qua
1361 1900 1435 1953 sit
1465 1900 1634 1969 hujus
1659 1898 1882 1951 sobrie-

192 1986 318 2038 tatis
339 1988 724 2042 custodienda
775 1990 955 2058 gratia
991 1989 1305 2053 subdendo,
1340 1990 1717 2043 demonstrat.
1754 1989 1883 2041 Col-

190 2075 295 2127 lum
328 2080 475 2129 tuum
517 2079 655 2130 sicut
711 2078 954 2131 monilia.
1014 2079 1118 2131 Per
1164 2077 1372 2130 collum
1423 2093 1670 2148 namque
1728 2077 1883 2129 cibos

189 2164 499 2232 trajicimus
540 2164 598 2218 in
640 2182 846 2235 corpus
882 2165 1278 2232 reficiendum,
1339 2171 1393 2218 et
1432 2166 1604 2219 verba
1652 2165 1882 2235 proferi-

189 2267 332 2318 mus,
381 2254 591 2323 quibus
650 2259 861 2307 secreta
927 2255 1113 2307 cordis
1174 2254 1445 2325 proximis
1502 2255 1878 2320 declaramus,

184 2339 239 2393 id
269 2346 372 2405 est,
409 2341 671 2395 doctores
699 2342 799 2413 qui
831 2346 886 2395 et
916 2343 1101 2395 verbis
1131 2342 1446 2407 instruunt,
1484 2347 1539 2395 et
1567 2342 1757 2395 cibum
1790 2359 1880 2395 sa-

188 2426 322 2480 lutis
373 2428 432 2481 in
481 2429 781 2482 commissa
841 2429 948 2482 sibi
995 2430 1249 2483 membra
1296 2430 1716 2484 transfundunt.
1774 2430 1881 2493 Qui

184 2516 496 2569 monilibus
527 2522 956 2587 comparantur,
1015 2518 1113 2588 qui
1162 2518 1386 2588 pulchri
1443 2523 1575 2570 sunt
1624 2518 1881 2570 moribus

183 2611 238 2657 et
268 2610 493 2675 pectora
516 2606 799 2676 virginum
827 2605 1011 2660 verbis
1056 2610 1111 2659 et
1169 2606 1444 2677 exemplis
1468 2606 1759 2666 claudunt,
1811 2622 1880 2659 ne

184 2693 407 2747 adulter
438 2695 652 2748 inserat
683 2710 936 2747 manum.

255 2783 428 2836 VERe.
476 2785 558 2836 10.
593 2814 659 2822 —
700 2783 1033 2837 Murenulas.
1077 2783 1202 2836 Alia
1242 2781 1565 2836 translatio.
1607 2783 1877 2837 Similitu-

180 2870 305 2923 dine
334 2873 461 2924 auri
486 2872 911 2937 fabrefaciemus
961 2871 1061 2924 tibi
1108 2886 1227 2924 cum
1278 2871 1721 2925 distinctionibus
1779 2888 1878 2925 ur-

176 2961 347 3025 genti,
381 2960 728 3028 quoadusqua
758 2976 855 3012 rear:
912 2960 973 3013 in
1026 2960 1274 3013 accubitu
1303 2975 1396 3013 suo
1439 2966 1534 3014 est.
1570 2960 1733 3024 Quod
1764 2964 1871 3016 est.
1912 2969 1951 3022 ί]

179 3064 408 3113 aurum,
434 3048 488 3101 id
521 3053 625 3111 est,
658 3046 859 3100 faciem
891 3064 1076 3101 meam
1110 3047 1166 3100 in
1192 3048 1457 3117 prasenti
1491 3048 1600 3101 vita
1632 3065 1745 3102 non
1775 3066 1878 3119 po-

174 3136 316 3188 teris
375 3136 585 3201 videre,
645 3135 739 3189 sed
794 3136 1227 3189 similitudinem
1286 3136 1559 3190 claritatis
1612 3138 1875 3205 calestis,

172 3240 279 3295 per
308 3223 790 3278 illuminationem
848 3224 1293 3294 Scripturarum,
1351 3224 1565 3278 videbis
1606 3241 1708 3295 per
1742 3242 1875 3296 spe-

174 3314 372 3365 culum
409 3312 463 3365 iu
495 3312 819 3383 anigmate,
864 3312 1045 3366 donec
1076 3311 1343 3365 omnibus
1401 3317 1690 3382 appareat,
1725 3312 1877 3382 quod

170 3418 329 3454 nunc
361 3402 491 3454 latet
524 3401 581 3455 in
649 3401 879 3455 Deitate.
934 3401 1274 3454 Murenulus.
1324 3400 1565 3453 Pulchre
1611 3399 1876 3453 describit

174 3504 424 3559 sponsus
447 3490 571 3558 ejus
628 3488 1111 3559 pulchritudinem
1147 3505 1158 3541 :
1194 3494 1320 3559 post
1371 3488 1489 3541 hac
1534 3488 1597 3542 fit
1623 3489 1671 3541 ei
1702 3505 1876 3559 spon-

172 3595 269 3630 sus
300 3577 360 3630 in
418 3577 697 3632 recubitu.
748 3577 1006 3642 Interim,
1042 3593 1108 3630 eo
1168 3576 1508 3641 dormiente,
1569 3577 1690 3646 ejus
1719 3577 1873 3643 socii,

170 3665 228 3721 id
256 3671 365 3731 est,
400 3665 590 3735 angeli
618 3664 991 3719 consolantur
1022 3681 1145 3719 eam
1167 3680 1311 3729 ;uon
1338 3664 1615 3717 habemus
1645 3681 1872 3731 aurum,

168 3755 267 3808 sed
335 3753 774 3807 similitudinem
832 3753 955 3807 auri
1010 3753 1133 3807 fieri
1186 3753 1459 3807 faciemus
1515 3752 1637 3818 tibi,
1697 3754 1875 3807 donec

167 3848 373 3913 surgat
407 3860 536 3895 cum
589 3843 949 3912 stigmatibus
1008 3842 1251 3912 argenti.
1322 3842 1647 3895 Murcnula.
1707 3842 1873 3905 Qua-

167 3947 405 4001 cunque
464 3930 629 3983 bona
688 3931 1094 3988 institutiones.
1159 3930 1321 4000 quasi
1402 3935 1737 3983 ornamenta
1771 3947 1872 3983 au-

164 4022 344 4073 rium.
384 4019 443 4072 ln
471 4020 765 4071 murenulis
796 4017 1087 4087 Scriptura
1128 4022 1336 4079 sancta,
1382 4032 1508 4085 qua
1541 4031 1673 4070 auro
1699 4016 1870 4085 spiri-

161 4110 415 4161 tualium
445 4123 713 4160 sensuum
745 4107 923 4175 fulget
973 4106 1231 4170 interius,
1267 4111 1323 4158 et
1378 4110 1599 4172 argento
1631 4104 1873 4158 caelestis

161 4196 388 4266 eloquii
420 4196 682 4265 splendet
730 4196 1014 4248 exterius:
1060 4210 1163 4264 per
1193 4195 1487 4248 doctorum
1532 4193 1871 4247 aediﬁcatio--

161 4302 300 4339 nem
329 4285 394 4337 fit
424 4284 682 4337 custodia
713 4283 1061 4349 sobrietatis,
1111 4287 1166 4336 et
1194 4298 1295 4353 per
1324 4281 1533 4335 divina
1565 4282 1869 4351 Scriptura

161 4372 623 4425 meditationem.
659 4376 811 4425 Auro
849 4371 1054 4424 divina
1102 4370 1396 4440 sapientia
1428 4374 1482 4423 et
1509 4376 1747 4440 argento
1778 4370 1868 4423 di-

160 4460 284 4513 vini
312 4460 525 4530 eloquii
573 4460 726 4513 intus
781 4464 835 4513 et
885 4459 1131 4513 exterius
1190 4458 1520 4525 renitentes.
1572 4460 1864 4513 Faciemus.

160 4549 283 4617 Ego
311 4554 367 4601 et
398 4548 511 4601 mei
541 4547 792 4618 opiﬁces,
826 4564 970 4619 quos
1017 4546 1298 4618 plurimos
1337 4546 1406 4601 ad
1465 4547 1753 4615 eroganda
1780 4563 1867 4601 se-

155 4637 323 4692 mina
356 4637 510 4690 verbi
541 4635 829 4690 constitui.

241 4726 406 4779 Vuns.
463 4729 539 4778 lt.
600 4756 668 4764 —
716 4728 849 4778 Dum
882 4728 1039 4777 esset.
1104 4723 1365 4792 Acceptis
1422 4719 1667 4775 Ecclesia
1697 4721 1868 4774 tantis

154 4830 191 4866 a
225 4814 524 4867 conditore
582 4830 685 4866 suo
732 4813 1067 4866 muneribus
1126 4818 1180 4867 et
1247 4810 1564 4882 promissis,
1606 4826 1719 4881 qua
1749 4809 1869 4863 hac

154 4902 474 4955 devotione
529 4917 771 4972 operum
847 4900 1179 4970 susceperit,
1244 4899 1590 4963 manifestat,
1633 4898 1863 4952 dicens:

157 4992 315 5043 Dum
344 4996 477 5044 esset
508 5006 627 5051 rex,
647 4990 801 5060 quod
844 4994 946 5055 est,
979 5004 1107 5041 cum
1144 4988 1240 5041 Dei
1278 4988 1451 5041 Filius
1484 4986 1543 5039 in
1568 5001 1736 5038 carne
1769 5001 1867 5054 ap-

146 5080 378 5149 paruit,
417 5080 659 5133 Ecclesia
698 5095 800 5149 per
826 5078 1015 5147 ipsum
1065 5076 1398 5147 mysterium
1456 5072 1867 5127 incarnationis

141 5168 211 5221 in
248 5170 527 5221 virtutum
589 5167 902 5221 calestium
950 5166 1232 5219 fervorem
1285 5162 1548 5217 excrevit.
1582 5163 1700 5226 Vel,
1735 5177 1865 5214 cum

140 5260 306 5308 esset
364 5255 423 5308 in
483 5254 886 5308 humiliatione
948 5253 1129 5305 crucis
1183 5253 1501 5305 humanum
1560 5264 1741 5319 genus
1766 5264 1868 5318 per

138 5359 389 5398 crucem
445 5343 827 5413 redemptum,
883 5341 1216 5394 exercitatio
1274 5342 1555 5394 bonorum
1626 5353 1864 5406 operum

142 5431 403 5486 odorem
439 5430 734 5484 suavitatis
774 5430 1036 5501 aspersit.
1097 5429 1316 5483 Christo
1349 5419 1479 5497 rege
1529 5426 1588 5479 in
1619 5425 1865 5479 beatitu-

139 5518 300 5573 dine
357 5518 600 5573 calestis
657 5517 857 5572 secreti
914 5517 1263 5588 quiescente,
1321 5519 1647 5569 sanctorum
1686 5512 1865 5565 virtus

2003 496 2162 556 strat,
2199 492 2296 561 qui
2337 508 2449 561 quo
2507 510 2660 559 eum,
2718 510 2888 564 quem
2948 503 3250 565 appetunt,
3304 513 3416 550 non
3476 499 3690 565 vident,

2001 583 2157 631 tanto
2181 579 2471 632 ardentius
2487 597 2587 650 per
2606 581 2951 636 desiderium
2968 583 3229 653 flagrant.
3248 586 3364 651 Vel,
3380 586 3519 640 dum
3548 594 3695 641 esset

2001 683 2129 719 cum
2162 673 2341 737 putre,
2376 669 2601 731 nardus,
2647 670 2704 724 id
2735 669 2819 724 est
2848 671 3095 730 dilectio.
3157 690 3268 743 qua
3306 676 3468 744 prior
3497 675 3695 730 dilexit

2001 770 2124 814 nos,
2156 755 2306 808 dedit
2335 755 2568 821 diorem,
2596 757 2729 828 quia
2760 774 2862 829 per
2904 759 3269 813 dilectionem
3300 767 3538 830 propter
3591 778 3692 816 nos

1999 843 2306 913 assumpsit
2331 860 2579 898 carnem.
2624 845 2910 899 Mirandus
2962 847 3102 900 ordo
3145 848 3471 901 verborum.
3508 853 3687 902 Accu-

1996 927 2165 983 bante
2189 946 2320 1000 rege
2351 932 2559 985 nardus
2607 949 2735 986 mea
2797 934 2952 987 dedit
3017 935 3253 988 odorem
3308 952 3497 997 suum,
3552 937 3688 990 dum

1995 1023 2234 1087 propter
2264 1019 2500 1073 nimiam
2550 1021 2911 1085 charitatem,
2958 1038 3071 1093 qua
3130 1022 3329 1077 dilexit
3378 1040 3499 1088 nos,
3536 1024 3690 1079 ﬁlius

1998 1106 2175 1159 factus
2206 1113 2290 1160 est
2349 1108 2625 1162 mulieris.
2695 1110 2913 1165 Nardus
2963 1127 3090 1180 qua
3148 1112 3357 1166 dicitur
3405 1114 3689 1182 expellere

1996 1198 2271 1259 tumores,
2303 1195 2502 1265 fugare
2532 1195 2711 1265 frigus
2768 1201 2825 1250 et
2849 1198 3050 1250 afferre
3100 1199 3343 1251 calorem
3375 1216 3388 1264 ;
3431 1199 3520 1252 cui
3552 1198 3688 1253 assi-

1998 1282 2232 1335 milatur
2252 1284 2425 1336 homo
2484 1284 2809 1337 Dominicus
2857 1284 2954 1355 qui
2984 1301 3215 1339 carnem
3260 1288 3602 1341 assumenda
3630 1304 3689 1342 se

1997 1368 2336 1430 humiliavit,
2370 1375 2496 1423 etse
2528 1372 2890 1425 humiliando
2912 1388 3143 1426 omnem
3166 1376 3457 1427 tumorem
3490 1390 3688 1444 super-

1998 1455 2106 1508 bia
2136 1456 2393 1519 abstulit,
2426 1457 2604 1528 frigus
2635 1459 2984 1513 infidelitatis
3022 1461 3280 1526 removit,
3313 1468 3369 1514 et
3398 1462 3688 1516 fervorum

1995 1544 2286 1598 charitatis
2318 1545 2529 1599 intulit.
2568 1547 2749 1600 Herba
2792 1548 2963 1601 etiam
3014 1549 3154 1613 hac,
3204 1555 3418 1619 quanto
3448 1551 3574 1619 plus
3603 1554 3687 1603 at-

1995 1629 2219 1695 teritur,
2255 1636 2412 1683 tanto
2442 1632 2714 1700 majorem
2754 1633 2935 1686 reddit
2988 1635 3244 1699 odorem,
3301 1637 3380 1690 sic
3408 1638 3684 1692 Christus.

2065 1718 2233 1771 Vens.
2267 1721 2349 1772 12.
2381 1749 2449 1757 -—-
2496 1721 2824 1773 Fasciculus.
2885 1722 3031 1774 Mors
3074 1722 3265 1777 dilecti
3325 1726 3454 1790 mei,
3514 1742 3685 1796 quam

1993 1820 2098 1874 pro
2134 1822 2259 1859 mea
2308 1808 2487 1861 salute
2545 1808 2738 1868 subiit,
2796 1824 3022 1878 semper
3067 1810 3124 1863 in
3193 1827 3317 1864 mea
3413 1814 3687 1867 memoria

1993 1894 2461 1949 commorabitur.
2493 1897 2632 1949 Item
2694 1897 2958 1950 fascicqu
2998 1899 3244 1969 myrrha
3301 1909 3687 1971 comparatur,

1993 1983 2130 2035 dum
2185 1990 2419 2053 propter
2453 2001 2556 2036 nos
2604 1985 2786 2037 crucis
2836 1985 3076 2054 injurias
3133 1987 3422 2044 toleravit.
3466 1990 3690 2060 Myrrha

1994 2072 2160 2123 arbor
2185 2076 2268 2124 est
2295 2071 2537 2137 Arabia,
2586 2073 2908 2126 altitudinis
2940 2074 3198 2145 quinque
3230 2076 3574 2143 cubitorum,
3607 2078 3689 2131 si-

1996 2160 2142 2213 milis
2171 2159 2340 2229 spica
2373 2176 2544 2230 quam
2577 2162 2881 2214 acauthum
2914 2163 3133 2231 dicunt,
3183 2165 3347 2234 cujus
3396 2171 3558 2235 gutta
3601 2166 3688 2219 vi-

1993 2248 2131 2300 ridis
2191 2253 2360 2318 atque
2417 2263 2630 2315 amara,
2694 2250 2844 2302 unde
2903 2267 3112 2303 nomen
3173 2253 3390 2322 accepit
3436 2253 3684 2324 myrrha.

1991 2337 2158 2389 Gutta
2214 2337 2335 2405 ejus
2395 2341 2596 2407 sponte
2651 2353 2905 2400 manans,
2966 2338 3273 2408 pretiosior
3327 2345 3431 2406 est,
3463 2342 3688 2394 corticis

1990 2426 2223 2478 vulnere
2246 2425 2433 2489 vilior,
2494 2441 2623 2495 qua
2684 2425 2978 2479 medendis
3035 2426 3467 2482 infirmitatibus
3497 2435 3580 2483 est
3605 2446 3688 2483 sa-

1992 2514 2170 2566 lubris
2200 2530 2212 2567 :
2247 2514 2420 2581 unde,
2455 2519 2510 2566 et
2534 2515 2887 2583 myrrliatum
2951 2515 3147 2570 vinum
3179 2532 3212 2569 a
3262 2517 3540 2572 militibus
3592 2534 3684 2571 ac-

1990 2604 2159 2670 cepit.
2198 2603 2369 2655 Ubera
2397 2618 2532 2655 mca.
2560 2603 2855 2656 Castarum
2902 2603 3078 2657 ubera
3134 2620 3251 2657 non
3298 2604 3681 2675 franguntur;

1990 2690 2085 2742 sed
2157 2689 2537 2752 meretricum,
2598 2690 2740 2744 laxis
2815 2691 3058 2760 pellibus
3114 2691 3466 2763 irrugantnr.
3528 2694 3685 2748 Unde

1991 2777 2289 2831 Ezechiel:
2340 2779 2403 2830 In
2468 2779 2713 2847 Egypto
2795 2781 2989 2844 fracta
3067 2785 3191 2834 sunt
3268 2796 3511 2836 mamma
3580 2788 3684 2837 tua

1990 2866 2202 2935 (Ezech.
2238 2865 2418 2934 χχιιι).

2057 2955 2217 3007 Vens.
2256 2955 2336 3007 l3.
2398 2982 2463 2991 —
2524 2953 2725 3007 Botrus
2756 2957 2914 3023 cypri
2968 2955 3223 3010 dilectus.
3293 2959 3496 3011 Botrus
3525 2959 3683 3029 cypri

1988 3058 2117 3096 cum
2150 3040 2492 3095 resurrexit:
2523 3042 2589 3095 In
2616 3043 2788 3095 vineis
2820 3043 3078 3110 Engaddi
3116 3050 3222 3113 est,
3261 3061 3389 3098 cum
3419 3047 3683 3101 fidelibus

1987 3130 2305 3201 spiritualia
2340 3131 2490 3182 dona
2523 3129 2832 3185 distribuit.
2866 3132 3113 3185 Arbores
3168 3133 3425 3201 balsami,
3463 3151 3591 3205 qua
3623 3135 3681 3189 in

1990 3217 2241 3287 Engaddi
2272 3222 2554 3283 crescunt,
2606 3217 2740 3288 quia
2789 3218 2848 3272 in
2902 3220 3131 3273 modum
3190 3221 3487 3277 vinearum
3516 3240 3680 3277 exco-

1986 3307 2202 3371 luntur,
2233 3307 2426 3359 vineas
2454 3306 2723 3375 appellat.
2768 3306 3023 3377 Sponsus
3075 3309 3331 3363 Christus
3387 3311 3564 3381 igitur
3594 3316 3680 3366 est

1985 3394 2043 3447 in
2086 3394 2266 3447 vineis
2305 3394 2581 3464 Engaddi,
2643 3394 2779 3463 quia
2838 3394 2895 3448 in
2948 3411 3118 3448 carne
3177 3397 3408 3452 veniens
3465 3398 3679 3469 Spiritu

1984 3488 2177 3537 sancto
2223 3483 2448 3553 plenus,
2506 3483 2867 3537 credentibus
2913 3484 3171 3553 ejusdem
3227 3486 3409 3540 sancti
3435 3486 3680 3557 Spiritus

1984 3573 2135 3627 dona
2200 3572 2440 3642 largitus
2484 3587 2589 3642 per
2632 3571 2955 3625 chrismatis
3009 3574 3360 3643 unctionem,
3412 3574 3473 3629 in
3514 3577 3678 3646 cujus

1983 3661 2332 3715 confectione
2361 3661 2552 3713 oleum
2587 3664 2643 3713 et
2691 3660 3009 3715 balsamum
3058 3663 3522 3718 commiscentur.
3570 3666 3679 3719 Eu-

1983 3750 2151 3820 gaddi
2186 3749 2314 3802 fons
2344 3748 2493 3801 hadi
2525 3754 2760 3817 propter
2789 3749 3117 3816 cbrismata,
3168 3767 3296 3821 qua
3328 3757 3458 3822 post
3489 3769 3678 3807 resur-

1982 3838 2291 3891 rectionem
2324 3836 2563 3905 largitur
2606 3841 2690 3888 est
2738 3836 2797 3888 in
2831 3836 3113 3906 baptismo
3143 3838 3261 3890 suis
3284 3834 3677 3909 participibus.

1983 3925 2174 3994 Engad
2201 3925 2261 3993 li,
2289 3924 2346 3977 id
2384 3930 2469 3977 est
2498 3924 2698 3977 oculus
2747 3939 2888 3976 mea
2928 3924 3279 3989 tentationis,
3336 3932 3392 3980 et
3437 3926 3676 3980 tentatio

1981 4018 2065 4066 est
2090 4012 2202 4064 vita
2232 4010 2483 4064 hominis
2512 4025 2685 4079 super
2715 4014 2948 4064 terram.
3003 4010 3147 4074 Quia
3186 4012 3357 4065 morti
3406 4013 3676 4067 Mediato-

1981 4098 2057 4153 ris
2087 4114 2217 4152 mox
2241 4098 2666 4151 resurrectionis
2724 4097 2909 4166 gloria
2955 4099 3242 4161 successit,
3302 4106 3452 4155 recte
3478 4102 3675 4156 subdi-

1982 4193 2095 4252 tur,
2124 4187 2348 4253 Botrus,
2374 4187 2473 4257 qui
2493 4185 2604 4239 fuit
2641 4186 2941 4240 fasciculus
2992 4186 3240 4257 myrrha
3277 4188 3337 4241 in
3390 4190 3674 4243 amaritu-

1981 4276 2115 4330 dine
2171 4275 2474 4345 passionis,
2508 4275 2567 4329 in
2612 4274 2915 4329 dulcedine
2972 4276 3407 4331 resurrectionis
3462 4279 3676 4333 exstitit

1980 4364 2178 4418 botrus
2206 4363 2385 4435 cypri.
2440 4364 2601 4428 Quod
2661 4365 2894 4435 myrrha
2949 4364 3105 4419 enim
3152 4365 3673 4434 tristificat,vinum

1980 4452 2251 4507 laetificat.

2050 4542 2209 4596 Vens.
2241 4541 2321 4594 14.
2381 4570 2449 4578 -
2502 4541 2643 4594 Ecce
2694 4545 2751 4595 tu
2781 4542 3030 4610 pulchra.
3068 4543 3350 4597 Hactenus
3407 4544 3673 4615 Ecclesia,

1978 4646 2107 4700 qua
2141 4628 2458 4682 dilectionis
2496 4629 2738 4699 pignora
2768 4647 2799 4683 a
2824 4646 3035 4699 sponso
3086 4633 3384 4702 receperit,
3409 4638 3670 4697 testatur,

1977 4718 2067 4770 cui
2096 4716 2217 4787 ipse
2267 4732 2397 4770 mox
2434 4717 2916 4771 remunerationis
2970 4718 3089 4772 vice
3148 4721 3499 4791 respondet:
3544 4725 3675 4778 Ecce

1978 4810 2036 4859 tu
2070 4806 2303 4874 pulchra.
2335 4824 2350 4871 ;
2384 4804 2568 4874 quasi,
2618 4821 2681 4857 ex
2731 4804 2839 4858 hoc
2888 4807 3038 4876 quod
3078 4822 3170 4861 me
3199 4808 3406 4878 diligit,
3436 4811 3674 4881 pulchra

1976 4892 2257 4947 efﬁcieris.
2308 4894 2502 4947 Amica
2582 4908 2717 4947 mea.
2800 4893 2922 4946 Alia
2999 4896 3346 4949 translatio:
3414 4898 3675 4952 Promima

1975 4998 2129 5046 mea;
2158 4981 2263 5034 hoc
2294 4986 2395 5047 est,
2428 4980 2484 5034 in
2521 4981 2627 5034 hoc
2674 4980 2829 5050 quod
2869 4983 3129 5051 proxima
3183 4998 3243 5037 es
3291 4985 3545 5053 speciosa
3588 5003 3669 5053 es,

1977 5075 2031 5123 et
2094 5074 2397 5140 postquam
2447 5068 2687 5144 caperis
2763 5084 2882 5122 esse
2942 5070 3219 5139 speciosa,
3273 5071 3395 5126 sine
3453 5074 3669 5128 addita-

1976 5166 2170 5212 meuto
2201 5158 2437 5228 pulchra
2473 5174 2549 5210 es.
2599 5157 2752 5211 Oculi
2807 5159 2906 5210 tui.
2958 5158 3084 5211 Alia
3133 5159 3255 5211 laus
3286 5175 3509 5229 sponsa
3538 5178 3668 5231 spe-

1976 5247 2162 5310 ciosa,
2217 5250 2278 5298 ut
2336 5250 2391 5297 et
2444 5261 2545 5297 nos
2601 5244 2929 5297 laboremus
2968 5245 3209 5314 speciosi
3240 5246 3385 5301 ﬁeri.
3418 5248 3568 5303 Oculi
3590 5254 3671 5304 tui

1975 5334 2363 5399 columbarum,
2421 5331 2754 5401 simpliciter
2828 5333 3005 5386 Deum
3054 5334 3294 5387 intueris
3345 5337 3480 5405 quia
3527 5337 3669 5393 nihil

1977 5422 2130 5476 aliud
2163 5421 2272 5475 nisi
2301 5421 2488 5489 ipsum
2513 5420 2738 5488 quaeris.
2775 5419 2883 5485 Qui
2908 5420 3105 5475 viderit
3142 5422 3418 5477 mulierem
3446 5424 3521 5477 ad
3548 5441 3671 5480 con-

1974 5509 2354 5578 cupiscendum
2379 5523 2495 5561 eam
2549 5507 2772 5578 (Matth.
2834 5510 2911 5577 ν),
2964 5525 3082 5562 non
3127 5509 3297 5565 habet
3354 5513 3548 5568 oculos
3577 5532 3672 5569 co-
