4074 6186
415 274 550 326 H35

1026 266 1418 323 WALAFRIDI
1460 267 1703 322 STRABI
1747 266 1944 321 FULD.
1995 266 2162 320 MON.
2207 264 2365 321 OPP.
2415 265 2588 320 PARS
2626 265 2674 320 l.
2722 293 2788 304 —
2827 263 3290 320 THEOLOGICA.

3791 266 3903 317 H36

411 395 662 461 lumbus;
693 393 792 448 sed
813 392 914 464 qui
943 391 1134 458 habet,
1182 391 1348 445 castis
1393 390 1650 446 intuetur
1699 388 1898 455 oculis,
1941 393 1998 444 et
2028 389 2103 444 le-
2132 395 2178 449 Α
2217 388 2417 443 dorem
2448 392 2676 443 aeterna:
2701 386 2868 454 lucis,
2897 387 2988 442 vel
3025 386 3259 442 Deitatis
3291 385 3475 457 magis
3503 387 3692 441 revelo
3734 385 3908 441 humi-

412 499 544 554 gem
583 487 640 538 et
694 481 1059 550 Evangelium
1105 480 1476 550 spiritualiter
1522 478 1814 548 intelligit.
1850 479 1915 532 In
1945 478 2108 546 cujus

413 572 695 624 columbae
725 571 912 640 specie
942 569 1187 638 Spiritus
1209 575 1434 620 sanctus
1457 567 1740 638 apparuit.
1775 567 2023 638 Ideoque
2055 569 2111 620 et

415 658 726 729 spiritualis
772 657 1170 727 intelligentia,
1231 663 1287 710 et
1347 658 1544 710 omnia
1594 655 1915 726 spiritualia
1961 655 2110 708 dona

415 747 648 801 nomine
678 746 958 800 columbae
1004 745 1402 815 designantur.
1471 744 1745 800 Columba
1774 744 1901 797 felle
1932 748 2108 810 caret,

416 840 601 889 rostro
649 851 764 887 non
821 835 990 900 laedit,
1059 834 1119 887 in
1171 834 1426 887 cavernis
1480 842 1772 903 petrarum
1835 832 2108 898 nidiﬁcat,

417 922 635 975 alienos
665 923 854 991 pullos
883 922 1082 988 nutrit,
1117 923 1286 991 juxta
1339 922 1554 974 ﬂuenta
1613 927 1828 988 manet,
1875 920 2114 974 meliora

417 1026 598 1080 grana
626 1011 808 1079 eligit,
867 1011 1147 1079 gemitum
1199 1026 1304 1079 pro
1353 1015 1521 1062 cantu
1573 1009 1777 1076 reddit,
1831 1009 2112 1079 gregatim

416 1099 586 1166 volat,
622 1099 727 1152 alis
776 1114 836 1152 se
888 1099 1140 1152 defendit
1195 1098 1379 1151 visum
1438 1102 1755 1167 recuperat.
1801 1099 1882 1150 lta
1935 1094 2112 1148 sancti

412 1186 573 1257 juxta
603 1187 820 1241 ﬂuenta
865 1187 1136 1241 doctrinae
1194 1187 1453 1239 sedentes
1495 1187 1759 1239 meliores
1805 1183 2114 1236 sententias

419 1275 662 1344 eligunt,
695 1275 954 1328 homines
985 1291 1018 1327 a
1047 1274 1266 1328 Christo
1323 1274 1540 1327 alienos
1589 1273 1852 1326 nutriunt
1900 1273 2034 1329 Deo,
2067 1270 2115 1324 si

421 1379 563 1433 quas
615 1362 793 1416 bonas
840 1362 1151 1416 sententias
1197 1362 1254 1414 in
1305 1362 1582 1415 haereticis
1622 1361 1942 1424 inveniunt,
2000 1375 2117 1412 non

419 1456 773 1522 pervertunt,
806 1452 891 1504 ira
919 1450 1298 1504 irrationabili
1326 1457 1538 1512 carent,
1589 1449 1648 1502 in
1675 1449 1786 1504 fide
1818 1449 2115 1519 plagarum

422 1538 627 1592 Christi
659 1540 944 1608 refugium
977 1539 1207 1606 habent,
1251 1545 1493 1609 gemunt
1542 1555 1644 1608 pro
1675 1538 1936 1608 peccatis.

491 1625 651 1679 Vsus.
717 1629 801 1679 15.
851 1655 921 1665 -
967 1629 1096 1680 Ecce
1144 1632 1202 1680 tu
1247 1627 1472 1695 pulcher
1499 1642 1571 1693 es,
1606 1625 1795 1678 dilecte
1826 1626 1903 1678 mi
1943 1629 1992 1677 et
2022 1625 2112 1677 de-

421 1729 594 1768 corus.
653 1714 906 1767 Audiens
960 1731 1168 1784 sponsa
1216 1731 1273 1768 se
1359 1731 1461 1784 per
1511 1714 1875 1768 dilectionem
1919 1713 2117 1782 sponsi

424 1802 720 1866 meruisse,
759 1808 818 1854 ut
849 1802 916 1854 ab
959 1802 1080 1871 ipso
1121 1819 1332 1872 sponso
1385 1803 1732 1870 laudaretur,
1793 1817 2000 1872 sponso
2032 1800 2120 1854 vi-

427 1906 549 1942 cem
586 1890 641 1942 in
677 1890 941 1943 laudibus
969 1891 1203 1944 tribuit:
1241 1908 1351 1944 non
1385 1892 1536 1961 quod
1569 1891 1642 1956 ei,
1705 1890 1854 1961 quod
1881 1907 1995 1943 non
2026 1889 2122 1942 ha-

424 1978 542 2044 bet,
575 1994 678 2031 sno
710 1979 997 2047 praeconio
1023 1979 1316 2048 largiatur,
1375 1980 1473 2033 sed
1499 1981 1826 2048 intelligens
1857 1978 2118 2032 decorem

425 2067 568 2136 ejus,
605 2082 706 2135 per
734 2083 904 2137 quem
934 2073 991 2121 et
1018 2067 1143 2136 ipsa
1196 2068 1400 2122 decora
1429 2068 1576 2120 facta
1605 2073 1706 2134 est,
1741 2068 1820 2120 ait
1853 2084 1867 2122 :
1901 2071 2030 2122 Ecce
2060 2072 2117 2121 tu

420 2153 650 2223 pulcher
685 2170 761 2220 es,
819 2161 922 2209 etc.
984 2157 1229 2210 Lectulus
1276 2163 1455 2211 uoster
1501 2157 1752 2223 ﬂoridus.
1799 2157 2118 2227 Aliquando

425 2241 668 2295 Ecclesia
692 2243 856 2313 quasi
890 2243 948 2296 in
991 2245 1194 2297 lectulo
1248 2260 1376 2297 cum
1428 2261 1637 2313 sponso
1677 2244 1939 2314 quiescit,
1974 2251 2117 2298 tem-

423 2345 562 2398 pore
592 2330 804 2384 scilicet
833 2331 1006 2401 pacis,
1040 2331 1132 2385 ubi
1173 2331 1268 2386 Dei
1317 2331 1800 2401 pulchritudinem
1845 2333 2119 2403 liquidius

422 2409 646 2487 aspicit,
701 2423 756 2472 et
824 2419 1048 2489 prolem
1098 2418 1356 2472 fidelium
1431 2421 1570 2472 ﬂore
1620 2419 1996 2487 redolentem,
2052 2437 2118 2474 ex

426 2523 576 2576 aqua
604 2513 662 2562 et
680 2507 896 2578 Spiritu
925 2514 1117 2561 saneto
1139 2509 1345 2578 gignit.
1375 2507 1699 2578 Aliquando
1745 2525 1874 2562 cum
1906 2526 2115 2579 sponso

423 2595 758 2665 insurgente
805 2597 1119 2650 tentatione
1161 2597 1220 2649 in
1257 2597 1378 2650 acie
1409 2597 1683 2650 consistit.
1721 2598 1836 2661 Vel,
1870 2599 2113 2664 lectulus,

423 2684 614 2752 pusilli
650 2683 866 2748 ﬁdeles,
908 2684 1004 2754 qui
1040 2686 1153 2738 Deo
1192 2691 1325 2737 sunt
1353 2685 1513 2754 quies
1543 2691 1598 2738 et
1637 2685 1922 2756 magistris
1978 2688 2114 2750 suis,

424 2785 528 2838 per
574 2771 699 2836 hoc,
750 2772 972 2837 saltem,
1020 2773 1172 2842 quod
1231 2788 1463 2842 peccare
1527 2774 1846 2826 mortaliter
1890 2773 2112 2840 nolunt,

423 2858 522 2929 qui
549 2859 759 2913 ﬂorent
803 2860 981 2913 initiis
1039 2861 1318 2916 bonorum
1369 2877 1628 2932 Operum,
1662 2877 1766 2932 per
1793 2863 1946 2932 quod
1979 2863 2118 2916 dant

2220 478 2370 532 libus
2431 481 2488 532 et
2562 476 2777 548 paratis
2826 477 2898 530 ad
2962 476 3318 547 patiendum.
3377 475 3584 540 Quasi:
3649 477 3912 530 Memento

2223 565 2376 635 quod
2405 564 2505 636 qui
2534 564 2603 618 de
2631 563 2849 633 virgine
2882 563 3036 617 nasci
3082 564 3270 633 potui,
3317 564 3415 634 qui
3452 564 3599 616 Deus
3631 580 3784 629 sum,
3823 565 3913 617 hu-

2222 654 2434 708 militer
2484 654 2545 708 in
2583 653 2800 708 mundo
2848 652 3112 724 apparui,
3162 651 3492 706 hominibus
3567 667 3656 704 me
3704 651 3914 704 socium

2221 758 2341 796 esse
2372 742 2624 806 exhibui,
2660 741 2955 795 humiliter
2985 757 3163 811 usque
3197 741 3262 794 ad
3297 748 3542 794 mortem
3590 739 3742 792 veni.
3795 740 3917 792 Ideo

2222 829 2428 884 desiste
2451 830 2660 900 quietis
2702 829 3066 882 securitatem
3090 844 3370 898 quaerere,
3401 828 3550 881 unde
3593 827 3811 893 subdit,
3846 828 3916 882 Si-

2221 923 2311 972 cut
2342 920 2537 972 lilium.
2569 919 2722 972 Sicut
2769 933 3006 986 campus
3045 917 3284 970 ﬂoribus
3329 923 3585 982 ornatur,
3629 915 3706 968 ita
3752 931 3919 968 mun-

2223 1008 2330 1061 dus
2354 1023 2480 1060 mea
2512 1007 2712 1060 notitia
2742 1012 2798 1059 et
2825 1006 2937 1059 tide
2968 1006 3290 1058 decoratur.

2297 1096 2457 1149 Vens.
2486 1097 2519 1148 2
2574 1126 2640 1133 —
2673 1095 2821 1149 Sicut
2850 1095 3048 1148 lilium.
3080 1093 3329 1146 Laudato
3379 1108 3458 1156 se,
3511 1091 3705 1145 laudat
3749 1107 3916 1162 spon-

2224 1199 2365 1247 sam,
2399 1183 2517 1237 ita:
2568 1184 2720 1238 Sicut
2750 1185 2924 1237 lilium
2979 1198 3096 1236 non
3128 1187 3314 1252 potest
3358 1183 3532 1250 spinis
3579 1181 3921 1250 comparari,

2224 1271 2376 1325 inter
2405 1289 2546 1343 quas
2575 1287 2723 1342 saepe
2751 1272 3006 1324 exoritur
3036 1287 3048 1324 :
3080 1270 3279 1324 eodem
3305 1270 3475 1323 modo
3504 1272 3769 1338 proxima
3805 1285 3924 1322 mea

2227 1374 2399 1428 super
2453 1375 2651 1412 omnes
2696 1358 2846 1428 ﬁlias
2885 1359 3062 1412 lilium
3116 1363 3219 1411 est.
3277 1359 3427 1413 Sicut
3471 1358 3668 1410 lilium.
3712 1358 3802 1410 Tu
3835 1373 3922 1410 re-

2227 1447 2421 1517 quiem
2441 1447 2649 1518 quaeris
2662 1453 2718 1500 et
2735 1447 3125 1501 laudeslectuli
3145 1463 3158 1500 :
3186 1445 3284 1500 sed
3307 1446 3444 1499 scito
3469 1446 3604 1516 quia
3626 1446 3923 1500 candidior

2227 1534 2665 1590 tribulationum
2702 1536 2915 1588 aculeis
2963 1534 3248 1599 elficieris,
3279 1538 3334 1586 et
3375 1536 3554 1602 major
3585 1542 3670 1586 est
3709 1534 3926 1586 fructus

2228 1623 2650 1693 praedicationis
2681 1639 2853 1694 quam
2887 1623 3114 1693 quietis.
3157 1623 3243 1677 Sic
3291 1625 3472 1677 amica
3522 1638 3660 1676 mea.
3708 1624 3924 1687 (Cane)

2231 1713 2295 1765 In
2331 1713 2571 1765 Ecclesia
2601 1728 2704 1765 nec
2732 1712 2864 1764 mali
2898 1712 3020 1764 siue
3077 1711 3260 1776 bouis,
3302 1727 3406 1764 nec
3443 1710 3579 1764 boni
3618 1713 3742 1764 sine
3769 1711 3928 1763 malis

2230 1817 2351 1854 esse
2398 1805 2679 1872 possunt:
2742 1801 2928 1854 bonus
2978 1817 3090 1884 non
3141 1800 3268 1865 fuit,
3305 1799 3404 1870 qui
3454 1801 3634 1852 malos
3677 1801 3922 1852 tolerare

2227 1905 2345 1944 non
2377 1891 2586 1959 potuit.
2635 1889 3013 1942 Adversarum
3045 1889 3328 1942 haeresum
3378 1887 3750 1958 dogmatibus
3809 1889 3930 1957 ejus

2227 1977 2529 2048 integritas
2562 1985 2836 2049 tanquam
2861 1977 3038 2049 spinis
3069 1977 3366 2047 pungitur,
3418 1983 3481 2030 ut
3518 1983 3719 2030 contra
3743 1978 3927 2030 hostes

2227 2082 2360 2120 suos
2419 2066 2662 2137 vigilans
2703 2073 3050 2131 exerceatur,
3094 2066 3273 2120 donec
3321 2064 3602 2130 eminens,
3653 2071 3925 2135 tanquam

2225 2154 2434 2220 lilium,
2465 2155 2525 2208 in
2573 2155 2756 2226 capite
2797 2156 2991 2225 sponsi
3022 2154 3132 2222 sui,
3164 2154 3409 2207 candore
3449 2153 3574 2222 ipso
3605 2153 3922 2207 decoretur.

2298 2245 2458 2298 Vnus.
2509 2245 2559 2298 3.
2603 2273 2674 2285 —
2717 2245 2868 2300 Sicut
2917 2245 3114 2309 malus,
3174 2249 3280 2297 etc.
3335 2242 3558 2312 Sponsa
3595 2242 3834 2296 laudata
3873 2247 3925 2294 et

2226 2333 2489 2402 exemplo
2520 2331 2712 2402 sponsi
2755 2331 2824 2385 ad
2873 2332 3209 2402 patiendum
3263 2330 3580 2393 admonita,
3637 2332 3928 2402 reciproca

2227 2420 2394 2475 laude
2441 2436 2718 2490 sponsum
2774 2421 3004 2484 attollit,
3038 2420 3193 2491 quod
3237 2427 3391 2473 inter
3436 2419 3722 2473 bonorum
3756 2436 3929 2490 opera

2228 2506 2641 2580 [singulariter]
2673 2507 2936 2562 similiter
2978 2515 3206 2562 sanctus
3253 2508 3520 2571 emineat,
3555 2512 3610 2561 et
3640 2524 3701 2562 se
3725 2525 3932 2579 passu-

2225 2614 2347 2651 ram
2377 2599 2664 2668 promittit
2709 2598 2862 2666 quod
2911 2600 3149 2668 patitur,
3194 2613 3261 2650 eo
3318 2595 3684 2667 praesidente,
3721 2598 3939 2668 quiest

2225 2687 2587 2757 refrigerium
2648 2691 2705 2742 et
2757 2686 3012 2741 refectio.
3060 2687 3209 2742 Sicut
3244 2687 3439 2740 maius.
3495 2685 3944 2755 Unguentorum

2224 2776 2384 2835 odor,
2417 2777 2678 2846 quamvis
2737 2775 2984 2830 suaviter
3031 2776 3270 2842 redolet,
3334 2790 3452 2828 non
3510 2779 3597 2827 est
3627 2781 3832 2830 tamen
3868 2780 3943 2832 ad

2223 2864 2510 2919 edendum
2538 2881 2726 2917 suave.
2752 2864 2959 2918 Malum
3001 2868 3191 2918 autem
3225 2862 3428 2934 optimi
3454 2863 3674 2931 saporis
3705 2871 3764 2918 et
3793 2866 3951 2920 odo-

423 2963 582 3016 spem
613 2948 849 3013 fructus,
881 2948 939 3003 id
991 2954 1078 3002 est
1127 2949 1408 3018 majorum
1449 2965 1716 3019 operum.
1747 2950 2008 3014 Quietam
2057 2952 2116 3005 in
2148 2948 2188 3003 C
2230 2952 2306 3005 ris
2354 2953 2464 3006 tale
2512 2957 2619 3017 est,
2659 2958 2722 3006 ut
2759 2953 2957 3021 fauces
3007 2952 3235 3006 dulcore
3275 2951 3537 3014 delectet,
3578 2958 3634 3004 et
3661 2954 3942 3023 spiritum

421 3048 630 3102 sponso
672 3035 847 3088 vitam
906 3051 1074 3105 agere
1128 3038 1324 3090 volens
1375 3037 1573 3107 quales
1620 3037 1826 3092 domus
1869 3037 2005 3102 sint,
2058 3040 2116 3092 in

421 3122 628 3191 quibus
658 3139 788 3176 eum
819 3124 1104 3194 suscipere
1147 3125 1282 3178 velit
1326 3125 1600 3179 insinuat.
1667 3127 1781 3180 Pax
1835 3127 2112 3192 Ecclesia,

419 3210 724 3263 virtutibus
749 3211 916 3265 ﬂoret
940 3217 998 3266 et
1039 3213 1318 3282 spirituali
1345 3214 1505 3282 prole
1538 3213 1969 3283 multiplicatur.

494 3298 662 3352 Vens.
719 3303 801 3353 l6.
849 3328 912 3338 —
964 3302 1136 3370 Tigna
1177 3300 1454 3354 domorum
1505 3306 1814 3356 nostrarum
1869 3303 2107 3359 cedrina.

421 3385 631 3438 Domus
681 3386 854 3439 variae
898 3403 1001 3457 per
1055 3388 1334 3442 mundum
1379 3389 1447 3442 de
1495 3389 1761 3459 gentibus
1811 3391 2107 3460 Ecclesiae;

420 3473 615 3540 Tigna,
658 3488 787 3543 quae
809 3474 878 3528 ad
911 3473 1292 3530 munitionem
1333 3476 1537 3530 domus
1563 3478 1745 3530 solent
1787 3477 1932 3544 ﬁeri,
1962 3497 2112 3550 pra:-

411 3559 712 3627 dicatores,
746 3578 993 3633 quorum
1027 3564 1200 3617 verbo
1224 3569 1282 3618 et
1309 3566 1570 3636 exemplo
1601 3570 1881 3620 structura
1915 3567 2106 3623 Eccle-

414 3646 532 3714 siae,
565 3664 637 3702 ne
669 3655 916 3719 corruat,
968 3651 1320 3708 continetur.
1374 3654 1708 3722 Laquearia,
1749 3670 1878 3724 quae
1917 3657 1984 3710 ad
2017 3656 2107 3710 de-

413 3750 603 3790 corem
684 3737 890 3792 domus
963 3740 1149 3794 solent
1218 3739 1364 3808 fieri,
1452 3742 1832 3812 simpliciores
1903 3743 2105 3799 famuli

409 3824 635 3892 Christi,
668 3828 766 3897 qui
797 3828 970 3897 tignis
1001 3829 1294 3884 adhaerent
1325 3835 1380 3884 et
1412 3836 1822 3899 sustentantur,
1863 3833 1964 3903 qui
1992 3850 2105 3888 non

407 3912 684 3980 doctrina,
713 3915 812 3969 sed
844 3915 1149 3971 virtutibus
1191 3924 1418 3972 ornant.
1469 3920 1814 3989 Cypressina.
1864 3921 2102 3990 Cypres-

405 4017 502 4054 sus
527 4003 717 4056 Graece
758 4003 983 4070 dicitur,
1034 4005 1186 4075 quod
1217 4011 1388 4075 caput
1432 4007 1556 4076 ejus
1599 4023 1632 4060 a
1672 4007 2013 4062 rotunditate
2043 4010 2102 4062 in

405 4105 645 4144 acumen
669 4090 909 4160 erigitur
940 4093 1130 4145 :unde
1149 4098 1206 4146 et
1235 4101 1394 4154 κῶνος
1427 4094 1635 4147 turben
1668 4094 1893 4162 dicitur,
1929 4096 1984 4150 id
2017 4102 2102 4150 est

2227 3042 2473 3095 mulceat
2503 3041 2791 3095 odoratus.
2859 3041 2968 3097 Sub
2995 3042 3206 3094 umbra.
3255 3040 3388 3094 Ideo
3437 3038 3710 3094 dilectum
3738 3045 3944 3097 omni-

2227 3125 2331 3178 bus
2360 3142 2644 3198 propono,
2678 3129 2814 3198 quia
2845 3128 2905 3182 in
2954 3131 3076 3183 sola
3102 3129 3332 3200 pietatis
3362 3130 3487 3197 ejus
3543 3133 3944 3200 protectione,

2223 3215 2386 3284 cujus
2417 3216 2698 3271 desiderio
2741 3217 3035 3284 ardebam,
3074 3218 3439 3288 refrigerium
3470 3213 3940 3290 ztribulationum

2224 3320 2313 3358 me
2371 3305 2655 3361 invenisse
2705 3308 3014 3379 conspicio,
3072 3313 3130 3362 et
3187 3312 3590 3365 suavissimum
3633 3312 3940 3366 donorum

2223 3395 2345 3464 ejus
2375 3393 2622 3450 fructum
2671 3396 2877 3465 sentio,
2927 3413 3041 3468 quo
3092 3413 3183 3450 me
3222 3406 3500 3470 perpetuo
3549 3400 3939 3454 reficiendam

2218 3482 2463 3536 conﬁdo.
2511 3483 2941 3538 Desideraverat
3010 3491 3201 3540 autem
3269 3489 3368 3541 sub
3411 3490 3624 3550 umbra,
3668 3491 3941 3543 auctoris

2217 3570 2502 3639 respirare
2533 3588 2662 3626 cum
2695 3589 2754 3626 se
2794 3574 2913 3626 sole
2967 3576 3432 3643 persecutionum
3465 3577 3749 3630 fuscatum
3781 3594 3937 3649 que-

2217 3660 2470 3726 rebatur,
2495 3676 2623 3714 cum
2667 3661 2766 3715 Dei
2791 3662 3067 3715 auxilium
3116 3663 3432 3733 implorans
3461 3667 3745 3720 clamabat
3783 3684 3800 3720 :
3842 3670 3939 3722 In-

2215 3747 2340 3802 dica
2367 3749 2504 3802 mihi
2533 3765 2688 3816 quem
2717 3749 2905 3817 diligit
2933 3753 3119 3805 anima
3146 3768 3264 3806 mea
3296 3769 3308 3807 :
3333 3754 3430 3807 ubi
3462 3769 3682 3824 pascas,
3708 3755 3820 3808 ubi
3852 3773 3943 3810 cu.

2215 3836 2300 3889 bes
2331 3838 2388 3888 in
2420 3838 2682 3902 meridie;
2733 3853 2863 3891 cum
2901 3855 3015 3892 non
3073 3841 3256 3894 solum
3313 3858 3711 3912 pressurarum
3738 3847 3942 3899 taedio

2211 3923 2468 3994 fatigata,
2491 3926 2583 3978 sed
2633 3925 3023 3980 recordatione
3081 3929 3523 3998 pulchritudinis
3581 3936 3639 3984 et
3689 3931 3942 3987 decoris

2211 4013 2332 4080 ejus
2378 4014 2564 4066 illecta
2593 4013 2863 4068 dicebat:
2906 4017 3158 4070 Lectulus
3213 4021 3392 4072 nosier
3437 4019 3702 4087 ﬂoridus;
3748 4023 3942 4090 cujus

2210 4101 2476 4155 desiderii
2507 4118 2564 4154 se
2606 4109 2933 4172 compotem
2981 4105 3186 4159 factam
3221 4108 3490 4173 ostendit,
3523 4108 3763 4163 dicens:
3810 4113 3937 4167 Sub

406 4179 521 4233 alta
547 4179 887 4247 rotunditas,
937 4179 1070 4235 hinc
1118 4186 1176 4235 et
1219 4182 1437 4236 fructus
1478 4198 1608 4237 cum
1631 4199 1808 4237 conus
1848 4184 2055 4239 dicitur
2083 4201 2096 4239 :
2126 4232 2170 4286 Β
2210 4191 2423 4244 umbra.
2450 4191 2514 4243 Et
2542 4191 2858 4245 notandum
2907 4194 3062 4263 quod
3095 4196 3358 4264 superius
3399 4200 3554 4266 tigna
3600 4201 3848 4254 cedrino
3883 4206 3936 4253 et

402 4266 577 4330 unde,
601 4267 868 4333 Cani/erae
907 4269 1167 4336 cypressi.

1110 4356 1333 4410 CAPUT
1365 4357 1435 4411 II.

471 4442 632 4496 Vsus.
666 4446 713 4498 l.
750 4473 814 4483 —
846 4444 987 4510 Ego.
1029 4446 1146 4511 llos.
1178 4443 1320 4508 Quia
1351 4445 1647 4514 praesentis
1677 4446 1950 4517 temporis
1980 4453 2094 4502 sta-

398 4533 458 4582 tu
491 4531 654 4585 labor
685 4533 866 4602 magis
903 4548 1078 4602 quam
1127 4533 1353 4603 requies
1403 4535 1668 4588 convenit
1698 4551 1710 4589 :
1742 4541 1890 4590 recte
1921 4553 2092 4607 spon-

397 4632 518 4670 sam
545 4617 661 4673 otio
692 4619 1026 4674 delectatam
1074 4620 1139 4674 ad
1181 4620 1440 4674 laborum
1489 4621 1756 4676 exercitia
1800 4628 2088 4694 provocat.

395 4705 568 4770 Quasi
605 4707 863 4762 diceret:
915 4710 993 4762 'l‘u
1063 4709 1298 4779 quidem
1363 4710 1558 4764 volent
1603 4711 2091 4781 pulchritudinem

395 4801 555 4850 tuam
602 4796 743 4850 mihi
811 4797 1326 4851 commendabilem
1397 4798 1651 4866 reddere,
1703 4799 2000 4854 delectaris
2029 4801 2088 4855 in

393 4884 587 4954 quiete
633 4885 862 4938 secretis
908 4885 1112 4939 ﬂorere
1188 4884 1525 4940 virtutibus:
1579 4885 1677 4940 sed
1739 4886 1880 4941 scias
1932 4890 2087 4959 quod

390 4988 496 5043 ego
518 4972 752 5027 alterius
765 4973 920 5027 modi
940 4972 1432 5043 pulchritudinem
1461 4973 1762 5044 requiroin
1791 4976 2084 5044 praesenti,

388 5062 524 5132 quia
555 5078 681 5115 sum
719 5061 824 5116 ﬂos
871 5061 1168 5127 virtutum,
1203 5078 1236 5115 a
1265 5077 1380 5132 quo
1431 5061 1620 5116 omnis
1655 5062 1875 5117 fructus
1895 5065 2083 5134 campi

383 5151 705 5220 egreditur;
737 5150 873 5221 quia
915 5150 1154 5204 odorem
1188 5166 1381 5205 meum
1435 5143 1536 5204 toti
1592 5152 1806 5206 mundo
1850 5151 2077 5207 innote-

381 5255 535 5292 scere
557 5239 746 5310 cupio,
782 5239 934 5310 quod
969 5255 1086 5292 non
1116 5244 1305 5309 potest
1333 5239 1582 5310 impleri,
1613 5240 1723 5294 nisi
1753 5241 2080 5298 intermissa

379 5325 591 5394 quiete,
648 5343 763 5397 qua
808 5327 1128 5393 delectaris,
1189 5327 1258 5382 ad
1329 5327 1584 5383 ofticium
1651 5329 2076 5400 praedicationis

373 5413 707 5484 accingaris.
746 5416 802 5468 Et
852 5417 1030 5470 lilium
1081 5416 1409 5470 convallium
1460 5417 1641 5487 magis
1685 5433 1860 5489 quam
1910 5434 2075 5474 mon-

373 5502 540 5568 tium,
574 5501 710 5571 quia
738 5501 1053 5557 claritatem
1107 5519 1250 5557 mea;
1309 5504 1704 5571 humanitatis,
1758 5509 1844 5561 vel
1878 5507 2069 5578 splen-

2209 4279 2495 4346 laquearia
2538 4284 2852 4347 cypressina
2907 4281 3276 4350 praedicabat,
3301 4301 3417 4338 non
3465 4293 3663 4340 tamen
3699 4288 3929 4343 horum

2207 4362 2317 4416 sibi
2369 4365 2777 4433 protectionem
2827 4367 3084 4421 sufﬁcere
3147 4371 3532 4437 memorabit;
3571 4373 3674 4427 sed
3727 4376 3930 4428 solam

2203 4451 2333 4505 vitae
2361 4452 2645 4519 arborem,
2695 4454 2756 4507 in
2793 4454 2956 4524 cujus
3000 4457 3204 4511 umbra
3257 4459 3595 4530 quiesceret,
3628 4467 3691 4515 et
3721 4463 3936 4517 fructu

2202 4538 2529 4593 reficeretur
2549 4542 2857 4610 quaerebat,
2882 4544 3019 4614 quia
3059 4547 3239 4600 sancti
3283 4549 3577 4618 exemplis,
3613 4550 3928 4619 doctrina,

2201 4631 2257 4680 et
2287 4627 2714 4695 intercessione,
2783 4630 3054 4701 suffragia
3095 4633 3323 4689 ferunt:
3373 4637 3478 4690 soli
3522 4642 3726 4691 tamen
3778 4639 3932 4694 Sal-

2197 4715 2376 4769 vatori
2415 4716 2602 4770 dicere
2644 4717 2942 4787 habemus,
2983 4723 3112 4776 Filii
3141 4731 3322 4779 autem
3371 4725 3648 4780 hominum
3699 4730 3759 4782 in
3785 4745 3932 4796 pro-

2198 4805 2420 4857 iectione
2467 4807 2682 4859 alarum
2739 4813 2955 4862 tuarum
2988 4811 3286 4878 sperabunt
3317 4813 3479 4882 (Psal.
3521 4816 3714 4882 xxxv).
3776 4817 3933 4872 δεάὶ

2194 4898 2244 4946 et
2270 4895 2505 4960 fructus,
2533 4899 2638 4949 etc.
2675 4896 2798 4950 Non
2827 4897 2967 4951 dicit
2996 4899 3181 4963 sedeo,
3234 4901 3334 4955 sed
3379 4903 3510 4955 sedi.
3557 4903 3927 4974 Hujusmodi

2192 4981 2484 5049 profectus
2512 4987 2646 5037 sunt
2679 4984 3075 5052 Ecclesiarum,
3123 4993 3186 5041 ut
3231 4988 3288 5041 in
3327 4990 3560 5044 exordio
3609 4992 3932 5050 desideret

2193 5069 2480 5139 quispiam
2509 5071 2569 5124 in
2617 5071 2890 5126 virtutum
2925 5075 3129 5129 umbra
3173 5078 3481 5132 consedere
3537 5085 3605 5134 ut
3636 5082 3712 5135 ad
3765 5100 3920 5137 eum

2190 5157 2379 5210 veniat
2416 5174 2620 5228 corpus
2675 5161 2817 5228 ejus,
2852 5177 2915 5214 ex
2945 5178 3060 5232 quo
3092 5164 3295 5218 umbra
3324 5167 3576 5220 nascitur
3617 5186 3630 5223 :
3667 5170 3800 5224 ideo
3853 5179 3922 5226 et

2188 5245 2452 5299 nativitas
2473 5247 2606 5300 Jesu
2637 5248 2706 5302 ab
2739 5249 2942 5303 umbra
2967 5251 3157 5321 coepit,
3191 5258 3243 5307 et
3284 5256 3344 5307 in
3375 5254 3615 5310 veritate
3663 5259 3916 5315 ﬁnitur.

2187 5332 2344 5387 Sicut
2395 5335 2654 5390 dicitur:
2711 5339 2959 5406 Spiritus
3010 5347 3230 5396 sanctus
3303 5347 3647 5412 superveniet
3705 5352 3764 5402 in
3827 5356 3908 5404 te.

2182 5423 2360 5476 virtus
2382 5425 2663 5478 Altissimi
2691 5427 3042 5484 obumbrabit
3087 5431 3192 5484 tibi
3237 5431 3390 5498 (Luc.
3443 5435 3502 5498 ι).
3546 5432 3640 5490 Sic
3691 5446 3916 5508 postea

2183 5510 2252 5564 ad
2290 5511 2528 5566 meliora
2554 5515 2615 5566 lit
2642 5514 2936 5570 transitus.
