4074 6186
255 203 385 256 H37

244 413 387 468 dum
421 418 479 467 et
507 413 882 483 corporaliter
896 413 1158 484 percipit.

270 571 279 577 .
319 520 481 573 Vens.
540 520 591 573 4.
647 551 712 560 —-
753 520 1071 574 Introduxit
1117 535 1217 574 me.
1274 521 1399 574 Hmc
1443 520 1672 576 refectio
1723 526 1959 593 quanta:

242 608 586 670 dulcedinis,
622 613 853 678 quantas
885 608 960 662 sit
999 609 1244 674 virtutis,
1277 610 1616 677 ostenditur,
1656 626 1784 664 cum
1817 611 1949 664 sub-

242 696 348 760 dit,
410 696 727 750 Introduxit
756 713 855 750 me.
913 698 974 751 id
1024 702 1128 764 est,
1162 713 1262 767 spe
1310 697 1517 751 futuras
1558 698 1759 767 glorias
1807 700 1950 752 adeo

244 784 579 851 laetiﬁcat-it,
630 791 691 837 ut
712 785 832 855 jam
856 785 1049 839 saeculi
1080 801 1196 839 non
1226 786 1466 839 sentiam
1505 786 1743 840 labores.
1768 787 1948 840 Intro-

243 873 427 927 duxit.
483 873 709 942 (Anam)
767 874 945 936 Quam
978 873 1089 927 cito
1121 879 1320 943 guttur
1350 890 1541 927 meum
1588 874 1948 929 dulcedinem

242 962 444 1031 gratias
501 961 624 1032 ejus
653 960 860 1031 attigit,
898 961 976 1014 ita
1022 976 1111 1015 me
1172 965 1485 1015 recreatam
1533 962 1736 1031 spiritu
1771 968 1826 1016 et
1877 964 1948 1017 ab

240 1066 437 1103 amore
465 1054 847 1113 terrenorum,
890 1048 950 1101 in
1003 1065 1253 1117 superna
1281 1051 1611 1103 translatam
1647 1050 1852 1117 sentio,
1886 1068 1950 1104 ac

241 1138 291 1191 si
350 1137 412 1191 in
475 1138 673 1191 cellam
733 1137 1009 1190 vinariam
1052 1136 1397 1206 introducta,
1449 1138 1579 1192 novi
1636 1139 1744 1192 sim
1804 1138 1948 1193 meri

239 1227 415 1279 odore
464 1231 519 1279 et
572 1227 777 1296 poculo
836 1225 1065 1279 refecta.
1125 1224 1332 1295 Typice
1390 1242 1494 1296 per
1531 1229 1718 1280 vinum
1764 1232 1948 1298 gratia

240 1314 488 1383 Spiritus
524 1314 701 1367 sancti
758 1319 1020 1378 notatur;
1073 1314 1228 1368 Cella
1275 1314 1489 1367 vinaria
1537 1319 1621 1367 est
1674 1315 1937 1382 Ecclesia,

240 1402 302 1456 in
324 1403 486 1472 cujus
512 1401 730 1455 unitate
758 1406 979 1455 tantum
1008 1401 1129 1456 dari
1179 1402 1324 1455 solet
1374 1408 1431 1455 et
1464 1402 1641 1473 accipi
1702 1404 1947 1473 Spiritus

240 1496 500 1558 sanctus;
560 1506 734 1561 quam
792 1489 1095 1544 Ecclesiam
1156 1490 1225 1544 de
1284 1494 1402 1543 toto
1450 1491 1585 1544 orbe
1626 1491 1941 1555 collectam.

1160 201 1417 258 GLOSSA
1452 204 1853 260 ORDINABIA.
1893 234 1961 244 --
2001 203 2351 261 CANTICUM
2394 207 2859 289 CANTICORUM.

325 325 523 380 Dulcis.
560 322 705 389 Quia
755 322 814 376 in
866 338 933 377 eo
985 323 1258 395 intelligit
1313 325 1503 380 anima
1541 343 1767 381 causam
1798 327 1949 389 vitae,
1978 332 2025 384 A
2063 345 2170 383 nos
2227 329 2585 399 gloriﬁcabit.
2613 331 2781 396 Quasi

3625 214 3763 267 H38

2826 349 2839 387 :
2887 333 3253 404 Temporalia
3306 334 3406 389 Dei
3458 334 3763 391 beneﬁcias

2059 419 2195 487 (quo
2262 434 2295 471 a
2341 417 2541 472 mundi
2608 418 3019 487 cupiditatibus
3076 428 3131 475 et
3163 438 3268 492 per
3330 423 3759 479 turbationibus

2059 505 2480 576 aliquantulum
2534 508 2824 577 quiescere
2855 510 3083 579 queam)
3112 498 3384 580 adjuvant
3412 511 3471 565 in
3496 513 3604 566 hoc
3635 514 3755 566 loco
3844 556 3847 561 ι

2058 594 2561 663 peregrinationis,
2620 601 2677 649 et
2740 602 3090 651 aeternorum
3146 599 3453 666 promissio
3509 601 3756 672 amplius

2058 682 2314 736 delectat.

2129 772 2291 824 Vens.
2324 776 2470 825 ’7.-
2524 772 2761 840 Adjuro.
2814 773 3107 826 Primitiva
3148 775 3393 828 Ecclesia
3442 776 3511 829 ad
3552 782 3752 846 gentes

2056 874 2347 923 conversa,
2409 864 2465 912 et
2517 859 2679 929 quasi
2734 860 2790 912 in
2827 877 3070 929 persona
3101 877 3301 915 eorum
3345 862 3640 933 hucusque
3669 866 3751 918 lo-

2057 954 2204 1010 cuta,
2238 964 2364 1001 cum
2425 964 2490 1000 ex
2520 963 2713 1002 amore
2762 948 3021 1001 interiori
3048 948 3305 1018 corporis
3330 948 3608 1002 defectum
3628 951 3750 1019 jam

2055 1035 2306 1107 patiatur
2354 1041 2548 1088 monet
2634 1052 2876 1104 sponsus
2934 1037 3217 1088 novellam
3294 1037 3616 1100 Ecclesiam,
3678 1054 3750 1091 ne

2056 1124 2339 1195 peccando
2386 1123 2667 1194 inquietat
2697 1139 2844 1176 eam.
2901 1123 3082 1187 Quam
3119 1124 3375 1177 amabilis
3403 1125 3475 1177 sit
3500 1126 3613 1178 Deo
3639 1126 3746 1179 hu-

2049 1213 2145 1283 jus
2178 1211 2438 1266 Ecclesiaa
2470 1217 2525 1265 et
2548 1212 2848 1281 cujuslibet
2901 1213 3084 1265 ﬁdelis
3129 1214 3335 1266 animae
3366 1213 3648 1282 pausatio,
3681 1230 3746 1267 ex

2055 1300 2424 1371 responsione
2475 1300 2669 1371 sponsi
2727 1300 3064 1354 declaratur.
3112 1303 3211 1355 Per
3248 1317 3489 1370 capreas.
3525 1303 3585 1356 Id
3643 1308 3746 1366 est,

2056 1391 2101 1444 si
2160 1389 2344 1443 velitis
2403 1405 2521 1442 esse
2581 1389 2991 1459 comparabiles
3038 1392 3270 1457 capreis,
3334 1390 3420 1442 vel
3469 1393 3638 1444 cervis
3687 1393 3745 1444 in

2055 1479 2331 1532 virtutum
2354 1477 2656 1530 altitudine
2670 1482 2726 1530 et
2753 1477 3190 1547 pretiosioribus
3214 1478 3374 1544 cibis,
3407 1484 3463 1532 et
3492 1479 3550 1532 in
3582 1480 3742 1549 agni-

243 1580 395 1633 Deus
422 1579 480 1632 in
510 1595 683 1632 unam
742 1578 850 1632 sibi
881 1578 1117 1632 domum
1147 1578 1463 1644 fabricavit,
1496 1596 1668 1649 quam
1698 1580 1941 1650 Spiritus
1976 1611 2015 1664 Β
2053 1568 2230 1631 ῐίοηε.
2265 1583 2393 1638 quae
2450 1567 2665 1664 ωθάςιδ
2724 1567 2796 1619 Sit
2853 1582 3105 1635 congrua
3148 1566 3351 1664 νςδίτίε
3389 1568 3743 1634 νιιΙηυτίδιιε,

240 1672 471 1720 sanctus
515 1666 632 1719 suis
657 1666 1092 1720 charismatibus
1132 1666 1499 1721 consecravit.
1537 1668 1672 1731 Quae
1704 1670 1934 1734 fabrica,

241 1754 379 1825 quia
410 1755 467 1807 in
498 1754 1070 1808 charitatismaximm
1103 1755 1475 1809 fundamento
1515 1756 1636 1827 ipso
1667 1765 1940 1827 operante

240 1842 520 1909 consistit,
553 1848 704 1896 recte
734 1843 1025 1898 subditur:
1069 1844 1359 1899 Ordinavit
1388 1847 1447 1899 in
1469 1861 1550 1899 me
1576 1847 1936 1900 Charitatem.

239 1933 548 1986 Multorum
581 1932 826 1985 charitas
882 1932 1213 1987 inordinata
1266 1938 1370 1999 est,
1425 1934 1578 2003 quod
1625 1933 1685 1987 in
1749 1936 1938 2004 primo

239 2024 347 2086 est,
383 2025 608 2090 ponunt
662 2020 919 2083 tertium,
952 2021 1037 2075 vel
1083 2026 1371 2092 quartum.
1411 2022 1624 2089 Primo,
1675 2025 1820 2077 Deus
1854 2024 1939 2077 di-

239 2109 509 2179 ligendus
564 2112 677 2174 est;
736 2109 1006 2174 secundo,
1077 2117 1383 2180 parentes;
1447 2111 1579 2164 inde
1636 2111 1761 2176 ﬁlii,
1812 2116 1943 2181 post

240 2196 557 2262 domestici,
592 2196 691 2267 qui
730 2197 922 2264 etiam,
954 2197 1001 2250 si
1053 2197 1184 2252 boni
1226 2205 1381 2263 sunt,
1434 2200 1596 2252 malis
1629 2199 1763 2253 ﬁliis
1795 2217 1941 2270 prae-

240 2285 495 2356 ponendi
524 2290 673 2338 sunt.
724 2285 1048 2339 Secundum
1087 2286 1191 2339 hoc
1220 2287 1281 2339 in
1313 2288 1610 2352 Evangelio
1635 2288 1701 2341 ad
1750 2290 1939 2357 cujus-

240 2388 468 2443 cunque
488 2372 870 2439 dilectionem,
896 2372 1192 2443 proprium
1217 2374 1398 2444 ponit.
1416 2375 1628 2442 Diliges
1658 2377 1940 2429 Dominum

245 2463 418 2515 Deum
462 2467 613 2516 tuum
669 2476 736 2514 ea:
767 2466 874 2515 toto
904 2463 1060 2515 corde
1087 2467 1196 2528 tuo,
1255 2467 1306 2516 et
1351 2479 1422 2516 ea:
1454 2469 1564 2517 tota
1608 2469 1781 2518 mente
1822 2473 1935 2527 tua,

239 2555 290 2603 et
332 2552 651 2619 proximum
683 2554 833 2603 tuum
860 2552 1002 2604 sicut
1032 2552 1261 2618 teipsum
1294 2553 1483 2617 (Marc.
1519 2552 1633 2623 xu).
1672 2553 1939 2606 InimiCos

241 2653 354 2690 non
388 2652 455 2690 ex
513 2642 629 2689 tota
682 2637 913 2705 virtute,
943 2644 1071 2690 non'
1094 2637 1236 2691 sicut
1268 2638 1536 2708 teipsum,
1592 2639 1687 2693 sed
1718 2640 1938 2709 simpli-

240 2725 417 2779 citer:
454 2724 666 2778 sufﬁcit
706 2724 861 2778 enim
922 2725 1074 2795 quod
1104 2725 1417 2795 diligimus,
1449 2733 1505 2780 et
1535 2743 1647 2781 non
1682 2728 1812 2782 odio
1844 2728 1939 2782 ha-

242 2815 462 2870 bemus.
510 2814 627 2881 Vel,
680 2813 799 2884 ipse
828 2813 988 2884 prior
1033 2813 1233 2868 dilexit
1289 2832 1402 2881 me,
1447 2820 1504 2870 et
1533 2816 1843 2887 diligendo,
1879 2822 1939 2870 ut

2054 1657 2101 1711 si
2130 1656 2366 1710 vulnera
2409 1654 2649 1709 habetis.
2684 1655 2911 1723 Capreas
2945 1660 3000 1708 et
3053 1654 3222 1720 cervi,
3277 1656 3488 1709 munda
3528 1656 3746 1709 anima-

2051 1746 2147 1815 lia,
2181 1760 2531 1799 venenorum
2562 1744 2811 1809 inimica,
2855 1743 3229 1809 ruminantia,
3271 1761 3444 1814 opera
3474 1744 3744 1813 spiritua-

2050 1834 2193 1888 lium
2267 1832 2541 1886 virtutum
2610 1831 2881 1901 ﬁgurant,
2942 1837 3143 1886 contra
3214 1833 3483 1885 virulenti
3565 1833 3745 1885 hostis

2048 1922 2303 1977 insidias.
2339 1919 2500 1975 Cervi
2550 1925 2808 1990 tempore
2862 1920 3073 1973 amoris
3097 1920 3452 1974 discedentes
3484 1937 3516 1973 a
3540 1920 3741 1990 patria,

2050 2006 2218 2060 aliter
2239 2006 2503 2061 clunibus
2536 2008 2771 2062 alterius
2792 2008 2977 2079 capite
3008 2008 3279 2078 imposito
3314 2024 3373 2061 se
3404 2013 3744 2072 sustentant,

2049 2095 2358 2149 ordinatim
2412 2096 2760 2165 incedentes,
2794 2096 3011 2167 primus
3064 2097 3196 2165 fert,
3253 2097 3491 2151 ultimus
3522 2102 3747 2150 tantum

2047 2183 2249 2252 fertur,
2281 2184 2468 2253 primo
2525 2185 2781 2255 fatigato,
2812 2185 3049 2238 ultimus
3081 2186 3343 2249 succedit,
3389 2185 3624 2238 canibus
3658 2184 3744 2237 in-

2049 2273 2419 2342 sequentibus
2467 2289 2570 2343 per
2637 2273 2870 2326 dumeta
2921 2273 3192 2325 cornibus
3240 2273 3411 2327 dorso
3460 2272 3749 2342 impositis

2047 2360 2211 2414 illaesi
2237 2361 2501 2416 evadunt.
2560 2360 2950 2431 Caligantibus
2980 2361 3156 2415 oculis
3195 2366 3518 2431 serpentem
3548 2377 3747 2414 come-

2049 2449 2209 2514 dunt,
2245 2455 2301 2502 et
2333 2451 2535 2503 hausto
2568 2451 2721 2503 fonte
2742 2449 2924 2503 visum
2960 2456 3318 2519 recuperant,
3352 2455 3409 2502 et
3444 2450 3745 2518 deponunt

2050 2538 2357 2607 superﬂua.
2405 2538 2493 2592 Sic
2528 2538 2705 2591 sancti
2743 2554 2939 2591 amore
2974 2538 3072 2591 Dei
3105 2538 3440 2591 renuntiant
3468 2536 3741 2591 terrenis:

2049 2627 2192 2679 alter
2212 2627 2445 2680 alterius
2477 2642 2652 2680 onera
2704 2630 3062 2696 supportant,
3099 2626 3289 2679 minus
3335 2625 3488 2678 enim
3520 2623 3745 2678 onerati

2048 2715 2293 2784 peccatis
2360 2716 2604 2768 allevant
2669 2721 2956 2781 oneratos,
3025 2714 3422 2779 condonando,
3499 2728 3605 2783 pro
3665 2712 3747 2765 eis

2048 2804 2301 2870 orando;
2348 2804 2525 2857 robur
2570 2804 2766 2857 datum
2820 2818 2923 2874 per
2951 2802 3226 2873 Spiritum
3277 2806 3534 2855 sanctum
3568 2798 3746 2859 menti

242 2918 375 2957 eum
408 2917 599 2955 amare
648 2917 898 2969 nossem,
953 2902 1205 2957 donavit.
1243 2903 1360 2970 νιιι,
1418 2904 1723 2970 ordinavit,
1748 2905 1803 2959 id
1834 2910 1917 2959 est

2085 2906 2165 2944 uae
2222 2894 2574 2961 supponunt,
2633 2890 2770 2943 dum
2818 2896 3097 2958 urgentur
3150 2890 3222 2943 ab
3276 2888 3490 2958 impiis,
3556 2892 3611 2940 et
3665 2887 3745 2941 sic

243 2992 507 3047 ordinata
572 2990 865 3057 charitate,
920 3007 1049 3045 mea
1100 2990 1327 3061 singula
1385 2994 1662 3060 membra,
1723 2994 1776 3048 id
1834 3000 1938 3057 est,

244 3082 455 3135 electos
485 3095 704 3144 omnes,
752 3078 858 3131 sibi
887 3079 1204 3149 copulavit;
1251 3081 1631 3135 eminentiora
1675 3081 1941 3152 ampliori

242 3167 453 3222 affectu
516 3166 929 3237 complectitur.
1004 3168 1293 3231 Quantum
1359 3169 1605 3222 charitas
1689 3174 1939 3223 mentem

242 3271 421 3327 quam
467 3254 712 3325 perfecte
772 3255 1132 3310 absorbuerit
1185 3256 1253 3310 ab
1322 3273 1518 3311 amore
1575 3257 1940 3313 inﬁrmorum

246 3344 511 3397 sustollat
534 3343 803 3407 ostendit,
837 3359 968 3396 cum
998 3342 1288 3397 subditur:

317 3467 481 3521 VERS.
545 3471 597 3521 5.
637 3495 710 3507 —
760 3467 981 3521 Fulcite.
1028 3467 1151 3520 Jam
1205 3466 1546 3535 supradictis
1595 3468 1937 3533 confortata,

244 3554 328 3608 ita
384 3554 446 3608 in
478 3569 732 3607 amorem
765 3554 865 3608 Dei
917 3554 1099 3620 ardet,
1132 3559 1197 3608 ut
1241 3571 1361 3625 prae
1393 3555 1575 3609 nimio
1629 3572 1827 3611 amore
1856 3559 1944 3611 vel

242 3642 435 3714 poenis
463 3641 632 3695 illatis
687 3642 933 3712 languor
980 3643 1165 3695 carnis
1194 3642 1509 3697 immineat.
1557 3644 1674 3706 Vel,
1729 3647 1940 3711 fulcite,

244 3730 305 3783 id
338 3736 441 3792 est,
483 3746 583 3783 vos
614 3730 729 3797 alii,
763 3730 847 3782 vel
882 3730 1271 3800 perfectiores,
1302 3732 1385 3784 vel
1432 3730 1767 3801 incipientes
1798 3734 1943 3786 bene

248 3818 564 3889 operando.
604 3818 726 3871 sitis
780 3818 922 3871 milii
950 3818 1249 3883 recreatio,
1297 3819 1437 3871 utin
1466 3819 1631 3872 bonis
1676 3820 1945 3889 operibus

246 3907 452 3961 vestris
497 3906 805 3977 quiescam,
839 3923 969 3977 qua:
1014 3907 1199 3961 adhuc
1229 3923 1340 3960 non
1389 3922 1618 3977 possum
1653 3907 1945 3977 quiescere

247 3995 689 4063 contemplando
720 3994 938 4048 vultum
972 3995 1089 4049 Dei.
1115 3995 1245 4048 Ideo
1273 3994 1486 4061 fulcite,
1521 4000 1582 4047 ut.
1610 4000 1665 4047 et
1694 4010 1945 4064 praesens

249 4088 308 4137 et
329 4084 585 4136 futurum
616 4082 929 4136 subsidium
951 4082 1229 4147 habeatis,
1272 4084 1418 4136 sicut
1443 4098 1549 4152 ego
1580 4082 1639 4135 in
1671 4083 1943 4152 languore

250 4188 383 4225 meo
411 4170 611 4224 habeo.
662 4170 885 4234 Quanto
918 4187 976 4223 se
1034 4171 1107 4224 ad
1153 4186 1408 4224 amorem
1442 4171 1633 4240 sponsi
1664 4171 1940 4235 accendit,
1975 4165 2017 4218 D

250 4265 413 4315 tanto
440 4259 509 4312 ab
561 4274 754 4313 amore
806 4259 1211 4330 temporalium
1240 4259 1584 4330 languescit:
1617 4260 1770 4314 unde
1819 4260 1950 4313 sub-

250 4349 365 4403 dit:
396 4349 667 4415 Langueo.
1688 4348 1704 4364 '

326 4471 489 4524 Vens.
523 4473 575 4524 6.
602 4500 670 4509 —
710 4472 869 4525 Laeva
897 4471 1033 4539 ejus.
1075 4470 1200 4524 Noli
1232 4468 1463 4523 aliunde
1494 4469 1666 4540 capiti
1694 4470 1951 4541 requiem

255 4574 542 4629 quaerere;
584 4557 631 4611 si
682 4558 835 4611 enim
867 4557 1069 4611 lzevam
1099 4558 1223 4628 eius
1271 4557 1560 4617 habueris,
1589 4558 1783 4612 omnia
1828 4558 1953 4625 tibi,

256 4662 387 4717 quae
420 4662 546 4699 mea
590 4651 722 4699 sunt
751 4646 1092 4699 tribuentur.
1146 4648 1305 4701 Lava
1332 4646 1449 4714 ejus
1475 4646 1577 4699 sub
1615 4649 1793 4715 capite
1819 4662 1949 4700 meo.

256 4734 399 4788 Cum
428 4734 598 4787 corda
631 4734 887 4788 ﬁdelium
919 4734 977 4786 in
1018 4734 1121 4787 hac
1167 4735 1302 4798 vita,
1338 4751 1438 4804 per
1466 4741 1952 4787 sacramentorum

254 4822 775 4892 participationem,
825 4837 928 4892 per
974 4821 1180 4892 pignus
1210 4821 1476 4892 Spiritus,
1506 4838 1609 4891 per
1636 4822 1953 4892 Scriptura-

254 4925 387 4965 rum
414 4910 613 4963 solatia
644 4910 1065 4963 confortantur:
1118 4926 1248 4980 qua:
1297 4914 1352 4963 et
1399 4910 1470 4963 ab
1500 4909 1818 4963 subsidium
1850 4926 1955 4979 pe-

254 4997 664 5068 regrinationis
723 4998 819 5052 dat
850 4998 1024 5052 Deus:
1079 4997 1304 5051 dextera
1333 4998 1758 5066 amplexabitur,
1826 5013 1955 5052 cum

258 5090 387 5156 post
415 5084 561 5138 hanc
609 5085 781 5139 vitam
829 5084 1079 5139 caelestia
1135 5085 1372 5154 pmmia
1405 5086 1768 5156 accipiemus.
1800 5087 1959 5140 Lava

257 5172 338 5242 (id
372 5177 475 5236 est,
502 5189 750 5243 praesens
783 5172 916 5238 vita,
970 5177 1027 5227 et
1077 5175 1418 5243 temporalia
1453 5174 1550 5228 Dei
1599 5174 1790 5244 dona),
1819 5174 1955 5228 dum

218 5324 229 5327 _
258 5276 364 5332 per
416 5277 574 5330 spem
636 5268 887 5316 mentem
921 5264 1172 5327 roborat,
1232 5269 1317 5317 est
1336 5264 1433 5318 sub
1469 5263 1648 5331 capite
1677 5263 1747 5315 ad
1765 5278 1959 5315 conso-

261 5349 533 5403 lationem
559 5350 721 5404 data:
780 5358 838 5405 et
866 5351 1114 5415 dextera,
1151 5350 1207 5405 id
1240 5357 1324 5405 est
1365 5357 1578 5405 aeterna
1618 5351 1727 5404 vita
1756 5353 1958 5420 ample-

258 5438 509 5504 xabitur,
542 5438 1022 5511 sicutprotegens,
1051 5439 1280 5510 quando
1310 5454 1412 5510 per
1437 5438 1958 5493 remunerationem

2050 2984 2349 3033 transeunt
2377 2978 2571 3045 illaesi;
2636 2978 2931 3031 diabolum
2974 2977 3304 3041 comedunt,
3340 2976 3397 3030 id
3438 2981 3542 3042 est,
3580 2974 3745 3029 anni-

2050 3068 2233 3121 bilant
2261 3066 2318 3119 in
2348 3082 2426 3127 se,
2460 3070 2516 3118 et
2568 3071 2761 3134 potato
2798 3064 2973 3130 fonte,
3028 3064 3082 3117 id
3136 3069 3241 3130 est,
3292 3064 3534 3128 Christo,
3558 3063 3742 3116 visum

2051 3155 2380 3209 interiorem
2441 3159 2797 3223 recuperant,
2851 3158 2907 3207 et
2958 3154 3166 3222 pellem
3213 3157 3452 3221 ponunt,
3507 3152 3564 3205 id
3636 3156 3743 3218 est,

2050 3243 2338 3298 immunes
2366 3243 2511 3297 ﬁunt
2558 3259 2589 3295 a
2620 3241 2881 3312 peccatis.
2949 3243 3027 3295 Ne
3083 3244 3371 3294 suscitatis.
3420 3238 3635 3309 (GREG.)
3686 3238 3744 3293 Si

2052 3332 2266 3386 subditi
2319 3331 2537 3401 aliquid
2594 3336 2850 3401 peccant,
2905 3333 3141 3400 propter
3198 3328 3354 3398 quod
3406 3328 3665 3381 doctores
3713 3343 3747 3380 a

2053 3421 2244 3492 quiete
2292 3436 2526 3490 surgere
2560 3423 2855 3490 cogantur,
2910 3434 3025 3470 non
3058 3421 3282 3469 tantum
3315 3431 3542 3486 poenam
3589 3414 3746 3468 illius

2052 3508 2267 3579 peccati
2298 3507 2615 3572 incurrunt,
2661 3505 2755 3558 sed
2815 3505 2989 3558 etiam
3019 3503 3340 3574 puniuntur
3370 3520 3474 3573 pro
3516 3503 3748 3573 inquie-

2050 3597 2263 3650 tatione
2314 3596 2631 3660 doctorum,
2686 3593 2820 3664 quia
2867 3594 2966 3663 qui
3008 3594 3269 3647 doctores
3301 3592 3626 3646 coelestibus
3654 3590 3748 3644 in-

2052 3690 2242 3738 tantos
2305 3683 2626 3753 inquietare
2699 3682 3016 3751 praesumit,
3087 3680 3259 3733 etiam
3317 3680 3552 3733 virtutes
3608 3695 3749 3750 quas

2054 3774 2262 3827 habere
2294 3787 2352 3824 se
2382 3770 2665 3835 credebat,
2708 3768 2915 3838 perdit.
2958 3768 3039 3822 Ad
3081 3769 3477 3838 juramentum
3532 3767 3747 3836 sponsi,

2055 3876 2263 3931 sponsa
2294 3859 2542 3912 libenter
2570 3857 2825 3925 suscipit,
2856 3861 2910 3908 et
2940 3855 3180 3909 audiens
3210 3855 3747 3910 determinationem

2054 3949 2220 4001 istam
2270 3945 2608 4016 appositam,
2668 3943 2882 3995 Scilicet
2907 3943 3089 3996 donec
3130 3943 3251 4009 ipsa
3280 3942 3435 4006 velit,
3492 3941 3749 3994 animad-

2055 4035 2226 4090 vertit
2253 4034 2359 4088 sibi
2411 4034 2651 4086 latenter
2691 4031 2947 4101 prazcipi,
3002 4035 3063 4082 ut
3101 4031 3223 4100 ipsa
3272 4034 3471 4099 sponte
3518 4045 3751 4095 surgere

2056 4124 2210 4185 velit,
2287 4120 2572 4191 promittit
2632 4135 2769 4188 ergo
2819 4135 2878 4172 se
2934 4124 3315 4171 surrecturam
3374 4123 3429 4171 et
3485 4116 3755 4186 proponit

2058 4212 2231 4267 talem
2263 4224 2556 4280 sponsum,
2589 4223 2693 4277 pro
2726 4222 2839 4276 quo
2882 4207 3032 4273 velit,
3065 4210 3121 4259 et
3148 4211 3373 4276 tempus
3412 4221 3751 4273 congruum.

2062 4303 2366 4370 Postquam
2408 4296 2561 4349 enim
2617 4294 2863 4364 apostoli
2893 4294 2952 4347 in
3012 4294 3307 4363 primitiva
3336 4294 3582 4346 Ecclesia
3613 4308 3753 4363 gen-

2061 4390 2206 4444 tium
2238 4385 2427 4457 positi,
2469 4383 2529 4437 in
2564 4387 2782 4436 tantam
2834 4383 3245 4452 perfectionem
3306 4398 3363 4434 se
3416 4386 3473 4434 et
3502 4381 3645 4433 alios
3674 4379 3756 4431 in-

2061 4478 2359 4542 duxerant,
2422 4478 2486 4527 ut
2534 4472 2655 4543 jam
2704 4469 3179 4540 contemplationi
3210 4474 3491 4534 vacarent,
3549 4468 3756 4521 iterum

2064 4563 2336 4633 intelligit
2396 4561 2504 4615 sibi
2570 4559 2896 4630 impositam
2945 4558 3335 4611 necessitatem
3404 4555 3758 4610 discurrendi

2060 4669 2165 4724 per
2210 4657 2392 4705 totum
2428 4649 2709 4704 mundum
2737 4653 2795 4702 et
2833 4646 3200 4700 construendi
3259 4661 3433 4699 novas
3466 4644 3753 4698 Ecclesias.

2132 4740 2296 4792 Vens.
2332 4740 2383 4791 8.
2433 4765 2501 4776 —
2555 4737 2674 4789 ’νοω
2704 4734 2886 4787 dilecti
2938 4735 3057 4787 mei.
3096 4734 3207 4786 Hac
3237 4737 3323 4785 est
3364 4747 3536 4802 quam
3567 4728 3759 4783 audivi

2062 4827 2422 4897 adjurantem
2492 4824 2637 4877 ﬁlias
2706 4821 3020 4876 Jerusalem
3079 4836 3149 4873 ne
3225 4836 3316 4873 me
3385 4821 3757 4873 suscitarent:

2064 4914 2285 4985 gaudeo
2307 4912 2746 4965 consolatoriam
2797 4910 2919 4979 ejus
2947 4924 3139 4962 vocem
3170 4908 3429 4973 audiens,
3475 4923 3604 4961 cum
3639 4907 3763 4975 ejus

2065 4999 2267 5053 faciem
2298 4999 2554 5052 nondum
2609 4997 2807 5062 video;
2861 5002 3052 5049 tamen
3106 4998 3401 5049 sublevato
3449 4996 3519 5049 ad
3555 4994 3762 5048 coelum

2066 5088 2280 5152 animo,
2315 5087 2565 5156 aliquam
2595 5084 2931 5138 suavitatem
2972 5084 3181 5137 futura
3214 5083 3582 5136 beatitudinis
3614 5098 3762 5151 pra:-

2068 5182 2259 5247 gusto,
2317 5174 2489 5228 etiam
2540 5174 2600 5226 in
2648 5172 2755 5226 hoc
2788 5172 3077 5242 praesenti.
3123 5173 3334 5227 Satims
3382 5174 3441 5224 in
3470 5172 3759 5225 montibus.

2068 5264 2209 5318 Salit
2243 5264 2300 5315 in
2348 5261 2659 5326 montibus,
2709 5265 2766 5314 et
2805 5260 2968 5330 quasi
3008 5260 3183 5331 pedes
3234 5259 3415 5329 ponit,
3452 5275 3566 5328 quo
3599 5259 3765 5327 signo

2070 5353 2149 5407 ibi
2177 5352 2351 5406 fuisse
2403 5349 2779 5420 dignoscitur,
2821 5348 2957 5420 quia
3011 5365 3145 5404 eum
3205 5363 3306 5418 per
3352 5348 3677 5418 passionem
3711 5351 3766 5400 et

2073 5440 2205 5495 vita:
2230 5439 2722 5494 conversationem
2772 5437 3052 5526 imitatur.
3112 5437 3331 5491 Saltum
3362 5436 3496 5491 fecit
3523 5436 3593 5491 de
3622 5436 3764 5491 ccelo
