  <div class='ocr_page' id='page_1' title='image "/cluster/home/n/w/nwhite01/storage/ocr_20150623/113/hvd.32044054759782/576.png"; bbox 0 0 4074 6186; ppageno 0'>
   <div class='ocr_carea' id='block_1_1' title="bbox 250 280 377 335">
    <p class='ocr_par' dir='ltr' id='par_1_1' title="bbox 250 280 377 335">
     <span class='ocr_line' id='line_1_1' title="bbox 250 280 377 335; baseline 0.008 -1"><span class='ocrx_word' id='word_1_1' title='bbox 250 280 377 335; x_wconf 69' lang='grc'><strong>1141</strong></span> 
     </span>
    </p>
   </div>
   <div class='ocr_carea' id='block_1_2' title="bbox 1148 273 2839 332">
    <p class='ocr_par' dir='ltr' id='par_1_2' title="bbox 1148 273 2839 332">
     <span class='ocr_line' id='line_1_2' title="bbox 1148 273 2839 332; baseline -0.001 -2"><span class='ocrx_word' id='word_1_2' title='bbox 1148 275 1401 331; x_wconf 77' lang='lat' dir='ltr'>GLOSSA</span> <span class='ocrx_word' id='word_1_3' title='bbox 1440 273 1838 329; x_wconf 74' lang='grc' dir='ltr'><strong>01101ΝΑ111Α.</strong></span> <span class='ocrx_word' id='word_1_4' title='bbox 1885 302 1946 313; x_wconf 90' lang='grc'><strong>-</strong></span> <span class='ocrx_word' id='word_1_5' title='bbox 1986 275 2334 332; x_wconf 74' lang='lat' dir='ltr'>CANTICUM</span> <span class='ocrx_word' id='word_1_6' title='bbox 2376 275 2839 331; x_wconf 76' lang='lat' dir='ltr'>CANTICORUM.</span> 
     </span>
    </p>
   </div>
   <div class='ocr_carea' id='block_1_3' title="bbox 3616 278 3743 331">
    <p class='ocr_par' dir='ltr' id='par_1_3' title="bbox 3616 278 3743 331">
     <span class='ocr_line' id='line_1_3' title="bbox 3616 278 3743 331; baseline 0.008 -1"><span class='ocrx_word' id='word_1_7' title='bbox 3616 278 3743 331; x_wconf 66' lang='grc'><strong>1142</strong></span> 
     </span>
    </p>
   </div>
   <div class='ocr_carea' id='block_1_4' title="bbox 242 396 3741 471">
    <p class='ocr_par' dir='ltr' id='par_1_4' title="bbox 242 396 3741 471">
     <span class='ocr_line' id='line_1_4' title="bbox 242 396 3741 471; baseline 0 -15"><span class='ocrx_word' id='word_1_8' title='bbox 242 402 517 456; x_wconf 89' lang='lat' dir='ltr'>arborum</span> <span class='ocrx_word' id='word_1_9' title='bbox 551 402 868 465; x_wconf 80' lang='lat' dir='ltr'>morantur,</span> <span class='ocrx_word' id='word_1_10' title='bbox 900 402 959 452; x_wconf 90' lang='lat' dir='ltr'>et</span> <span class='ocrx_word' id='word_1_11' title='bbox 986 396 1479 451; x_wconf 78' lang='lat' dir='ltr'>conversationem</span> <span class='ocrx_word' id='word_1_12' title='bbox 1501 396 1730 467; x_wconf 86' lang='lat' dir='ltr'>fugiunt</span> <span class='ocrx_word' id='word_1_13' title='bbox 1756 397 1941 451; x_wconf 85' lang='lat' dir='ltr'>homi-</span> <span class='ocrx_word' id='word_1_14' title='bbox 1970 399 2013 453; x_wconf 82' lang='grc' dir='ltr'><strong>Α</strong></span> <span class='ocrx_word' id='word_1_15' title='bbox 2053 416 2179 454; x_wconf 85' lang='lat' dir='ltr'>mox</span> <span class='ocrx_word' id='word_1_16' title='bbox 2200 399 2380 453; x_wconf 88' lang='lat' dir='ltr'>amica</span> <span class='ocrx_word' id='word_1_17' title='bbox 2408 397 2724 454; x_wconf 88' lang='lat' dir='ltr'>columbini</span> <span class='ocrx_word' id='word_1_18' title='bbox 2781 400 2966 453; x_wconf 83' lang='lat' dir='ltr'>cordis</span> <span class='ocrx_word' id='word_1_19' title='bbox 3000 400 3365 471; x_wconf 70' lang='lat' dir='ltr'>simplicitate</span> <span class='ocrx_word' id='word_1_20' title='bbox 3415 402 3741 471; x_wconf 78' lang='lat' dir='ltr'>respondet,</span> 
     </span>
    </p>
   </div>
   <div class='ocr_carea' id='block_1_5' title="bbox 240 485 1935 558">
    <p class='ocr_par' dir='ltr' id='par_1_5' title="bbox 240 485 1935 558">
     <span class='ocr_line' id='line_1_5' title="bbox 240 485 1935 558; baseline -0.005 -13"><span class='ocrx_word' id='word_1_21' title='bbox 240 507 404 558; x_wconf 90' lang='lat' dir='ltr'>num,</span> <span class='ocrx_word' id='word_1_22' title='bbox 439 491 577 544; x_wconf 91' lang='lat' dir='ltr'>dum</span> <span class='ocrx_word' id='word_1_23' title='bbox 612 490 670 541; x_wconf 89' lang='lat' dir='ltr'>in</span> <span class='ocrx_word' id='word_1_24' title='bbox 694 488 908 542; x_wconf 91' lang='lat' dir='ltr'>mundo</span> <span class='ocrx_word' id='word_1_25' title='bbox 955 502 1191 556; x_wconf 87' lang='lat' dir='ltr'>corpore</span> <span class='ocrx_word' id='word_1_26' title='bbox 1223 486 1416 557; x_wconf 80' lang='lat' dir='ltr'>positi,</span> <span class='ocrx_word' id='word_1_27' title='bbox 1447 485 1935 539; x_wconf 75' lang='lat' dir='ltr'>conversationem</span> 
     </span>
    </p>
   </div>
   <div class='ocr_carea' id='block_1_6' title="bbox 240 574 1936 647">
    <p class='ocr_par' dir='ltr' id='par_1_6' title="bbox 240 574 1936 647">
     <span class='ocr_line' id='line_1_6' title="bbox 240 574 1936 647; baseline -0.004 -14"><span class='ocrx_word' id='word_1_28' title='bbox 240 580 459 634; x_wconf 82' lang='lat' dir='ltr'><strong>habent</strong></span> <span class='ocrx_word' id='word_1_29' title='bbox 482 578 540 632; x_wconf 89' lang='lat' dir='ltr'>in</span> <span class='ocrx_word' id='word_1_30' title='bbox 574 578 750 644; x_wconf 67' lang='lat' dir='ltr'>caelis,</span> <span class='ocrx_word' id='word_1_31' title='bbox 780 577 1059 631; x_wconf 86' lang='lat' dir='ltr'>incolatus</span> <span class='ocrx_word' id='word_1_32' title='bbox 1079 578 1165 629; x_wconf 86' lang='lat' dir='ltr'>sui</span> <span class='ocrx_word' id='word_1_33' title='bbox 1189 581 1245 629; x_wconf 89' lang='lat' dir='ltr'>et</span> <span class='ocrx_word' id='word_1_34' title='bbox 1270 575 1472 647; x_wconf 74' lang='lat' dir='ltr'>patriae</span> <span class='ocrx_word' id='word_1_35' title='bbox 1500 574 1611 629; x_wconf 84' lang='lat' dir='ltr'>sibi</span> <span class='ocrx_word' id='word_1_36' title='bbox 1639 575 1936 647; x_wconf 71' lang='lat' dir='ltr'>promissae</span> 
     </span>
    </p>
   </div>
   <div class='ocr_carea' id='block_1_7' title="bbox 245 683 552 722">
    <p class='ocr_par' dir='ltr' id='par_1_7' title="bbox 245 683 552 722">
     <span class='ocr_line' id='line_1_7' title="bbox 245 683 552 722; baseline -0.01 0"><span class='ocrx_word' id='word_1_37' title='bbox 245 683 552 722; x_wconf 89' lang='lat' dir='ltr'>memores.</span> 
     </span>
    </p>
   </div>
   <div class='ocr_carea' id='block_1_8' title="bbox 318 751 1937 822">
    <p class='ocr_par' dir='ltr' id='par_1_8' title="bbox 318 751 1937 822">
     <span class='ocr_line' id='line_1_8' title="bbox 318 751 1937 822; baseline -0.001 -15"><span class='ocrx_word' id='word_1_38' title='bbox 318 757 482 809; x_wconf 77' lang='lat' dir='ltr'>Vens.</span> <span class='ocrx_word' id='word_1_39' title='bbox 520 757 604 809; x_wconf 88' lang='grc'><strong>13.</strong></span> <span class='ocrx_word' id='word_1_40' title='bbox 636 782 706 796; x_wconf 92' lang='grc'><strong><em>-</em></strong></span> <span class='ocrx_word' id='word_1_41' title='bbox 762 755 941 809; x_wconf 79' lang='lat' dir='ltr'>Ficus.</span> <span class='ocrx_word' id='word_1_42' title='bbox 994 754 1229 808; x_wconf 89' lang='lat' dir='ltr'>Grossos</span> <span class='ocrx_word' id='word_1_43' title='bbox 1284 756 1449 806; x_wconf 89' lang='lat' dir='ltr'>vocat</span> <span class='ocrx_word' id='word_1_44' title='bbox 1500 751 1821 822; x_wconf 89' lang='lat' dir='ltr'>primitivas</span> <span class='ocrx_word' id='word_1_45' title='bbox 1880 756 1937 805; x_wconf 90' lang='lat' dir='ltr'>et</span> 
     </span>
    </p>
   </div>
   <div class='ocr_carea' id='block_1_9' title="bbox 238 840 1935 913">
    <p class='ocr_par' dir='ltr' id='par_1_9' title="bbox 238 840 1935 913">
     <span class='ocr_line' id='line_1_9' title="bbox 238 840 1935 913; baseline -0.003 -15"><span class='ocrx_word' id='word_1_46' title='bbox 238 843 578 898; x_wconf 87' lang='lat' dir='ltr'>immaturas</span> <span class='ocrx_word' id='word_1_47' title='bbox 603 843 765 906; x_wconf 87' lang='lat' dir='ltr'>ﬁcus,</span> <span class='ocrx_word' id='word_1_48' title='bbox 824 859 953 913; x_wconf 67' lang='lat' dir='ltr'>quae</span> <span class='ocrx_word' id='word_1_49' title='bbox 1007 858 1121 895; x_wconf 92' lang='lat' dir='ltr'>non</span> <span class='ocrx_word' id='word_1_50' title='bbox 1172 845 1307 894; x_wconf 90' lang='lat' dir='ltr'>sunt</span> <span class='ocrx_word' id='word_1_51' title='bbox 1360 840 1575 895; x_wconf 86' lang='lat' dir='ltr'>habiles</span> <span class='ocrx_word' id='word_1_52' title='bbox 1620 841 1761 907; x_wconf 86' lang='lat' dir='ltr'>esui,</span> <span class='ocrx_word' id='word_1_53' title='bbox 1805 856 1935 910; x_wconf 63' lang='lat' dir='ltr'>quas</span> 
     </span>
    </p>
   </div>
   <div class='ocr_carea' id='block_1_10' title="bbox 238 929 1932 997">
    <p class='ocr_par' dir='ltr' id='par_1_10' title="bbox 238 929 1932 997">
     <span class='ocr_line' id='line_1_10' title="bbox 238 929 1932 997; baseline -0.004 -10"><span class='ocrx_word' id='word_1_54' title='bbox 238 932 410 987; x_wconf 87' lang='lat' dir='ltr'>etiam</span> <span class='ocrx_word' id='word_1_55' title='bbox 463 932 511 985; x_wconf 89' lang='lat' dir='ltr'>si</span> <span class='ocrx_word' id='word_1_56' title='bbox 559 948 845 987; x_wconf 67' lang='lat' dir='ltr'>concussae</span> <span class='ocrx_word' id='word_1_57' title='bbox 866 930 1101 997; x_wconf 85' lang='lat' dir='ltr'>fuerint,</span> <span class='ocrx_word' id='word_1_58' title='bbox 1151 929 1262 983; x_wconf 92' lang='lat' dir='ltr'>leui</span> <span class='ocrx_word' id='word_1_59' title='bbox 1298 934 1444 983; x_wconf 89' lang='lat' dir='ltr'>tactu</span> <span class='ocrx_word' id='word_1_60' title='bbox 1477 929 1742 983; x_wconf 88' lang='lat' dir='ltr'>cadunt:</span> <span class='ocrx_word' id='word_1_61' title='bbox 1795 944 1932 997; x_wconf 87' lang='lat' dir='ltr'>ergo</span> 
     </span>
    </p>
   </div>
   <div class='ocr_carea' id='block_1_11' title="bbox 238 1018 1930 1089">
    <p class='ocr_par' dir='ltr' id='par_1_11' title="bbox 238 1018 1930 1089">
     <span class='ocr_line' id='line_1_11' title="bbox 238 1018 1930 1089; baseline -0.004 -14"><span class='ocrx_word' id='word_1_62' title='bbox 238 1028 479 1075; x_wconf 79' lang='lat' dir='ltr'><strong>sonante</strong></span> <span class='ocrx_word' id='word_1_63' title='bbox 535 1026 776 1085; x_wconf 90' lang='lat' dir='ltr'>turture,</span> <span class='ocrx_word' id='word_1_64' title='bbox 858 1020 911 1073; x_wconf 91' lang='lat' dir='ltr'>id</span> <span class='ocrx_word' id='word_1_65' title='bbox 966 1024 1067 1083; x_wconf 88' lang='lat' dir='ltr'>est,</span> <span class='ocrx_word' id='word_1_66' title='bbox 1126 1018 1571 1089; x_wconf 68' lang='lat' dir='ltr'>praedicantibus</span> <span class='ocrx_word' id='word_1_67' title='bbox 1636 1018 1930 1087; x_wconf 83' lang='lat' dir='ltr'>apostolis,</span> 
     </span>
    </p>
   </div>
   <div class='ocr_carea' id='block_1_12' title="bbox 236 1105 1932 1178">
    <p class='ocr_par' dir='ltr' id='par_1_12' title="bbox 236 1105 1932 1178">
     <span class='ocr_line' id='line_1_12' title="bbox 236 1105 1932 1178; baseline -0.004 -15"><span class='ocrx_word' id='word_1_68' title='bbox 236 1111 541 1178; x_wconf 81' lang='lat' dir='ltr'>Synagoga</span> <span class='ocrx_word' id='word_1_69' title='bbox 574 1107 806 1178; x_wconf 78' lang='lat' dir='ltr'>protulit</span> <span class='ocrx_word' id='word_1_70' title='bbox 836 1124 1080 1177; x_wconf 85' lang='lat' dir='ltr'>grossos,</span> <span class='ocrx_word' id='word_1_71' title='bbox 1106 1107 1160 1160; x_wconf 88' lang='lat' dir='ltr'>id</span> <span class='ocrx_word' id='word_1_72' title='bbox 1194 1112 1297 1170; x_wconf 89' lang='lat' dir='ltr'>est,</span> <span class='ocrx_word' id='word_1_73' title='bbox 1334 1105 1703 1159; x_wconf 76' lang='lat' dir='ltr'>immaturam</span> <span class='ocrx_word' id='word_1_74' title='bbox 1738 1106 1932 1175; x_wconf 75' lang='lat' dir='ltr'>legalis</span> 
     </span>
    </p>
   </div>
   <div class='ocr_carea' id='block_1_13' title="bbox 235 1194 1931 1266">
    <p class='ocr_par' dir='ltr' id='par_1_13' title="bbox 235 1194 1931 1266">
     <span class='ocr_line' id='line_1_13' title="bbox 235 1194 1931 1266; baseline -0.004 -14"><span class='ocrx_word' id='word_1_75' title='bbox 235 1198 614 1252; x_wconf 74' lang='lat' dir='ltr'>observantiae</span> <span class='ocrx_word' id='word_1_76' title='bbox 636 1196 1078 1266; x_wconf 84' lang='lat' dir='ltr'>intelligentiam</span> <span class='ocrx_word' id='word_1_77' title='bbox 1108 1195 1333 1264; x_wconf 84' lang='lat' dir='ltr'>abjecit.</span> <span class='ocrx_word' id='word_1_78' title='bbox 1363 1194 1452 1248; x_wconf 89' lang='lat' dir='ltr'>Vel</span> <span class='ocrx_word' id='word_1_79' title='bbox 1488 1194 1565 1248; x_wconf 88' lang='lat' dir='ltr'>ita</span> <span class='ocrx_word' id='word_1_80' title='bbox 1591 1213 1607 1248; x_wconf 91' lang='lat'><strong><em>:</em></strong></span> <span class='ocrx_word' id='word_1_81' title='bbox 1631 1194 1931 1263; x_wconf 83' lang='lat' dir='ltr'>Synagoga</span> 
     </span>
    </p>
   </div>
   <div class='ocr_carea' id='block_1_14' title="bbox 234 1282 1930 1356">
    <p class='ocr_par' dir='ltr' id='par_1_14' title="bbox 234 1282 1930 1356">
     <span class='ocr_line' id='line_1_14' title="bbox 234 1282 1930 1356; baseline -0.003 -17"><span class='ocrx_word' id='word_1_82' title='bbox 234 1286 557 1356; x_wconf 80' lang='lat' dir='ltr'>procreavit</span> <span class='ocrx_word' id='word_1_83' title='bbox 584 1285 893 1353; x_wconf 90' lang='lat' dir='ltr'>apostolos,</span> <span class='ocrx_word' id='word_1_84' title='bbox 929 1284 1025 1353; x_wconf 86' lang='lat' dir='ltr'>qui</span> <span class='ocrx_word' id='word_1_85' title='bbox 1050 1283 1275 1337; x_wconf 83' lang='lat' dir='ltr'>dulcem</span> <span class='ocrx_word' id='word_1_86' title='bbox 1307 1283 1498 1336; x_wconf 83' lang='lat' dir='ltr'>cibum</span> <span class='ocrx_word' id='word_1_87' title='bbox 1548 1283 1663 1336; x_wconf 85' lang='lat' dir='ltr'>suis</span> <span class='ocrx_word' id='word_1_88' title='bbox 1685 1282 1930 1335; x_wconf 86' lang='lat' dir='ltr'>creden-</span> 
     </span>
    </p>
   </div>
   <div class='ocr_carea' id='block_1_15' title="bbox 234 1371 1931 1443">
    <p class='ocr_par' dir='ltr' id='par_1_15' title="bbox 234 1371 1931 1443">
     <span class='ocr_line' id='line_1_15' title="bbox 234 1371 1931 1443; baseline -0.002 -14"><span class='ocrx_word' id='word_1_89' title='bbox 234 1375 389 1429; x_wconf 86' lang='lat' dir='ltr'>tibus</span> <span class='ocrx_word' id='word_1_90' title='bbox 444 1374 854 1428; x_wconf 87' lang='lat' dir='ltr'>ministrarent.</span> <span class='ocrx_word' id='word_1_91' title='bbox 923 1374 985 1426; x_wconf 87' lang='lat' dir='ltr'>Et</span> <span class='ocrx_word' id='word_1_92' title='bbox 1054 1372 1185 1443; x_wconf 82' lang='lat' dir='ltr'>quia</span> <span class='ocrx_word' id='word_1_93' title='bbox 1245 1371 1570 1441; x_wconf 84' lang='lat' dir='ltr'>proferente</span> <span class='ocrx_word' id='word_1_94' title='bbox 1630 1371 1931 1442; x_wconf 86' lang='lat' dir='ltr'>Synagoga</span> 
     </span>
    </p>
   </div>
   <div class='ocr_carea' id='block_1_16' title="bbox 232 1460 1929 1535">
    <p class='ocr_par' dir='ltr' id='par_1_16' title="bbox 232 1460 1929 1535">
     <span class='ocr_line' id='line_1_16' title="bbox 232 1460 1929 1535; baseline -0.002 -18"><span class='ocrx_word' id='word_1_95' title='bbox 232 1463 541 1535; x_wconf 81' lang='lat' dir='ltr'>apostolos,</span> <span class='ocrx_word' id='word_1_96' title='bbox 571 1462 740 1515; x_wconf 88' lang='lat' dir='ltr'>totius</span> <span class='ocrx_word' id='word_1_97' title='bbox 768 1461 921 1516; x_wconf 89' lang='lat' dir='ltr'>orbis</span> <span class='ocrx_word' id='word_1_98' title='bbox 955 1460 1095 1515; x_wconf 89' lang='lat' dir='ltr'>ﬁdes</span> <span class='ocrx_word' id='word_1_99' title='bbox 1117 1461 1381 1530; x_wconf 90' lang='lat' dir='ltr'>salusque</span> <span class='ocrx_word' id='word_1_100' title='bbox 1410 1465 1602 1513; x_wconf 89' lang='lat' dir='ltr'>secuta</span> <span class='ocrx_word' id='word_1_101' title='bbox 1644 1464 1744 1527; x_wconf 90' lang='lat' dir='ltr'>est,</span> <span class='ocrx_word' id='word_1_102' title='bbox 1779 1466 1929 1513; x_wconf 87' lang='lat' dir='ltr'>recte</span> 
     </span>
    </p>
   </div>
   <div class='ocr_carea' id='block_1_17' title="bbox 228 1547 1926 1619">
    <p class='ocr_par' dir='ltr' id='par_1_17' title="bbox 228 1547 1926 1619">
     <span class='ocr_line' id='line_1_17' title="bbox 228 1547 1926 1619; baseline -0.003 -14"><span class='ocrx_word' id='word_1_103' title='bbox 228 1552 512 1607; x_wconf 88' lang='lat' dir='ltr'>subditur.</span> <span class='ocrx_word' id='word_1_104' title='bbox 556 1553 730 1605; x_wconf 72' lang='lat' dir='ltr'>Vineae</span> <span class='ocrx_word' id='word_1_105' title='bbox 752 1554 1014 1619; x_wconf 83' lang='lat' dir='ltr'>ﬂorentes.</span> <span class='ocrx_word' id='word_1_106' title='bbox 1048 1551 1154 1603; x_wconf 89' lang='lat' dir='ltr'>Per</span> <span class='ocrx_word' id='word_1_107' title='bbox 1184 1549 1532 1603; x_wconf 88' lang='lat' dir='ltr'>ﬁoritiouem</span> <span class='ocrx_word' id='word_1_108' title='bbox 1586 1547 1729 1601; x_wconf 90' lang='lat' dir='ltr'>intia</span> <span class='ocrx_word' id='word_1_109' title='bbox 1775 1548 1926 1601; x_wconf 89' lang='lat' dir='ltr'>mul-</span> 
     </span>
    </p>
   </div>
   <div class='ocr_carea' id='block_1_18' title="bbox 226 1636 2010 1729">
    <p class='ocr_par' dir='ltr' id='par_1_18' title="bbox 226 1636 2010 1729">
     <span class='ocr_line' id='line_1_18' title="bbox 226 1636 2010 1729; baseline -0.002 -35"><span class='ocrx_word' id='word_1_110' title='bbox 226 1640 514 1708; x_wconf 88' lang='lat' dir='ltr'>tiplicium</span> <span class='ocrx_word' id='word_1_111' title='bbox 547 1639 944 1701; x_wconf 90' lang='lat' dir='ltr'>Ecclesiarum,</span> <span class='ocrx_word' id='word_1_112' title='bbox 989 1638 1058 1691; x_wconf 89' lang='lat' dir='ltr'>de</span> <span class='ocrx_word' id='word_1_113' title='bbox 1089 1655 1155 1691; x_wconf 90' lang='lat' dir='ltr'>ea</span> <span class='ocrx_word' id='word_1_114' title='bbox 1186 1654 1315 1707; x_wconf 71' lang='lat' dir='ltr'>quae</span> <span class='ocrx_word' id='word_1_115' title='bbox 1342 1636 1713 1707; x_wconf 82' lang='lat' dir='ltr'>Jerosolymis</span> <span class='ocrx_word' id='word_1_116' title='bbox 1741 1636 1928 1705; x_wconf 88' lang='lat' dir='ltr'>primo</span> <span class='ocrx_word' id='word_1_117' title='bbox 1969 1674 2010 1729; x_wconf 77' lang='grc' dir='ltr'>Β</span> 
     </span>
    </p>
   </div>
   <div class='ocr_carea' id='block_1_19' title="bbox 228 1725 1931 1799">
    <p class='ocr_par' dir='ltr' id='par_1_19' title="bbox 228 1725 1931 1799">
     <span class='ocr_line' id='line_1_19' title="bbox 228 1725 1931 1799; baseline -0.002 -17"><span class='ocrx_word' id='word_1_118' title='bbox 228 1729 487 1799; x_wconf 88' lang='lat' dir='ltr'>plantata</span> <span class='ocrx_word' id='word_1_119' title='bbox 517 1734 622 1795; x_wconf 90' lang='lat' dir='ltr'>est,</span> <span class='ocrx_word' id='word_1_120' title='bbox 663 1728 733 1782; x_wconf 91' lang='lat' dir='ltr'>de</span> <span class='ocrx_word' id='word_1_121' title='bbox 762 1728 922 1797; x_wconf 90' lang='lat' dir='ltr'>cujus</span> <span class='ocrx_word' id='word_1_122' title='bbox 960 1728 1098 1781; x_wconf 87' lang='lat' dir='ltr'>ﬂore</span> <span class='ocrx_word' id='word_1_123' title='bbox 1138 1742 1335 1780; x_wconf 91' lang='lat' dir='ltr'>succus</span> <span class='ocrx_word' id='word_1_124' title='bbox 1382 1742 1679 1797; x_wconf 81' lang='lat' dir='ltr'>expressus</span> <span class='ocrx_word' id='word_1_125' title='bbox 1740 1725 1931 1796; x_wconf 91' lang='lat' dir='ltr'>poculi</span> 
     </span>
    </p>
   </div>
   <div class='ocr_carea' id='block_1_20' title="bbox 229 1815 1928 1888">
    <p class='ocr_par' dir='ltr' id='par_1_20' title="bbox 229 1815 1928 1888">
     <span class='ocr_line' id='line_1_20' title="bbox 229 1815 1928 1888; baseline -0.002 -17"><span class='ocrx_word' id='word_1_126' title='bbox 229 1833 410 1888; x_wconf 88' lang='lat' dir='ltr'>genus</span> <span class='ocrx_word' id='word_1_127' title='bbox 473 1817 721 1881; x_wconf 88' lang='lat' dir='ltr'>conﬁcit,</span> <span class='ocrx_word' id='word_1_128' title='bbox 776 1816 946 1870; x_wconf 88' lang='lat' dir='ltr'>saluti</span> <span class='ocrx_word' id='word_1_129' title='bbox 1004 1820 1059 1869; x_wconf 89' lang='lat' dir='ltr'>et</span> <span class='ocrx_word' id='word_1_130' title='bbox 1137 1815 1419 1886; x_wconf 86' lang='lat' dir='ltr'>voluptati</span> <span class='ocrx_word' id='word_1_131' title='bbox 1471 1815 1928 1882; x_wconf 87' lang='lat' dir='ltr'>accommodum,</span> 
     </span>
    </p>
   </div>
   <div class='ocr_carea' id='block_1_21' title="bbox 227 1904 1083 1978">
    <p class='ocr_par' dir='ltr' id='par_1_21' title="bbox 227 1904 1083 1978">
     <span class='ocr_line' id='line_1_21' title="bbox 227 1904 1083 1978; baseline -0.001 -19"><span class='ocrx_word' id='word_1_132' title='bbox 227 1906 382 1978; x_wconf 87' lang='lat' dir='ltr'>quod</span> <span class='ocrx_word' id='word_1_133' title='bbox 412 1905 663 1959; x_wconf 66' lang='lat' dir='ltr'>laetiﬁcat</span> <span class='ocrx_word' id='word_1_134' title='bbox 683 1920 782 1958; x_wconf 93' lang='lat' dir='ltr'>cor</span> <span class='ocrx_word' id='word_1_135' title='bbox 813 1904 1083 1958; x_wconf 88' lang='lat' dir='ltr'>hominis.</span> 
     </span>
    </p>
   </div>
   <div class='ocr_carea' id='block_1_22' title="bbox 302 1983 1926 2059">
    <p class='ocr_par' dir='ltr' id='par_1_22' title="bbox 302 1983 1926 2059">
     <span class='ocr_line' id='line_1_22' title="bbox 302 1983 1926 2059; baseline -0.001 -15"><span class='ocrx_word' id='word_1_136' title='bbox 302 1994 460 2047; x_wconf 71' lang='lat' dir='ltr'>Vsus.</span> <span class='ocrx_word' id='word_1_137' title='bbox 516 1994 599 2048; x_wconf 74' lang='grc'>14.</span> <span class='ocrx_word' id='word_1_138' title='bbox 659 1995 722 2048; x_wconf 87' lang='lat' dir='ltr'>In</span> <span class='ocrx_word' id='word_1_139' title='bbox 766 1983 1153 2059; x_wconf 75' lang='lat' dir='ltr'>foraminibus.</span> <span class='ocrx_word' id='word_1_140' title='bbox 1215 1992 1279 2046; x_wconf 89' lang='lat' dir='ltr'>In</span> <span class='ocrx_word' id='word_1_141' title='bbox 1337 1988 1667 2045; x_wconf 84' lang='lat' dir='ltr'>vulneribus</span> <span class='ocrx_word' id='word_1_142' title='bbox 1718 1990 1926 2045; x_wconf 85' lang='lat' dir='ltr'>Christi</span> 
     </span>
    </p>
   </div>
   <div class='ocr_carea' id='block_1_23' title="bbox 227 2077 1926 2149">
    <p class='ocr_par' dir='ltr' id='par_1_23' title="bbox 227 2077 1926 2149">
     <span class='ocr_line' id='line_1_23' title="bbox 227 2077 1926 2149; baseline -0.003 -13"><span class='ocrx_word' id='word_1_143' title='bbox 227 2082 479 2137; x_wconf 85' lang='lat' dir='ltr'>Ecclesia</span> <span class='ocrx_word' id='word_1_144' title='bbox 515 2081 673 2135; x_wconf 89' lang='lat' dir='ltr'>sedet</span> <span class='ocrx_word' id='word_1_145' title='bbox 699 2087 755 2135; x_wconf 89' lang='lat' dir='ltr'>et</span> <span class='ocrx_word' id='word_1_146' title='bbox 802 2080 1057 2134; x_wconf 89' lang='lat' dir='ltr'>nidiﬁcat</span> <span class='ocrx_word' id='word_1_147' title='bbox 1084 2096 1097 2133; x_wconf 75' lang='grc' dir='ltr'>ε</span> <span class='ocrx_word' id='word_1_148' title='bbox 1132 2095 1263 2133; x_wconf 92' lang='lat' dir='ltr'>cum</span> <span class='ocrx_word' id='word_1_149' title='bbox 1295 2080 1353 2132; x_wconf 91' lang='lat' dir='ltr'>in</span> <span class='ocrx_word' id='word_1_150' title='bbox 1384 2078 1646 2149; x_wconf 86' lang='lat' dir='ltr'>passione</span> <span class='ocrx_word' id='word_1_151' title='bbox 1698 2077 1926 2131; x_wconf 91' lang='lat' dir='ltr'>Domini</span> 
     </span>
    </p>
   </div>
   <div class='ocr_carea' id='block_1_24' title="bbox 228 2166 1927 2241">
    <p class='ocr_par' dir='ltr' id='par_1_24' title="bbox 228 2166 1927 2241">
     <span class='ocr_line' id='line_1_24' title="bbox 228 2166 1927 2241; baseline -0.002 -17"><span class='ocrx_word' id='word_1_152' title='bbox 228 2186 389 2241; x_wconf 86' lang='lat' dir='ltr'>spem</span> <span class='ocrx_word' id='word_1_153' title='bbox 417 2186 536 2224; x_wconf 71' lang='lat' dir='ltr'>suae</span> <span class='ocrx_word' id='word_1_154' title='bbox 569 2170 765 2223; x_wconf 88' lang='lat' dir='ltr'>salutis</span> <span class='ocrx_word' id='word_1_155' title='bbox 792 2168 977 2239; x_wconf 88' lang='lat' dir='ltr'>ponit,</span> <span class='ocrx_word' id='word_1_156' title='bbox 1030 2172 1082 2221; x_wconf 90' lang='lat' dir='ltr'>et</span> <span class='ocrx_word' id='word_1_157' title='bbox 1112 2184 1212 2237; x_wconf 87' lang='lat' dir='ltr'>per</span> <span class='ocrx_word' id='word_1_158' title='bbox 1257 2168 1364 2221; x_wconf 93' lang='lat' dir='ltr'>hoc</span> <span class='ocrx_word' id='word_1_159' title='bbox 1389 2167 1457 2220; x_wconf 92' lang='lat' dir='ltr'>ab</span> <span class='ocrx_word' id='word_1_160' title='bbox 1519 2166 1745 2220; x_wconf 89' lang='lat' dir='ltr'>insidiis</span> <span class='ocrx_word' id='word_1_161' title='bbox 1789 2166 1927 2220; x_wconf 86' lang='lat' dir='ltr'>acci-</span> 
     </span>
    </p>
   </div>
   <div class='ocr_carea' id='block_1_25' title="bbox 224 2255 1925 2330">
    <p class='ocr_par' dir='ltr' id='par_1_25' title="bbox 224 2255 1925 2330">
     <span class='ocr_line' id='line_1_25' title="bbox 224 2255 1925 2330; baseline -0.002 -17"><span class='ocrx_word' id='word_1_162' title='bbox 224 2259 413 2330; x_wconf 88' lang='lat' dir='ltr'>pitris,</span> <span class='ocrx_word' id='word_1_163' title='bbox 463 2259 517 2313; x_wconf 93' lang='lat' dir='ltr'>id</span> <span class='ocrx_word' id='word_1_164' title='bbox 564 2263 667 2325; x_wconf 91' lang='lat' dir='ltr'>est,</span> <span class='ocrx_word' id='word_1_165' title='bbox 718 2257 930 2313; x_wconf 87' lang='lat' dir='ltr'>diaboli</span> <span class='ocrx_word' id='word_1_166' title='bbox 978 2273 1036 2310; x_wconf 89' lang='lat' dir='ltr'>se</span> <span class='ocrx_word' id='word_1_167' title='bbox 1098 2257 1393 2310; x_wconf 84' lang='lat' dir='ltr'>tutandam</span> <span class='ocrx_word' id='word_1_168' title='bbox 1451 2255 1704 2319; x_wconf 88' lang='lat' dir='ltr'>conﬁdit,</span> <span class='ocrx_word' id='word_1_169' title='bbox 1752 2260 1810 2309; x_wconf 91' lang='lat' dir='ltr'>et</span> <span class='ocrx_word' id='word_1_170' title='bbox 1864 2255 1925 2309; x_wconf 90' lang='lat' dir='ltr'>in</span> 
     </span>
    </p>
   </div>
   <div class='ocr_carea' id='block_1_26' title="bbox 227 2342 1921 2416">
    <p class='ocr_par' dir='ltr' id='par_1_26' title="bbox 227 2342 1921 2416">
     <span class='ocr_line' id='line_1_26' title="bbox 227 2342 1921 2416; baseline -0.003 -14"><span class='ocrx_word' id='word_1_171' title='bbox 227 2347 435 2402; x_wconf 87' lang='lat' dir='ltr'>eodem</span> <span class='ocrx_word' id='word_1_172' title='bbox 467 2345 606 2400; x_wconf 91' lang='lat' dir='ltr'>alios</span> <span class='ocrx_word' id='word_1_173' title='bbox 656 2345 859 2416; x_wconf 80' lang='lat' dir='ltr'>gignit.</span> <span class='ocrx_word' id='word_1_174' title='bbox 898 2348 961 2400; x_wconf 85' lang='lat' dir='ltr'>In</span> <span class='ocrx_word' id='word_1_175' title='bbox 1017 2345 1407 2411; x_wconf 80' lang='lat' dir='ltr'>foraminibus.</span> <span class='ocrx_word' id='word_1_176' title='bbox 1461 2345 1523 2397; x_wconf 86' lang='lat' dir='ltr'>In</span> <span class='ocrx_word' id='word_1_177' title='bbox 1578 2344 1709 2408; x_wconf 85' lang='lat' dir='ltr'>ﬁde,</span> <span class='ocrx_word' id='word_1_178' title='bbox 1742 2344 1827 2396; x_wconf 86' lang='lat' dir='ltr'>vel</span> <span class='ocrx_word' id='word_1_179' title='bbox 1863 2342 1921 2397; x_wconf 91' lang='lat' dir='ltr'>in</span> 
     </span>
    </p>
   </div>
   <div class='ocr_carea' id='block_1_27' title="bbox 223 2431 1917 2505">
    <p class='ocr_par' dir='ltr' id='par_1_27' title="bbox 223 2431 1917 2505">
     <span class='ocr_line' id='line_1_27' title="bbox 223 2431 1917 2505; baseline -0.002 -18"><span class='ocrx_word' id='word_1_180' title='bbox 223 2434 559 2505; x_wconf 87' lang='lat' dir='ltr'>capacitate,</span> <span class='ocrx_word' id='word_1_181' title='bbox 590 2433 650 2487; x_wconf 91' lang='lat' dir='ltr'>in</span> <span class='ocrx_word' id='word_1_182' title='bbox 681 2450 792 2504; x_wconf 89' lang='lat' dir='ltr'>qua</span> <span class='ocrx_word' id='word_1_183' title='bbox 828 2433 1022 2487; x_wconf 88' lang='lat' dir='ltr'>ﬁdeles</span> <span class='ocrx_word' id='word_1_184' title='bbox 1079 2434 1247 2487; x_wconf 87' lang='lat' dir='ltr'>locati</span> <span class='ocrx_word' id='word_1_185' title='bbox 1302 2433 1563 2486; x_wconf 82' lang='lat' dir='ltr'>hostibus</span> <span class='ocrx_word' id='word_1_186' title='bbox 1629 2437 1762 2485; x_wconf 91' lang='lat' dir='ltr'>sunt</span> <span class='ocrx_word' id='word_1_187' title='bbox 1790 2431 1917 2486; x_wconf 90' lang='lat' dir='ltr'>tuti.</span> 
     </span>
    </p>
   </div>
   <div class='ocr_carea' id='block_1_28' title="bbox 224 2519 1922 2590">
    <p class='ocr_par' dir='ltr' id='par_1_28' title="bbox 224 2519 1922 2590">
     <span class='ocr_line' id='line_1_28' title="bbox 224 2519 1922 2590; baseline -0.004 -12"><span class='ocrx_word' id='word_1_188' title='bbox 224 2525 487 2578; x_wconf 85' lang='lat' dir='ltr'>Maceries</span> <span class='ocrx_word' id='word_1_189' title='bbox 543 2526 626 2575; x_wconf 89' lang='lat' dir='ltr'>est</span> <span class='ocrx_word' id='word_1_190' title='bbox 670 2522 967 2590; x_wconf 85' lang='lat' dir='ltr'>congeries</span> <span class='ocrx_word' id='word_1_191' title='bbox 1017 2520 1296 2590; x_wconf 81' lang='lat' dir='ltr'>lapidum,</span> <span class='ocrx_word' id='word_1_192' title='bbox 1358 2521 1478 2573; x_wconf 91' lang='lat' dir='ltr'>sine</span> <span class='ocrx_word' id='word_1_193' title='bbox 1514 2522 1793 2573; x_wconf 63' lang='lat' dir='ltr'>cremento</span> <span class='ocrx_word' id='word_1_194' title='bbox 1860 2519 1922 2573; x_wconf 91' lang='lat' dir='ltr'>in</span> 
     </span>
    </p>
   </div>
   <div class='ocr_carea' id='block_1_29' title="bbox 221 2608 1921 2680">
    <p class='ocr_par' dir='ltr' id='par_1_29' title="bbox 221 2608 1921 2680">
     <span class='ocr_line' id='line_1_29' title="bbox 221 2608 1921 2680; baseline -0.003 -15"><span class='ocrx_word' id='word_1_195' title='bbox 221 2627 406 2665; x_wconf 90' lang='lat' dir='ltr'>unum</span> <span class='ocrx_word' id='word_1_196' title='bbox 460 2616 907 2680; x_wconf 86' lang='lat' dir='ltr'>compactorum,</span> <span class='ocrx_word' id='word_1_197' title='bbox 967 2610 1046 2663; x_wconf 91' lang='lat' dir='ltr'>sic</span> <span class='ocrx_word' id='word_1_198' title='bbox 1130 2609 1374 2679; x_wconf 87' lang='lat' dir='ltr'>apostoli</span> <span class='ocrx_word' id='word_1_199' title='bbox 1440 2609 1639 2663; x_wconf 90' lang='lat' dir='ltr'>eadem</span> <span class='ocrx_word' id='word_1_200' title='bbox 1700 2608 1811 2661; x_wconf 87' lang='lat' dir='ltr'>ﬁde</span> <span class='ocrx_word' id='word_1_201' title='bbox 1866 2610 1921 2661; x_wconf 87' lang='lat' dir='ltr'>et</span> 
     </span>
    </p>
   </div>
   <div class='ocr_carea' id='block_1_30' title="bbox 220 2696 1918 2754">
    <p class='ocr_par' dir='ltr' id='par_1_30' title="bbox 220 2696 1918 2754">
     <span class='ocr_line' id='line_1_30' title="bbox 220 2696 1918 2754; baseline -0.003 -1"><span class='ocrx_word' id='word_1_202' title='bbox 220 2700 440 2754; x_wconf 88' lang='lat' dir='ltr'>eisdem</span> <span class='ocrx_word' id='word_1_203' title='bbox 478 2699 847 2753; x_wconf 88' lang='lat' dir='ltr'>sacramentis</span> <span class='ocrx_word' id='word_1_204' title='bbox 869 2703 1002 2752; x_wconf 91' lang='lat' dir='ltr'>sunt</span> <span class='ocrx_word' id='word_1_205' title='bbox 1026 2697 1191 2751; x_wconf 90' lang='lat' dir='ltr'>uniti.</span> <span class='ocrx_word' id='word_1_206' title='bbox 1227 2696 1454 2753; x_wconf 82' lang='lat' dir='ltr'>Ostende</span> <span class='ocrx_word' id='word_1_207' title='bbox 1481 2698 1636 2751; x_wconf 86' lang='lat' dir='ltr'>mihi.</span> <span class='ocrx_word' id='word_1_208' title='bbox 1669 2696 1918 2749; x_wconf 86' lang='lat' dir='ltr'>Necdum</span> 
     </span>
    </p>
   </div>
   <div class='ocr_carea' id='block_1_31' title="bbox 222 2784 1917 2855">
    <p class='ocr_par' dir='ltr' id='par_1_31' title="bbox 222 2784 1917 2855">
     <span class='ocr_line' id='line_1_31' title="bbox 222 2784 1917 2855; baseline -0.004 -12"><span class='ocrx_word' id='word_1_209' title='bbox 222 2788 473 2843; x_wconf 87' lang='lat' dir='ltr'>habebat</span> <span class='ocrx_word' id='word_1_210' title='bbox 504 2787 793 2852; x_wconf 89' lang='lat' dir='ltr'>ﬁduciam,</span> <span class='ocrx_word' id='word_1_211' title='bbox 826 2792 889 2839; x_wconf 91' lang='lat' dir='ltr'>ut</span> <span class='ocrx_word' id='word_1_212' title='bbox 917 2787 1162 2840; x_wconf 88' lang='lat' dir='ltr'>revelata</span> <span class='ocrx_word' id='word_1_213' title='bbox 1190 2785 1329 2839; x_wconf 88' lang='lat' dir='ltr'>facie</span> <span class='ocrx_word' id='word_1_214' title='bbox 1362 2786 1603 2855; x_wconf 83' lang='lat' dir='ltr'>gloriam</span> <span class='ocrx_word' id='word_1_215' title='bbox 1638 2784 1736 2839; x_wconf 92' lang='lat' dir='ltr'>Dei</span> <span class='ocrx_word' id='word_1_216' title='bbox 1784 2800 1917 2838; x_wconf 77' lang='lat' dir='ltr'>con-</span> 
     </span>
    </p>
   </div>
   <div class='ocr_carea' id='block_1_32' title="bbox 222 2872 1912 2946">
    <p class='ocr_par' dir='ltr' id='par_1_32' title="bbox 222 2872 1912 2946">
     <span class='ocr_line' id='line_1_32' title="bbox 222 2872 1912 2946; baseline -0.003 -16"><span class='ocrx_word' id='word_1_217' title='bbox 222 2877 639 2946; x_wconf 86' lang='lat' dir='ltr'>templaretur;</span> <span class='ocrx_word' id='word_1_218' title='bbox 692 2876 786 2928; x_wconf 90' lang='lat' dir='ltr'>sed</span> <span class='ocrx_word' id='word_1_219' title='bbox 850 2874 985 2945; x_wconf 87' lang='lat' dir='ltr'>quia</span> <span class='ocrx_word' id='word_1_220' title='bbox 1027 2875 1146 2944; x_wconf 89' lang='lat' dir='ltr'>jam</span> <span class='ocrx_word' id='word_1_221' title='bbox 1207 2878 1406 2927; x_wconf 90' lang='lat' dir='ltr'>ornata</span> <span class='ocrx_word' id='word_1_222' title='bbox 1470 2879 1576 2938; x_wconf 88' lang='lat' dir='ltr'>est,</span> <span class='ocrx_word' id='word_1_223' title='bbox 1635 2872 1843 2925; x_wconf 90' lang='lat' dir='ltr'>dicitur</span> <span class='ocrx_word' id='word_1_224' title='bbox 1900 2888 1912 2925; x_wconf 75' lang='grc' dir='ltr'>ε</span> 
     </span>
    </p>
   </div>
   <div class='ocr_carea' id='block_1_33' title="bbox 2046 488 3741 561">
    <p class='ocr_par' dir='ltr' id='par_1_33' title="bbox 2046 488 3741 561">
     <span class='ocr_line' id='line_1_33' title="bbox 2046 488 3741 561; baseline 0.001 -20"><span class='ocrx_word' id='word_1_225' title='bbox 2046 493 2101 541; x_wconf 92' lang='lat' dir='ltr'>et</span> <span class='ocrx_word' id='word_1_226' title='bbox 2130 488 2390 558; x_wconf 87' lang='lat' dir='ltr'>injuncto</span> <span class='ocrx_word' id='word_1_227' title='bbox 2418 489 2604 542; x_wconf 89' lang='lat' dir='ltr'>ofﬁcio</span> <span class='ocrx_word' id='word_1_228' title='bbox 2636 505 2693 541; x_wconf 89' lang='lat' dir='ltr'>se</span> <span class='ocrx_word' id='word_1_229' title='bbox 2722 489 3085 543; x_wconf 88' lang='lat' dir='ltr'>obedituram</span> <span class='ocrx_word' id='word_1_230' title='bbox 3126 489 3432 559; x_wconf 89' lang='lat' dir='ltr'>promittit:</span> <span class='ocrx_word' id='word_1_231' title='bbox 3469 491 3626 561; x_wconf 89' lang='lat' dir='ltr'>quasi</span> <span class='ocrx_word' id='word_1_232' title='bbox 3652 491 3741 543; x_wconf 87' lang='lat' dir='ltr'>di-</span> 
     </span>
    </p>
   </div>
   <div class='ocr_carea' id='block_1_34' title="bbox 2044 578 3743 647">
    <p class='ocr_par' dir='ltr' id='par_1_34' title="bbox 2044 578 3743 647">
     <span class='ocr_line' id='line_1_34' title="bbox 2044 578 3743 647; baseline 0.001 -18"><span class='ocrx_word' id='word_1_233' title='bbox 2044 581 2152 641; x_wconf 88' lang='lat' dir='ltr'>cat,</span> <span class='ocrx_word' id='word_1_234' title='bbox 2184 593 2298 630; x_wconf 90' lang='lat' dir='ltr'>uon</span> <span class='ocrx_word' id='word_1_235' title='bbox 2328 578 2513 630; x_wconf 91' lang='lat' dir='ltr'>solum</span> <span class='ocrx_word' id='word_1_236' title='bbox 2562 578 2837 639; x_wconf 85' lang='lat' dir='ltr'>hortatur,</span> <span class='ocrx_word' id='word_1_237' title='bbox 2887 578 2980 631; x_wconf 91' lang='lat' dir='ltr'>sed</span> <span class='ocrx_word' id='word_1_238' title='bbox 3014 578 3182 631; x_wconf 88' lang='lat' dir='ltr'>etiam</span> <span class='ocrx_word' id='word_1_239' title='bbox 3215 578 3463 647; x_wconf 81' lang='lat' dir='ltr'>adjuvat.</span> <span class='ocrx_word' id='word_1_240' title='bbox 3504 579 3743 632; x_wconf 78' lang='lat' dir='ltr'>Dilectus</span> 
     </span>
    </p>
   </div>
   <div class='ocr_carea' id='block_1_35' title="bbox 2042 664 3737 736">
    <p class='ocr_par' dir='ltr' id='par_1_35' title="bbox 2042 664 3737 736">
     <span class='ocr_line' id='line_1_35' title="bbox 2042 664 3737 736; baseline -0.001 -17"><span class='ocrx_word' id='word_1_241' title='bbox 2042 680 2188 720; x_wconf 77' lang='lat' dir='ltr'>meus</span> <span class='ocrx_word' id='word_1_242' title='bbox 2219 667 2374 719; x_wconf 80' lang='lat' dir='ltr'>mihi.</span> <span class='ocrx_word' id='word_1_243' title='bbox 2408 666 2638 719; x_wconf 89' lang='lat' dir='ltr'>Sincero</span> <span class='ocrx_word' id='word_1_244' title='bbox 2669 682 2865 718; x_wconf 90' lang='lat' dir='ltr'>amore</span> <span class='ocrx_word' id='word_1_245' title='bbox 2898 665 3038 719; x_wconf 89' lang='lat' dir='ltr'>mihi</span> <span class='ocrx_word' id='word_1_246' title='bbox 3060 664 3377 736; x_wconf 84' lang='lat' dir='ltr'>copulatur,</span> <span class='ocrx_word' id='word_1_247' title='bbox 3428 671 3484 720; x_wconf 72' lang='lat' dir='ltr'>et</span> <span class='ocrx_word' id='word_1_248' title='bbox 3512 682 3604 733; x_wconf 88' lang='lat' dir='ltr'>ego</span> <span class='ocrx_word' id='word_1_249' title='bbox 3632 668 3737 721; x_wconf 85' lang='lat' dir='ltr'>illi.</span> 
     </span>
    </p>
   </div>
   <div class='ocr_carea' id='block_1_36' title="bbox 2046 753 3740 823">
    <p class='ocr_par' dir='ltr' id='par_1_36' title="bbox 2046 753 3740 823">
     <span class='ocr_line' id='line_1_36' title="bbox 2046 753 3740 823; baseline 0.003 -18"><span class='ocrx_word' id='word_1_250' title='bbox 2046 754 2162 819; x_wconf 83' lang='lat' dir='ltr'>Vel,</span> <span class='ocrx_word' id='word_1_251' title='bbox 2190 753 2416 807; x_wconf 83' lang='lat' dir='ltr'>dilectus</span> <span class='ocrx_word' id='word_1_252' title='bbox 2466 755 2634 807; x_wconf 85' lang='lat' dir='ltr'>talem</span> <span class='ocrx_word' id='word_1_253' title='bbox 2678 754 3133 808; x_wconf 82' lang='lat' dir='ltr'>exhortationem</span> <span class='ocrx_word' id='word_1_254' title='bbox 3178 756 3317 808; x_wconf 82' lang='lat' dir='ltr'>mihi</span> <span class='ocrx_word' id='word_1_255' title='bbox 3362 754 3512 819; x_wconf 83' lang='lat' dir='ltr'>facit,</span> <span class='ocrx_word' id='word_1_256' title='bbox 3548 760 3602 808; x_wconf 90' lang='lat' dir='ltr'>et</span> <span class='ocrx_word' id='word_1_257' title='bbox 3648 771 3740 823; x_wconf 85' lang='lat' dir='ltr'>ego</span> 
     </span>
    </p>
   </div>
   <div class='ocr_carea' id='block_1_37' title="bbox 2043 841 3738 904">
    <p class='ocr_par' dir='ltr' id='par_1_37' title="bbox 2043 841 3738 904">
     <span class='ocr_line' id='line_1_37' title="bbox 2043 841 3738 904; baseline 0.002 -11"><span class='ocrx_word' id='word_1_258' title='bbox 2043 841 2128 893; x_wconf 89' lang='lat' dir='ltr'>illi</span> <span class='ocrx_word' id='word_1_259' title='bbox 2183 841 2386 894; x_wconf 85' lang='lat' dir='ltr'>faciem</span> <span class='ocrx_word' id='word_1_260' title='bbox 2444 848 2499 895; x_wconf 87' lang='lat' dir='ltr'>et</span> <span class='ocrx_word' id='word_1_261' title='bbox 2542 857 2737 894; x_wconf 90' lang='lat' dir='ltr'>vocem</span> <span class='ocrx_word' id='word_1_262' title='bbox 2817 842 3076 895; x_wconf 89' lang='lat' dir='ltr'>ostendo.</span> <span class='ocrx_word' id='word_1_263' title='bbox 3138 842 3252 904; x_wconf 90' lang='lat' dir='ltr'>Vel,</span> <span class='ocrx_word' id='word_1_264' title='bbox 3321 842 3547 896; x_wconf 67' lang='lat' dir='ltr'>dilectus</span> <span class='ocrx_word' id='word_1_265' title='bbox 3589 859 3738 897; x_wconf 86' lang='lat' dir='ltr'>meus</span> 
     </span>
    </p>
   </div>
   <div class='ocr_carea' id='block_1_38' title="bbox 2041 929 3740 1000">
    <p class='ocr_par' dir='ltr' id='par_1_38' title="bbox 2041 929 3740 1000">
     <span class='ocr_line' id='line_1_38' title="bbox 2041 929 3740 1000; baseline 0.001 -18"><span class='ocrx_word' id='word_1_266' title='bbox 2041 931 2195 995; x_wconf 84' lang='lat' dir='ltr'>mihi,</span> <span class='ocrx_word' id='word_1_267' title='bbox 2235 946 2347 983; x_wconf 90' lang='lat' dir='ltr'>non</span> <span class='ocrx_word' id='word_1_268' title='bbox 2382 929 2548 983; x_wconf 91' lang='lat' dir='ltr'>alteri</span> <span class='ocrx_word' id='word_1_269' title='bbox 2594 929 2846 993; x_wconf 84' lang='lat' dir='ltr'>cuilibet,</span> <span class='ocrx_word' id='word_1_270' title='bbox 2882 930 3112 995; x_wconf 87' lang='lat' dir='ltr'>scilicet,</span> <span class='ocrx_word' id='word_1_271' title='bbox 3142 931 3382 999; x_wconf 87' lang='lat' dir='ltr'>gratiam</span> <span class='ocrx_word' id='word_1_272' title='bbox 3451 932 3740 1000; x_wconf 74' lang='lat' dir='ltr'>praestabit</span> 
     </span>
    </p>
   </div>
   <div class='ocr_carea' id='block_1_39' title="bbox 2042 1018 3735 1088">
    <p class='ocr_par' dir='ltr' id='par_1_39' title="bbox 2042 1018 3735 1088">
     <span class='ocr_line' id='line_1_39' title="bbox 2042 1018 3735 1088; baseline 0.001 -17"><span class='ocrx_word' id='word_1_273' title='bbox 2042 1022 2099 1071; x_wconf 90' lang='lat' dir='ltr'>et</span> <span class='ocrx_word' id='word_1_274' title='bbox 2129 1018 2376 1072; x_wconf 83' lang='lat' dir='ltr'>fructum</span> <span class='ocrx_word' id='word_1_275' title='bbox 2405 1018 2709 1087; x_wconf 80' lang='lat' dir='ltr'>rependet;</span> <span class='ocrx_word' id='word_1_276' title='bbox 2744 1024 2799 1072; x_wconf 90' lang='lat' dir='ltr'>et</span> <span class='ocrx_word' id='word_1_277' title='bbox 2856 1035 2947 1087; x_wconf 83' lang='lat' dir='ltr'>ego</span> <span class='ocrx_word' id='word_1_278' title='bbox 2981 1021 3045 1084; x_wconf 88' lang='lat' dir='ltr'>ei,</span> <span class='ocrx_word' id='word_1_279' title='bbox 3082 1035 3195 1071; x_wconf 90' lang='lat' dir='ltr'>non</span> <span class='ocrx_word' id='word_1_280' title='bbox 3228 1018 3391 1072; x_wconf 88' lang='lat' dir='ltr'>alteri</span> <span class='ocrx_word' id='word_1_281' title='bbox 3445 1019 3735 1088; x_wconf 85' lang='lat' dir='ltr'>cuiquam,</span> 
     </span>
    </p>
   </div>
   <div class='ocr_carea' id='block_1_40' title="bbox 2042 1107 3738 1177">
    <p class='ocr_par' dir='ltr' id='par_1_40' title="bbox 2042 1107 3738 1177">
     <span class='ocr_line' id='line_1_40' title="bbox 2042 1107 3738 1177; baseline 0 -17"><span class='ocrx_word' id='word_1_282' title='bbox 2042 1123 2156 1160; x_wconf 91' lang='lat' dir='ltr'>nou</span> <span class='ocrx_word' id='word_1_283' title='bbox 2189 1107 2247 1160; x_wconf 88' lang='lat' dir='ltr'>in</span> <span class='ocrx_word' id='word_1_284' title='bbox 2281 1107 2391 1160; x_wconf 88' lang='lat' dir='ltr'>alia</span> <span class='ocrx_word' id='word_1_285' title='bbox 2432 1108 2597 1160; x_wconf 89' lang='lat' dir='ltr'>turba</span> <span class='ocrx_word' id='word_1_286' title='bbox 2649 1108 2973 1171; x_wconf 85' lang='lat' dir='ltr'>hominum,</span> <span class='ocrx_word' id='word_1_287' title='bbox 3013 1108 3106 1160; x_wconf 94' lang='lat' dir='ltr'>sed</span> <span class='ocrx_word' id='word_1_288' title='bbox 3162 1108 3383 1177; x_wconf 85' lang='lat' dir='ltr'>integra</span> <span class='ocrx_word' id='word_1_289' title='bbox 3412 1108 3738 1161; x_wconf 85' lang='lat' dir='ltr'>obedientia</span> 
     </span>
    </p>
   </div>
   <div class='ocr_carea' id='block_1_41' title="bbox 2040 1194 3737 1265">
    <p class='ocr_par' dir='ltr' id='par_1_41' title="bbox 2040 1194 3737 1265">
     <span class='ocr_line' id='line_1_41' title="bbox 2040 1194 3737 1265; baseline 0.002 -18"><span class='ocrx_word' id='word_1_290' title='bbox 2040 1198 2096 1247; x_wconf 92' lang='lat' dir='ltr'>et</span> <span class='ocrx_word' id='word_1_291' title='bbox 2142 1194 2442 1250; x_wconf 85' lang='lat' dir='ltr'>devotione</span> <span class='ocrx_word' id='word_1_292' title='bbox 2508 1196 2959 1265; x_wconf 82' lang='lat' dir='ltr'>conglutinabor.</span> <span class='ocrx_word' id='word_1_293' title='bbox 3053 1196 3278 1249; x_wconf 79' lang='lat' dir='ltr'>Cunctis</span> <span class='ocrx_word' id='word_1_294' title='bbox 3329 1197 3415 1249; x_wconf 89' lang='lat' dir='ltr'>his</span> <span class='ocrx_word' id='word_1_295' title='bbox 3476 1196 3737 1250; x_wconf 85' lang='lat' dir='ltr'>sensibus</span> 
     </span>
    </p>
   </div>
   <div class='ocr_carea' id='block_1_42' title="bbox 2039 1284 3731 1362">
    <p class='ocr_par' dir='ltr' id='par_1_42' title="bbox 2039 1284 3731 1362">
     <span class='ocr_line' id='line_1_42' title="bbox 2039 1284 3731 1362; baseline 0.001 -27"><span class='ocrx_word' id='word_1_296' title='bbox 2039 1289 2167 1352; x_wconf 89' lang='lat' dir='ltr'>apte</span> <span class='ocrx_word' id='word_1_297' title='bbox 2197 1285 2460 1337; x_wconf 63' lang='lat' dir='ltr'>convenit</span> <span class='ocrx_word' id='word_1_298' title='bbox 2490 1285 2642 1354; x_wconf 92' lang='lat' dir='ltr'>quod</span> <span class='ocrx_word' id='word_1_299' title='bbox 2674 1284 2933 1362; x_wconf 77' lang='lat' dir='ltr'>sequitur</span> <span class='ocrx_word' id='word_1_300' title='bbox 2965 1300 2978 1336; x_wconf 91' lang='lat'><strong>:</strong></span> <span class='ocrx_word' id='word_1_301' title='bbox 3011 1284 3120 1349; x_wconf 82' lang='lat' dir='ltr'>Qui</span> <span class='ocrx_word' id='word_1_302' title='bbox 3142 1288 3386 1353; x_wconf 76' lang='lat' dir='ltr'>pascitur</span> <span class='ocrx_word' id='word_1_303' title='bbox 3434 1287 3574 1337; x_wconf 80' lang='lat' dir='ltr'>inter</span> <span class='ocrx_word' id='word_1_304' title='bbox 3596 1286 3731 1337; x_wconf 74' lang='lat' dir='ltr'>lilia.</span> 
     </span>
    </p>
   </div>
   <div class='ocr_carea' id='block_1_43' title="bbox 2040 1372 3734 1442">
    <p class='ocr_par' dir='ltr' id='par_1_43' title="bbox 2040 1372 3734 1442">
     <span class='ocr_line' id='line_1_43' title="bbox 2040 1372 3734 1442; baseline 0.001 -18"><span class='ocrx_word' id='word_1_305' title='bbox 2040 1372 2294 1424; x_wconf 86' lang='lat' dir='ltr'>Pascitur</span> <span class='ocrx_word' id='word_1_306' title='bbox 2322 1372 2381 1425; x_wconf 91' lang='lat' dir='ltr'>in</span> <span class='ocrx_word' id='word_1_307' title='bbox 2419 1372 2605 1440; x_wconf 83' lang='lat' dir='ltr'>nobis,</span> <span class='ocrx_word' id='word_1_308' title='bbox 2631 1372 2763 1442; x_wconf 90' lang='lat' dir='ltr'>quia</span> <span class='ocrx_word' id='word_1_309' title='bbox 2790 1388 2997 1441; x_wconf 90' lang='lat' dir='ltr'>corpus</span> <span class='ocrx_word' id='word_1_310' title='bbox 3026 1372 3180 1425; x_wconf 90' lang='lat' dir='ltr'>illius</span> <span class='ocrx_word' id='word_1_311' title='bbox 3235 1389 3431 1425; x_wconf 90' lang='lat' dir='ltr'>sumus</span> <span class='ocrx_word' id='word_1_312' title='bbox 3461 1378 3517 1426; x_wconf 89' lang='lat' dir='ltr'>et</span> <span class='ocrx_word' id='word_1_313' title='bbox 3546 1389 3734 1426; x_wconf 91' lang='lat' dir='ltr'>mem—</span> 
     </span>
    </p>
   </div>
   <div class='ocr_carea' id='block_1_44' title="bbox 2038 1456 3729 1530">
    <p class='ocr_par' dir='ltr' id='par_1_44' title="bbox 2038 1456 3729 1530">
     <span class='ocr_line' id='line_1_44' title="bbox 2038 1456 3729 1530; baseline 0.002 -21"><span class='ocrx_word' id='word_1_314' title='bbox 2038 1456 2139 1510; x_wconf 88' lang='lat' dir='ltr'>bra</span> <span class='ocrx_word' id='word_1_315' title='bbox 2195 1456 2264 1510; x_wconf 92' lang='lat' dir='ltr'>de</span> <span class='ocrx_word' id='word_1_316' title='bbox 2324 1458 2611 1523; x_wconf 82' lang='lat' dir='ltr'>membro;</span> <span class='ocrx_word' id='word_1_317' title='bbox 2675 1458 2854 1528; x_wconf 89' lang='lat' dir='ltr'>pascit</span> <span class='ocrx_word' id='word_1_318' title='bbox 2904 1476 3003 1511; x_wconf 90' lang='lat' dir='ltr'>nos</span> <span class='ocrx_word' id='word_1_319' title='bbox 3059 1459 3202 1528; x_wconf 90' lang='lat' dir='ltr'>ipse,</span> <span class='ocrx_word' id='word_1_320' title='bbox 3257 1460 3354 1530; x_wconf 89' lang='lat' dir='ltr'>qui</span> <span class='ocrx_word' id='word_1_321' title='bbox 3410 1464 3579 1529; x_wconf 89' lang='lat' dir='ltr'>caput</span> <span class='ocrx_word' id='word_1_322' title='bbox 3627 1465 3729 1513; x_wconf 84' lang='lat' dir='ltr'>est.</span> 
     </span>
    </p>
   </div>
   <div class='ocr_carea' id='block_1_45' title="bbox 2040 1546 3733 1618">
    <p class='ocr_par' dir='ltr' id='par_1_45' title="bbox 2040 1546 3733 1618">
     <span class='ocr_line' id='line_1_45' title="bbox 2040 1546 3733 1618; baseline 0 -17"><span class='ocrx_word' id='word_1_323' title='bbox 2040 1547 2284 1601; x_wconf 85' lang='lat' dir='ltr'>Pascitur</span> <span class='ocrx_word' id='word_1_324' title='bbox 2308 1548 2449 1599; x_wconf 81' lang='lat' dir='ltr'>inter</span> <span class='ocrx_word' id='word_1_325' title='bbox 2488 1547 2626 1610; x_wconf 83' lang='lat' dir='ltr'>lilia,</span> <span class='ocrx_word' id='word_1_326' title='bbox 2661 1563 2790 1601; x_wconf 90' lang='lat' dir='ltr'>cum</span> <span class='ocrx_word' id='word_1_327' title='bbox 2856 1546 3074 1611; x_wconf 86' lang='lat' dir='ltr'>ﬁdeles,</span> <span class='ocrx_word' id='word_1_328' title='bbox 3133 1548 3234 1618; x_wconf 93' lang='lat' dir='ltr'>qui</span> <span class='ocrx_word' id='word_1_329' title='bbox 3293 1552 3425 1601; x_wconf 88' lang='lat' dir='ltr'>sunt</span> <span class='ocrx_word' id='word_1_330' title='bbox 3478 1546 3733 1601; x_wconf 87' lang='lat' dir='ltr'>membra</span> 
     </span>
    </p>
   </div>
   <div class='ocr_carea' id='block_1_46' title="bbox 2039 1634 3731 1705">
    <p class='ocr_par' dir='ltr' id='par_1_46' title="bbox 2039 1634 3731 1705">
     <span class='ocr_line' id='line_1_46' title="bbox 2039 1634 3731 1705; baseline 0.001 -20"><span class='ocrx_word' id='word_1_331' title='bbox 2039 1634 2181 1703; x_wconf 89' lang='lat' dir='ltr'>ejus,</span> <span class='ocrx_word' id='word_1_332' title='bbox 2206 1634 2481 1704; x_wconf 80' lang='lat' dir='ltr'>exemplis</span> <span class='ocrx_word' id='word_1_333' title='bbox 2500 1634 2755 1703; x_wconf 84' lang='lat' dir='ltr'>priorum</span> <span class='ocrx_word' id='word_1_334' title='bbox 2780 1635 3035 1689; x_wconf 88' lang='lat' dir='ltr'>ﬁdelium</span> <span class='ocrx_word' id='word_1_335' title='bbox 3053 1634 3109 1688; x_wconf 92' lang='lat' dir='ltr'>in</span> <span class='ocrx_word' id='word_1_336' title='bbox 3134 1651 3516 1705; x_wconf 87' lang='lat' dir='ltr'>supernorum</span> <span class='ocrx_word' id='word_1_337' title='bbox 3539 1651 3731 1688; x_wconf 90' lang='lat' dir='ltr'>amore</span> 
     </span>
    </p>
   </div>
   <div class='ocr_carea' id='block_1_47' title="bbox 2039 1722 3727 1792">
    <p class='ocr_par' dir='ltr' id='par_1_47' title="bbox 2039 1722 3727 1792">
     <span class='ocr_line' id='line_1_47' title="bbox 2039 1722 3727 1792; baseline 0.001 -17"><span class='ocrx_word' id='word_1_338' title='bbox 2039 1722 2458 1792; x_wconf 87' lang='lat' dir='ltr'>sperﬁciuntur.</span> <span class='ocrx_word' id='word_1_339' title='bbox 2499 1724 2665 1777; x_wconf 84' lang='lat' dir='ltr'>Lilia.</span> <span class='ocrx_word' id='word_1_340' title='bbox 2699 1722 2924 1777; x_wconf 79' lang='lat' dir='ltr'>Adustis</span> <span class='ocrx_word' id='word_1_341' title='bbox 2965 1724 3236 1778; x_wconf 88' lang='lat' dir='ltr'>membris</span> <span class='ocrx_word' id='word_1_342' title='bbox 3269 1724 3487 1778; x_wconf 91' lang='lat' dir='ltr'>mederi</span> <span class='ocrx_word' id='word_1_343' title='bbox 3508 1724 3727 1777; x_wconf 87' lang='lat' dir='ltr'>solent:</span> 
     </span>
    </p>
   </div>
   <div class='ocr_carea' id='block_1_48' title="bbox 2037 1811 3729 1882">
    <p class='ocr_par' dir='ltr' id='par_1_48' title="bbox 2037 1811 3729 1882">
     <span class='ocr_line' id='line_1_48' title="bbox 2037 1811 3729 1882; baseline 0.001 -19"><span class='ocrx_word' id='word_1_344' title='bbox 2037 1811 2115 1864; x_wconf 91' lang='lat' dir='ltr'>sic</span> <span class='ocrx_word' id='word_1_345' title='bbox 2136 1812 2334 1876; x_wconf 90' lang='lat' dir='ltr'>sancti,</span> <span class='ocrx_word' id='word_1_346' title='bbox 2365 1811 2412 1864; x_wconf 91' lang='lat' dir='ltr'>si</span> <span class='ocrx_word' id='word_1_347' title='bbox 2445 1812 2588 1865; x_wconf 87' lang='lat' dir='ltr'>forte</span> <span class='ocrx_word' id='word_1_348' title='bbox 2642 1811 2840 1865; x_wconf 90' lang='lat' dir='ltr'>vident</span> <span class='ocrx_word' id='word_1_349' title='bbox 2895 1813 3068 1866; x_wconf 89' lang='lat' dir='ltr'>corda</span> <span class='ocrx_word' id='word_1_350' title='bbox 3123 1813 3513 1882; x_wconf 86' lang='lat' dir='ltr'>proximorum</span> <span class='ocrx_word' id='word_1_351' title='bbox 3567 1812 3729 1865; x_wconf 89' lang='lat' dir='ltr'>aduri</span> 
     </span>
    </p>
   </div>
   <div class='ocr_carea' id='block_1_49' title="bbox 2036 1900 3727 1971">
    <p class='ocr_par' dir='ltr' id='par_1_49' title="bbox 2036 1900 3727 1971">
     <span class='ocr_line' id='line_1_49' title="bbox 2036 1900 3727 1971; baseline 0.001 -17"><span class='ocrx_word' id='word_1_352' title='bbox 2036 1900 2268 1955; x_wconf 81' lang='lat' dir='ltr'>ﬂamma</span> <span class='ocrx_word' id='word_1_353' title='bbox 2316 1900 2606 1963; x_wconf 90' lang='lat' dir='ltr'>vitiorum,</span> <span class='ocrx_word' id='word_1_354' title='bbox 2658 1901 3024 1971; x_wconf 81' lang='lat' dir='ltr'>refrigerium</span> <span class='ocrx_word' id='word_1_355' title='bbox 3074 1900 3472 1955; x_wconf 88' lang='lat' dir='ltr'>consolationis</span> <span class='ocrx_word' id='word_1_356' title='bbox 3517 1905 3572 1953; x_wconf 87' lang='lat' dir='ltr'>et</span> <span class='ocrx_word' id='word_1_357' title='bbox 3623 1916 3727 1955; x_wconf 80' lang='lat' dir='ltr'>ex—</span> 
     </span>
    </p>
   </div>
   <div class='ocr_carea' id='block_1_50' title="bbox 2034 1988 3727 2058">
    <p class='ocr_par' dir='ltr' id='par_1_50' title="bbox 2034 1988 3727 2058">
     <span class='ocr_line' id='line_1_50' title="bbox 2034 1988 3727 2058; baseline -0.001 -15"><span class='ocrx_word' id='word_1_358' title='bbox 2034 1988 2372 2043; x_wconf 87' lang='lat' dir='ltr'>hortationis</span> <span class='ocrx_word' id='word_1_359' title='bbox 2404 1989 2695 2043; x_wconf 90' lang='lat' dir='ltr'>adhibent.</span> <span class='ocrx_word' id='word_1_360' title='bbox 2729 1990 2874 2053; x_wconf 90' lang='lat' dir='ltr'>Quia</span> <span class='ocrx_word' id='word_1_361' title='bbox 2916 1990 3037 2042; x_wconf 73' lang='lat' dir='ltr'>haec</span> <span class='ocrx_word' id='word_1_362' title='bbox 3084 1989 3311 2042; x_wconf 90' lang='lat' dir='ltr'>Domini</span> <span class='ocrx_word' id='word_1_363' title='bbox 3362 1989 3567 2058; x_wconf 91' lang='lat' dir='ltr'>pastio,</span> <span class='ocrx_word' id='word_1_364' title='bbox 3600 2003 3727 2058; x_wconf 77' lang='lat' dir='ltr'>quae</span> 
     </span>
    </p>
   </div>
   <div class='ocr_carea' id='block_1_51' title="bbox 2034 2076 3726 2147">
    <p class='ocr_par' dir='ltr' id='par_1_51' title="bbox 2034 2076 3726 2147">
     <span class='ocr_line' id='line_1_51' title="bbox 2034 2076 3726 2147; baseline -0.001 -17"><span class='ocrx_word' id='word_1_365' title='bbox 2034 2076 2095 2130; x_wconf 91' lang='lat' dir='ltr'>in</span> <span class='ocrx_word' id='word_1_366' title='bbox 2124 2082 2447 2130; x_wconf 86' lang='lat' dir='ltr'>sanctorum</span> <span class='ocrx_word' id='word_1_367' title='bbox 2480 2078 2603 2147; x_wconf 83' lang='lat' dir='ltr'>ejus</span> <span class='ocrx_word' id='word_1_368' title='bbox 2635 2078 2985 2147; x_wconf 84' lang='lat' dir='ltr'>profectibus</span> <span class='ocrx_word' id='word_1_369' title='bbox 3016 2076 3227 2146; x_wconf 87' lang='lat' dir='ltr'>agitur,</span> <span class='ocrx_word' id='word_1_370' title='bbox 3260 2093 3440 2146; x_wconf 89' lang='lat' dir='ltr'>usque</span> <span class='ocrx_word' id='word_1_371' title='bbox 3465 2076 3529 2128; x_wconf 90' lang='lat' dir='ltr'>ad</span> <span class='ocrx_word' id='word_1_372' title='bbox 3555 2076 3726 2129; x_wconf 87' lang='lat' dir='ltr'>ﬁnem</span> 
     </span>
    </p>
   </div>
   <div class='ocr_carea' id='block_1_52' title="bbox 2033 2163 3724 2236">
    <p class='ocr_par' dir='ltr' id='par_1_52' title="bbox 2033 2163 3724 2236">
     <span class='ocr_line' id='line_1_52' title="bbox 2033 2163 3724 2236; baseline -0.003 -17"><span class='ocrx_word' id='word_1_373' title='bbox 2033 2166 2224 2219; x_wconf 69' lang='lat' dir='ltr'>saeculi</span> <span class='ocrx_word' id='word_1_374' title='bbox 2254 2166 2545 2236; x_wconf 89' lang='lat' dir='ltr'>pertingit.</span> <span class='ocrx_word' id='word_1_375' title='bbox 2579 2166 2717 2220; x_wconf 90' lang='lat' dir='ltr'>Nam</span> <span class='ocrx_word' id='word_1_376' title='bbox 2765 2165 2861 2218; x_wconf 93' lang='lat' dir='ltr'>ubi</span> <span class='ocrx_word' id='word_1_377' title='bbox 2893 2166 2961 2219; x_wconf 90' lang='lat' dir='ltr'>ad</span> <span class='ocrx_word' id='word_1_378' title='bbox 3007 2165 3285 2219; x_wconf 86' lang='lat' dir='ltr'>visionem</span> <span class='ocrx_word' id='word_1_379' title='bbox 3337 2163 3724 2234; x_wconf 89' lang='lat' dir='ltr'>pervenerint,</span> 
     </span>
    </p>
   </div>
   <div class='ocr_carea' id='block_1_53' title="bbox 2031 2252 3723 2324">
    <p class='ocr_par' dir='ltr' id='par_1_53' title="bbox 2031 2252 3723 2324">
     <span class='ocr_line' id='line_1_53' title="bbox 2031 2252 3723 2324; baseline -0.001 -18"><span class='ocrx_word' id='word_1_380' title='bbox 2031 2253 2090 2306; x_wconf 88' lang='lat' dir='ltr'>in</span> <span class='ocrx_word' id='word_1_381' title='bbox 2125 2270 2238 2324; x_wconf 90' lang='lat' dir='ltr'>quo</span> <span class='ocrx_word' id='word_1_382' title='bbox 2264 2255 2406 2307; x_wconf 89' lang='lat' dir='ltr'>ultra</span> <span class='ocrx_word' id='word_1_383' title='bbox 2440 2253 2748 2324; x_wconf 89' lang='lat' dir='ltr'>proﬁciunt</span> <span class='ocrx_word' id='word_1_384' title='bbox 2770 2270 2881 2307; x_wconf 91' lang='lat' dir='ltr'>non</span> <span class='ocrx_word' id='word_1_385' title='bbox 2902 2253 3207 2319; x_wconf 89' lang='lat' dir='ltr'>habebunt,</span> <span class='ocrx_word' id='word_1_386' title='bbox 3241 2257 3389 2306; x_wconf 89' lang='lat' dir='ltr'>recte</span> <span class='ocrx_word' id='word_1_387' title='bbox 3420 2252 3684 2305; x_wconf 90' lang='lat' dir='ltr'>subditur</span> <span class='ocrx_word' id='word_1_388' title='bbox 3712 2269 3723 2304; x_wconf 91' lang='lat'>:</span> 
     </span>
    </p>
   </div>
   <div class='ocr_carea' id='block_1_54' title="bbox 2035 2343 2591 2410">
    <p class='ocr_par' dir='ltr' id='par_1_54' title="bbox 2035 2343 2591 2410">
     <span class='ocr_line' id='line_1_54' title="bbox 2035 2343 2591 2410; baseline 0 -15"><span class='ocrx_word' id='word_1_389' title='bbox 2035 2345 2204 2396; x_wconf 87' lang='lat' dir='ltr'>Donec</span> <span class='ocrx_word' id='word_1_390' title='bbox 2226 2345 2432 2410; x_wconf 83' lang='lat' dir='ltr'>aspiret</span> <span class='ocrx_word' id='word_1_391' title='bbox 2459 2343 2591 2396; x_wconf 84' lang='lat' dir='ltr'>dies.</span> 
     </span>
    </p>
   </div>
   <div class='ocr_carea' id='block_1_55' title="bbox 2104 2427 3731 2495">
    <p class='ocr_par' dir='ltr' id='par_1_55' title="bbox 2104 2427 3731 2495">
     <span class='ocr_line' id='line_1_55' title="bbox 2104 2427 3731 2495; baseline -0.002 -14"><span class='ocrx_word' id='word_1_392' title='bbox 2104 2431 2261 2485; x_wconf 75' lang='lat' dir='ltr'>Vens.</span> <span class='ocrx_word' id='word_1_393' title='bbox 2300 2434 2387 2484; x_wconf 84' lang='lat' dir='ltr'>l7.</span> <span class='ocrx_word' id='word_1_394' title='bbox 2426 2460 2495 2470; x_wconf 89' lang='lat'><strong>-</strong></span> <span class='ocrx_word' id='word_1_395' title='bbox 2548 2433 2844 2495; x_wconf 83' lang='lat' dir='ltr'>Revertere,</span> <span class='ocrx_word' id='word_1_396' title='bbox 2892 2430 3110 2483; x_wconf 84' lang='lat' dir='ltr'>similis.</span> <span class='ocrx_word' id='word_1_397' title='bbox 3164 2430 3227 2482; x_wconf 90' lang='lat' dir='ltr'>In</span> <span class='ocrx_word' id='word_1_398' title='bbox 3288 2427 3521 2481; x_wconf 82' lang='lat' dir='ltr'>excelsis</span> <span class='ocrx_word' id='word_1_399' title='bbox 3582 2442 3731 2479; x_wconf 89' lang='lat' dir='ltr'>men-</span> 
     </span>
    </p>
   </div>
   <div class='ocr_carea' id='block_1_56' title="bbox 2029 2516 3727 2589">
    <p class='ocr_par' dir='ltr' id='par_1_56' title="bbox 2029 2516 3727 2589">
     <span class='ocr_line' id='line_1_56' title="bbox 2029 2516 3727 2589; baseline -0.002 -19"><span class='ocrx_word' id='word_1_400' title='bbox 2029 2517 2183 2582; x_wconf 72' lang='lat' dir='ltr'>tibus</span> <span class='ocrx_word' id='word_1_401' title='bbox 2212 2518 2452 2589; x_wconf 85' lang='lat' dir='ltr'>vestigia</span> <span class='ocrx_word' id='word_1_402' title='bbox 2482 2535 2655 2587; x_wconf 90' lang='lat' dir='ltr'>pone,</span> <span class='ocrx_word' id='word_1_403' title='bbox 2688 2522 2743 2572; x_wconf 88' lang='lat' dir='ltr'>et</span> <span class='ocrx_word' id='word_1_404' title='bbox 2781 2519 2851 2572; x_wconf 85' lang='lat' dir='ltr'>ab</span> <span class='ocrx_word' id='word_1_405' title='bbox 2890 2518 3002 2571; x_wconf 90' lang='lat' dir='ltr'>illis</span> <span class='ocrx_word' id='word_1_406' title='bbox 3044 2518 3355 2589; x_wconf 86' lang='lat' dir='ltr'>aliquando</span> <span class='ocrx_word' id='word_1_407' title='bbox 3385 2516 3557 2569; x_wconf 87' lang='lat' dir='ltr'>etiam</span> <span class='ocrx_word' id='word_1_408' title='bbox 3589 2530 3727 2568; x_wconf 90' lang='lat' dir='ltr'>con-</span> 
     </span>
    </p>
   </div>
   <div class='ocr_carea' id='block_1_57' title="bbox 2029 2604 3716 2676">
    <p class='ocr_par' dir='ltr' id='par_1_57' title="bbox 2029 2604 3716 2676">
     <span class='ocr_line' id='line_1_57' title="bbox 2029 2604 3716 2676; baseline -0.001 -18"><span class='ocrx_word' id='word_1_409' title='bbox 2029 2605 2425 2659; x_wconf 91' lang='lat' dir='ltr'>descendendo</span> <span class='ocrx_word' id='word_1_410' title='bbox 2479 2606 2850 2659; x_wconf 86' lang='lat' dir='ltr'>inferioribus</span> <span class='ocrx_word' id='word_1_411' title='bbox 2898 2622 3129 2676; x_wconf 87' lang='lat' dir='ltr'>appare.</span> <span class='ocrx_word' id='word_1_412' title='bbox 3165 2605 3264 2675; x_wconf 93' lang='lat' dir='ltr'>qui</span> <span class='ocrx_word' id='word_1_413' title='bbox 3296 2604 3357 2658; x_wconf 90' lang='lat' dir='ltr'>in</span> <span class='ocrx_word' id='word_1_414' title='bbox 3392 2604 3535 2657; x_wconf 80' lang='lat' dir='ltr'>valle</span> <span class='ocrx_word' id='word_1_415' title='bbox 3566 2606 3716 2656; x_wconf 88' lang='lat' dir='ltr'>sunt.</span> 
     </span>
    </p>
   </div>
   <div class='ocr_carea' id='block_1_58' title="bbox 2028 2691 3726 2766">
    <p class='ocr_par' dir='ltr' id='par_1_58' title="bbox 2028 2691 3726 2766">
     <span class='ocr_line' id='line_1_58' title="bbox 2028 2691 3726 2766; baseline -0.004 -17"><span class='ocrx_word' id='word_1_416' title='bbox 2028 2695 2333 2761; x_wconf 81' lang='lat' dir='ltr'>Revertere,</span> <span class='ocrx_word' id='word_1_417' title='bbox 2367 2697 2581 2749; x_wconf 85' lang='lat' dir='ltr'>similis.</span> <span class='ocrx_word' id='word_1_418' title='bbox 2621 2697 2683 2749; x_wconf 89' lang='lat' dir='ltr'>Et</span> <span class='ocrx_word' id='word_1_419' title='bbox 2711 2695 2847 2766; x_wconf 87' lang='lat' dir='ltr'>quia</span> <span class='ocrx_word' id='word_1_420' title='bbox 2864 2695 2933 2748; x_wconf 89' lang='lat' dir='ltr'>ad</span> <span class='ocrx_word' id='word_1_421' title='bbox 2985 2694 3250 2747; x_wconf 88' lang='lat' dir='ltr'>ecclesias</span> <span class='ocrx_word' id='word_1_422' title='bbox 3281 2691 3726 2758; x_wconf 84' lang='lat' dir='ltr'>constituendas,</span> 
     </span>
    </p>
   </div>
   <div class='ocr_carea' id='block_1_59' title="bbox 2028 2780 3729 2852">
    <p class='ocr_par' dir='ltr' id='par_1_59' title="bbox 2028 2780 3729 2852">
     <span class='ocr_line' id='line_1_59' title="bbox 2028 2780 3729 2852; baseline -0.002 -15"><span class='ocrx_word' id='word_1_423' title='bbox 2028 2790 2085 2837; x_wconf 92' lang='lat' dir='ltr'>et</span> <span class='ocrx_word' id='word_1_424' title='bbox 2113 2785 2468 2850; x_wconf 82' lang='lat' dir='ltr'>excolendas,</span> <span class='ocrx_word' id='word_1_425' title='bbox 2504 2788 2559 2837; x_wconf 88' lang='lat' dir='ltr'>et</span> <span class='ocrx_word' id='word_1_426' title='bbox 2603 2784 2668 2837; x_wconf 91' lang='lat' dir='ltr'>ad</span> <span class='ocrx_word' id='word_1_427' title='bbox 2705 2783 3005 2847; x_wconf 88' lang='lat' dir='ltr'>versutias,</span> <span class='ocrx_word' id='word_1_428' title='bbox 3041 2783 3475 2852; x_wconf 83' lang='lat' dir='ltr'>vulpecularum</span> <span class='ocrx_word' id='word_1_429' title='bbox 3500 2780 3729 2849; x_wconf 85' lang='lat' dir='ltr'>abigen-</span> 
     </span>
    </p>
   </div>
   <div class='ocr_carea' id='block_1_60' title="bbox 2029 2869 3724 2942">
    <p class='ocr_par' dir='ltr' id='par_1_60' title="bbox 2029 2869 3724 2942">
     <span class='ocr_line' id='line_1_60' title="bbox 2029 2869 3724 2942; baseline -0.004 -15"><span class='ocrx_word' id='word_1_430' title='bbox 2029 2873 2126 2927; x_wconf 88' lang='lat' dir='ltr'>das</span> <span class='ocrx_word' id='word_1_431' title='bbox 2183 2888 2478 2942; x_wconf 88' lang='lat' dir='ltr'>provocas,</span> <span class='ocrx_word' id='word_1_432' title='bbox 2520 2877 2575 2925; x_wconf 90' lang='lat' dir='ltr'>et</span> <span class='ocrx_word' id='word_1_433' title='bbox 2614 2876 2677 2925; x_wconf 90' lang='lat' dir='ltr'>ut</span> <span class='ocrx_word' id='word_1_434' title='bbox 2738 2872 2939 2926; x_wconf 87' lang='lat' dir='ltr'>faciem</span> <span class='ocrx_word' id='word_1_435' title='bbox 2983 2888 3170 2924; x_wconf 87' lang='lat' dir='ltr'>meam</span> <span class='ocrx_word' id='word_1_436' title='bbox 3204 2870 3307 2923; x_wconf 87' lang='lat' dir='ltr'>tibi</span> <span class='ocrx_word' id='word_1_437' title='bbox 3338 2869 3724 2933; x_wconf 81' lang='lat' dir='ltr'>ostenderem,</span> 
     </span>
    </p>
   </div>
   <div class='ocr_carea' id='block_1_61' title="bbox 223 2954 3727 3031">
    <p class='ocr_par' dir='ltr' id='par_1_61' title="bbox 223 2954 3727 3031">
     <span class='ocr_line' id='line_1_61' title="bbox 223 2954 3727 3031; baseline -0.003 -10"><span class='ocrx_word' id='word_1_438' title='bbox 223 2964 455 3021; x_wconf 79' lang='lat' dir='ltr'>Ostende</span> <span class='ocrx_word' id='word_1_439' title='bbox 502 2965 698 3031; x_wconf 75' lang='lat' dir='ltr'>faciem</span> <span class='ocrx_word' id='word_1_440' title='bbox 744 2969 923 3028; x_wconf 87' lang='lat' dir='ltr'>tuam;</span> <span class='ocrx_word' id='word_1_441' title='bbox 993 2966 1141 3016; x_wconf 85' lang='lat' dir='ltr'>sonet</span> <span class='ocrx_word' id='word_1_442' title='bbox 1211 2977 1317 3015; x_wconf 80' lang='lat' dir='ltr'>uua:</span> <span class='ocrx_word' id='word_1_443' title='bbox 1403 2966 1497 3015; x_wconf 83' lang='lat' dir='ltr'>tua</span> <span class='ocrx_word' id='word_1_444' title='bbox 1561 2962 1620 3014; x_wconf 89' lang='lat' dir='ltr'>in</span> <span class='ocrx_word' id='word_1_445' title='bbox 1696 2958 1923 3012; x_wconf 85' lang='lat' dir='ltr'>auribus</span> <span class='ocrx_word' id='word_1_446' title='bbox 1957 2954 1997 3009; x_wconf 89' lang='lat' dir='ltr'>C</span> <span class='ocrx_word' id='word_1_447' title='bbox 2036 2977 2163 3014; x_wconf 93' lang='lat' dir='ltr'>cum</span> <span class='ocrx_word' id='word_1_448' title='bbox 2195 2965 2350 3013; x_wconf 89' lang='lat' dir='ltr'>tuam</span> <span class='ocrx_word' id='word_1_449' title='bbox 2384 2960 2584 3015; x_wconf 88' lang='lat' dir='ltr'>faciem</span> <span class='ocrx_word' id='word_1_450' title='bbox 2616 2960 2800 3013; x_wconf 85' lang='lat' dir='ltr'>adhuc</span> <span class='ocrx_word' id='word_1_451' title='bbox 2832 2960 2981 3012; x_wconf 88' lang='lat' dir='ltr'>clare</span> <span class='ocrx_word' id='word_1_452' title='bbox 3014 2976 3126 3012; x_wconf 92' lang='lat' dir='ltr'>non</span> <span class='ocrx_word' id='word_1_453' title='bbox 3159 2958 3400 3025; x_wconf 88' lang='lat' dir='ltr'>videam,</span> <span class='ocrx_word' id='word_1_454' title='bbox 3434 2963 3490 3011; x_wconf 90' lang='lat' dir='ltr'>et</span> <span class='ocrx_word' id='word_1_455' title='bbox 3511 2973 3611 3027; x_wconf 90' lang='lat' dir='ltr'>per</span> <span class='ocrx_word' id='word_1_456' title='bbox 3637 2973 3727 3011; x_wconf 88' lang='lat' dir='ltr'>me</span> 
     </span>
    </p>
   </div>
   <div class='ocr_carea' id='block_1_62' title="bbox 221 3046 1922 3118">
    <p class='ocr_par' dir='ltr' id='par_1_62' title="bbox 221 3046 1922 3118">
     <span class='ocr_line' id='line_1_62' title="bbox 221 3046 1922 3118; baseline -0.005 -12"><span class='ocrx_word' id='word_1_457' title='bbox 221 3055 373 3106; x_wconf 85' lang='lat' dir='ltr'>meis.</span> <span class='ocrx_word' id='word_1_458' title='bbox 436 3052 767 3107; x_wconf 86' lang='lat' dir='ltr'>Ostenditur</span> <span class='ocrx_word' id='word_1_459' title='bbox 824 3050 1065 3105; x_wconf 89' lang='lat' dir='ltr'>Domino</span> <span class='ocrx_word' id='word_1_460' title='bbox 1118 3052 1314 3116; x_wconf 78' lang='lat' dir='ltr'>facies,</span> <span class='ocrx_word' id='word_1_461' title='bbox 1373 3054 1522 3103; x_wconf 89' lang='lat' dir='ltr'>recte</span> <span class='ocrx_word' id='word_1_462' title='bbox 1584 3046 1922 3118; x_wconf 90' lang='lat' dir='ltr'>operando:</span> 
     </span>
    </p>
   </div>
   <div class='ocr_carea' id='block_1_63' title="bbox 222 3134 1924 3210">
    <p class='ocr_par' dir='ltr' id='par_1_63' title="bbox 222 3134 1924 3210">
     <span class='ocr_line' id='line_1_63' title="bbox 222 3134 1924 3210; baseline -0.004 -15"><span class='ocrx_word' id='word_1_463' title='bbox 222 3140 548 3195; x_wconf 88' lang='lat' dir='ltr'>ostenditur</span> <span class='ocrx_word' id='word_1_464' title='bbox 596 3156 758 3195; x_wconf 86' lang='lat' dir='ltr'>sonus</span> <span class='ocrx_word' id='word_1_465' title='bbox 812 3142 978 3204; x_wconf 83' lang='lat' dir='ltr'>vocis,</span> <span class='ocrx_word' id='word_1_466' title='bbox 1042 3138 1348 3192; x_wconf 84' lang='lat' dir='ltr'>salubriter</span> <span class='ocrx_word' id='word_1_467' title='bbox 1409 3136 1794 3210; x_wconf 67' lang='lat' dir='ltr'>praedicando.</span> <span class='ocrx_word' id='word_1_468' title='bbox 1847 3134 1924 3188; x_wconf 87' lang='lat' dir='ltr'>Ne</span> 
     </span>
    </p>
   </div>
   <div class='ocr_carea' id='block_1_64' title="bbox 220 3223 1919 3298">
    <p class='ocr_par' dir='ltr' id='par_1_64' title="bbox 220 3223 1919 3298">
     <span class='ocr_line' id='line_1_64' title="bbox 220 3223 1919 3298; baseline -0.005 -15"><span class='ocrx_word' id='word_1_469' title='bbox 220 3230 524 3284; x_wconf 79' lang='lat' dir='ltr'>erubescas</span> <span class='ocrx_word' id='word_1_470' title='bbox 552 3228 866 3298; x_wconf 76' lang='lat' dir='ltr'>praedicare</span> <span class='ocrx_word' id='word_1_471' title='bbox 918 3242 1143 3281; x_wconf 88' lang='lat' dir='ltr'>crucem</span> <span class='ocrx_word' id='word_1_472' title='bbox 1180 3226 1405 3293; x_wconf 87' lang='lat' dir='ltr'>Christi,</span> <span class='ocrx_word' id='word_1_473' title='bbox 1458 3225 1720 3296; x_wconf 85' lang='lat' dir='ltr'>quamvis</span> <span class='ocrx_word' id='word_1_474' title='bbox 1778 3223 1919 3277; x_wconf 88' lang='lat' dir='ltr'>stul-</span> 
     </span>
    </p>
   </div>
   <div class='ocr_carea' id='block_1_65' title="bbox 218 3315 1923 3385">
    <p class='ocr_par' dir='ltr' id='par_1_65' title="bbox 218 3315 1923 3385">
     <span class='ocr_line' id='line_1_65' title="bbox 218 3315 1923 3385; baseline -0.001 -14"><span class='ocrx_word' id='word_1_475' title='bbox 218 3317 349 3371; x_wconf 79' lang='lat' dir='ltr'>titia</span> <span class='ocrx_word' id='word_1_476' title='bbox 367 3316 629 3370; x_wconf 88' lang='lat' dir='ltr'>videatur</span> <span class='ocrx_word' id='word_1_477' title='bbox 649 3315 976 3373; x_wconf 86' lang='lat' dir='ltr'>incredulis,</span> <span class='ocrx_word' id='word_1_478' title='bbox 1007 3316 1201 3385; x_wconf 68' lang='lat' dir='ltr'>quam}</span> <span class='ocrx_word' id='word_1_479' title='bbox 1228 3315 1686 3384; x_wconf 78' lang='lat' dir='ltr'>praedicaverunt</span> <span class='ocrx_word' id='word_1_480' title='bbox 1720 3317 1923 3371; x_wconf 83' lang='lat' dir='ltr'>Christi</span> 
     </span>
    </p>
   </div>
   <div class='ocr_carea' id='block_1_66' title="bbox 218 3402 1920 3476">
    <p class='ocr_par' dir='ltr' id='par_1_66' title="bbox 218 3402 1920 3476">
     <span class='ocr_line' id='line_1_66' title="bbox 218 3402 1920 3476; baseline -0.001 -18"><span class='ocrx_word' id='word_1_481' title='bbox 218 3405 491 3476; x_wconf 86' lang='lat' dir='ltr'>apostoli,</span> <span class='ocrx_word' id='word_1_482' title='bbox 524 3404 622 3475; x_wconf 85' lang='lat' dir='ltr'>qui</span> <span class='ocrx_word' id='word_1_483' title='bbox 652 3408 787 3457; x_wconf 90' lang='lat' dir='ltr'>sunt</span> <span class='ocrx_word' id='word_1_484' title='bbox 812 3406 1064 3457; x_wconf 78' lang='lat' dir='ltr'>maceries</span> <span class='ocrx_word' id='word_1_485' title='bbox 1095 3407 1150 3455; x_wconf 91' lang='lat' dir='ltr'>et</span> <span class='ocrx_word' id='word_1_486' title='bbox 1178 3402 1599 3457; x_wconf 88' lang='lat' dir='ltr'>munimentum</span> <span class='ocrx_word' id='word_1_487' title='bbox 1644 3404 1920 3459; x_wconf 80' lang='lat' dir='ltr'>Ecclesiae.</span> 
     </span>
    </p>
   </div>
   <div class='ocr_carea' id='block_1_67' title="bbox 221 3490 1923 3563">
    <p class='ocr_par' dir='ltr' id='par_1_67' title="bbox 221 3490 1923 3563">
     <span class='ocr_line' id='line_1_67' title="bbox 221 3490 1923 3563; baseline 0 -16"><span class='ocrx_word' id='word_1_488' title='bbox 221 3494 340 3558; x_wconf 87' lang='lat' dir='ltr'>Vel,</span> <span class='ocrx_word' id='word_1_489' title='bbox 362 3495 617 3547; x_wconf 79' lang='lat' dir='ltr'>maceries</span> <span class='ocrx_word' id='word_1_490' title='bbox 666 3497 797 3545; x_wconf 89' lang='lat' dir='ltr'>sunt</span> <span class='ocrx_word' id='word_1_491' title='bbox 823 3490 1115 3561; x_wconf 63' lang='lat' dir='ltr'>propheta:</span> <span class='ocrx_word' id='word_1_492' title='bbox 1149 3497 1206 3542; x_wconf 88' lang='lat' dir='ltr'>et</span> <span class='ocrx_word' id='word_1_493' title='bbox 1234 3491 1594 3560; x_wconf 69' lang='lat' dir='ltr'>patriarchae,</span> <span class='ocrx_word' id='word_1_494' title='bbox 1627 3490 1686 3545; x_wconf 91' lang='lat' dir='ltr'>in</span> <span class='ocrx_word' id='word_1_495' title='bbox 1716 3493 1923 3563; x_wconf 89' lang='lat' dir='ltr'>quibus</span> 
     </span>
    </p>
   </div>
   <div class='ocr_carea' id='block_1_68' title="bbox 218 3579 1923 3652">
    <p class='ocr_par' dir='ltr' id='par_1_68' title="bbox 218 3579 1923 3652">
     <span class='ocr_line' id='line_1_68' title="bbox 218 3579 1923 3652; baseline -0.001 -16"><span class='ocrx_word' id='word_1_496' title='bbox 218 3582 466 3652; x_wconf 86' lang='lat' dir='ltr'>apostoli</span> <span class='ocrx_word' id='word_1_497' title='bbox 486 3581 698 3635; x_wconf 86' lang='lat' dir='ltr'>habent</span> <span class='ocrx_word' id='word_1_498' title='bbox 718 3580 1026 3649; x_wconf 88' lang='lat' dir='ltr'>refugium.</span> <span class='ocrx_word' id='word_1_499' title='bbox 1079 3579 1239 3643; x_wconf 86' lang='lat' dir='ltr'>Quod</span> <span class='ocrx_word' id='word_1_500' title='bbox 1299 3579 1452 3632; x_wconf 88' lang='lat' dir='ltr'>intus</span> <span class='ocrx_word' id='word_1_501' title='bbox 1479 3580 1923 3650; x_wconf 89' lang='lat' dir='ltr'>pulchritudinis</span> 
     </span>
    </p>
   </div>
   <div class='ocr_carea' id='block_1_69' title="bbox 219 3665 1924 3736">
    <p class='ocr_par' dir='ltr' id='par_1_69' title="bbox 219 3665 1924 3736">
     <span class='ocr_line' id='line_1_69' title="bbox 219 3665 1924 3736; baseline 0 -14"><span class='ocrx_word' id='word_1_502' title='bbox 219 3668 422 3735; x_wconf 85' lang='lat' dir='ltr'>habes,</span> <span class='ocrx_word' id='word_1_503' title='bbox 472 3671 528 3721; x_wconf 91' lang='lat' dir='ltr'>et</span> <span class='ocrx_word' id='word_1_504' title='bbox 586 3667 645 3720; x_wconf 92' lang='grc'>111</span> <span class='ocrx_word' id='word_1_505' title='bbox 700 3672 919 3720; x_wconf 87' lang='lat' dir='ltr'>secreto</span> <span class='ocrx_word' id='word_1_506' title='bbox 993 3665 1203 3736; x_wconf 88' lang='lat' dir='ltr'>quietis</span> <span class='ocrx_word' id='word_1_507' title='bbox 1257 3666 1523 3730; x_wconf 87' lang='lat' dir='ltr'>didicisti,</span> <span class='ocrx_word' id='word_1_508' title='bbox 1575 3665 1635 3720; x_wconf 89' lang='lat' dir='ltr'>in</span> <span class='ocrx_word' id='word_1_509' title='bbox 1692 3668 1924 3735; x_wconf 88' lang='lat' dir='ltr'>publica</span> 
     </span>
    </p>
   </div>
   <div class='ocr_carea' id='block_1_70' title="bbox 216 3754 1924 3810">
    <p class='ocr_par' dir='ltr' id='par_1_70' title="bbox 216 3754 1924 3810">
     <span class='ocr_line' id='line_1_70' title="bbox 216 3754 1924 3810; baseline 0 -1"><span class='ocrx_word' id='word_1_510' title='bbox 216 3756 446 3810; x_wconf 88' lang='lat' dir='ltr'>actione</span> <span class='ocrx_word' id='word_1_511' title='bbox 478 3756 548 3809; x_wconf 91' lang='lat' dir='ltr'>ad</span> <span class='ocrx_word' id='word_1_512' title='bbox 582 3756 889 3809; x_wconf 88' lang='lat' dir='ltr'>utilitatem</span> <span class='ocrx_word' id='word_1_513' title='bbox 920 3755 1164 3808; x_wconf 89' lang='lat' dir='ltr'>aliorum</span> <span class='ocrx_word' id='word_1_514' title='bbox 1212 3754 1577 3809; x_wconf 85' lang='lat' dir='ltr'>demonstra:</span> <span class='ocrx_word' id='word_1_515' title='bbox 1611 3771 1743 3809; x_wconf 89' lang='lat' dir='ltr'>nam</span> <span class='ocrx_word' id='word_1_516' title='bbox 1780 3757 1924 3809; x_wconf 89' lang='lat' dir='ltr'>mihi</span> 
     </span>
    </p>
   </div>
   <div class='ocr_carea' id='block_1_71' title="bbox 222 3843 1920 3915">
    <p class='ocr_par' dir='ltr' id='par_1_71' title="bbox 222 3843 1920 3915">
     <span class='ocr_line' id='line_1_71' title="bbox 222 3843 1920 3915; baseline 0.001 -18"><span class='ocrx_word' id='word_1_517' title='bbox 222 3844 326 3915; x_wconf 89' lang='lat' dir='ltr'>qui</span> <span class='ocrx_word' id='word_1_518' title='bbox 350 3843 554 3897; x_wconf 87' lang='lat' dir='ltr'>intima</span> <span class='ocrx_word' id='word_1_519' title='bbox 578 3843 882 3914; x_wconf 82' lang='lat' dir='ltr'>prospicio,</span> <span class='ocrx_word' id='word_1_520' title='bbox 925 3848 1058 3897; x_wconf 87' lang='lat' dir='ltr'>tunc</span> <span class='ocrx_word' id='word_1_521' title='bbox 1086 3845 1284 3909; x_wconf 83' lang='lat' dir='ltr'>faciem</span> <span class='ocrx_word' id='word_1_522' title='bbox 1316 3848 1463 3897; x_wconf 83' lang='lat' dir='ltr'>tuam</span> <span class='ocrx_word' id='word_1_523' title='bbox 1494 3843 1718 3897; x_wconf 88' lang='lat' dir='ltr'>ostendi</span> <span class='ocrx_word' id='word_1_524' title='bbox 1766 3844 1920 3899; x_wconf 74' lang='lat' dir='ltr'>resti-</span> 
     </span>
    </p>
   </div>
   <div class='ocr_carea' id='block_1_72' title="bbox 224 3931 1923 4003">
    <p class='ocr_par' dir='ltr' id='par_1_72' title="bbox 224 3931 1923 4003">
     <span class='ocr_line' id='line_1_72' title="bbox 224 3931 1923 4003; baseline -0.001 -15"><span class='ocrx_word' id='word_1_525' title='bbox 224 3950 342 3999; x_wconf 92' lang='lat' dir='ltr'>mo,</span> <span class='ocrx_word' id='word_1_526' title='bbox 419 3948 549 3986; x_wconf 91' lang='lat' dir='ltr'>cum</span> <span class='ocrx_word' id='word_1_527' title='bbox 632 3932 863 3985; x_wconf 89' lang='lat' dir='ltr'>utilitati</span> <span class='ocrx_word' id='word_1_528' title='bbox 921 3933 1313 4003; x_wconf 86' lang='lat' dir='ltr'>proximorum</span> <span class='ocrx_word' id='word_1_529' title='bbox 1360 3931 1576 3985; x_wconf 89' lang='lat' dir='ltr'>bonam</span> <span class='ocrx_word' id='word_1_530' title='bbox 1634 3932 1923 3987; x_wconf 89' lang='lat' dir='ltr'>actionem</span> 
     </span>
    </p>
   </div>
   <div class='ocr_carea' id='block_1_73' title="bbox 223 4020 793 4075">
    <p class='ocr_par' dir='ltr' id='par_1_73' title="bbox 223 4020 793 4075">
     <span class='ocr_line' id='line_1_73' title="bbox 223 4020 793 4075; baseline -0.002 0"><span class='ocrx_word' id='word_1_531' title='bbox 223 4020 448 4075; x_wconf 90' lang='lat' dir='ltr'>ostendi</span> <span class='ocrx_word' id='word_1_532' title='bbox 479 4020 793 4074; x_wconf 90' lang='lat' dir='ltr'>considero.</span> 
     </span>
    </p>
   </div>
   <div class='ocr_carea' id='block_1_74' title="bbox 294 4105 1920 4175">
    <p class='ocr_par' dir='ltr' id='par_1_74' title="bbox 294 4105 1920 4175">
     <span class='ocr_line' id='line_1_74' title="bbox 294 4105 1920 4175; baseline 0 -12"><span class='ocrx_word' id='word_1_533' title='bbox 294 4107 539 4163; x_wconf 78' lang='lat' dir='ltr'>Auribus</span> <span class='ocrx_word' id='word_1_534' title='bbox 564 4109 713 4161; x_wconf 86' lang='lat' dir='ltr'>meis.</span> <span class='ocrx_word' id='word_1_535' title='bbox 755 4108 878 4161; x_wconf 81' lang='lat' dir='ltr'>Non</span> <span class='ocrx_word' id='word_1_536' title='bbox 910 4106 1130 4172; x_wconf 90' lang='lat' dir='ltr'>alienis,</span> <span class='ocrx_word' id='word_1_537' title='bbox 1163 4105 1219 4161; x_wconf 91' lang='lat' dir='ltr'>id</span> <span class='ocrx_word' id='word_1_538' title='bbox 1279 4110 1382 4173; x_wconf 88' lang='lat' dir='ltr'>est,</span> <span class='ocrx_word' id='word_1_539' title='bbox 1424 4123 1566 4161; x_wconf 65' lang='lat' dir='ltr'>mea:</span> <span class='ocrx_word' id='word_1_540' title='bbox 1607 4108 1920 4175; x_wconf 89' lang='lat' dir='ltr'>dilectioni,</span> 
     </span>
    </p>
   </div>
   <div class='ocr_carea' id='block_1_75' title="bbox 221 4195 1923 4264">
    <p class='ocr_par' dir='ltr' id='par_1_75' title="bbox 221 4195 1923 4264">
     <span class='ocr_line' id='line_1_75' title="bbox 221 4195 1923 4264; baseline 0.001 -14"><span class='ocrx_word' id='word_1_541' title='bbox 221 4212 341 4250; x_wconf 88' lang='lat' dir='ltr'>non</span> <span class='ocrx_word' id='word_1_542' title='bbox 372 4195 542 4248; x_wconf 88' lang='lat' dir='ltr'>alicui</span> <span class='ocrx_word' id='word_1_543' title='bbox 574 4201 821 4259; x_wconf 89' lang='lat' dir='ltr'>terreno,</span> <span class='ocrx_word' id='word_1_544' title='bbox 857 4201 911 4247; x_wconf 91' lang='lat' dir='ltr'>et</span> <span class='ocrx_word' id='word_1_545' title='bbox 943 4211 1084 4263; x_wconf 88' lang='lat' dir='ltr'>opus</span> <span class='ocrx_word' id='word_1_546' title='bbox 1131 4201 1185 4248; x_wconf 91' lang='lat' dir='ltr'>et</span> <span class='ocrx_word' id='word_1_547' title='bbox 1230 4211 1425 4248; x_wconf 88' lang='lat' dir='ltr'>vocem</span> <span class='ocrx_word' id='word_1_548' title='bbox 1469 4196 1747 4264; x_wconf 86' lang='lat' dir='ltr'>expende.</span> <span class='ocrx_word' id='word_1_549' title='bbox 1806 4199 1923 4251; x_wconf 69' lang='lat' dir='ltr'>Vox</span> 
     </span>
    </p>
   </div>
   <div class='ocr_carea' id='block_1_76' title="bbox 221 4283 1928 4355">
    <p class='ocr_par' dir='ltr' id='par_1_76' title="bbox 221 4283 1928 4355">
     <span class='ocr_line' id='line_1_76' title="bbox 221 4283 1928 4355; baseline 0.001 -18"><span class='ocrx_word' id='word_1_550' title='bbox 221 4287 368 4338; x_wconf 85' lang='lat' dir='ltr'>enim</span> <span class='ocrx_word' id='word_1_551' title='bbox 386 4289 501 4337; x_wconf 76' lang='lat' dir='ltr'>tua.</span> <span class='ocrx_word' id='word_1_552' title='bbox 551 4284 674 4337; x_wconf 84' lang='lat' dir='ltr'>Non</span> <span class='ocrx_word' id='word_1_553' title='bbox 708 4283 912 4348; x_wconf 82' lang='lat' dir='ltr'>aliena,</span> <span class='ocrx_word' id='word_1_554' title='bbox 948 4284 1043 4335; x_wconf 91' lang='lat' dir='ltr'>sed</span> <span class='ocrx_word' id='word_1_555' title='bbox 1068 4300 1152 4347; x_wconf 91' lang='lat' dir='ltr'>ea,</span> <span class='ocrx_word' id='word_1_556' title='bbox 1190 4299 1360 4353; x_wconf 87' lang='lat' dir='ltr'>quam</span> <span class='ocrx_word' id='word_1_557' title='bbox 1415 4283 1474 4336; x_wconf 92' lang='lat' dir='ltr'>in</span> <span class='ocrx_word' id='word_1_558' title='bbox 1498 4284 1587 4337; x_wconf 89' lang='lat' dir='ltr'>die</span> <span class='ocrx_word' id='word_1_559' title='bbox 1616 4285 1928 4355; x_wconf 88' lang='lat' dir='ltr'>desponsa-</span> 
     </span>
    </p>
   </div>
   <div class='ocr_carea' id='block_1_77' title="bbox 221 4371 1245 4441">
    <p class='ocr_par' dir='ltr' id='par_1_77' title="bbox 221 4371 1245 4441">
     <span class='ocr_line' id='line_1_77' title="bbox 221 4371 1245 4441; baseline -0.001 -15"><span class='ocrx_word' id='word_1_560' title='bbox 221 4371 397 4426; x_wconf 90' lang='lat' dir='ltr'>tionis</span> <span class='ocrx_word' id='word_1_561' title='bbox 426 4376 481 4424; x_wconf 91' lang='lat' dir='ltr'>et</span> <span class='ocrx_word' id='word_1_562' title='bbox 510 4371 652 4424; x_wconf 90' lang='lat' dir='ltr'>mihi</span> <span class='ocrx_word' id='word_1_563' title='bbox 683 4371 889 4424; x_wconf 87' lang='lat' dir='ltr'>servire</span> <span class='ocrx_word' id='word_1_564' title='bbox 914 4371 1245 4441; x_wconf 71' lang='lat' dir='ltr'>promisisti.</span> 
     </span>
    </p>
   </div>
   <div class='ocr_carea' id='block_1_78' title="bbox 296 4459 1925 4528">
    <p class='ocr_par' dir='ltr' id='par_1_78' title="bbox 296 4459 1925 4528">
     <span class='ocr_line' id='line_1_78' title="bbox 296 4459 1925 4528; baseline 0.003 -17"><span class='ocrx_word' id='word_1_565' title='bbox 296 4462 576 4514; x_wconf 75' lang='lat' dir='ltr'>Vens.15.</span> <span class='ocrx_word' id='word_1_566' title='bbox 610 4488 679 4499; x_wconf 89' lang='grc'><strong><em>-</em></strong></span> <span class='ocrx_word' id='word_1_567' title='bbox 738 4462 935 4528; x_wconf 86' lang='lat' dir='ltr'>Capite</span> <span class='ocrx_word' id='word_1_568' title='bbox 991 4460 1163 4513; x_wconf 81' lang='lat' dir='ltr'>nobis.</span> <span class='ocrx_word' id='word_1_569' title='bbox 1223 4459 1506 4525; x_wconf 90' lang='lat' dir='ltr'>Quoniam</span> <span class='ocrx_word' id='word_1_570' title='bbox 1552 4477 1667 4515; x_wconf 90' lang='lat' dir='ltr'>non</span> <span class='ocrx_word' id='word_1_571' title='bbox 1717 4462 1925 4516; x_wconf 89' lang='lat' dir='ltr'>sufﬁcit</span> 
     </span>
    </p>
   </div>
   <div class='ocr_carea' id='block_1_79' title="bbox 219 4547 1920 4619">
    <p class='ocr_par' dir='ltr' id='par_1_79' title="bbox 219 4547 1920 4619">
     <span class='ocr_line' id='line_1_79' title="bbox 219 4547 1920 4619; baseline 0 -16"><span class='ocrx_word' id='word_1_572' title='bbox 219 4547 391 4603; x_wconf 86' lang='lat' dir='ltr'>nobis</span> <span class='ocrx_word' id='word_1_573' title='bbox 421 4547 596 4602; x_wconf 87' lang='lat' dir='ltr'>vitam</span> <span class='ocrx_word' id='word_1_574' title='bbox 646 4552 898 4601; x_wconf 89' lang='lat' dir='ltr'>nostram</span> <span class='ocrx_word' id='word_1_575' title='bbox 939 4548 1065 4600; x_wconf 88' lang='lat' dir='ltr'>aliis</span> <span class='ocrx_word' id='word_1_576' title='bbox 1096 4547 1156 4600; x_wconf 91' lang='lat' dir='ltr'>in</span> <span class='ocrx_word' id='word_1_577' title='bbox 1204 4548 1528 4618; x_wconf 84' lang='lat' dir='ltr'>exemplum</span> <span class='ocrx_word' id='word_1_578' title='bbox 1578 4565 1920 4619; x_wconf 86' lang='lat' dir='ltr'>proponere,</span> 
     </span>
    </p>
   </div>
   <div class='ocr_carea' id='block_1_80' title="bbox 221 4635 1925 4706">
    <p class='ocr_par' dir='ltr' id='par_1_80' title="bbox 221 4635 1925 4706">
     <span class='ocr_line' id='line_1_80' title="bbox 221 4635 1925 4706; baseline 0.001 -16"><span class='ocrx_word' id='word_1_579' title='bbox 221 4640 281 4692; x_wconf 86' lang='lat' dir='ltr'>et</span> <span class='ocrx_word' id='word_1_580' title='bbox 311 4636 523 4689; x_wconf 88' lang='lat' dir='ltr'>bonam</span> <span class='ocrx_word' id='word_1_581' title='bbox 564 4635 1029 4706; x_wconf 59' lang='lat' dir='ltr'>praedicationem</span> <span class='ocrx_word' id='word_1_582' title='bbox 1070 4636 1277 4702; x_wconf 88' lang='lat' dir='ltr'>facere,</span> <span class='ocrx_word' id='word_1_583' title='bbox 1328 4637 1438 4690; x_wconf 91' lang='lat' dir='ltr'>nisi</span> <span class='ocrx_word' id='word_1_584' title='bbox 1470 4637 1640 4691; x_wconf 89' lang='lat' dir='ltr'>etiam</span> <span class='ocrx_word' id='word_1_585' title='bbox 1669 4644 1925 4691; x_wconf 87' lang='lat' dir='ltr'>errantes</span> 
     </span>
    </p>
   </div>
   <div class='ocr_carea' id='block_1_81' title="bbox 219 4724 1925 4795">
    <p class='ocr_par' dir='ltr' id='par_1_81' title="bbox 219 4724 1925 4795">
     <span class='ocr_line' id='line_1_81' title="bbox 219 4724 1925 4795; baseline 0 -16"><span class='ocrx_word' id='word_1_586' title='bbox 219 4724 597 4795; x_wconf 86' lang='lat' dir='ltr'>corrigamus,</span> <span class='ocrx_word' id='word_1_587' title='bbox 650 4729 706 4778; x_wconf 91' lang='lat' dir='ltr'>et</span> <span class='ocrx_word' id='word_1_588' title='bbox 743 4724 1004 4778; x_wconf 88' lang='lat' dir='ltr'>inﬁrmos</span> <span class='ocrx_word' id='word_1_589' title='bbox 1053 4725 1124 4779; x_wconf 90' lang='lat' dir='ltr'>ab</span> <span class='ocrx_word' id='word_1_590' title='bbox 1171 4724 1396 4778; x_wconf 89' lang='lat' dir='ltr'>insidiis</span> <span class='ocrx_word' id='word_1_591' title='bbox 1442 4725 1686 4778; x_wconf 91' lang='lat' dir='ltr'>aliorum</span> <span class='ocrx_word' id='word_1_592' title='bbox 1723 4727 1925 4779; x_wconf 84' lang='lat' dir='ltr'>defen—</span> 
     </span>
    </p>
   </div>
   <div class='ocr_carea' id='block_1_82' title="bbox 221 4813 1923 4881">
    <p class='ocr_par' dir='ltr' id='par_1_82' title="bbox 221 4813 1923 4881">
     <span class='ocr_line' id='line_1_82' title="bbox 221 4813 1923 4881; baseline 0 -14"><span class='ocrx_word' id='word_1_593' title='bbox 221 4814 448 4875; x_wconf 88' lang='lat' dir='ltr'>damus,</span> <span class='ocrx_word' id='word_1_594' title='bbox 480 4818 629 4867; x_wconf 89' lang='lat' dir='ltr'>recte</span> <span class='ocrx_word' id='word_1_595' title='bbox 677 4813 888 4867; x_wconf 90' lang='lat' dir='ltr'>dicitur</span> <span class='ocrx_word' id='word_1_596' title='bbox 925 4816 1104 4881; x_wconf 84' lang='lat' dir='ltr'>capite</span> <span class='ocrx_word' id='word_1_597' title='bbox 1152 4830 1267 4866; x_wconf 90' lang='lat' dir='ltr'>non</span> <span class='ocrx_word' id='word_1_598' title='bbox 1319 4814 1478 4867; x_wconf 87' lang='lat' dir='ltr'>vobis</span> <span class='ocrx_word' id='word_1_599' title='bbox 1509 4815 1603 4867; x_wconf 87' lang='lat' dir='ltr'>sed</span> <span class='ocrx_word' id='word_1_600' title='bbox 1636 4815 1831 4880; x_wconf 88' lang='lat' dir='ltr'>nobis;</span> <span class='ocrx_word' id='word_1_601' title='bbox 1865 4815 1923 4868; x_wconf 91' lang='lat' dir='ltr'>in</span> 
     </span>
    </p>
   </div>
   <div class='ocr_carea' id='block_1_83' title="bbox 221 4900 1921 4967">
    <p class='ocr_par' dir='ltr' id='par_1_83' title="bbox 221 4900 1921 4967">
     <span class='ocr_line' id='line_1_83' title="bbox 221 4900 1921 4967; baseline 0.001 -11"><span class='ocrx_word' id='word_1_602' title='bbox 221 4902 335 4956; x_wconf 92' lang='lat' dir='ltr'>hoc</span> <span class='ocrx_word' id='word_1_603' title='bbox 386 4900 526 4955; x_wconf 90' lang='lat' dir='ltr'>mihi</span> <span class='ocrx_word' id='word_1_604' title='bbox 580 4900 735 4955; x_wconf 91' lang='lat' dir='ltr'>enim</span> <span class='ocrx_word' id='word_1_605' title='bbox 801 4902 1041 4967; x_wconf 84' lang='lat' dir='ltr'>servitis,</span> <span class='ocrx_word' id='word_1_606' title='bbox 1097 4901 1154 4954; x_wconf 92' lang='lat' dir='ltr'>in</span> <span class='ocrx_word' id='word_1_607' title='bbox 1210 4902 1317 4955; x_wconf 94' lang='lat' dir='ltr'>hoc</span> <span class='ocrx_word' id='word_1_608' title='bbox 1372 4917 1468 4955; x_wconf 90' lang='lat' dir='ltr'>vos</span> <span class='ocrx_word' id='word_1_609' title='bbox 1522 4903 1921 4957; x_wconf 87' lang='lat' dir='ltr'>remunerabo.</span> 
     </span>
    </p>
   </div>
   <div class='ocr_carea' id='block_1_84' title="bbox 224 4989 1928 5059">
    <p class='ocr_par' dir='ltr' id='par_1_84' title="bbox 224 4989 1928 5059">
     <span class='ocr_line' id='line_1_84' title="bbox 224 4989 1928 5059; baseline 0.001 -18"><span class='ocrx_word' id='word_1_610' title='bbox 224 4990 440 5059; x_wconf 88' lang='lat' dir='ltr'>Vulpes</span> <span class='ocrx_word' id='word_1_611' title='bbox 468 4990 526 5043; x_wconf 91' lang='lat' dir='ltr'>in</span> <span class='ocrx_word' id='word_1_612' title='bbox 548 4989 724 5043; x_wconf 90' lang='lat' dir='ltr'>foveis</span> <span class='ocrx_word' id='word_1_613' title='bbox 740 4990 1054 5058; x_wconf 88' lang='lat' dir='ltr'>adduntur,</span> <span class='ocrx_word' id='word_1_614' title='bbox 1076 4993 1132 5042; x_wconf 89' lang='lat' dir='ltr'>et</span> <span class='ocrx_word' id='word_1_615' title='bbox 1160 5006 1289 5043; x_wconf 92' lang='lat' dir='ltr'>cum</span> <span class='ocrx_word' id='word_1_616' title='bbox 1323 4990 1747 5059; x_wconf 89' lang='lat' dir='ltr'>apparuerient,</span> <span class='ocrx_word' id='word_1_617' title='bbox 1783 5006 1928 5043; x_wconf 67' lang='lat' dir='ltr'>nunv</span> 
     </span>
    </p>
   </div>
   <div class='ocr_carea' id='block_1_85' title="bbox 226 5078 1927 5148">
    <p class='ocr_par' dir='ltr' id='par_1_85' title="bbox 226 5078 1927 5148">
     <span class='ocr_line' id='line_1_85' title="bbox 226 5078 1927 5148; baseline 0.001 -18"><span class='ocrx_word' id='word_1_618' title='bbox 226 5093 406 5148; x_wconf 89' lang='lat' dir='ltr'>quam</span> <span class='ocrx_word' id='word_1_619' title='bbox 440 5078 669 5133; x_wconf 87' lang='lat' dir='ltr'>directis</span> <span class='ocrx_word' id='word_1_620' title='bbox 704 5078 1004 5131; x_wconf 90' lang='lat' dir='ltr'>itineribus</span> <span class='ocrx_word' id='word_1_621' title='bbox 1036 5082 1293 5142; x_wconf 88' lang='lat' dir='ltr'>currunt,</span> <span class='ocrx_word' id='word_1_622' title='bbox 1336 5078 1415 5131; x_wconf 91' lang='lat' dir='ltr'>sic</span> <span class='ocrx_word' id='word_1_623' title='bbox 1472 5078 1737 5131; x_wconf 72' lang='lat' dir='ltr'>haeretici.</span> <span class='ocrx_word' id='word_1_624' title='bbox 1791 5080 1927 5133; x_wconf 80' lang='lat' dir='ltr'>Nam</span> 
     </span>
    </p>
   </div>
   <div class='ocr_carea' id='block_1_86' title="bbox 218 5166 1925 5236">
    <p class='ocr_par' dir='ltr' id='par_1_86' title="bbox 218 5166 1925 5236">
     <span class='ocr_line' id='line_1_86' title="bbox 218 5166 1925 5236; baseline -0.001 -15"><span class='ocrx_word' id='word_1_625' title='bbox 218 5168 388 5221; x_wconf 77' lang='lat' dir='ltr'>vinea</span> <span class='ocrx_word' id='word_1_626' title='bbox 426 5172 635 5221; x_wconf 81' lang='lat' dir='ltr'>nostra.</span> <span class='ocrx_word' id='word_1_627' title='bbox 697 5168 957 5227; x_wconf 83' lang='lat' dir='ltr'>Pulchre,</span> <span class='ocrx_word' id='word_1_628' title='bbox 988 5183 1115 5220; x_wconf 90' lang='lat' dir='ltr'>cum</span> <span class='ocrx_word' id='word_1_629' title='bbox 1163 5182 1336 5236; x_wconf 88' lang='lat' dir='ltr'>supra</span> <span class='ocrx_word' id='word_1_630' title='bbox 1360 5168 1544 5220; x_wconf 77' lang='lat' dir='ltr'>vincas</span> <span class='ocrx_word' id='word_1_631' title='bbox 1572 5166 1778 5235; x_wconf 82' lang='lat' dir='ltr'>plurali</span> <span class='ocrx_word' id='word_1_632' title='bbox 1820 5182 1925 5219; x_wconf 88' lang='lat' dir='ltr'>nu-</span> 
     </span>
    </p>
   </div>
   <div class='ocr_carea' id='block_1_87' title="bbox 223 5254 1930 5325">
    <p class='ocr_par' dir='ltr' id='par_1_87' title="bbox 223 5254 1930 5325">
     <span class='ocr_line' id='line_1_87' title="bbox 223 5254 1930 5325; baseline -0.001 -17"><span class='ocrx_word' id='word_1_633' title='bbox 223 5270 413 5320; x_wconf 90' lang='lat' dir='ltr'>mero,</span> <span class='ocrx_word' id='word_1_634' title='bbox 446 5255 536 5308; x_wconf 93' lang='lat' dir='ltr'>hic</span> <span class='ocrx_word' id='word_1_635' title='bbox 569 5256 939 5324; x_wconf 88' lang='lat' dir='ltr'>singulariter</span> <span class='ocrx_word' id='word_1_636' title='bbox 966 5258 1146 5322; x_wconf 82' lang='lat' dir='ltr'>vinea,</span> <span class='ocrx_word' id='word_1_637' title='bbox 1201 5254 1336 5325; x_wconf 88' lang='lat' dir='ltr'>quia</span> <span class='ocrx_word' id='word_1_638' title='bbox 1367 5256 1561 5307; x_wconf 61' lang='lat' dir='ltr'>multa;</span> <span class='ocrx_word' id='word_1_639' title='bbox 1612 5255 1789 5308; x_wconf 76' lang='lat' dir='ltr'>vineae</span> <span class='ocrx_word' id='word_1_640' title='bbox 1829 5270 1930 5324; x_wconf 89' lang='lat' dir='ltr'>per</span> 
     </span>
    </p>
   </div>
   <div class='ocr_carea' id='block_1_88' title="bbox 225 5342 1926 5414">
    <p class='ocr_par' dir='ltr' id='par_1_88' title="bbox 225 5342 1926 5414">
     <span class='ocr_line' id='line_1_88' title="bbox 225 5342 1926 5414; baseline -0.001 -17"><span class='ocrx_word' id='word_1_641' title='bbox 225 5342 408 5397; x_wconf 84' lang='lat' dir='ltr'>ﬁdem</span> <span class='ocrx_word' id='word_1_642' title='bbox 441 5348 497 5396; x_wconf 91' lang='lat' dir='ltr'>et</span> <span class='ocrx_word' id='word_1_643' title='bbox 526 5343 861 5397; x_wconf 88' lang='lat' dir='ltr'>charitatem</span> <span class='ocrx_word' id='word_1_644' title='bbox 894 5359 1068 5398; x_wconf 88' lang='lat' dir='ltr'>unam</span> <span class='ocrx_word' id='word_1_645' title='bbox 1104 5360 1116 5397; x_wconf 92' lang='lat'>:</span> <span class='ocrx_word' id='word_1_646' title='bbox 1152 5348 1208 5397; x_wconf 90' lang='lat' dir='ltr'>et</span> <span class='ocrx_word' id='word_1_647' title='bbox 1237 5343 1366 5397; x_wconf 91' lang='lat' dir='ltr'>ideo</span> <span class='ocrx_word' id='word_1_648' title='bbox 1404 5346 1537 5396; x_wconf 88' lang='lat' dir='ltr'>sunt</span> <span class='ocrx_word' id='word_1_649' title='bbox 1585 5342 1926 5414; x_wconf 84' lang='lat' dir='ltr'>expellendi,</span> 
     </span>
    </p>
   </div>
   <div class='ocr_carea' id='block_1_89' title="bbox 226 5430 1489 5505">
    <p class='ocr_par' dir='ltr' id='par_1_89' title="bbox 226 5430 1489 5505">
     <span class='ocr_line' id='line_1_89' title="bbox 226 5430 1489 5505; baseline 0.001 -22"><span class='ocrx_word' id='word_1_650' title='bbox 226 5430 370 5503; x_wconf 84' lang='lat' dir='ltr'>quia</span> <span class='ocrx_word' id='word_1_651' title='bbox 400 5446 524 5485; x_wconf 89' lang='lat' dir='ltr'>eam</span> <span class='ocrx_word' id='word_1_652' title='bbox 554 5433 756 5486; x_wconf 89' lang='lat' dir='ltr'>volunt</span> <span class='ocrx_word' id='word_1_653' title='bbox 787 5449 888 5505; x_wconf 90' lang='lat' dir='ltr'>per</span> <span class='ocrx_word' id='word_1_654' title='bbox 926 5434 1172 5487; x_wconf 67' lang='lat' dir='ltr'>haereses</span> <span class='ocrx_word' id='word_1_655' title='bbox 1210 5432 1489 5486; x_wconf 88' lang='lat' dir='ltr'>scindere.</span> 
     </span>
    </p>
   </div>
   <div class='ocr_carea' id='block_1_90' title="bbox 309 5519 1923 5584">
    <p class='ocr_par' dir='ltr' id='par_1_90' title="bbox 309 5519 1923 5584">
     <span class='ocr_line' id='line_1_90' title="bbox 309 5519 1923 5584; baseline 0.001 -15"><span class='ocrx_word' id='word_1_656' title='bbox 309 5521 465 5573; x_wconf 73' lang='lat' dir='ltr'>Vens.</span> <span class='ocrx_word' id='word_1_657' title='bbox 500 5522 582 5574; x_wconf 87' lang='grc'><strong>16.</strong></span> <span class='ocrx_word' id='word_1_658' title='bbox 616 5549 687 5560; x_wconf 94' lang='grc'><strong><em>-</em></strong></span> <span class='ocrx_word' id='word_1_659' title='bbox 710 5522 942 5575; x_wconf 79' lang='lat' dir='ltr'>Dilectus</span> <span class='ocrx_word' id='word_1_660' title='bbox 972 5536 1119 5575; x_wconf 73' lang='lat' dir='ltr'>meus</span> <span class='ocrx_word' id='word_1_661' title='bbox 1150 5522 1301 5574; x_wconf 82' lang='lat' dir='ltr'>mihi.</span> <span class='ocrx_word' id='word_1_662' title='bbox 1336 5520 1455 5574; x_wconf 87' lang='lat' dir='ltr'>Tali</span> <span class='ocrx_word' id='word_1_663' title='bbox 1477 5519 1669 5573; x_wconf 74' lang='lat' dir='ltr'>aifatui</span> <span class='ocrx_word' id='word_1_664' title='bbox 1712 5519 1923 5584; x_wconf 89' lang='lat' dir='ltr'>dilecti,</span> 
     </span>
    </p>
   </div>
   <div class='ocr_carea' id='block_1_91' title="bbox 2035 3046 3723 3117">
    <p class='ocr_par' dir='ltr' id='par_1_91' title="bbox 2035 3046 3723 3117">
     <span class='ocr_line' id='line_1_91' title="bbox 2035 3046 3723 3117; baseline -0.002 -15"><span class='ocrx_word' id='word_1_665' title='bbox 2035 3065 2149 3103; x_wconf 91' lang='lat' dir='ltr'>non</span> <span class='ocrx_word' id='word_1_666' title='bbox 2180 3049 2481 3114; x_wconf 87' lang='lat' dir='ltr'>sufﬁciam,</span> <span class='ocrx_word' id='word_1_667' title='bbox 2508 3049 2759 3115; x_wconf 87' lang='lat' dir='ltr'>obsecro,</span> <span class='ocrx_word' id='word_1_668' title='bbox 2791 3048 3013 3101; x_wconf 84' lang='lat' dir='ltr'>illustra</span> <span class='ocrx_word' id='word_1_669' title='bbox 3045 3046 3349 3117; x_wconf 86' lang='lat' dir='ltr'>perfectius</span> <span class='ocrx_word' id='word_1_670' title='bbox 3390 3062 3487 3099; x_wconf 93' lang='lat' dir='ltr'>cor</span> <span class='ocrx_word' id='word_1_671' title='bbox 3536 3060 3723 3099; x_wconf 90' lang='lat' dir='ltr'>meum</span> 
     </span>
    </p>
   </div>
   <div class='ocr_carea' id='block_1_92' title="bbox 2034 3138 3370 3209">
    <p class='ocr_par' dir='ltr' id='par_1_92' title="bbox 2034 3138 3370 3209">
     <span class='ocr_line' id='line_1_92' title="bbox 2034 3138 3370 3209; baseline -0.001 -17"><span class='ocrx_word' id='word_1_672' title='bbox 2034 3144 2092 3192; x_wconf 90' lang='lat' dir='ltr'>et</span> <span class='ocrx_word' id='word_1_673' title='bbox 2116 3139 2284 3193; x_wconf 91' lang='lat' dir='ltr'>corda</span> <span class='ocrx_word' id='word_1_674' title='bbox 2315 3139 2544 3193; x_wconf 91' lang='lat' dir='ltr'>illorum</span> <span class='ocrx_word' id='word_1_675' title='bbox 2571 3138 2778 3209; x_wconf 90' lang='lat' dir='ltr'>quibus</span> <span class='ocrx_word' id='word_1_676' title='bbox 2806 3138 3190 3209; x_wconf 64' lang='lat' dir='ltr'>przedicatura</span> <span class='ocrx_word' id='word_1_677' title='bbox 3221 3152 3370 3191; x_wconf 90' lang='lat' dir='ltr'>sum.</span> 
     </span>
    </p>
   </div>
   <div class='ocr_carea' id='block_1_93' title="bbox 2706 3280 3055 3335">
    <p class='ocr_par' dir='ltr' id='par_1_93' title="bbox 2706 3280 3055 3335">
     <span class='ocr_line' id='line_1_93' title="bbox 2706 3280 3055 3335; baseline 0 -1"><span class='ocrx_word' id='word_1_678' title='bbox 2706 3280 2930 3335; x_wconf 82' lang='lat' dir='ltr'>CAPUT</span> <span class='ocrx_word' id='word_1_679' title='bbox 2961 3280 3055 3334; x_wconf 85' lang='grc' dir='ltr'>ΙΙΙ.</span> 
     </span>
    </p>
   </div>
   <div class='ocr_carea' id='block_1_94' title="bbox 2104 3402 3730 3473">
    <p class='ocr_par' dir='ltr' id='par_1_94' title="bbox 2104 3402 3730 3473">
     <span class='ocr_line' id='line_1_94' title="bbox 2104 3402 3730 3473; baseline 0.002 -19"><span class='ocrx_word' id='word_1_680' title='bbox 2104 3403 2259 3457; x_wconf 73' lang='lat' dir='ltr'>Vens.</span> <span class='ocrx_word' id='word_1_681' title='bbox 2300 3407 2346 3469; x_wconf 94' lang='grc'>1,</span> <span class='ocrx_word' id='word_1_682' title='bbox 2397 3407 2450 3458; x_wconf 82' lang='lat'>&#39;2.</span> <span class='ocrx_word' id='word_1_683' title='bbox 2489 3432 2549 3442; x_wconf 91' lang='lat'><strong>—</strong></span> <span class='ocrx_word' id='word_1_684' title='bbox 2583 3405 2647 3457; x_wconf 84' lang='lat' dir='ltr'>In</span> <span class='ocrx_word' id='word_1_685' title='bbox 2707 3404 2916 3457; x_wconf 86' lang='lat' dir='ltr'>lectulo.</span> <span class='ocrx_word' id='word_1_686' title='bbox 2969 3403 3274 3459; x_wconf 89' lang='lat' dir='ltr'>Orantibus</span> <span class='ocrx_word' id='word_1_687' title='bbox 3329 3402 3730 3473; x_wconf 60' lang='lat' dir='ltr'>praedicatori-</span> 
     </span>
    </p>
   </div>
   <div class='ocr_carea' id='block_1_95' title="bbox 2036 3491 3731 3563">
    <p class='ocr_par' dir='ltr' id='par_1_95' title="bbox 2036 3491 3731 3563">
     <span class='ocr_line' id='line_1_95' title="bbox 2036 3491 3731 3563; baseline 0.001 -17"><span class='ocrx_word' id='word_1_688' title='bbox 2036 3493 2140 3546; x_wconf 90' lang='lat' dir='ltr'>bus</span> <span class='ocrx_word' id='word_1_689' title='bbox 2166 3493 2234 3546; x_wconf 92' lang='lat' dir='ltr'>de</span> <span class='ocrx_word' id='word_1_690' title='bbox 2262 3493 2477 3557; x_wconf 64' lang='lat' dir='ltr'>Judaza,</span> <span class='ocrx_word' id='word_1_691' title='bbox 2511 3508 2636 3545; x_wconf 89' lang='lat' dir='ltr'>ecce</span> <span class='ocrx_word' id='word_1_692' title='bbox 2666 3492 2959 3563; x_wconf 88' lang='lat' dir='ltr'>gentilitas</span> <span class='ocrx_word' id='word_1_693' title='bbox 2989 3492 3199 3562; x_wconf 84' lang='lat' dir='ltr'>Spiritu</span> <span class='ocrx_word' id='word_1_694' title='bbox 3221 3491 3413 3546; x_wconf 91' lang='lat' dir='ltr'>divino</span> <span class='ocrx_word' id='word_1_695' title='bbox 3443 3491 3635 3546; x_wconf 80' lang='lat' dir='ltr'>afﬂata</span> <span class='ocrx_word' id='word_1_696' title='bbox 3658 3493 3731 3547; x_wconf 88' lang='lat' dir='ltr'>ad</span> 
     </span>
    </p>
   </div>
   <div class='ocr_carea' id='block_1_96' title="bbox 2034 3579 3729 3652">
    <p class='ocr_par' dir='ltr' id='par_1_96' title="bbox 2034 3579 3729 3652">
     <span class='ocr_line' id='line_1_96' title="bbox 2034 3579 3729 3652; baseline -0.001 -18"><span class='ocrx_word' id='word_1_697' title='bbox 2034 3582 2388 3652; x_wconf 85' lang='lat' dir='ltr'>agnitionem</span> <span class='ocrx_word' id='word_1_698' title='bbox 2420 3597 2537 3635; x_wconf 76' lang='lat' dir='ltr'>suae</span> <span class='ocrx_word' id='word_1_699' title='bbox 2586 3581 2782 3634; x_wconf 87' lang='lat' dir='ltr'>salutis</span> <span class='ocrx_word' id='word_1_700' title='bbox 2834 3582 3077 3647; x_wconf 87' lang='lat' dir='ltr'>advenit,</span> <span class='ocrx_word' id='word_1_701' title='bbox 3135 3587 3191 3634; x_wconf 88' lang='lat' dir='ltr'>et</span> <span class='ocrx_word' id='word_1_702' title='bbox 3242 3579 3530 3633; x_wconf 69' lang='lat' dir='ltr'>inveniam</span> <span class='ocrx_word' id='word_1_703' title='bbox 3562 3579 3729 3634; x_wconf 88' lang='lat' dir='ltr'>ﬁrmo</span> 
     </span>
    </p>
   </div>
   <div class='ocr_carea' id='block_1_97' title="bbox 2036 3668 3731 3738">
    <p class='ocr_par' dir='ltr' id='par_1_97' title="bbox 2036 3668 3731 3738">
     <span class='ocr_line' id='line_1_97' title="bbox 2036 3668 3731 3738; baseline -0.001 -15"><span class='ocrx_word' id='word_1_704' title='bbox 2036 3686 2230 3723; x_wconf 83' lang='lat' dir='ltr'>amore</span> <span class='ocrx_word' id='word_1_705' title='bbox 2262 3675 2437 3724; x_wconf 85' lang='lat' dir='ltr'>tenet.</span> <span class='ocrx_word' id='word_1_706' title='bbox 2476 3669 2632 3723; x_wconf 90' lang='lat' dir='ltr'>Unde</span> <span class='ocrx_word' id='word_1_707' title='bbox 2663 3669 2921 3738; x_wconf 90' lang='lat' dir='ltr'>sequitur</span> <span class='ocrx_word' id='word_1_708' title='bbox 2955 3685 2968 3722; x_wconf 92' lang='lat'><strong>:</strong></span> <span class='ocrx_word' id='word_1_709' title='bbox 3010 3670 3121 3722; x_wconf 83' lang='lat' dir='ltr'>Vox</span> <span class='ocrx_word' id='word_1_710' title='bbox 3154 3669 3276 3737; x_wconf 89' lang='lat' dir='ltr'>ejus</span> <span class='ocrx_word' id='word_1_711' title='bbox 3311 3669 3477 3737; x_wconf 87' lang='lat' dir='ltr'>plene</span> <span class='ocrx_word' id='word_1_712' title='bbox 3520 3668 3731 3721; x_wconf 91' lang='lat' dir='ltr'>intran-</span> 
     </span>
    </p>
   </div>
   <div class='ocr_carea' id='block_1_98' title="bbox 2034 3755 3731 3824">
    <p class='ocr_par' dir='ltr' id='par_1_98' title="bbox 2034 3755 3731 3824">
     <span class='ocr_line' id='line_1_98' title="bbox 2034 3755 3731 3824; baseline -0.001 -13"><span class='ocrx_word' id='word_1_713' title='bbox 2034 3758 2124 3812; x_wconf 84' lang='lat' dir='ltr'>tis.</span> <span class='ocrx_word' id='word_1_714' title='bbox 2160 3760 2223 3811; x_wconf 87' lang='lat' dir='ltr'>In</span> <span class='ocrx_word' id='word_1_715' title='bbox 2268 3758 2476 3810; x_wconf 85' lang='lat' dir='ltr'>lectulo.</span> <span class='ocrx_word' id='word_1_716' title='bbox 2528 3756 2741 3824; x_wconf 56' lang='lat' dir='ltr'>(Caua)</span> <span class='ocrx_word' id='word_1_717' title='bbox 2773 3755 3058 3808; x_wconf 83' lang='lat' dir='ltr'>Moraliter</span> <span class='ocrx_word' id='word_1_718' title='bbox 3099 3756 3370 3808; x_wconf 89' lang='lat' dir='ltr'>lectulum</span> <span class='ocrx_word' id='word_1_719' title='bbox 3404 3755 3512 3808; x_wconf 88' lang='lat' dir='ltr'>sibi</span> <span class='ocrx_word' id='word_1_720' title='bbox 3540 3762 3731 3809; x_wconf 88' lang='lat' dir='ltr'>sancta</span> 
     </span>
    </p>
   </div>
   <div class='ocr_carea' id='block_1_99' title="bbox 2035 3842 3729 3911">
    <p class='ocr_par' dir='ltr' id='par_1_99' title="bbox 2035 3842 3729 3911">
     <span class='ocr_line' id='line_1_99' title="bbox 2035 3842 3729 3911; baseline -0.002 -12"><span class='ocrx_word' id='word_1_721' title='bbox 2035 3845 2227 3899; x_wconf 87' lang='lat' dir='ltr'>anima</span> <span class='ocrx_word' id='word_1_722' title='bbox 2274 3844 2335 3897; x_wconf 89' lang='lat' dir='ltr'>in</span> <span class='ocrx_word' id='word_1_723' title='bbox 2378 3848 2544 3897; x_wconf 89' lang='lat' dir='ltr'>nocte</span> <span class='ocrx_word' id='word_1_724' title='bbox 2574 3844 2761 3905; x_wconf 87' lang='lat' dir='ltr'>faciet,</span> <span class='ocrx_word' id='word_1_725' title='bbox 2803 3844 2939 3897; x_wconf 91' lang='lat' dir='ltr'>dum</span> <span class='ocrx_word' id='word_1_726' title='bbox 2972 3859 3169 3896; x_wconf 90' lang='lat' dir='ltr'>omnes</span> <span class='ocrx_word' id='word_1_727' title='bbox 3199 3842 3398 3896; x_wconf 91' lang='lat' dir='ltr'>mundi</span> <span class='ocrx_word' id='word_1_728' title='bbox 3432 3844 3729 3911; x_wconf 87' lang='lat' dir='ltr'>perturba-</span> 
     </span>
    </p>
   </div>
   <div class='ocr_carea' id='block_1_100' title="bbox 2032 3931 3728 4001">
    <p class='ocr_par' dir='ltr' id='par_1_100' title="bbox 2032 3931 3728 4001">
     <span class='ocr_line' id='line_1_100' title="bbox 2032 3931 3728 4001; baseline -0.001 -14"><span class='ocrx_word' id='word_1_729' title='bbox 2032 3934 2219 3987; x_wconf 91' lang='lat' dir='ltr'>tiones</span> <span class='ocrx_word' id='word_1_730' title='bbox 2275 3932 2521 4001; x_wconf 86' lang='lat' dir='ltr'>fugiens,</span> <span class='ocrx_word' id='word_1_731' title='bbox 2570 3938 2872 3997; x_wconf 91' lang='lat' dir='ltr'>secretum,</span> <span class='ocrx_word' id='word_1_732' title='bbox 2926 3932 2984 3983; x_wconf 90' lang='lat' dir='ltr'>in</span> <span class='ocrx_word' id='word_1_733' title='bbox 3038 3948 3150 4000; x_wconf 90' lang='lat' dir='ltr'>quo</span> <span class='ocrx_word' id='word_1_734' title='bbox 3208 3931 3533 4001; x_wconf 87' lang='lat' dir='ltr'>requiescit,</span> <span class='ocrx_word' id='word_1_735' title='bbox 3569 3948 3728 3985; x_wconf 90' lang='lat' dir='ltr'>com-</span> 
     </span>
    </p>
   </div>
   <div class='ocr_carea' id='block_1_101' title="bbox 2034 4018 3732 4093">
    <p class='ocr_par' dir='ltr' id='par_1_101' title="bbox 2034 4018 3732 4093">
     <span class='ocr_line' id='line_1_101' title="bbox 2034 4018 3732 4093; baseline -0.002 -18"><span class='ocrx_word' id='word_1_736' title='bbox 2034 4026 2215 4093; x_wconf 89' lang='lat' dir='ltr'>parat.</span> <span class='ocrx_word' id='word_1_737' title='bbox 2250 4022 2314 4075; x_wconf 90' lang='lat' dir='ltr'>Iu</span> <span class='ocrx_word' id='word_1_738' title='bbox 2363 4021 2469 4074; x_wconf 90' lang='lat' dir='ltr'>hoc</span> <span class='ocrx_word' id='word_1_739' title='bbox 2510 4019 2651 4072; x_wconf 87' lang='lat' dir='ltr'>lecto</span> <span class='ocrx_word' id='word_1_740' title='bbox 2705 4020 2972 4073; x_wconf 91' lang='lat' dir='ltr'>dilectum</span> <span class='ocrx_word' id='word_1_741' title='bbox 3027 4019 3231 4089; x_wconf 66' lang='lat' dir='ltr'>quierit</span> <span class='ocrx_word' id='word_1_742' title='bbox 3266 4036 3278 4073; x_wconf 92' lang='lat'><strong>:</strong></span> <span class='ocrx_word' id='word_1_743' title='bbox 3309 4019 3443 4088; x_wconf 89' lang='lat' dir='ltr'>quia</span> <span class='ocrx_word' id='word_1_744' title='bbox 3512 4018 3648 4071; x_wconf 92' lang='lat' dir='ltr'>dum</span> <span class='ocrx_word' id='word_1_745' title='bbox 3699 4034 3732 4071; x_wconf 89' lang='lat' dir='ltr'>a</span> 
     </span>
    </p>
   </div>
   <div class='ocr_carea' id='block_1_102' title="bbox 2034 4106 3728 4178">
    <p class='ocr_par' dir='ltr' id='par_1_102' title="bbox 2034 4106 3728 4178">
     <span class='ocr_line' id='line_1_102' title="bbox 2034 4106 3728 4178; baseline -0.002 -15"><span class='ocrx_word' id='word_1_746' title='bbox 2034 4108 2513 4163; x_wconf 89' lang='lat' dir='ltr'>sollicitudinibus</span> <span class='ocrx_word' id='word_1_747' title='bbox 2544 4114 2721 4176; x_wconf 87' lang='lat' dir='ltr'>vacat,</span> <span class='ocrx_word' id='word_1_748' title='bbox 2755 4107 2815 4160; x_wconf 90' lang='lat' dir='ltr'>iu</span> <span class='ocrx_word' id='word_1_749' title='bbox 2856 4109 2978 4176; x_wconf 84' lang='lat' dir='ltr'>ejus</span> <span class='ocrx_word' id='word_1_750' title='bbox 3013 4106 3385 4178; x_wconf 89' lang='lat' dir='ltr'>inquisitione</span> <span class='ocrx_word' id='word_1_751' title='bbox 3438 4106 3728 4177; x_wconf 90' lang='lat' dir='ltr'>quomodo</span> 
     </span>
    </p>
   </div>
   <div class='ocr_carea' id='block_1_103' title="bbox 2037 4195 3729 4267">
    <p class='ocr_par' dir='ltr' id='par_1_103' title="bbox 2037 4195 3729 4267">
     <span class='ocr_line' id='line_1_103' title="bbox 2037 4195 3729 4267; baseline -0.001 -16"><span class='ocrx_word' id='word_1_752' title='bbox 2037 4198 2107 4251; x_wconf 93' lang='lat' dir='ltr'>ad</span> <span class='ocrx_word' id='word_1_753' title='bbox 2158 4199 2321 4251; x_wconf 90' lang='lat' dir='ltr'>illum</span> <span class='ocrx_word' id='word_1_754' title='bbox 2368 4197 2660 4267; x_wconf 89' lang='lat' dir='ltr'>perveniat</span> <span class='ocrx_word' id='word_1_755' title='bbox 2706 4196 3057 4266; x_wconf 88' lang='lat' dir='ltr'>requiescit:</span> <span class='ocrx_word' id='word_1_756' title='bbox 3104 4195 3200 4249; x_wconf 90' lang='lat' dir='ltr'>sed</span> <span class='ocrx_word' id='word_1_757' title='bbox 3257 4196 3391 4249; x_wconf 91' lang='lat' dir='ltr'>dum</span> <span class='ocrx_word' id='word_1_758' title='bbox 3425 4196 3483 4249; x_wconf 92' lang='lat' dir='ltr'>in</span> <span class='ocrx_word' id='word_1_759' title='bbox 3517 4196 3729 4249; x_wconf 91' lang='lat' dir='ltr'>mundo</span> 
     </span>
    </p>
   </div>
   <div class='ocr_carea' id='block_1_104' title="bbox 2039 4284 3732 4355">
    <p class='ocr_par' dir='ltr' id='par_1_104' title="bbox 2039 4284 3732 4355">
     <span class='ocr_line' id='line_1_104' title="bbox 2039 4284 3732 4355; baseline -0.002 -14"><span class='ocrx_word' id='word_1_760' title='bbox 2039 4287 2191 4352; x_wconf 89' lang='lat' dir='ltr'>vivit,</span> <span class='ocrx_word' id='word_1_761' title='bbox 2254 4287 2516 4340; x_wconf 88' lang='lat' dir='ltr'>tenebras</span> <span class='ocrx_word' id='word_1_762' title='bbox 2582 4285 2783 4339; x_wconf 89' lang='lat' dir='ltr'>mundi</span> <span class='ocrx_word' id='word_1_763' title='bbox 2844 4302 2874 4338; x_wconf 90' lang='lat' dir='ltr'>a</span> <span class='ocrx_word' id='word_1_764' title='bbox 2933 4302 2991 4338; x_wconf 90' lang='lat' dir='ltr'>se</span> <span class='ocrx_word' id='word_1_765' title='bbox 3047 4286 3292 4355; x_wconf 86' lang='lat' dir='ltr'>perfecte</span> <span class='ocrx_word' id='word_1_766' title='bbox 3353 4301 3466 4338; x_wconf 90' lang='lat' dir='ltr'>non</span> <span class='ocrx_word' id='word_1_767' title='bbox 3522 4284 3732 4338; x_wconf 79' lang='lat' dir='ltr'>excutit</span> 
     </span>
    </p>
   </div>
   <div class='ocr_carea' id='block_1_105' title="bbox 2033 4373 3727 4447">
    <p class='ocr_par' dir='ltr' id='par_1_105' title="bbox 2033 4373 3727 4447">
     <span class='ocr_line' id='line_1_105' title="bbox 2033 4373 3727 4447; baseline -0.004 -16"><span class='ocrx_word' id='word_1_768' title='bbox 2033 4384 2088 4431; x_wconf 90' lang='lat' dir='ltr'>et</span> <span class='ocrx_word' id='word_1_769' title='bbox 2137 4380 2350 4447; x_wconf 89' lang='lat' dir='ltr'>quanto</span> <span class='ocrx_word' id='word_1_770' title='bbox 2397 4373 2625 4446; x_wconf 89' lang='lat' dir='ltr'>gravius</span> <span class='ocrx_word' id='word_1_771' title='bbox 2664 4374 2897 4443; x_wconf 89' lang='lat' dir='ltr'>patitur,</span> <span class='ocrx_word' id='word_1_772' title='bbox 2965 4392 3032 4428; x_wconf 91' lang='lat' dir='ltr'>eo</span> <span class='ocrx_word' id='word_1_773' title='bbox 3091 4374 3445 4445; x_wconf 86' lang='lat' dir='ltr'>frequentius</span> <span class='ocrx_word' id='word_1_774' title='bbox 3501 4374 3727 4443; x_wconf 64' lang='lat' dir='ltr'>quazrit,</span> 
     </span>
    </p>
   </div>
   <div class='ocr_carea' id='block_1_106' title="bbox 2032 4461 3731 4533">
    <p class='ocr_par' dir='ltr' id='par_1_106' title="bbox 2032 4461 3731 4533">
     <span class='ocr_line' id='line_1_106' title="bbox 2032 4461 3731 4533; baseline -0.004 -14"><span class='ocrx_word' id='word_1_775' title='bbox 2032 4470 2087 4519; x_wconf 92' lang='lat' dir='ltr'>et</span> <span class='ocrx_word' id='word_1_776' title='bbox 2141 4464 2453 4518; x_wconf 86' lang='lat' dir='ltr'>ferventius</span> <span class='ocrx_word' id='word_1_777' title='bbox 2506 4478 2658 4528; x_wconf 91' lang='lat' dir='ltr'>eum,</span> <span class='ocrx_word' id='word_1_778' title='bbox 2718 4478 2830 4533; x_wconf 89' lang='lat' dir='ltr'>quo</span> <span class='ocrx_word' id='word_1_779' title='bbox 2884 4463 3114 4516; x_wconf 89' lang='lat' dir='ltr'>invento</span> <span class='ocrx_word' id='word_1_780' title='bbox 3169 4463 3431 4516; x_wconf 84' lang='lat' dir='ltr'>tenebras</span> <span class='ocrx_word' id='word_1_781' title='bbox 3484 4461 3731 4530; x_wconf 88' lang='lat' dir='ltr'>amplius</span> 
     </span>
    </p>
   </div>
   <div class='ocr_carea' id='block_1_107' title="bbox 2032 4548 3727 4624">
    <p class='ocr_par' dir='ltr' id='par_1_107' title="bbox 2032 4548 3727 4624">
     <span class='ocr_line' id='line_1_107' title="bbox 2032 4548 3727 4624; baseline -0.005 -16"><span class='ocrx_word' id='word_1_782' title='bbox 2032 4570 2143 4608; x_wconf 90' lang='lat' dir='ltr'>non</span> <span class='ocrx_word' id='word_1_783' title='bbox 2179 4552 2447 4624; x_wconf 88' lang='lat' dir='ltr'>patiatur.</span> <span class='ocrx_word' id='word_1_784' title='bbox 2498 4550 2605 4605; x_wconf 91' lang='lat' dir='ltr'>Sed</span> <span class='ocrx_word' id='word_1_785' title='bbox 2645 4552 2781 4620; x_wconf 91' lang='lat' dir='ltr'>quia</span> <span class='ocrx_word' id='word_1_786' title='bbox 2826 4551 2884 4604; x_wconf 92' lang='lat' dir='ltr'>in</span> <span class='ocrx_word' id='word_1_787' title='bbox 2933 4552 3038 4605; x_wconf 91' lang='lat' dir='ltr'>hoc</span> <span class='ocrx_word' id='word_1_788' title='bbox 3084 4552 3295 4604; x_wconf 90' lang='lat' dir='ltr'>mundo</span> <span class='ocrx_word' id='word_1_789' title='bbox 3329 4567 3441 4603; x_wconf 91' lang='lat' dir='ltr'>non</span> <span class='ocrx_word' id='word_1_790' title='bbox 3494 4548 3727 4615; x_wconf 86' lang='lat' dir='ltr'>invenit,</span> 
     </span>
    </p>
   </div>
   <div class='ocr_carea' id='block_1_108' title="bbox 2032 4638 3730 4706">
    <p class='ocr_par' dir='ltr' id='par_1_108' title="bbox 2032 4638 3730 4706">
     <span class='ocr_line' id='line_1_108' title="bbox 2032 4638 3730 4706; baseline -0.003 -10"><span class='ocrx_word' id='word_1_791' title='bbox 2032 4643 2161 4697; x_wconf 91' lang='lat' dir='ltr'>ideo</span> <span class='ocrx_word' id='word_1_792' title='bbox 2194 4641 2458 4695; x_wconf 89' lang='lat' dir='ltr'>subditur</span> <span class='ocrx_word' id='word_1_793' title='bbox 2492 4656 2505 4695; x_wconf 74' lang='grc' dir='ltr'>ε</span> <span class='ocrx_word' id='word_1_794' title='bbox 2544 4642 2786 4705; x_wconf 74' lang='lat' dir='ltr'>Quaesivi</span> <span class='ocrx_word' id='word_1_795' title='bbox 2812 4656 2950 4706; x_wconf 87' lang='lat' dir='ltr'>eum,</span> <span class='ocrx_word' id='word_1_796' title='bbox 2984 4646 3032 4694; x_wconf 86' lang='lat' dir='ltr'>et</span> <span class='ocrx_word' id='word_1_797' title='bbox 3061 4656 3167 4695; x_wconf 87' lang='lat' dir='ltr'>non</span> <span class='ocrx_word' id='word_1_798' title='bbox 3191 4638 3388 4693; x_wconf 79' lang='lat' dir='ltr'>inveni.</span> <span class='ocrx_word' id='word_1_799' title='bbox 3425 4639 3567 4703; x_wconf 81' lang='lat' dir='ltr'>Quia</span> <span class='ocrx_word' id='word_1_800' title='bbox 3600 4654 3730 4691; x_wconf 88' lang='lat' dir='ltr'>vero</span> 
     </span>
    </p>
   </div>
   <div class='ocr_carea' id='block_1_109' title="bbox 2034 4726 3728 4800">
    <p class='ocr_par' dir='ltr' id='par_1_109' title="bbox 2034 4726 3728 4800">
     <span class='ocr_line' id='line_1_109' title="bbox 2034 4726 3728 4800; baseline -0.003 -16"><span class='ocrx_word' id='word_1_801' title='bbox 2034 4730 2281 4785; x_wconf 85' lang='lat' dir='ltr'>maximo</span> <span class='ocrx_word' id='word_1_802' title='bbox 2312 4728 2600 4784; x_wconf 86' lang='lat' dir='ltr'>desiderio</span> <span class='ocrx_word' id='word_1_803' title='bbox 2635 4734 2857 4794; x_wconf 76' lang='lat' dir='ltr'>aestuat,</span> <span class='ocrx_word' id='word_1_804' title='bbox 2883 4735 2938 4782; x_wconf 90' lang='lat' dir='ltr'>et</span> <span class='ocrx_word' id='word_1_805' title='bbox 2965 4728 3245 4800; x_wconf 88' lang='lat' dir='ltr'>quidquid</span> <span class='ocrx_word' id='word_1_806' title='bbox 3277 4732 3453 4794; x_wconf 88' lang='lat' dir='ltr'>tenet,</span> <span class='ocrx_word' id='word_1_807' title='bbox 3510 4726 3563 4781; x_wconf 92' lang='lat' dir='ltr'>ei</span> <span class='ocrx_word' id='word_1_808' title='bbox 3615 4742 3728 4780; x_wconf 88' lang='lat' dir='ltr'>non</span> 
     </span>
    </p>
   </div>
   <div class='ocr_carea' id='block_1_110' title="bbox 2033 4816 3729 4887">
    <p class='ocr_par' dir='ltr' id='par_1_110' title="bbox 2033 4816 3729 4887">
     <span class='ocr_line' id='line_1_110' title="bbox 2033 4816 3729 4887; baseline -0.003 -15"><span class='ocrx_word' id='word_1_809' title='bbox 2033 4818 2260 4885; x_wconf 89' lang='lat' dir='ltr'>sufﬁcit,</span> <span class='ocrx_word' id='word_1_810' title='bbox 2300 4818 2481 4872; x_wconf 91' lang='lat' dir='ltr'>donec</span> <span class='ocrx_word' id='word_1_811' title='bbox 2531 4817 2800 4871; x_wconf 90' lang='lat' dir='ltr'>delictum</span> <span class='ocrx_word' id='word_1_812' title='bbox 2838 4816 3132 4870; x_wconf 82' lang='lat' dir='ltr'>inveniat:</span> <span class='ocrx_word' id='word_1_813' title='bbox 3187 4816 3312 4871; x_wconf 92' lang='lat' dir='ltr'>ideo</span> <span class='ocrx_word' id='word_1_814' title='bbox 3351 4830 3729 4887; x_wconf 88' lang='lat' dir='ltr'>perseveran-</span> 
     </span>
    </p>
   </div>
   <div class='ocr_carea' id='block_1_111' title="bbox 2032 4902 3729 4976">
    <p class='ocr_par' dir='ltr' id='par_1_111' title="bbox 2032 4902 3729 4976">
     <span class='ocr_line' id='line_1_111' title="bbox 2032 4902 3729 4976; baseline -0.002 -18"><span class='ocrx_word' id='word_1_815' title='bbox 2032 4905 2171 4959; x_wconf 90' lang='lat' dir='ltr'>tiam</span> <span class='ocrx_word' id='word_1_816' title='bbox 2231 4904 2627 4976; x_wconf 90' lang='lat' dir='ltr'>inquisitionis</span> <span class='ocrx_word' id='word_1_817' title='bbox 2701 4904 3023 4974; x_wconf 85' lang='lat' dir='ltr'>suhjungit,</span> <span class='ocrx_word' id='word_1_818' title='bbox 3086 4904 3337 4971; x_wconf 84' lang='lat' dir='ltr'>Surgam,</span> <span class='ocrx_word' id='word_1_819' title='bbox 3404 4907 3454 4956; x_wconf 86' lang='lat' dir='ltr'>et</span> <span class='ocrx_word' id='word_1_820' title='bbox 3496 4902 3729 4957; x_wconf 85' lang='lat' dir='ltr'>circuibo</span> 
     </span>
    </p>
   </div>
   <div class='ocr_carea' id='block_1_112' title="bbox 2036 4990 3731 5061">
    <p class='ocr_par' dir='ltr' id='par_1_112' title="bbox 2036 4990 3731 5061">
     <span class='ocr_line' id='line_1_112' title="bbox 2036 4990 3731 5061; baseline -0.001 -16"><span class='ocrx_word' id='word_1_821' title='bbox 2036 4994 2331 5045; x_wconf 84' lang='lat' dir='ltr'>civitatem.</span> <span class='ocrx_word' id='word_1_822' title='bbox 2392 4993 2459 5046; x_wconf 82' lang='lat' dir='ltr'>In</span> <span class='ocrx_word' id='word_1_823' title='bbox 2508 4992 2714 5045; x_wconf 85' lang='lat' dir='ltr'>lectulo.</span> <span class='ocrx_word' id='word_1_824' title='bbox 2744 4992 2820 5045; x_wconf 82' lang='lat' dir='ltr'>Ex</span> <span class='ocrx_word' id='word_1_825' title='bbox 2868 5008 2981 5061; x_wconf 91' lang='lat' dir='ltr'>quo</span> <span class='ocrx_word' id='word_1_826' title='bbox 3014 4992 3195 5045; x_wconf 88' lang='lat' dir='ltr'>Adam</span> <span class='ocrx_word' id='word_1_827' title='bbox 3238 4990 3507 5061; x_wconf 86' lang='lat' dir='ltr'>peccavit,</span> <span class='ocrx_word' id='word_1_828' title='bbox 3558 4990 3731 5058; x_wconf 84' lang='lat' dir='ltr'>ccepit</span> 
     </span>
    </p>
   </div>
   <div class='ocr_carea' id='block_1_113' title="bbox 2034 5078 3728 5151">
    <p class='ocr_par' dir='ltr' id='par_1_113' title="bbox 2034 5078 3728 5151">
     <span class='ocr_line' id='line_1_113' title="bbox 2034 5078 3728 5151; baseline -0.001 -19"><span class='ocrx_word' id='word_1_829' title='bbox 2034 5080 2210 5133; x_wconf 93' lang='lat' dir='ltr'>homo</span> <span class='ocrx_word' id='word_1_830' title='bbox 2243 5078 2301 5132; x_wconf 93' lang='lat' dir='ltr'>in</span> <span class='ocrx_word' id='word_1_831' title='bbox 2353 5079 2595 5132; x_wconf 89' lang='lat' dir='ltr'>terrenis</span> <span class='ocrx_word' id='word_1_832' title='bbox 2653 5080 2967 5151; x_wconf 89' lang='lat' dir='ltr'>quiescere,</span> <span class='ocrx_word' id='word_1_833' title='bbox 3031 5085 3086 5133; x_wconf 90' lang='lat' dir='ltr'>et</span> <span class='ocrx_word' id='word_1_834' title='bbox 3117 5085 3307 5133; x_wconf 88' lang='lat' dir='ltr'>tamen</span> <span class='ocrx_word' id='word_1_835' title='bbox 3338 5079 3479 5132; x_wconf 92' lang='lat' dir='ltr'>duce</span> <span class='ocrx_word' id='word_1_836' title='bbox 3511 5078 3728 5131; x_wconf 88' lang='lat' dir='ltr'>ratione</span> 
     </span>
    </p>
   </div>
   <div class='ocr_carea' id='block_1_114' title="bbox 2035 5165 3727 5236">
    <p class='ocr_par' dir='ltr' id='par_1_114' title="bbox 2035 5165 3727 5236">
     <span class='ocr_line' id='line_1_114' title="bbox 2035 5165 3727 5236; baseline 0.001 -20"><span class='ocrx_word' id='word_1_837' title='bbox 2035 5165 2198 5235; x_wconf 89' lang='lat' dir='ltr'>quasi</span> <span class='ocrx_word' id='word_1_838' title='bbox 2228 5181 2330 5236; x_wconf 90' lang='lat' dir='ltr'>per</span> <span class='ocrx_word' id='word_1_839' title='bbox 2369 5168 2657 5221; x_wconf 91' lang='lat' dir='ltr'>somnium</span> <span class='ocrx_word' id='word_1_840' title='bbox 2698 5184 2891 5221; x_wconf 87' lang='lat' dir='ltr'>veram</span> <span class='ocrx_word' id='word_1_841' title='bbox 2925 5168 3336 5222; x_wconf 90' lang='lat' dir='ltr'>beatitudinem</span> <span class='ocrx_word' id='word_1_842' title='bbox 3378 5166 3727 5235; x_wconf 89' lang='lat' dir='ltr'>intelligens,</span> 
     </span>
    </p>
   </div>
   <div class='ocr_carea' id='block_1_115' title="bbox 2036 5253 3732 5325">
    <p class='ocr_par' dir='ltr' id='par_1_115' title="bbox 2036 5253 3732 5325">
     <span class='ocr_line' id='line_1_115' title="bbox 2036 5253 3732 5325; baseline 0.001 -19"><span class='ocrx_word' id='word_1_843' title='bbox 2036 5253 2221 5323; x_wconf 88' lang='lat' dir='ltr'>ipsam</span> <span class='ocrx_word' id='word_1_844' title='bbox 2270 5254 2330 5307; x_wconf 91' lang='lat' dir='ltr'>in</span> <span class='ocrx_word' id='word_1_845' title='bbox 2375 5255 2618 5308; x_wconf 87' lang='lat' dir='ltr'>terrenis</span> <span class='ocrx_word' id='word_1_846' title='bbox 2650 5257 2889 5325; x_wconf 87' lang='lat' dir='ltr'>putabat</span> <span class='ocrx_word' id='word_1_847' title='bbox 2936 5256 3262 5309; x_wconf 85' lang='lat' dir='ltr'>consistere.</span> <span class='ocrx_word' id='word_1_848' title='bbox 3312 5254 3732 5325; x_wconf 63' lang='grc' dir='ltr'><strong>(1111111011.)Μο-</strong></span> 
     </span>
    </p>
   </div>
   <div class='ocr_carea' id='block_1_116' title="bbox 2038 5342 3730 5415">
    <p class='ocr_par' dir='ltr' id='par_1_116' title="bbox 2038 5342 3730 5415">
     <span class='ocr_line' id='line_1_116' title="bbox 2038 5342 3730 5415; baseline 0.001 -21"><span class='ocrx_word' id='word_1_849' title='bbox 2038 5342 2255 5396; x_wconf 89' lang='lat' dir='ltr'>raliter.</span> <span class='ocrx_word' id='word_1_850' title='bbox 2290 5343 2351 5396; x_wconf 90' lang='lat' dir='ltr'>In</span> <span class='ocrx_word' id='word_1_851' title='bbox 2413 5344 2618 5396; x_wconf 91' lang='lat' dir='ltr'>lectulo</span> <span class='ocrx_word' id='word_1_852' title='bbox 2674 5343 2862 5396; x_wconf 88' lang='lat' dir='ltr'>anima</span> <span class='ocrx_word' id='word_1_853' title='bbox 2915 5345 3094 5398; x_wconf 89' lang='lat' dir='ltr'>Deum</span> <span class='ocrx_word' id='word_1_854' title='bbox 3127 5343 3351 5415; x_wconf 67' lang='lat' dir='ltr'>quierit,</span> <span class='ocrx_word' id='word_1_855' title='bbox 3401 5342 3631 5413; x_wconf 84' lang='lat' dir='ltr'>quando</span> <span class='ocrx_word' id='word_1_856' title='bbox 3670 5342 3730 5396; x_wconf 90' lang='lat' dir='ltr'>in</span> 
     </span>
    </p>
   </div>
   <div class='ocr_carea' id='block_1_117' title="bbox 2040 5430 3731 5503">
    <p class='ocr_par' dir='ltr' id='par_1_117' title="bbox 2040 5430 3731 5503">
     <span class='ocr_line' id='line_1_117' title="bbox 2040 5430 3731 5503; baseline 0.001 -19"><span class='ocrx_word' id='word_1_857' title='bbox 2040 5446 2143 5484; x_wconf 90' lang='lat' dir='ltr'>suo</span> <span class='ocrx_word' id='word_1_858' title='bbox 2178 5431 2293 5485; x_wconf 91' lang='lat' dir='ltr'>otio</span> <span class='ocrx_word' id='word_1_859' title='bbox 2320 5431 2551 5502; x_wconf 90' lang='lat' dir='ltr'>quidem</span> <span class='ocrx_word' id='word_1_860' title='bbox 2594 5432 2813 5503; x_wconf 88' lang='lat' dir='ltr'>appetit</span> <span class='ocrx_word' id='word_1_861' title='bbox 2853 5433 3031 5486; x_wconf 91' lang='lat' dir='ltr'>Deum</span> <span class='ocrx_word' id='word_1_862' title='bbox 3060 5432 3271 5498; x_wconf 88' lang='lat' dir='ltr'>videre,</span> <span class='ocrx_word' id='word_1_863' title='bbox 3303 5437 3360 5486; x_wconf 90' lang='lat' dir='ltr'>et</span> <span class='ocrx_word' id='word_1_864' title='bbox 3388 5430 3458 5485; x_wconf 92' lang='lat' dir='ltr'>ad</span> <span class='ocrx_word' id='word_1_865' title='bbox 3493 5448 3625 5486; x_wconf 91' lang='lat' dir='ltr'>eum</span> <span class='ocrx_word' id='word_1_866' title='bbox 3660 5432 3731 5486; x_wconf 85' lang='lat' dir='ltr'>dc</span> 
     </span>
    </p>
   </div>
   <div class='ocr_carea' id='block_1_118' title="bbox 2039 5520 3727 5589">
    <p class='ocr_par' dir='ltr' id='par_1_118' title="bbox 2039 5520 3727 5589">
     <span class='ocr_line' id='line_1_118' title="bbox 2039 5520 3727 5589; baseline 0.002 -18"><span class='ocrx_word' id='word_1_867' title='bbox 2039 5535 2259 5572; x_wconf 88' lang='lat' dir='ltr'>carcere</span> <span class='ocrx_word' id='word_1_868' title='bbox 2317 5520 2502 5573; x_wconf 84' lang='lat' dir='ltr'>carnis</span> <span class='ocrx_word' id='word_1_869' title='bbox 2536 5520 2688 5574; x_wconf 83' lang='lat' dir='ltr'>exire</span> <span class='ocrx_word' id='word_1_870' title='bbox 2736 5521 3042 5589; x_wconf 79' lang='lat' dir='ltr'>desiderat,</span> <span class='ocrx_word' id='word_1_871' title='bbox 3075 5523 3169 5575; x_wconf 88' lang='lat' dir='ltr'>sed</span> <span class='ocrx_word' id='word_1_872' title='bbox 3203 5537 3318 5575; x_wconf 90' lang='lat' dir='ltr'>nou</span> <span class='ocrx_word' id='word_1_873' title='bbox 3350 5521 3680 5575; x_wconf 89' lang='lat' dir='ltr'>conceditur</span> <span class='ocrx_word' id='word_1_874' title='bbox 3715 5537 3727 5575; x_wconf 93' lang='lat'><strong>:</strong></span> 
     </span>
    </p>
   </div>
  </div>
