4018 6176
399 309 534 362 1143

399 435 455 484 et
495 429 790 484 abscondit
840 446 898 484 se
921 445 1182 500 sponsus,
1235 434 1297 482 ut
1342 445 1454 483 non
1505 429 1788 496 inventus,

399 519 514 574 tius
545 525 860 590 quaeratur.
901 521 970 572 Et
995 534 1100 571 non
1129 520 1329 572 inveni.
1364 518 1578 588 (Casu)
1601 518 1744 582 Quia
1781 518 1918 572 mihi
1953 535 2097 589 gen-

402 608 598 662 tilitati
655 623 770 661 non
828 607 1084 676 angelus,
1157 623 1272 660 non
1323 608 1624 677 propheta,
1681 624 1800 661 non
1859 609 2100 678 quilibet

407 696 604 750 doctor
635 696 695 748 iu
743 695 929 748 dubiis
963 695 1155 748 lumen
1188 694 1394 748 divinae
1427 695 1770 764 cognitionis
1828 698 2095 762 ostendit,

406 785 533 839 ideo
589 800 705 838 non
734 782 949 850 inveni,
983 783 1138 854 quod
1170 783 1598 854 ubi'comperi,
1653 785 1805 854 quod
1844 784 1905 837 in
1955 785 2098 838 lecto

407 889 520 926 non
542 875 736 942 posset
764 870 1032 932 inveniri,
1077 871 1348 943 pr0posui
1369 873 1429 926 in
1459 873 1652 926 animo
1697 889 1826 926 meo
1855 873 1922 926 de
1954 874 2098 926 lecto

407 960 724 1015 carnalium
788 961 1150 1030 voluptatum
1218 977 1542 1031 exsurgere,
1604 966 1660 1015 et
1710 961 1779 1015 ad
1846 961 2098 1016 laborem

408 1049 716 1104 salutiferas
743 1048 1135 1120 inquisitionis
1176 1051 1416 1120 accingi,
1464 1055 1520 1105 et
1548 1055 1700 1104 terra
1729 1055 1788 1104 et
1826 1051 1971 1104 mari
1996 1065 2100 1120 pu-

408 1139 555 1193 blice
586 1143 642 1192 et
685 1137 956 1208 privatim
1005 1138 1424 1202 universorum,
1457 1155 1599 1209 quos
1625 1140 1910 1208 sapientes
1933 1140 2101 1193 audi-

411 1243 557 1294 rem,
591 1227 920 1296 magisteria
971 1226 1148 1280 adire.
1209 1228 1347 1293 Vici,
1405 1233 1539 1281 sunt
1591 1228 1918 1298 spirituales
1973 1227 2101 1294 viri,

412 1316 512 1387 qui
545 1317 681 1370 dum
711 1315 780 1368 ad
806 1315 1055 1368 caelestia
1083 1315 1445 1386 gradiuntur,
1507 1321 1807 1385 angustam
1837 1317 1985 1369 viam
2017 1321 2104 1370 te-

411 1411 568 1460 nent.
602 1405 814 1464 Platew,
875 1403 928 1456 id
983 1407 1086 1469 est,
1137 1403 1452 1470 saeculares,
1512 1404 1611 1474 qui
1663 1406 1870 1458 multas
1897 1406 2102 1474 volup-

411 1496 555 1546 tates
603 1496 942 1562 sequuntur,
993 1497 1051 1544 et
1079 1492 1194 1545 alta
1223 1491 1312 1544 via
1368 1491 1641 1546 incedunt
1697 1493 1909 1546 Omnes
1968 1507 2103 1561 ergo

413 1580 694 1645 circumit,
738 1580 869 1650 quia
893 1596 1092 1634 omnes
1117 1585 1360 1644 sanctos,
1403 1580 1502 1650 qui
1547 1585 1677 1634 sunt
1735 1580 1818 1636 vel
1850 1581 2102 1646 fuerunt,

414 1673 605 1723 mente
637 1669 913 1738 conspicit
959 1674 1015 1723 et
1045 1668 1348 1722 imitatur:
1407 1669 1580 1723 etiam
1629 1669 1690 1722 in
1739 1670 2104 1724 saecularibus

415 1758 725 1828 aliquando
784 1757 1019 1822 invenit,
1077 1757 1232 1827 quod
1307 1758 1490 1810 valeat
1541 1757 1610 1811 ad
1672 1757 2104 1828 inquisitionem

415 1847 632 1918 sponsi,
663 1846 760 1900 sed
791 1851 1097 1916 postquam
1155 1845 1408 1899 laborem
1457 1847 1812 1915 geminatum
1862 1847 2105 1917 inquisi-

415 1935 587 1990 tionis
616 1933 881 1999 ostendit,
917 1934 1127 1986 iterum
1157 1933 1551 1987 difticultatem
1599 1934 1948 1988 inventionis
1973 1937 2106 1989 sub-

418 2024 537 2077 dit:
576 2024 831 2088 Quaesivi,
865 2026 915 2076 et
944 2037 1048 2076 non
1077 2023 1296 2075 inveni:
1343 2021 1441 2075 sed
1476 2021 1614 2076 dum
1644 2023 1853 2092 quaerit
1907 2028 1963 2077 et
1990 2040 2106 2077 non

418 2109 656 2175 invenit,
711 2110 832 2180 ipsa
860 2113 916 2162 et
945 2109 1225 2178 quaeritur
1257 2114 1315 2163 et
1370 2108 1702 2163 invenitur:
1753 2111 1909 2165 Unde
1961 2111 2106 2165 dici-

419 2203 512 2252 tur
545 2216 557 2253 :
596 2199 921 2252 Invenerunt
949 2214 1030 2252 me
1075 2199 1285 2266 vigiles.
1320 2198 1573 2263 Quaesivi.
1625 2199 1874 2252 Plurime
1912 2200 2108 2254 labore

417 2287 634 2341 mundo
673 2291 998 2356 peragrato,
1085 2285 1431 2355 sapientium
1465 2287 1652 2340 verbis
1700 2287 1984 2357 discussis,
2031 2287 2110 2342 nil

417 2379 636 2427 certum
666 2373 735 2426 de
758 2373 844 2425 via
875 2371 1127 2426 veritatis
1150 2372 1439 2426 addiscere
1461 2373 1640 2443 potui.

489 2462 648 2516 Vrsas.
697 2462 750 2515 3.
800 2491 867 2500 —
916 2462 1240 2514 Invenerunt
1284 2477 1384 2515 me.
1421 2461 1562 2515 Cum
1611 2461 1690 2514 sic
1737 2461 2110 2533 inquirerem,

421 2549 696 2605 Dominus
748 2549 894 2602 hanc
935 2548 1262 2602 instantiam
1311 2548 1703 2619 inquisitionis
1732 2550 1945 2618 videns,
1979 2556 2113 2605 tan-

415 2640 545 2694 dem
575 2655 634 2692 se
677 2637 1040 2691 manifestare
1073 2637 1343 2707 dignatus
1375 2643 1458 2691 est
1497 2643 1553 2692 et
1581 2639 1673 2692 cui
1713 2638 2113 2709 iuspiraverat,

419 2731 482 2781 ut
512 2735 816 2797 quaereret,
850 2724 1128 2795 querenti
1162 2725 1395 2779 donavit
1433 2730 1495 2780 ut
1515 2725 1820 2782 inveniret.

492 2819 633 2873 Num
676 2830 831 2885 quem
861 2814 1063 2880 diligit.
1102 2813 1342 2885 (GREG.)
1374 2814 1490 2867 Illis
1520 2815 1840 2869 volentibus
1889 2816 2116 2878 docere,

421 2902 531 2956 ista
585 2902 832 2972 ﬂagrans
887 2901 1068 2954 nimio
1126 2917 1320 2956 amore
1381 2903 1540 2973 prior
1592 2904 1925 2974 alloquitur,
1980 2907 2120 2961 Num

1009 308 1400 362 WALAFRlDl
1439 307 1687 363 STRABI
1731 307 1935 362 FULD.
1978 307 2142 362 ΜΟΝ.
2183 307 2332 365 ΟΡΡ.
2376 307 2548 362 PARS
2587 308 2627 362 l.
2668 335 2739 347 —
2775 306 3232 362 THEOLOGICA.

3743 311 3847 363 Hii

1875 429 2088 484 arden—
2117 431 2164 484 A
2201 429 2588 500 promotioues
2640 428 2712 483 sit
2760 428 3161 500 multiplicata.
3219 429 3345 493 Quae
3399 434 3479 483 est
3527 429 3668 483 ista?
3703 431 3851 484 Judaei

2205 516 2483 582 conversi,
2514 516 2767 569 videntes
2799 515 2972 569 etiam
3008 521 3210 585 gentes
3247 515 3503 568 converti
3536 523 3590 568 et
3642 515 3696 569 in
3738 533 3855 570 amo-

2207 620 2329 658 rem
2350 605 2542 676 sponsi
2573 604 2788 674 pariter
2816 604 3033 674 recipi;
3061 619 3178 657 non
3209 620 3277 657 ex
3335 604 3565 670 invidia,
3597 605 3683 657 sed
3723 608 3856 674 quasi

2209 694 2572 756 admirantes,
2613 699 2670 748 et
2713 694 2780 748 de
2832 693 3102 747 societate
3164 693 3407 746 fratrum
3451 694 3852 764 congaudentes,

2208 781 2511 853 inquirunt
2539 783 2586 836 si
2613 784 2763 836 salus
2807 782 2875 833 sit
2909 781 3191 851 promissa
3219 782 3486 852 gentibus
3518 798 3530 835 :
3565 782 3707 852 quod
3746 783 3860 836 mul-

2208 877 2332 926 tum
2364 873 2589 925 fu'eraut
2609 871 2875 925 dubium.
2913 874 3042 934 Quae
3069 870 3336 925 ascendit.
3379 870 3586 923 Eodem
3614 877 3859 940 tempore-

2209 967 2269 1016 et
2314 961 2550 1026 dormit,
2589 976 2720 1013 cum
2773 975 2805 1012 a
2862 959 3187 1013 carnalibus
3218 959 3514 1014 desideriis
3555 976 3613 1013 se
3665 960 3860 1013 alienat.

2212 1049 2492 1116 Ecclesiae,
2526 1054 2581 1102 et
2619 1049 2784 1102 bonis
2827 1048 3098 1118 operibus
3137 1050 3203 1100 ad
3237 1048 3514 1101 visionem
3562 1049 3647 1101 sui
3696 1047 3864 1101 condi-

2211 1138 2354 1194 toris
2401 1136 2726 1208 appropiat.
2797 1139 2898 1191 Per
2943 1136 3230 1190 desertum.
3266 1137 3324 1190 ld
3366 1143 3452 1190 est
3499 1152 3601 1206 per
3650 1138 3867 1190 medium

2213 1227 2492 1298 gentium.
2525 1241 2652 1296 quas
2681 1226 2840 1278 nulla
2888 1231 3052 1278 erant
3081 1225 3359 1278 virtutum
3417 1224 3580 1294 fruge
3622 1225 3866 1291 fecunda,

2213 1331 2355 1386 quas
2406 1315 2595 1368 nullus
2651 1313 2952 1384 propheta,
3004 1313 3093 1366 vel
3141 1314 3380 1382 angelus
3410 1313 3478 1367 ad
3533 1313 3741 1366 cultum
3787 1313 3869 1366 Dei

2214 1404 2558 1466 instituerat,
2606 1403 2694 1454 vel
2736 1418 2748 1455 :
2802 1403 2902 1456 Per
2966 1400 3232 1454 desertum
3285 1403 3425 1454 sicut
3469 1403 3687 1467 virgula
3733 1403 3866 1467 fumi,

2215 1492 2351 1564 quia
2385 1508 2413 1543 a
2444 1490 2645 1544 mundi
2670 1489 2952 1543 illecebris
2971 1494 3248 1559 separata,
3273 1490 3595 1543 caelestibus
3615 1489 3872 1558 praeceptis

2215 1586 2300 1634 est
2329 1579 2538 1633 dedita.
2566 1579 2772 1632 Fumus
2804 1577 3005 1631 eodem
3030 1583 3290 1647 tempore
3325 1578 3529 1648 partim
3563 1579 3750 1643 oritur,
3779 1593 3874 1646 par-

2212 1668 2340 1734 tim,
2393 1667 2494 1738 qui
2531 1667 2691 1736 prius
2748 1670 2907 1720 ortus
2959 1665 3166 1726 fuerat,
3211 1666 3356 1719 solet
3402 1667 3460 1718 in
3492 1666 3876 1720 sublimioribus

2215 1759 2503 1826 disparere
2532 1773 2545 1811 :
2597 1756 2676 1810 sic
2723 1756 2986 1822 Ecclesia,
3030 1756 3090 1809 in
3121 1756 3465 1826 quibusdam
3497 1757 3617 1810 suis
3647 1756 3877 1810 membris

2217 1861 2445 1916 semper
2511 1845 2771 1914 gignitur
2840 1861 3004 1912 nova,
3077 1844 3135 1898 in
3191 1845 3556 1915 quibusdam.
3602 1845 3696 1917 qui
3744 1845 3876 1914 prius

2219 1935 2333 1989 nati
2370 1935 2621 1995 fuerunt,
2657 1950 2882 2004 semper
2924 1933 3218 1999 colligitur
3253 1934 3323 1987 ad
3377 1935 3648 1988 cmlestia.
3705 1935 3878 1988 Fumus

2219 2040 2287 2078 ex
2318 2024 2449 2094 igne
2474 2029 2640 2076 natus
2689 2022 2757 2076 ad
2805 2023 2916 2076 alta
2959 2022 3346 2076 conscendens
3391 2023 3670 2092 paulatim
3717 2038 3769 2075 se
3795 2023 3878 2075 bu-

2220 2113 2405 2166 manis
2439 2111 2725 2166 subtrahit
2767 2111 3089 2180 aspectibus
3117 2128 3130 2164 :
3167 2111 3265 2165 sic.
3294 2111 3542 2165 Ecclesia
3575 2111 3702 2180 igne
3731 2110 3878 2164 sancti

2220 2200 2393 2256 solius
2421 2199 2666 2270 Spiritus
2694 2199 2754 2252 in
2788 2214 3041 2252 amorem
3087 2199 3185 2252 Dei
3206 2215 3441 2252 accensa
3474 2200 3765 2253 ascendere
3789 2215 3877 2252 non

2220 2289 2449 2353 desinit,
2492 2289 2672 2342 donec
2725 2303 2758 2340 a
2815 2287 3058 2340 terrenis
3131 2287 3414 2341 abstracta
3470 2289 3542 2342 ad
3611 2285 3880 2340 invisibilia

2221 2376 2348 2431 coeli
2386 2375 2658 2446 rapiatur.
2721 2378 2806 2430 Ea:
2835 2375 3191 2430 aromatibus.
3250 2376 3394 2429 Nota
3453 2375 3607 2445 quod
3660 2378 3880 2428 aromata

2223 2479 2704 2527 commemorans,
2779 2463 2966 2533 primo
3024 2465 3325 2532 myrrham,
3384 2463 3591 2517 deinde
3649 2464 3778 2524 thus,
3841 2465 3882 2513 et

2225 2557 2424 2623 postea
2442 2552 2688 2606 universi
2714 2553 2955 2620 pulveris
2993 2553 3345 2620 pigmentarii
3375 2551 3561 2620 ponit,
3606 2551 3733 2621 quia
3755 2549 3885 2620 prius

2227 2646 2312 2694 est
2366 2639 2708 2694 mortiﬁcare
2767 2639 3290 2709 concupiscentiam
3352 2640 3557 2702 carnis,
3611 2645 3790 2709 postea
3816 2637 3884 2688 of-

2229 2729 2343 2782 fere
2378 2729 2492 2782 Deo
2533 2726 2832 2796 placabilia
2870 2731 3000 2780 vota
3051 2727 3256 2794 cordis,
3291 2731 3347 2780 et
3377 2727 3456 2780 sic
3510 2743 3644 2781 cum
3689 2724 3890 2780 humili-

2230 2821 2346 2870 tate
2376 2830 2627 2868 crescere
2657 2814 2714 2868 iu
2767 2813 2926 2868 omni
2982 2814 3258 2868 virtutum
3309 2831 3542 2885 genere.
3616 2814 3889 2881 Pigmenta.

2234 2905 2299 2957 In
2347 2904 2644 2973 pulverem
2694 2903 2919 2956 redacta
2979 2904 3172 2956 valent
3224 2903 3292 2957 ad
3341 2903 3787 2958 confectiouem:
3833 2902 3894 2954 sic

421 3006 576 3062 quem
644 2990 848 3057 diligit.
898 2989 1140 3043 Ecclesia
1183 2989 1499 3061 interrogat
1528 2991 1746 3061 vigiles,
1782 3009 1912 3046 cum
1961 3011 2112 3064 prm-
2157 2986 2200 3042 Ο
2233 2992 2469 3046 virtutes
2500 3007 2630 3044 cum
2685 3007 2801 3044 non
2847 2991 3130 3044 extollunt
3173 2992 3450 3053 animum,
3511 2993 3613 3046 sed
3659 2991 3810 3062 quasi
3849 2989 3893 3042 in

421 3079 760 3134 dicationem
813 3077 1029 3130 intente
1081 3079 1338 3149 suscipit,
1371 3080 1509 3134 etin
1541 3098 1604 3134 ea
1649 3082 1936 3136 bonorum
1984 3100 2114 3153 ope-

425 3184 555 3221 rum
579 3167 929 3221 exhibitione
962 3167 1284 3221 fructificat.

500 3257 668 3309 Vens.
694 3257 746 3308 4.
778 3284 844 3295 -
877 3256 1005 3311 Cum
1034 3259 1469 3324 pertransissem.
1500 3258 1628 3328 (10.)
1661 3260 1767 3312 Per
1804 3275 1902 3313 eos
1931 3263 2116 3313 trans-

430 3344 490 3410 it,
527 3344 661 3413 quia
704 3344 763 3396 iu
794 3343 933 3412 ipsis
960 3343 1114 3396 videt
1163 3344 1406 3397 formam
1467 3346 1612 3415 ejus,
1668 3363 1841 3418 quem
1880 3349 2116 3420 quaerit;

432 3435 488 3485 et
535 3437 726 3484 tamen
774 3435 951 3497 trans,
1010 3431 1145 3500 quia
1183 3432 1376 3498 Deum,
1422 3433 1522 3502 qui
1577 3438 1662 3487 est
1699 3435 1868 3502 ultra,
1923 3435 2123 3507 incipit

431 3518 644 3570 imitari
676 3522 731 3572 et
761 3517 995 3570 intueri.
1026 3518 1249 3571 Transit
1286 3521 1487 3573 Petrus
1536 3519 1736 3590 vigiles
1793 3523 1931 3576 dum
1986 3540 2121 3577 cou-

432 3606 642 3660 temnit
687 3605 1017 3676 prophetas,
1074 3611 1130 3659 et
1172 3607 1411 3661 Domino
1461 3611 1874 3678 prophetarum
1929 3611 2068 3666 dicit
2108 3629 2120 3667 :

439 3697 517 3748 Tu
576 3709 628 3748 es
685 3695 961 3760 Christus,
994 3695 1170 3749 Filius
1219 3698 1318 3748 Dei
1374 3696 1488 3750 vivi
1538 3699 1756 3768 (Matth.
1793 3700 1921 3767 xvr).
1957 3704 2127 3755 Donec

436 3780 776 3835 introducam
834 3782 1001 3834 illum.
1046 3787 1150 3835 etc.
1221 3785 1406 3837 Donec
1455 3784 1512 3838 in
1567 3786 1679 3840 fine
1713 3787 1910 3841 mundi
1953 3789 2128 3859 Syna-

438 3884 668 3940 gogam,
703 3885 807 3938 per
836 3884 1008 3938 quam
1048 3869 1306 3923 auditum
1361 3871 1472 3925 ﬁde
1527 3874 1768 3944 suscepi,
1816 3881 1872 3928 et
1920 3881 2128 3946 myste-

441 3957 590 4012 rium
623 3957 1077 4028 regenerationis
1105 3958 1174 4011 ad
1206 3959 1376 4012 fidem
1409 3961 1530 4030 ejus
1565 3977 1828 4015 revocare
1853 3969 2127 4033 satagam.

441 4046 685 4100 Ecclesia
715 4045 945 4115 gentilis
974 4045 1033 4099 in
1057 4047 1229 4099 tinem
1276 4049 1562 4103 revocabit
1594 4051 1973 4122 Synagogam,
2009 4069 2134 4122 qua-3

443 4135 601 4206 prius
629 4140 924 4188 vocaverat
952 4134 1108 4187 illam
1138 4151 1239 4204 per
1268 4138 1574 4205 apostolos.

519 4225 679 4276 Vens.
736 4225 786 4277 5.

449 4313 553 4366 hos
605 4312 1105 4377 introduceudum,
1158 4312 1383 4380 adjurat
1436 4330 1508 4366 ne
1539 4315 1591 4367 ei
1647 4321 1850 4384 parent
1898 4317 2134 4387 impelli-

450 4404 736 4455 mentum.
768 4399 980 4469 Adjuro
1006 4415 1114 4454 vos.
1153 4402 1284 4454 Ideo
1317 4402 1595 4471 repetitur
1623 4403 1715 4457 hic
1743 4405 2052 4460 versiculus
2085 4409 2141 4461 in

450 4487 669 4540 cantico
701 4487 930 4548 amoris,
981 4493 1046 4540 ut
1077 4505 1190 4541 non
1223 4489 1508 4543 minorem
1539 4507 1596 4544 se
1648 4491 1926 4546 Dominus
1958 4495 2142 4548 Eccle-

451 4577 550 4630 sia:
579 4575 648 4629 de
696 4577 982 4646 gentibus,
1039 4593 1212 4646 quam
1271 4579 1339 4630 de
1396 4579 1606 4633 ludatis
1662 4582 1915 4635 collectas
1947 4600 2142 4638 curam

341 4669 362 4686 ‘
454 4663 705 4718 habere:
737 4663 833 4717 sed
880 4665 1159 4734 aequalem
1213 4681 1314 4735 pro
1350 4666 1644 4737 utriusque
1677 4685 1813 4738 pace
1863 4671 2144 4725 sollicitu-

456 4752 651 4807 dinem
682 4768 878 4823 gerere
927 4752 1205 4823 designet.
1255 4755 1379 4808 Nou
1445 4755 1633 4810 minus
1682 4757 1836 4812 enim
1897 4760 2018 4813 haec
2068 4775 2149 4814 re-

457 4843 594 4914 gina
627 4842 804 4895 austri
832 4842 1054 4912 capitur
1082 4860 1274 4897 amore
1304 4844 1520 4913 sponsi,
1554 4861 1726 4916 quam
1752 4847 1936 4916 prima
1968 4848 2150 4902 amica

460 4931 530 4984 de
558 4929 782 4984 Judmis.
811 4930 1132 5000 Cervosque.
1167 4931 1328 4985 Cervi
1357 4939 1441 4986 est
1473 4933 1532 4986 in
1579 4939 1869 4988 senectute
1918 4951 2150 5005 serpen-

462 5024 580 5073 tem
627 5017 943 5084 comedere,
1003 5025 1058 5072 et
1081 5035 1186 5090 pro
1244 5021 1405 5074 sitia
1449 5037 1669 5075 veneno
1723 5028 2017 5092 concepta,
2080 5022 2152 5076 ad

462 5108 678 5162 fontem
709 5123 1038 5178 properare,
1089 5113 1145 5162 et
1187 5107 1319 5163 inde
1348 5109 1598 5181 potando
1639 5110 2028 5180 juvenescere,
2061 5127 2153 5169 ca-

462 5195 726 5250 dentibus
757 5195 890 5267 pilis
925 5202 982 5250 et
1023 5197 1292 5252 cornibus
1321 5215 1334 5252 :
1369 5199 1520 5270 quod
1570 5199 1777 5270 cuique
1809 5199 1966 5253 ﬁdeli
1999 5215 2150 5254 com-

462 5285 603 5355 petit
640 5300 742 5354 per
762 5284 1100 5339 lavationem
1135 5287 1430 5357 baptismi.

536 5375 700 5427 Vens.
734 5375 784 5428 6.
819 5404 888 5414 —
917 5378 1044 5444 Quae
1072 5379 1150 5430 est
1198 5378 1324 5430 ista.
1361 5376 1605 5430 Ulterius
1635 5376 1755 5447 agit
1799 5376 1869 5430 de
1912 5377 2154 5432 Ecclesia

461 5461 530 5515 de
562 5462 828 5530 gentibus
858 5478 1145 5529 conversa,
1166 5465 1456 5534 quomodo
1478 5464 1752 5536 apostolis
1778 5465 2152 5520 fundamento

461 5554 716 5620 accepto,
746 5550 952 5606 deinde
989 5567 1095 5622 per
1122 5567 1411 5607 successus
1440 5557 1767 5625 temporum
1793 5559 1848 5609 et
1869 5553 2153 5625 graduum

2226 3081 2538 3150 pulverem,
2588 3079 2953 3149 reputatione
2983 3079 3226 3150 agentis,
3280 3080 3642 3150 rediguntur.
3691 3081 3756 3134 ad
3787 3095 3893 3150 per-

2226 3168 2533 3222 fectionem
2575 3167 2915 3237 perducunt.
2979 3168 3406 3235 Pigmentarius,
3469 3171 3552 3222 vel
3609 3169 3772 3223 homo
3820 3167 3894 3237 q'ii

2231 3271 2466 3327 operam
2495 3257 2592 3310 dat
2614 3256 2916 3308 virtutibus
2945 3273 2958 3309 :
2984 3257 3070 3309 vel
3099 3257 3263 3323 Deus,
3287 3257 3388 3328 qui
3408 3258 3649 3312 virtutes
3671 3257 3893 3328 largitur.

2305 3347 2471 3399 Vens.
2493 3349 2546 3398 7.
2569 3375 2638 3384 --
2663 3345 2754 3398 En
2770 3345 3037 3398 lectulum.
3064 3345 3437 3399 Prioriamice
3455 3346 3691 3400 miranti
3707 3361 3896 3414 respon-

2217 3433 2326 3488 det
2354 3433 2644 3503 gentilitas
2669 3432 3078 3499 determiuans,
3100 3449 3214 3504 quo
3237 3436 3521 3502 ascendat,
3557 3435 3695 3506 quia
3720 3434 3897 3488 scilicet

2235 3523 2304 3576 ad
2335 3523 2604 3586 lectulum,
2629 3526 2684 3574 et
2711 3537 2816 3591 per
2843 3521 2980 3591 quid
3015 3523 3301 3588 ascendat,
3335 3522 3471 3593 quia
3501 3523 3721 3577 scilicet
3746 3523 3897 3576 media

2234 3612 2444 3678 fercula
2505 3614 2637 3663 sunt
2683 3611 2958 3663 charitate
3016 3615 3322 3675 constrata,
3386 3616 3442 3665 et
3502 3613 3714 3682 probat
3755 3627 3806 3664 se
3857 3610 3896 3662 in

2239 3701 2438 3754 eadem
2481 3698 2670 3768 sponsi
2715 3697 3081 3752 dilectionem
3136 3700 3458 3764 accessisse,
3509 3700 3576 3754 in
3618 3717 3728 3772 qua
3780 3700 3899 3771 prior

2239 3794 2323 3842 est
2355 3807 2368 3843 :
2404 3789 2540 3859 quia
2580 3787 2844 3841 similiter
2874 3787 3062 3854 habet,
3109 3788 3425 3858 nuptialem
3496 3794 3826 3861 apparatum
3864 3793 3900 3839 et

2241 3878 2646 3950 praedicatores
2677 3875 2868 3942 habet,
2901 3892 3045 3946 quos
3090 3877 3234 3930 Deus
3273 3877 3340 3931 ad
3373 3894 3474 3930 nos
3519 3895 3639 3932 non
3681 3879 3899 3939 misisset,

2243 3967 2355 4021 nisi
2411 3983 2509 4018 eos
2585 3965 2972 4034 prseelegisset
3037 3967 3121 4019 En
3178 3966 3446 4019 lectulum.
3481 3967 3750 4021 Lectulus
3819 3965 3900 4017 veri

2244 4053 2486 4127 paciﬁci,
2540 4058 2753 4107 aeterna
2800 4053 3114 4118 beatitudo,
3156 4053 3216 4107 in
3259 4071 3373 4124 qua
3411 4071 3505 4108 rex
3555 4072 3690 4109 cum
3744 4054 3901 4110 sanctis

2247 4143 2508 4216 quiescit,
2564 4143 2630 4196 ad
2697 4158 2870 4213 quem
2930 4143 3175 4196 Ecclesia
3220 4159 3325 4211 per
3386 4144 3682 4199 desertum
3741 4145 3900 4214 partim

841 4251 912 4262 —
959 4223 1174 4321 .4djuro
1210 4239 1333 4321 ‘vos.
1380 4225 1634 4280 Christus
1679 4226 1919 4281 audiens
1947 4245 2005 4282 se
2033 4246 2134 4300 per
2165 4268 2208 4321 Β
2249 4232 2504 4305 quotidie
2555 4231 2834 4301 pervenit,
2897 4231 3126 4284 tandem
3179 4231 3423 4301 perfecte
3471 4235 3786 4302 perveniet.
3838 4231 3899 4282 Vel

2242 4323 2412 4384 etiam
2471 4321 2712 4374 lectulus
2746 4319 2843 4372 Dei
2896 4324 2981 4372 est
3029 4319 3089 4371 in
3136 4320 3407 4390 praesenti
3457 4322 3659 4391 quieta
3714 4337 3898 4376 contero

2252 4411 2395 4466 satio
2427 4414 2772 4462 sanctorum.
2836 4409 3153 4478 Utrumque
3220 4409 3428 4462 lectum
3466 4411 3720 4465 ambiunt
3758 4411 3899 4476 fortis-

2247 4489 2379 4555 Isimi
2408 4516 2420 4552 :
2449 4497 2584 4568 quia
2622 4500 2679 4549 et
2710 4501 3045 4566 praesentem
3103 4497 3376 4567 quietem,
3406 4503 3461 4552 et
3511 4515 3718 4568 pacem
3765 4499 3901 4552 Eccle-

2257 4589 2354 4642 siae
2387 4586 2784 4657 praedicatores
2825 4591 3023 4639 contra
3055 4585 3312 4638 incursus
3358 4591 3618 4656 tuentur,
3674 4594 3729 4642 et
3769 4587 3900 4640 inter-

2258 4691 2388 4728 nam
2445 4673 2644 4744 patriae
2696 4673 2938 4727 caelestis
2985 4673 3237 4743 quietem
3299 4674 3512 4746 quique
3586 4677 3902 4746 perfectiores

2258 4763 2366 4818 ﬁxa
2398 4761 2718 4815 intentione
2757 4761 3144 4831 speculantur.
3178 4763 3366 4816 Israel.
3404 4763 3462 4817 ld
3512 4770 3606 4819 est
3635 4765 3722 4818 vir
3759 4764 3905 4817 videns

2262 4852 2461 4914 Deum,
2495 4866 2608 4920 quo
2649 4849 2880 4903 nomine
2920 4850 3072 4919 juste
3120 4856 3396 4904 vocantur
3454 4868 3684 4917 omnes,
3735 4853 3820 4923 qui
3863 4847 3904 4900 ad

2259 4938 2466 4993 divinae
2498 4938 2730 4992 visionis
2762 4938 2970 5008 gaudia
3012 4939 3272 4993 tendunt.
3307 4941 3464 4993 Inter
3491 4957 3641 5010 quos
3671 4933 3903 4995 fortissimi

2260 5033 2412 5095 sunt,
2453 5026 2552 5097 qui
2579 5027 2665 5079 vel
2695 5027 2938 5080 cmlestis
2979 5025 3130 5081 dono
3187 5029 3596 5098 speculationis
3652 5029 3904 5084 subliman-

2260 5120 2373 5180 tur,
2396 5116 2482 5169 vel
2509 5115 2932 5186 praedicationis
2957 5115 3344 5170 ministerium
3371 5118 3720 5187 suscipiunt.

2337 5203 2496 5256 Vens.
2558 5206 2610 5257 8.
2669 5234 2738 5242 —
2790 5204 2980 5258 Omnes
3028 5208 3262 5258 tenentes
3321 5205 3558 5272 gladios.
3603 5206 3716 5270 Qui
3755 5198 3901 5258 indeii

2265 5297 2467 5346 uenter
2496 5291 2706 5345 habent
2735 5291 2975 5346 verbum
3012 5292 3110 5346 Dei
3160 5291 3221 5346 in
3250 5299 3539 5363 promptu,
3597 5301 3656 5348 et
3684 5294 3749 5348 ad
3802 5302 3898 5344 rese

2264 5379 2443 5433 cauda
2473 5378 2763 5448 superﬂua
2793 5384 2850 5433 et
2894 5378 2953 5432 in
2995 5395 3057 5432 se
3104 5384 3160 5434 et
3207 5380 3269 5434 iu
3320 5381 3580 5448 subditis,
3655 5388 3712 5436 et
3765 5376 3896 5447 repel-

2261 5467 2461 5521 lendos
2509 5467 2700 5519 hostes
2755 5471 2810 5519 et
2869 5467 3311 5522 conculcandos.
3371 5469 3559 5524 Omnes
3591 5466 3890 5531 tenentesglr

2263 5555 2400 5610 dios.
2461 5555 2707 5610 Verbum
2758 5556 2859 5610 Dei
2912 5560 3131 5620 tenent,
3190 5562 3246 5612 et
3298 5557 3469 5629 periti
3522 5564 3662 5613 sunt
3716 5556 3895 5630 qualiter
