  <div class='ocr_page' id='page_1' title='image "/cluster/home/n/w/nwhite01/storage/ocr_20150623/113/hvd.32044054759782/578.png"; bbox 0 0 4074 6186; ppageno 0'>
   <div class='ocr_carea' id='block_1_1' title="bbox 274 308 417 362">
    <p class='ocr_par' dir='ltr' id='par_1_1' title="bbox 274 308 417 362">
     <span class='ocr_line' id='line_1_1' title="bbox 274 308 417 362; baseline 0.021 -3"><span class='ocrx_word' id='word_1_1' title='bbox 274 308 417 362; x_wconf 78' lang='grc'><strong>1145</strong></span> 
     </span>
    </p>
   </div>
   <div class='ocr_carea' id='block_1_2' title="bbox 1164 304 2877 364">
    <p class='ocr_par' dir='ltr' id='par_1_2' title="bbox 1164 304 2877 364">
     <span class='ocr_line' id='line_1_2' title="bbox 1164 304 2877 364; baseline -0.002 -3"><span class='ocrx_word' id='word_1_2' title='bbox 1164 306 1427 364; x_wconf 81' lang='lat' dir='ltr'><strong>GLOSSA</strong></span> <span class='ocrx_word' id='word_1_3' title='bbox 1463 307 1869 364; x_wconf 79' lang='lat' dir='ltr'><strong>ORDINARIA.</strong></span> <span class='ocrx_word' id='word_1_4' title='bbox 1908 337 1977 347; x_wconf 90' lang='lat'><strong>-—</strong></span> <span class='ocrx_word' id='word_1_5' title='bbox 2017 305 2369 362; x_wconf 82' lang='lat' dir='ltr'><strong>CANTICUM</strong></span> <span class='ocrx_word' id='word_1_6' title='bbox 2406 304 2877 362; x_wconf 79' lang='lat' dir='ltr'><strong>CANTICORUM.</strong></span> 
     </span>
    </p>
   </div>
   <div class='ocr_carea' id='block_1_3' title="bbox 3642 302 3773 355">
    <p class='ocr_par' dir='ltr' id='par_1_3' title="bbox 3642 302 3773 355">
     <span class='ocr_line' id='line_1_3' title="bbox 3642 302 3773 355; baseline -0.008 0"><span class='ocrx_word' id='word_1_7' title='bbox 3642 302 3773 355; x_wconf 73' lang='grc'><strong>1146</strong></span> 
     </span>
    </p>
   </div>
   <div class='ocr_carea' id='block_1_4' title="bbox 266 424 3770 504">
    <p class='ocr_par' dir='ltr' id='par_1_4' title="bbox 266 424 3770 504">
     <span class='ocr_line' id='line_1_4' title="bbox 266 424 3770 504; baseline -0.001 -22"><span class='ocrx_word' id='word_1_8' title='bbox 266 434 514 487; x_wconf 79' lang='lat' dir='ltr'><strong>utantur</strong></span> <span class='ocrx_word' id='word_1_9' title='bbox 558 431 677 497; x_wconf 89' lang='lat' dir='ltr'><strong>illo,</strong></span> <span class='ocrx_word' id='word_1_10' title='bbox 711 435 828 485; x_wconf 88' lang='lat' dir='ltr'><strong>tam</strong></span> <span class='ocrx_word' id='word_1_11' title='bbox 862 432 1004 485; x_wconf 88' lang='lat' dir='ltr'><strong>alios</strong></span> <span class='ocrx_word' id='word_1_12' title='bbox 1034 447 1207 502; x_wconf 87' lang='lat' dir='ltr'><strong>quam</strong></span> <span class='ocrx_word' id='word_1_13' title='bbox 1242 449 1308 485; x_wconf 83' lang='lat' dir='ltr'><strong>se</strong></span> <span class='ocrx_word' id='word_1_14' title='bbox 1366 438 1645 504; x_wconf 89' lang='lat' dir='ltr'><strong>quantum</strong></span> <span class='ocrx_word' id='word_1_15' title='bbox 1707 433 1776 486; x_wconf 86' lang='lat' dir='ltr'><strong>ad</strong></span> <span class='ocrx_word' id='word_1_16' title='bbox 1836 431 1970 485; x_wconf 82' lang='lat' dir='ltr'><strong>vitia</strong></span> <span class='ocrx_word' id='word_1_17' title='bbox 1999 439 2044 489; x_wconf 80' lang='grc' dir='ltr'><strong>Α</strong></span> <span class='ocrx_word' id='word_1_18' title='bbox 2083 432 2239 486; x_wconf 88' lang='lat' dir='ltr'><strong>navit</strong></span> <span class='ocrx_word' id='word_1_19' title='bbox 2268 446 2399 484; x_wconf 89' lang='lat' dir='ltr'><strong>eum</strong></span> <span class='ocrx_word' id='word_1_20' title='bbox 2428 429 2627 485; x_wconf 83' lang='lat' dir='ltr'><strong>Judaa</strong></span> <span class='ocrx_word' id='word_1_21' title='bbox 2673 445 2793 482; x_wconf 88' lang='lat' dir='ltr'><strong>sua.</strong></span> <span class='ocrx_word' id='word_1_22' title='bbox 2830 429 2939 492; x_wconf 85' lang='lat' dir='ltr'><strong>Qui</strong></span> <span class='ocrx_word' id='word_1_23' title='bbox 2964 428 3241 481; x_wconf 75' lang='lat' dir='ltr'><strong>coronavit</strong></span> <span class='ocrx_word' id='word_1_24' title='bbox 3298 441 3434 479; x_wconf 87' lang='lat' dir='ltr'><strong>eum.</strong></span> <span class='ocrx_word' id='word_1_25' title='bbox 3490 424 3613 489; x_wconf 89' lang='lat' dir='ltr'><strong>Qua</strong></span> <span class='ocrx_word' id='word_1_26' title='bbox 3662 426 3770 479; x_wconf 86' lang='lat' dir='ltr'><strong>hu-</strong></span> 
     </span>
    </p>
   </div>
   <div class='ocr_carea' id='block_1_5' title="bbox 267 521 1975 591">
    <p class='ocr_par' dir='ltr' id='par_1_5' title="bbox 267 521 1975 591">
     <span class='ocr_line' id='line_1_5' title="bbox 267 521 1975 591; baseline 0 -19"><span class='ocrx_word' id='word_1_27' title='bbox 267 522 682 591; x_wconf 87' lang='lat' dir='ltr'><strong>expugnando.</strong></span> <span class='ocrx_word' id='word_1_28' title='bbox 737 521 833 574; x_wconf 74' lang='lat' dir='ltr'><strong>Ad</strong></span> <span class='ocrx_word' id='word_1_29' title='bbox 872 521 1010 574; x_wconf 86' lang='lat' dir='ltr'><strong>bella</strong></span> <span class='ocrx_word' id='word_1_30' title='bbox 1056 521 1377 575; x_wconf 75' lang='lat' dir='ltr'><strong>doctissimi.</strong></span> <span class='ocrx_word' id='word_1_31' title='bbox 1409 522 1553 585; x_wconf 86' lang='lat' dir='ltr'><strong>Quia</strong></span> <span class='ocrx_word' id='word_1_32' title='bbox 1605 527 1692 574; x_wconf 87' lang='lat' dir='ltr'><strong>tot</strong></span> <span class='ocrx_word' id='word_1_33' title='bbox 1723 521 1975 573; x_wconf 85' lang='lat' dir='ltr'><strong>millibus</strong></span> 
     </span>
    </p>
   </div>
   <div class='ocr_carea' id='block_1_6' title="bbox 266 609 1973 678">
    <p class='ocr_par' dir='ltr' id='par_1_6' title="bbox 266 609 1973 678">
     <span class='ocr_line' id='line_1_6' title="bbox 266 609 1973 678; baseline -0.001 -16"><span class='ocrx_word' id='word_1_34' title='bbox 266 624 563 663; x_wconf 87' lang='lat' dir='ltr'><strong>annorum</strong></span> <span class='ocrx_word' id='word_1_35' title='bbox 597 615 792 662; x_wconf 87' lang='lat' dir='ltr'><strong>contra</strong></span> <span class='ocrx_word' id='word_1_36' title='bbox 830 609 1125 663; x_wconf 84' lang='lat' dir='ltr'><strong>diabolum</strong></span> <span class='ocrx_word' id='word_1_37' title='bbox 1174 609 1233 661; x_wconf 92' lang='lat' dir='ltr'><strong>in</strong></span> <span class='ocrx_word' id='word_1_38' title='bbox 1273 610 1458 662; x_wconf 89' lang='lat' dir='ltr'><strong>carnis</strong></span> <span class='ocrx_word' id='word_1_39' title='bbox 1505 609 1813 678; x_wconf 80' lang='lat' dir='ltr'><strong>fragilitate</strong></span> <span class='ocrx_word' id='word_1_40' title='bbox 1868 624 1973 677; x_wconf 91' lang='lat' dir='ltr'><strong>pu-</strong></span> 
     </span>
    </p>
   </div>
   <div class='ocr_carea' id='block_1_7' title="bbox 266 698 1975 767">
    <p class='ocr_par' dir='ltr' id='par_1_7' title="bbox 266 698 1975 767">
     <span class='ocr_line' id='line_1_7' title="bbox 266 698 1975 767; baseline 0 -17"><span class='ocrx_word' id='word_1_41' title='bbox 266 704 622 767; x_wconf 88' lang='lat' dir='ltr'><strong>gnaverunt,</strong></span> <span class='ocrx_word' id='word_1_42' title='bbox 677 714 739 751; x_wconf 88' lang='lat' dir='ltr'><strong>ex</strong></span> <span class='ocrx_word' id='word_1_43' title='bbox 771 698 998 751; x_wconf 89' lang='lat' dir='ltr'><strong>assiduo</strong></span> <span class='ocrx_word' id='word_1_44' title='bbox 1030 715 1133 751; x_wconf 89' lang='lat' dir='ltr'><strong>usn</strong></span> <span class='ocrx_word' id='word_1_45' title='bbox 1186 698 1333 751; x_wconf 94' lang='lat' dir='ltr'><strong>docti</strong></span> <span class='ocrx_word' id='word_1_46' title='bbox 1365 703 1515 751; x_wconf 89' lang='lat' dir='ltr'><strong>sunt.</strong></span> <span class='ocrx_word' id='word_1_47' title='bbox 1551 700 1775 766; x_wconf 80' lang='lat' dir='ltr'><strong>PrOpter</strong></span> <span class='ocrx_word' id='word_1_48' title='bbox 1805 700 1975 751; x_wconf 86' lang='lat' dir='ltr'><strong>timo-</strong></span> 
     </span>
    </p>
   </div>
   <div class='ocr_carea' id='block_1_8' title="bbox 265 785 1973 851">
    <p class='ocr_par' dir='ltr' id='par_1_8' title="bbox 265 785 1973 851">
     <span class='ocr_line' id='line_1_8' title="bbox 265 785 1973 851; baseline -0.001 -13"><span class='ocrx_word' id='word_1_49' title='bbox 265 801 379 840; x_wconf 87' lang='lat' dir='ltr'><strong>res.</strong></span> <span class='ocrx_word' id='word_1_50' title='bbox 422 789 501 841; x_wconf 89' lang='lat' dir='ltr'><strong>Ne</strong></span> <span class='ocrx_word' id='word_1_51' title='bbox 550 787 770 841; x_wconf 89' lang='lat' dir='ltr'><strong>insidia</strong></span> <span class='ocrx_word' id='word_1_52' title='bbox 828 787 1159 851; x_wconf 85' lang='lat' dir='ltr'><strong>tentatoris;</strong></span> <span class='ocrx_word' id='word_1_53' title='bbox 1195 788 1242 839; x_wconf 91' lang='lat' dir='ltr'><strong>si</strong></span> <span class='ocrx_word' id='word_1_54' title='bbox 1295 804 1390 840; x_wconf 89' lang='lat' dir='ltr'><strong>eos</strong></span> <span class='ocrx_word' id='word_1_55' title='bbox 1422 802 1650 840; x_wconf 90' lang='lat' dir='ltr'><strong>securos</strong></span> <span class='ocrx_word' id='word_1_56' title='bbox 1696 785 1973 838; x_wconf 84' lang='lat' dir='ltr'><strong>inermes-</strong></span> 
     </span>
    </p>
   </div>
   <div class='ocr_carea' id='block_1_9' title="bbox 268 872 1974 945">
    <p class='ocr_par' dir='ltr' id='par_1_9' title="bbox 268 872 1974 945">
     <span class='ocr_line' id='line_1_9' title="bbox 268 872 1974 945; baseline 0 -20"><span class='ocrx_word' id='word_1_57' title='bbox 268 888 389 943; x_wconf 89' lang='lat' dir='ltr'><strong>que</strong></span> <span class='ocrx_word' id='word_1_58' title='bbox 420 875 740 945; x_wconf 84' lang='lat' dir='ltr'><strong>repererint</strong></span> <span class='ocrx_word' id='word_1_59' title='bbox 770 879 1027 927; x_wconf 76' lang='lat' dir='ltr'><strong>sternant</strong></span> <span class='ocrx_word' id='word_1_60' title='bbox 1059 890 1071 927; x_wconf 93' lang='lat'>:</span> <span class='ocrx_word' id='word_1_61' title='bbox 1106 879 1163 927; x_wconf 90' lang='lat' dir='ltr'><strong>et</strong></span> <span class='ocrx_word' id='word_1_62' title='bbox 1196 889 1266 926; x_wconf 90' lang='lat' dir='ltr'><strong>ne</strong></span> <span class='ocrx_word' id='word_1_63' title='bbox 1294 874 1375 926; x_wconf 89' lang='lat' dir='ltr'><strong>eis</strong></span> <span class='ocrx_word' id='word_1_64' title='bbox 1405 872 1746 944; x_wconf 82' lang='lat' dir='ltr'><strong>expugnatis</strong></span> <span class='ocrx_word' id='word_1_65' title='bbox 1798 873 1974 925; x_wconf 89' lang='lat' dir='ltr'><strong>lectu-</strong></span> 
     </span>
    </p>
   </div>
   <div class='ocr_carea' id='block_1_10' title="bbox 267 962 1976 1033">
    <p class='ocr_par' dir='ltr' id='par_1_10' title="bbox 267 962 1976 1033">
     <span class='ocr_line' id='line_1_10' title="bbox 267 962 1976 1033; baseline -0.001 -19"><span class='ocrx_word' id='word_1_66' title='bbox 267 962 366 1014; x_wconf 89' lang='lat' dir='ltr'><strong>lus</strong></span> <span class='ocrx_word' id='word_1_67' title='bbox 397 979 567 1033; x_wconf 86' lang='lat' dir='ltr'><strong>quem</strong></span> <span class='ocrx_word' id='word_1_68' title='bbox 601 962 886 1015; x_wconf 84' lang='lat' dir='ltr'><strong>custodire</strong></span> <span class='ocrx_word' id='word_1_69' title='bbox 915 962 1258 1028; x_wconf 81' lang='lat' dir='ltr'><strong>debuerunt,</strong></span> <span class='ocrx_word' id='word_1_70' title='bbox 1298 962 1563 1028; x_wconf 79' lang='lat' dir='ltr'><strong>fadetur,</strong></span> <span class='ocrx_word' id='word_1_71' title='bbox 1613 962 1844 1025; x_wconf 80' lang='lat' dir='ltr'><strong>scilicet,</strong></span> <span class='ocrx_word' id='word_1_72' title='bbox 1904 975 1976 1013; x_wconf 89' lang='lat' dir='ltr'><strong>ne</strong></span> 
     </span>
    </p>
   </div>
   <div class='ocr_carea' id='block_1_11' title="bbox 270 1049 1975 1120">
    <p class='ocr_par' dir='ltr' id='par_1_11' title="bbox 270 1049 1975 1120">
     <span class='ocr_line' id='line_1_11' title="bbox 270 1049 1975 1120; baseline -0.001 -17"><span class='ocrx_word' id='word_1_73' title='bbox 270 1066 532 1120; x_wconf 88' lang='lat' dir='ltr'><strong>prasens</strong></span> <span class='ocrx_word' id='word_1_74' title='bbox 553 1067 657 1120; x_wconf 91' lang='lat' dir='ltr'><strong>pax</strong></span> <span class='ocrx_word' id='word_1_75' title='bbox 688 1051 948 1104; x_wconf 89' lang='lat' dir='ltr'><strong>Ecclesia</strong></span> <span class='ocrx_word' id='word_1_76' title='bbox 978 1051 1241 1118; x_wconf 80' lang='lat' dir='ltr'><strong>violetur,</strong></span> <span class='ocrx_word' id='word_1_77' title='bbox 1276 1056 1334 1105; x_wconf 91' lang='lat' dir='ltr'><strong>et</strong></span> <span class='ocrx_word' id='word_1_78' title='bbox 1359 1051 1437 1104; x_wconf 90' lang='lat' dir='ltr'><strong>sic</strong></span> <span class='ocrx_word' id='word_1_79' title='bbox 1457 1051 1652 1104; x_wconf 91' lang='lat' dir='ltr'><strong>futura</strong></span> <span class='ocrx_word' id='word_1_80' title='bbox 1682 1049 1975 1104; x_wconf 90' lang='lat' dir='ltr'><strong>beatitudo</strong></span> 
     </span>
    </p>
   </div>
   <div class='ocr_carea' id='block_1_12' title="bbox 271 1139 599 1192">
    <p class='ocr_par' dir='ltr' id='par_1_12' title="bbox 271 1139 599 1192">
     <span class='ocr_line' id='line_1_12' title="bbox 271 1139 599 1192; baseline 0.003 -1"><span class='ocrx_word' id='word_1_81' title='bbox 271 1139 599 1192; x_wconf 84' lang='lat' dir='ltr'><strong>amittatur.</strong></span> 
     </span>
    </p>
   </div>
   <div class='ocr_carea' id='block_1_13' title="bbox 384 1226 1976 1297">
    <p class='ocr_par' dir='ltr' id='par_1_13' title="bbox 384 1226 1976 1297">
     <span class='ocr_line' id='line_1_13' title="bbox 384 1226 1976 1297; baseline 0.002 -19"><span class='ocrx_word' id='word_1_82' title='bbox 384 1228 543 1280; x_wconf 78' lang='lat' dir='ltr'><strong>Vaas.</strong></span> <span class='ocrx_word' id='word_1_83' title='bbox 579 1230 629 1281; x_wconf 91' lang='lat'><strong>9.</strong></span> <span class='ocrx_word' id='word_1_84' title='bbox 664 1257 731 1267; x_wconf 92' lang='lat'><strong><em>—</em></strong></span> <span class='ocrx_word' id='word_1_85' title='bbox 760 1227 1064 1281; x_wconf 85' lang='lat' dir='ltr'><strong>Ferculum.</strong></span> <span class='ocrx_word' id='word_1_86' title='bbox 1113 1228 1235 1280; x_wconf 85' lang='lat' dir='ltr'><strong>Non</strong></span> <span class='ocrx_word' id='word_1_87' title='bbox 1264 1228 1447 1280; x_wconf 89' lang='lat' dir='ltr'><strong>solum</strong></span> <span class='ocrx_word' id='word_1_88' title='bbox 1480 1243 1582 1297; x_wconf 89' lang='lat' dir='ltr'><strong>per</strong></span> <span class='ocrx_word' id='word_1_89' title='bbox 1634 1227 1763 1289; x_wconf 87' lang='lat' dir='ltr'><strong>hoc,</strong></span> <span class='ocrx_word' id='word_1_90' title='bbox 1823 1226 1976 1297; x_wconf 93' lang='lat' dir='ltr'><strong>quod</strong></span> 
     </span>
    </p>
   </div>
   <div class='ocr_carea' id='block_1_14' title="bbox 274 1315 1978 1386">
    <p class='ocr_par' dir='ltr' id='par_1_14' title="bbox 274 1315 1978 1386">
     <span class='ocr_line' id='line_1_14' title="bbox 274 1315 1978 1386; baseline 0.001 -18"><span class='ocrx_word' id='word_1_91' title='bbox 274 1319 337 1369; x_wconf 87' lang='lat' dir='ltr'><strong>et</strong></span> <span class='ocrx_word' id='word_1_92' title='bbox 370 1315 430 1368; x_wconf 94' lang='lat' dir='ltr'><strong>in</strong></span> <span class='ocrx_word' id='word_1_93' title='bbox 462 1316 732 1384; x_wconf 87' lang='lat' dir='ltr'><strong>prasenti</strong></span> <span class='ocrx_word' id='word_1_94' title='bbox 762 1316 821 1368; x_wconf 93' lang='lat' dir='ltr'><strong>in</strong></span> <span class='ocrx_word' id='word_1_95' title='bbox 853 1317 1062 1369; x_wconf 82' lang='lat' dir='ltr'><strong>lectulo</strong></span> <span class='ocrx_word' id='word_1_96' title='bbox 1108 1316 1426 1371; x_wconf 88' lang='lat' dir='ltr'><strong>Salomonis</strong></span> <span class='ocrx_word' id='word_1_97' title='bbox 1484 1317 1737 1386; x_wconf 88' lang='lat' dir='ltr'><strong>quiesco,</strong></span> <span class='ocrx_word' id='word_1_98' title='bbox 1792 1320 1849 1369; x_wconf 91' lang='lat' dir='ltr'><strong>et</strong></span> <span class='ocrx_word' id='word_1_99' title='bbox 1906 1316 1978 1369; x_wconf 89' lang='lat' dir='ltr'><strong>ad</strong></span> 
     </span>
    </p>
   </div>
   <div class='ocr_carea' id='block_1_15' title="bbox 275 1404 1978 1469">
    <p class='ocr_par' dir='ltr' id='par_1_15' title="bbox 275 1404 1978 1469">
     <span class='ocr_line' id='line_1_15' title="bbox 275 1404 1978 1469; baseline 0 -11"><span class='ocrx_word' id='word_1_100' title='bbox 275 1404 544 1458; x_wconf 87' lang='lat' dir='ltr'><strong>futurum</strong></span> <span class='ocrx_word' id='word_1_101' title='bbox 584 1405 856 1458; x_wconf 81' lang='lat' dir='ltr'><strong>lectulum</strong></span> <span class='ocrx_word' id='word_1_102' title='bbox 916 1405 1144 1469; x_wconf 87' lang='lat' dir='ltr'><strong>festino,</strong></span> <span class='ocrx_word' id='word_1_103' title='bbox 1204 1410 1259 1459; x_wconf 88' lang='lat' dir='ltr'><strong>et</strong></span> <span class='ocrx_word' id='word_1_104' title='bbox 1318 1405 1662 1460; x_wconf 86' lang='lat' dir='ltr'><strong>fortissimos</strong></span> <span class='ocrx_word' id='word_1_105' title='bbox 1716 1406 1978 1460; x_wconf 83' lang='lat' dir='ltr'><strong>custodes</strong></span> 
     </span>
    </p>
   </div>
   <div class='ocr_carea' id='block_1_16' title="bbox 274 1493 1974 1564">
    <p class='ocr_par' dir='ltr' id='par_1_16' title="bbox 274 1493 1974 1564">
     <span class='ocr_line' id='line_1_16' title="bbox 274 1493 1974 1564; baseline 0.001 -18"><span class='ocrx_word' id='word_1_106' title='bbox 274 1493 487 1557; x_wconf 84' lang='lat' dir='ltr'><strong>habeo,</strong></span> <span class='ocrx_word' id='word_1_107' title='bbox 520 1500 757 1564; x_wconf 89' lang='lat' dir='ltr'><strong>apparet</strong></span> <span class='ocrx_word' id='word_1_108' title='bbox 793 1495 948 1564; x_wconf 89' lang='lat' dir='ltr'><strong>quod</strong></span> <span class='ocrx_word' id='word_1_109' title='bbox 980 1495 1131 1547; x_wconf 89' lang='lat' dir='ltr'><strong>salus</strong></span> <span class='ocrx_word' id='word_1_110' title='bbox 1180 1494 1254 1548; x_wconf 87' lang='lat' dir='ltr'><strong>sit</strong></span> <span class='ocrx_word' id='word_1_111' title='bbox 1309 1495 1592 1564; x_wconf 85' lang='lat' dir='ltr'><strong>promissa</strong></span> <span class='ocrx_word' id='word_1_112' title='bbox 1661 1494 1927 1563; x_wconf 81' lang='lat' dir='ltr'><strong>gentibus</strong></span> <span class='ocrx_word' id='word_1_113' title='bbox 1961 1510 1974 1547; x_wconf 92' lang='lat'><strong>:</strong></span> 
     </span>
    </p>
   </div>
   <div class='ocr_carea' id='block_1_17' title="bbox 276 1583 1976 1655">
    <p class='ocr_par' dir='ltr' id='par_1_17' title="bbox 276 1583 1976 1655">
     <span class='ocr_line' id='line_1_17' title="bbox 276 1583 1976 1655; baseline 0.001 -20"><span class='ocrx_word' id='word_1_114' title='bbox 276 1583 385 1636; x_wconf 85' lang='lat' dir='ltr'><strong>sed</strong></span> <span class='ocrx_word' id='word_1_115' title='bbox 433 1583 605 1637; x_wconf 89' lang='lat' dir='ltr'><strong>etiam</strong></span> <span class='ocrx_word' id='word_1_116' title='bbox 640 1599 742 1654; x_wconf 90' lang='lat' dir='ltr'><strong>per</strong></span> <span class='ocrx_word' id='word_1_117' title='bbox 784 1584 910 1648; x_wconf 77' lang='lat' dir='ltr'><strong>hoc,</strong></span> <span class='ocrx_word' id='word_1_118' title='bbox 961 1585 1116 1653; x_wconf 91' lang='lat' dir='ltr'><strong>quod</strong></span> <span class='ocrx_word' id='word_1_119' title='bbox 1172 1585 1241 1637; x_wconf 89' lang='lat' dir='ltr'><strong>de</strong></span> <span class='ocrx_word' id='word_1_120' title='bbox 1278 1584 1446 1637; x_wconf 89' lang='lat' dir='ltr'><strong>nobis</strong></span> <span class='ocrx_word' id='word_1_121' title='bbox 1506 1585 1639 1639; x_wconf 73' lang='lat' dir='ltr'><strong>fecit</strong></span> <span class='ocrx_word' id='word_1_122' title='bbox 1686 1585 1976 1655; x_wconf 83' lang='lat' dir='ltr'><strong>quoddam</strong></span> 
     </span>
    </p>
   </div>
   <div class='ocr_carea' id='block_1_18' title="bbox 276 1672 1976 1742">
    <p class='ocr_par' dir='ltr' id='par_1_18' title="bbox 276 1672 1976 1742">
     <span class='ocr_line' id='line_1_18' title="bbox 276 1672 1976 1742; baseline -0.001 -15"><span class='ocrx_word' id='word_1_123' title='bbox 276 1672 585 1737; x_wconf 84' lang='lat' dir='ltr'><strong>ferculum,</strong></span> <span class='ocrx_word' id='word_1_124' title='bbox 616 1672 673 1725; x_wconf 92' lang='lat' dir='ltr'><strong>id</strong></span> <span class='ocrx_word' id='word_1_125' title='bbox 720 1677 804 1726; x_wconf 88' lang='lat' dir='ltr'><strong>est</strong></span> <span class='ocrx_word' id='word_1_126' title='bbox 848 1672 1001 1742; x_wconf 90' lang='lat' dir='ltr'><strong>quod</strong></span> <span class='ocrx_word' id='word_1_127' title='bbox 1036 1672 1105 1726; x_wconf 88' lang='lat' dir='ltr'><strong>de</strong></span> <span class='ocrx_word' id='word_1_128' title='bbox 1132 1672 1257 1726; x_wconf 91' lang='lat' dir='ltr'><strong>loco</strong></span> <span class='ocrx_word' id='word_1_129' title='bbox 1301 1674 1369 1727; x_wconf 92' lang='lat' dir='ltr'><strong>ad</strong></span> <span class='ocrx_word' id='word_1_130' title='bbox 1422 1674 1610 1727; x_wconf 91' lang='lat' dir='ltr'><strong>locum</strong></span> <span class='ocrx_word' id='word_1_131' title='bbox 1665 1674 1840 1726; x_wconf 86' lang='lat' dir='ltr'><strong>ferret</strong></span> <span class='ocrx_word' id='word_1_132' title='bbox 1889 1672 1976 1725; x_wconf 91' lang='lat' dir='ltr'><strong>sui</strong></span> 
     </span>
    </p>
   </div>
   <div class='ocr_carea' id='block_1_19' title="bbox 278 1760 1979 1832">
    <p class='ocr_par' dir='ltr' id='par_1_19' title="bbox 278 1760 1979 1832">
     <span class='ocr_line' id='line_1_19' title="bbox 278 1760 1979 1832; baseline 0.001 -19"><span class='ocrx_word' id='word_1_133' title='bbox 278 1760 447 1814; x_wconf 87' lang='lat' dir='ltr'><strong>verbi</strong></span> <span class='ocrx_word' id='word_1_134' title='bbox 480 1760 917 1830; x_wconf 84' lang='lat' dir='ltr'><strong>dispensatores,</strong></span> <span class='ocrx_word' id='word_1_135' title='bbox 952 1762 1036 1813; x_wconf 87' lang='lat' dir='ltr'><strong>vel</strong></span> <span class='ocrx_word' id='word_1_136' title='bbox 1076 1762 1137 1814; x_wconf 91' lang='lat' dir='ltr'><strong>in</strong></span> <span class='ocrx_word' id='word_1_137' title='bbox 1169 1761 1375 1831; x_wconf 87' lang='lat' dir='ltr'><strong>quibus</strong></span> <span class='ocrx_word' id='word_1_138' title='bbox 1413 1762 1533 1832; x_wconf 89' lang='lat' dir='ltr'><strong>ipse</strong></span> <span class='ocrx_word' id='word_1_139' title='bbox 1564 1778 1667 1832; x_wconf 88' lang='lat' dir='ltr'><strong>per</strong></span> <span class='ocrx_word' id='word_1_140' title='bbox 1697 1762 1979 1815; x_wconf 90' lang='lat' dir='ltr'><strong>mundum</strong></span> 
     </span>
    </p>
   </div>
   <div class='ocr_carea' id='block_1_20' title="bbox 276 1849 1980 1921">
    <p class='ocr_par' dir='ltr' id='par_1_20' title="bbox 276 1849 1980 1921">
     <span class='ocr_line' id='line_1_20' title="bbox 276 1849 1980 1921; baseline 0 -18"><span class='ocrx_word' id='word_1_141' title='bbox 276 1849 519 1903; x_wconf 82' lang='lat' dir='ltr'><strong>feratur.</strong></span> <span class='ocrx_word' id='word_1_142' title='bbox 558 1850 649 1901; x_wconf 90' lang='lat' dir='ltr'><strong>Vel</strong></span> <span class='ocrx_word' id='word_1_143' title='bbox 692 1849 769 1902; x_wconf 88' lang='lat' dir='ltr'><strong>ita</strong></span> <span class='ocrx_word' id='word_1_144' title='bbox 804 1866 816 1903; x_wconf 95' lang='lat'>:</span> <span class='ocrx_word' id='word_1_145' title='bbox 874 1849 1168 1915; x_wconf 82' lang='lat' dir='ltr'><strong>Paciﬁcas,</strong></span> <span class='ocrx_word' id='word_1_146' title='bbox 1204 1851 1273 1904; x_wconf 92' lang='lat' dir='ltr'><strong>ad</strong></span> <span class='ocrx_word' id='word_1_147' title='bbox 1317 1851 1478 1921; x_wconf 86' lang='lat' dir='ltr'><strong>cujus</strong></span> <span class='ocrx_word' id='word_1_148' title='bbox 1525 1851 1797 1904; x_wconf 89' lang='lat' dir='ltr'><strong>lectulum</strong></span> <span class='ocrx_word' id='word_1_149' title='bbox 1852 1865 1980 1919; x_wconf 89' lang='lat' dir='ltr'><strong>pro-</strong></span> 
     </span>
    </p>
   </div>
   <div class='ocr_carea' id='block_1_21' title="bbox 278 1937 1979 2009">
    <p class='ocr_par' dir='ltr' id='par_1_21' title="bbox 278 1937 1979 2009">
     <span class='ocr_line' id='line_1_21' title="bbox 278 1937 1979 2009; baseline -0.001 -19"><span class='ocrx_word' id='word_1_150' title='bbox 278 1952 446 2006; x_wconf 89' lang='lat' dir='ltr'><strong>pero,</strong></span> <span class='ocrx_word' id='word_1_151' title='bbox 479 1937 557 1990; x_wconf 82' lang='lat' dir='ltr'><strong>ita</strong></span> <span class='ocrx_word' id='word_1_152' title='bbox 588 1938 832 1991; x_wconf 87' lang='lat' dir='ltr'><strong>munivit</strong></span> <span class='ocrx_word' id='word_1_153' title='bbox 864 1954 953 1991; x_wconf 91' lang='lat' dir='ltr'><strong>me</strong></span> <span class='ocrx_word' id='word_1_154' title='bbox 982 1954 994 1991; x_wconf 90' lang='lat'><strong>:</strong></span> <span class='ocrx_word' id='word_1_155' title='bbox 1030 1943 1085 1991; x_wconf 91' lang='lat' dir='ltr'><strong>et</strong></span> <span class='ocrx_word' id='word_1_156' title='bbox 1123 1938 1229 1991; x_wconf 89' lang='lat' dir='ltr'><strong>hoc</strong></span> <span class='ocrx_word' id='word_1_157' title='bbox 1258 1939 1390 1993; x_wconf 89' lang='lat' dir='ltr'><strong>fecit</strong></span> <span class='ocrx_word' id='word_1_158' title='bbox 1418 1954 1521 2009; x_wconf 89' lang='lat' dir='ltr'><strong>per</strong></span> <span class='ocrx_word' id='word_1_159' title='bbox 1568 1940 1870 2000; x_wconf 87' lang='lat' dir='ltr'><strong>ferculum,</strong></span> <span class='ocrx_word' id='word_1_160' title='bbox 1926 1937 1979 1990; x_wconf 85' lang='lat' dir='ltr'><strong>id</strong></span> 
     </span>
    </p>
   </div>
   <div class='ocr_carea' id='block_1_22' title="bbox 280 2028 1978 2099">
    <p class='ocr_par' dir='ltr' id='par_1_22' title="bbox 280 2028 1978 2099">
     <span class='ocr_line' id='line_1_22' title="bbox 280 2028 1978 2099; baseline -0.001 -19"><span class='ocrx_word' id='word_1_161' title='bbox 280 2032 371 2080; x_wconf 88' lang='lat' dir='ltr'><strong>est</strong></span> <span class='ocrx_word' id='word_1_162' title='bbox 396 2045 499 2099; x_wconf 90' lang='lat' dir='ltr'><strong>per</strong></span> <span class='ocrx_word' id='word_1_163' title='bbox 530 2029 838 2097; x_wconf 85' lang='lat' dir='ltr'><strong>apostolos,</strong></span> <span class='ocrx_word' id='word_1_164' title='bbox 872 2044 974 2098; x_wconf 90' lang='lat' dir='ltr'><strong>per</strong></span> <span class='ocrx_word' id='word_1_165' title='bbox 1004 2044 1166 2099; x_wconf 88' lang='lat' dir='ltr'><strong>quos,</strong></span> <span class='ocrx_word' id='word_1_166' title='bbox 1200 2029 1426 2082; x_wconf 89' lang='lat' dir='ltr'><strong>sicutin</strong></span> <span class='ocrx_word' id='word_1_167' title='bbox 1459 2029 1730 2082; x_wconf 86' lang='lat' dir='ltr'><strong>cathedra</strong></span> <span class='ocrx_word' id='word_1_168' title='bbox 1779 2028 1978 2093; x_wconf 83' lang='lat' dir='ltr'><strong>fertur,</strong></span> 
     </span>
    </p>
   </div>
   <div class='ocr_carea' id='block_1_23' title="bbox 286 2117 1618 2187">
    <p class='ocr_par' dir='ltr' id='par_1_23' title="bbox 286 2117 1618 2187">
     <span class='ocr_line' id='line_1_23' title="bbox 286 2117 1618 2187; baseline 0 -18"><span class='ocrx_word' id='word_1_169' title='bbox 286 2132 434 2187; x_wconf 88' lang='lat' dir='ltr'><strong>quos</strong></span> <span class='ocrx_word' id='word_1_170' title='bbox 465 2117 533 2170; x_wconf 90' lang='lat' dir='ltr'><strong>ad</strong></span> <span class='ocrx_word' id='word_1_171' title='bbox 565 2133 751 2170; x_wconf 89' lang='lat' dir='ltr'><strong>meam</strong></span> <span class='ocrx_word' id='word_1_172' title='bbox 778 2117 1021 2172; x_wconf 88' lang='lat' dir='ltr'><strong>salutem</strong></span> <span class='ocrx_word' id='word_1_173' title='bbox 1040 2119 1127 2171; x_wconf 88' lang='lat' dir='ltr'><strong>vel</strong></span> <span class='ocrx_word' id='word_1_174' title='bbox 1158 2123 1413 2171; x_wconf 87' lang='lat' dir='ltr'><strong>nostram</strong></span> <span class='ocrx_word' id='word_1_175' title='bbox 1446 2117 1618 2171; x_wconf 80' lang='lat' dir='ltr'><strong>misit.</strong></span> 
     </span>
    </p>
   </div>
   <div class='ocr_carea' id='block_1_24' title="bbox 362 2205 1986 2271">
    <p class='ocr_par' dir='ltr' id='par_1_24' title="bbox 362 2205 1986 2271">
     <span class='ocr_line' id='line_1_24' title="bbox 362 2205 1986 2271; baseline 0 -14"><span class='ocrx_word' id='word_1_176' title='bbox 362 2206 524 2259; x_wconf 74' lang='lat' dir='ltr'><strong>Vens.</strong></span> <span class='ocrx_word' id='word_1_177' title='bbox 588 2208 671 2259; x_wconf 87' lang='lat' dir='ltr'><strong>l0.</strong></span> <span class='ocrx_word' id='word_1_178' title='bbox 727 2236 789 2245; x_wconf 97' lang='lat'>—</span> <span class='ocrx_word' id='word_1_179' title='bbox 826 2207 1257 2260; x_wconf 84' lang='lat' dir='ltr'><strong>Reclinatorium</strong></span> <span class='ocrx_word' id='word_1_180' title='bbox 1319 2221 1561 2260; x_wconf 86' lang='lat' dir='ltr'><strong>aureum.</strong></span> <span class='ocrx_word' id='word_1_181' title='bbox 1623 2205 1680 2259; x_wconf 91' lang='lat' dir='ltr'><strong>Id</strong></span> <span class='ocrx_word' id='word_1_182' title='bbox 1740 2209 1842 2271; x_wconf 90' lang='lat' dir='ltr'><strong>est,</strong></span> <span class='ocrx_word' id='word_1_183' title='bbox 1898 2205 1986 2257; x_wconf 92' lang='lat' dir='ltr'><strong>sui</strong></span> 
     </span>
    </p>
   </div>
   <div class='ocr_carea' id='block_1_25' title="bbox 290 2294 1985 2364">
    <p class='ocr_par' dir='ltr' id='par_1_25' title="bbox 290 2294 1985 2364">
     <span class='ocr_line' id='line_1_25' title="bbox 290 2294 1985 2364; baseline 0.001 -20"><span class='ocrx_word' id='word_1_184' title='bbox 290 2294 679 2361; x_wconf 85' lang='lat' dir='ltr'><strong>speculatores</strong></span> <span class='ocrx_word' id='word_1_185' title='bbox 708 2294 912 2363; x_wconf 88' lang='lat' dir='ltr'><strong>plenos</strong></span> <span class='ocrx_word' id='word_1_186' title='bbox 969 2294 1161 2347; x_wconf 81' lang='lat' dir='ltr'><strong>divina</strong></span> <span class='ocrx_word' id='word_1_187' title='bbox 1192 2294 1491 2364; x_wconf 86' lang='lat' dir='ltr'><strong>sapientia,</strong></span> <span class='ocrx_word' id='word_1_188' title='bbox 1556 2294 1641 2346; x_wconf 89' lang='lat' dir='ltr'><strong>vel</strong></span> <span class='ocrx_word' id='word_1_189' title='bbox 1698 2294 1985 2347; x_wconf 82' lang='lat' dir='ltr'><strong>reclinato-</strong></span> 
     </span>
    </p>
   </div>
   <div class='ocr_carea' id='block_1_26' title="bbox 288 2380 1985 2453">
    <p class='ocr_par' dir='ltr' id='par_1_26' title="bbox 288 2380 1985 2453">
     <span class='ocr_line' id='line_1_26' title="bbox 288 2380 1985 2453; baseline 0.001 -20"><span class='ocrx_word' id='word_1_190' title='bbox 288 2383 438 2434; x_wconf 85' lang='lat' dir='ltr'><strong>rium</strong></span> <span class='ocrx_word' id='word_1_191' title='bbox 474 2380 609 2434; x_wconf 84' lang='lat' dir='ltr'><strong>facit</strong></span> <span class='ocrx_word' id='word_1_192' title='bbox 647 2381 704 2434; x_wconf 91' lang='lat' dir='ltr'><strong>in</strong></span> <span class='ocrx_word' id='word_1_193' title='bbox 735 2382 975 2449; x_wconf 89' lang='lat' dir='ltr'><strong>ferculo,</strong></span> <span class='ocrx_word' id='word_1_194' title='bbox 1009 2398 1139 2435; x_wconf 89' lang='lat' dir='ltr'><strong>cum</strong></span> <span class='ocrx_word' id='word_1_195' title='bbox 1170 2398 1329 2451; x_wconf 86' lang='lat' dir='ltr'><strong>spem</strong></span> <span class='ocrx_word' id='word_1_196' title='bbox 1354 2386 1644 2452; x_wconf 88' lang='lat' dir='ltr'><strong>perpetua</strong></span> <span class='ocrx_word' id='word_1_197' title='bbox 1676 2381 1885 2453; x_wconf 85' lang='lat' dir='ltr'><strong>quietis</strong></span> <span class='ocrx_word' id='word_1_198' title='bbox 1920 2382 1985 2435; x_wconf 91' lang='lat' dir='ltr'><strong>ﬁ-</strong></span> 
     </span>
    </p>
   </div>
   <div class='ocr_carea' id='block_1_27' title="bbox 290 2468 1987 2542">
    <p class='ocr_par' dir='ltr' id='par_1_27' title="bbox 290 2468 1987 2542">
     <span class='ocr_line' id='line_1_27' title="bbox 290 2468 1987 2542; baseline 0.001 -20"><span class='ocrx_word' id='word_1_199' title='bbox 290 2468 516 2522; x_wconf 90' lang='lat' dir='ltr'><strong>delibus</strong></span> <span class='ocrx_word' id='word_1_200' title='bbox 546 2470 851 2539; x_wconf 85' lang='lat' dir='ltr'><strong>promittit,</strong></span> <span class='ocrx_word' id='word_1_201' title='bbox 885 2471 1145 2536; x_wconf 82' lang='lat' dir='ltr'><strong>Aureum,</strong></span> <span class='ocrx_word' id='word_1_202' title='bbox 1171 2472 1303 2542; x_wconf 88' lang='lat' dir='ltr'><strong>quia</strong></span> <span class='ocrx_word' id='word_1_203' title='bbox 1334 2470 1591 2542; x_wconf 88' lang='lat' dir='ltr'><strong>requiem</strong></span> <span class='ocrx_word' id='word_1_204' title='bbox 1639 2487 1757 2524; x_wconf 87' lang='lat' dir='ltr'><strong>sua</strong></span> <span class='ocrx_word' id='word_1_205' title='bbox 1816 2470 1987 2523; x_wconf 87' lang='lat' dir='ltr'><strong>visio-</strong></span> 
     </span>
    </p>
   </div>
   <div class='ocr_carea' id='block_1_28' title="bbox 292 2558 1983 2628">
    <p class='ocr_par' dir='ltr' id='par_1_28' title="bbox 292 2558 1983 2628">
     <span class='ocr_line' id='line_1_28' title="bbox 292 2558 1983 2628; baseline 0.001 -19"><span class='ocrx_word' id='word_1_206' title='bbox 292 2558 381 2609; x_wconf 87' lang='lat' dir='ltr'><strong>nis</strong></span> <span class='ocrx_word' id='word_1_207' title='bbox 410 2559 592 2628; x_wconf 81' lang='lat' dir='ltr'><strong>gloria</strong></span> <span class='ocrx_word' id='word_1_208' title='bbox 612 2574 906 2611; x_wconf 87' lang='lat' dir='ltr'><strong>cornscam</strong></span> <span class='ocrx_word' id='word_1_209' title='bbox 929 2564 1233 2628; x_wconf 82' lang='lat' dir='ltr'><strong>praparat.</strong></span> <span class='ocrx_word' id='word_1_210' title='bbox 1286 2561 1586 2613; x_wconf 82' lang='lat' dir='ltr'><strong>Ascensum</strong></span> <span class='ocrx_word' id='word_1_211' title='bbox 1630 2573 1983 2627; x_wconf 83' lang='lat' dir='ltr'><strong>purpureum.</strong></span> 
     </span>
    </p>
   </div>
   <div class='ocr_carea' id='block_1_29' title="bbox 290 2648 1988 2718">
    <p class='ocr_par' dir='ltr' id='par_1_29' title="bbox 290 2648 1988 2718">
     <span class='ocr_line' id='line_1_29' title="bbox 290 2648 1988 2718; baseline 0 -19"><span class='ocrx_word' id='word_1_212' title='bbox 290 2649 569 2700; x_wconf 83' lang='lat' dir='ltr'><strong>Ascensus</strong></span> <span class='ocrx_word' id='word_1_213' title='bbox 595 2648 851 2713; x_wconf 89' lang='lat' dir='ltr'><strong>suntilli,</strong></span> <span class='ocrx_word' id='word_1_214' title='bbox 882 2664 985 2717; x_wconf 90' lang='lat' dir='ltr'><strong>per</strong></span> <span class='ocrx_word' id='word_1_215' title='bbox 1036 2664 1180 2717; x_wconf 91' lang='lat' dir='ltr'><strong>quos</strong></span> <span class='ocrx_word' id='word_1_216' title='bbox 1223 2648 1427 2718; x_wconf 89' lang='lat' dir='ltr'><strong>aliquis</strong></span> <span class='ocrx_word' id='word_1_217' title='bbox 1480 2652 1667 2718; x_wconf 88' lang='lat' dir='ltr'><strong>potest</strong></span> <span class='ocrx_word' id='word_1_218' title='bbox 1720 2648 1988 2700; x_wconf 87' lang='lat' dir='ltr'><strong>scandere</strong></span> 
     </span>
    </p>
   </div>
   <div class='ocr_carea' id='block_1_30' title="bbox 292 2735 1984 2806">
    <p class='ocr_par' dir='ltr' id='par_1_30' title="bbox 292 2735 1984 2806">
     <span class='ocr_line' id='line_1_30' title="bbox 292 2735 1984 2806; baseline -0.001 -19"><span class='ocrx_word' id='word_1_219' title='bbox 292 2735 547 2805; x_wconf 89' lang='lat' dir='ltr'><strong>primum</strong></span> <span class='ocrx_word' id='word_1_220' title='bbox 602 2735 674 2789; x_wconf 90' lang='lat' dir='ltr'><strong>ad</strong></span> <span class='ocrx_word' id='word_1_221' title='bbox 730 2735 990 2801; x_wconf 86' lang='lat' dir='ltr'><strong>virtutes,</strong></span> <span class='ocrx_word' id='word_1_222' title='bbox 1026 2741 1224 2806; x_wconf 90' lang='lat' dir='ltr'><strong>postea</strong></span> <span class='ocrx_word' id='word_1_223' title='bbox 1271 2736 1340 2789; x_wconf 92' lang='lat' dir='ltr'><strong>ad</strong></span> <span class='ocrx_word' id='word_1_224' title='bbox 1387 2741 1580 2789; x_wconf 89' lang='lat' dir='ltr'><strong>sancta</strong></span> <span class='ocrx_word' id='word_1_225' title='bbox 1614 2740 1984 2789; x_wconf 90' lang='lat' dir='ltr'><strong>sanctorum:</strong></span> 
     </span>
    </p>
   </div>
   <div class='ocr_carea' id='block_1_31' title="bbox 292 2823 1986 2895">
    <p class='ocr_par' dir='ltr' id='par_1_31' title="bbox 292 2823 1986 2895">
     <span class='ocr_line' id='line_1_31' title="bbox 292 2823 1986 2895; baseline 0 -20"><span class='ocrx_word' id='word_1_226' title='bbox 292 2824 393 2893; x_wconf 90' lang='lat' dir='ltr'><strong>qui</strong></span> <span class='ocrx_word' id='word_1_227' title='bbox 426 2828 560 2876; x_wconf 90' lang='lat' dir='ltr'><strong>sunt</strong></span> <span class='ocrx_word' id='word_1_228' title='bbox 586 2826 873 2893; x_wconf 76' lang='lat' dir='ltr'><strong>purpurei,</strong></span> <span class='ocrx_word' id='word_1_229' title='bbox 896 2824 953 2878; x_wconf 93' lang='lat' dir='ltr'><strong>id</strong></span> <span class='ocrx_word' id='word_1_230' title='bbox 984 2830 1068 2877; x_wconf 88' lang='lat' dir='ltr'><strong>est</strong></span> <span class='ocrx_word' id='word_1_231' title='bbox 1096 2824 1163 2877; x_wconf 89' lang='lat' dir='ltr'><strong>ad</strong></span> <span class='ocrx_word' id='word_1_232' title='bbox 1198 2824 1535 2895; x_wconf 87' lang='lat' dir='ltr'><strong>martyrium</strong></span> <span class='ocrx_word' id='word_1_233' title='bbox 1565 2824 1833 2894; x_wconf 83' lang='lat' dir='ltr'><strong>prompti.</strong></span> <span class='ocrx_word' id='word_1_234' title='bbox 1866 2823 1986 2888; x_wconf 86' lang='lat' dir='ltr'><strong>Vel,</strong></span> 
     </span>
    </p>
   </div>
   <div class='ocr_carea' id='block_1_32' title="bbox 292 2911 1985 2983">
    <p class='ocr_par' dir='ltr' id='par_1_32' title="bbox 292 2911 1985 2983">
     <span class='ocr_line' id='line_1_32' title="bbox 292 2911 1985 2983; baseline 0 -19"><span class='ocrx_word' id='word_1_235' title='bbox 292 2911 434 2982; x_wconf 85' lang='lat' dir='ltr'><strong>ipsa</strong></span> <span class='ocrx_word' id='word_1_236' title='bbox 466 2912 721 2971; x_wconf 87' lang='lat' dir='ltr'><strong>virtutes,</strong></span> <span class='ocrx_word' id='word_1_237' title='bbox 754 2917 886 2965; x_wconf 89' lang='lat' dir='ltr'><strong>sunt</strong></span> <span class='ocrx_word' id='word_1_238' title='bbox 900 2928 1171 2978; x_wconf 82' lang='lat' dir='ltr'><strong>ascensus,</strong></span> <span class='ocrx_word' id='word_1_239' title='bbox 1199 2929 1329 2983; x_wconf 87' lang='lat' dir='ltr'><strong>qua</strong></span> <span class='ocrx_word' id='word_1_240' title='bbox 1358 2918 1491 2965; x_wconf 89' lang='lat' dir='ltr'><strong>sunt</strong></span> <span class='ocrx_word' id='word_1_241' title='bbox 1521 2929 1653 2966; x_wconf 90' lang='lat' dir='ltr'><strong>vera</strong></span> <span class='ocrx_word' id='word_1_242' title='bbox 1679 2927 1932 2982; x_wconf 80' lang='lat' dir='ltr'><strong>purpura</strong></span> <span class='ocrx_word' id='word_1_243' title='bbox 1972 2928 1985 2964; x_wconf 86' lang='lat'>:</span> 
     </span>
    </p>
   </div>
   <div class='ocr_carea' id='block_1_33' title="bbox 2084 513 3776 584">
    <p class='ocr_par' dir='ltr' id='par_1_33' title="bbox 2084 513 3776 584">
     <span class='ocr_line' id='line_1_33' title="bbox 2084 513 3776 584; baseline -0.004 -10"><span class='ocrx_word' id='word_1_244' title='bbox 2084 520 2359 574; x_wconf 86' lang='lat' dir='ltr'><strong>manitate</strong></span> <span class='ocrx_word' id='word_1_245' title='bbox 2388 518 2712 572; x_wconf 89' lang='lat' dir='ltr'><strong>honestavit</strong></span> <span class='ocrx_word' id='word_1_246' title='bbox 2735 533 2867 571; x_wconf 82' lang='lat' dir='ltr'><strong>eum</strong></span> <span class='ocrx_word' id='word_1_247' title='bbox 2918 522 3098 570; x_wconf 86' lang='lat' dir='ltr'><strong>mater</strong></span> <span class='ocrx_word' id='word_1_248' title='bbox 3130 532 3143 569; x_wconf 86' lang='lat'><strong>:</strong></span> <span class='ocrx_word' id='word_1_249' title='bbox 3172 516 3231 569; x_wconf 94' lang='lat' dir='ltr'><strong>in</strong></span> <span class='ocrx_word' id='word_1_250' title='bbox 3272 515 3379 568; x_wconf 88' lang='lat' dir='ltr'><strong>hoc</strong></span> <span class='ocrx_word' id='word_1_251' title='bbox 3417 513 3566 584; x_wconf 89' lang='lat' dir='ltr'><strong>quod</strong></span> <span class='ocrx_word' id='word_1_252' title='bbox 3614 514 3776 583; x_wconf 88' lang='lat' dir='ltr'><strong>virgo</strong></span> 
     </span>
    </p>
   </div>
   <div class='ocr_carea' id='block_1_34' title="bbox 2085 602 3773 677">
    <p class='ocr_par' dir='ltr' id='par_1_34' title="bbox 2085 602 3773 677">
     <span class='ocr_line' id='line_1_34' title="bbox 2085 602 3773 677; baseline -0.006 -14"><span class='ocrx_word' id='word_1_253' title='bbox 2085 616 2189 677; x_wconf 90' lang='lat' dir='ltr'><strong>est,</strong></span> <span class='ocrx_word' id='word_1_254' title='bbox 2224 626 2337 662; x_wconf 93' lang='lat' dir='ltr'><strong>non</strong></span> <span class='ocrx_word' id='word_1_255' title='bbox 2369 610 2681 677; x_wconf 90' lang='lat' dir='ltr'><strong>deturpans</strong></span> <span class='ocrx_word' id='word_1_256' title='bbox 2714 613 2775 660; x_wconf 89' lang='lat' dir='ltr'><strong>ut</strong></span> <span class='ocrx_word' id='word_1_257' title='bbox 2814 605 2940 659; x_wconf 77' lang='lat' dir='ltr'><strong>alia:</strong></span> <span class='ocrx_word' id='word_1_258' title='bbox 2974 605 3265 668; x_wconf 84' lang='lat' dir='ltr'><strong>mulieres,</strong></span> <span class='ocrx_word' id='word_1_259' title='bbox 3300 603 3465 656; x_wconf 87' lang='lat' dir='ltr'><strong>sorde</strong></span> <span class='ocrx_word' id='word_1_260' title='bbox 3521 602 3773 671; x_wconf 89' lang='lat' dir='ltr'><strong>origina-</strong></span> 
     </span>
    </p>
   </div>
   <div class='ocr_carea' id='block_1_35' title="bbox 2086 690 3773 768">
    <p class='ocr_par' dir='ltr' id='par_1_35' title="bbox 2086 690 3773 768">
     <span class='ocr_line' id='line_1_35' title="bbox 2086 690 3773 768; baseline -0.006 -16"><span class='ocrx_word' id='word_1_261' title='bbox 2086 699 2153 753; x_wconf 90' lang='lat' dir='ltr'><strong>lis</strong></span> <span class='ocrx_word' id='word_1_262' title='bbox 2196 697 2413 768; x_wconf 87' lang='lat' dir='ltr'><strong>peccati</strong></span> <span class='ocrx_word' id='word_1_263' title='bbox 2447 712 2461 749; x_wconf 91' lang='lat'><strong>:</strong></span> <span class='ocrx_word' id='word_1_264' title='bbox 2493 702 2550 750; x_wconf 85' lang='lat' dir='ltr'><strong>et</strong></span> <span class='ocrx_word' id='word_1_265' title='bbox 2582 696 2758 749; x_wconf 88' lang='lat' dir='ltr'><strong>mittit</strong></span> <span class='ocrx_word' id='word_1_266' title='bbox 2788 712 2890 749; x_wconf 90' lang='lat' dir='ltr'><strong>nos</strong></span> <span class='ocrx_word' id='word_1_267' title='bbox 2919 695 2987 748; x_wconf 85' lang='lat' dir='ltr'><strong>ad</strong></span> <span class='ocrx_word' id='word_1_268' title='bbox 3021 693 3336 747; x_wconf 86' lang='lat' dir='ltr'><strong>historiam.</strong></span> <span class='ocrx_word' id='word_1_269' title='bbox 3372 690 3542 756; x_wconf 86' lang='lat' dir='ltr'><strong>Quasi</strong></span> <span class='ocrx_word' id='word_1_270' title='bbox 3576 707 3588 744; x_wconf 90' lang='lat'>:</span> <span class='ocrx_word' id='word_1_271' title='bbox 3643 692 3773 743; x_wconf 77' lang='lat' dir='ltr'><strong>Cre-</strong></span> 
     </span>
    </p>
   </div>
   <div class='ocr_carea' id='block_1_36' title="bbox 2084 780 3778 855">
    <p class='ocr_par' dir='ltr' id='par_1_36' title="bbox 2084 780 3778 855">
     <span class='ocr_line' id='line_1_36' title="bbox 2084 780 3778 855; baseline -0.005 -14"><span class='ocrx_word' id='word_1_272' title='bbox 2084 788 2199 842; x_wconf 89' lang='lat' dir='ltr'><strong>dite</strong></span> <span class='ocrx_word' id='word_1_273' title='bbox 2257 787 2634 845; x_wconf 84' lang='lat' dir='ltr'><strong>nativitatem.</strong></span> <span class='ocrx_word' id='word_1_274' title='bbox 2693 785 3039 855; x_wconf 86' lang='lat' dir='ltr'><strong>passionem,</strong></span> <span class='ocrx_word' id='word_1_275' title='bbox 3099 781 3595 834; x_wconf 89' lang='lat' dir='ltr'><strong>resurrectionem.</strong></span> <span class='ocrx_word' id='word_1_276' title='bbox 3650 780 3778 833; x_wconf 86' lang='lat' dir='ltr'><strong>Hac</strong></span> 
     </span>
    </p>
   </div>
   <div class='ocr_carea' id='block_1_37' title="bbox 2083 868 3774 946">
    <p class='ocr_par' dir='ltr' id='par_1_37' title="bbox 2083 868 3774 946">
     <span class='ocr_line' id='line_1_37' title="bbox 2083 868 3774 946; baseline -0.006 -16"><span class='ocrx_word' id='word_1_277' title='bbox 2083 877 2391 946; x_wconf 84' lang='lat' dir='ltr'><strong>descriptio</strong></span> <span class='ocrx_word' id='word_1_278' title='bbox 2442 893 2547 946; x_wconf 90' lang='lat' dir='ltr'><strong>pro</strong></span> <span class='ocrx_word' id='word_1_279' title='bbox 2598 874 2855 928; x_wconf 88' lang='lat' dir='ltr'><strong>Ecclesia</strong></span> <span class='ocrx_word' id='word_1_280' title='bbox 2933 870 3356 940; x_wconf 89' lang='lat' dir='ltr'><strong>multiplicitate</strong></span> <span class='ocrx_word' id='word_1_281' title='bbox 3426 868 3774 921; x_wconf 76' lang='lat' dir='ltr'><strong>extenditur.</strong></span> 
     </span>
    </p>
   </div>
   <div class='ocr_carea' id='block_1_38' title="bbox 2084 957 3776 1035">
    <p class='ocr_par' dir='ltr' id='par_1_38' title="bbox 2084 957 3776 1035">
     <span class='ocr_line' id='line_1_38' title="bbox 2084 957 3776 1035; baseline -0.008 -14"><span class='ocrx_word' id='word_1_282' title='bbox 2084 968 2525 1035; x_wconf 85' lang='lat' dir='ltr'><strong>Desponsationis</strong></span> <span class='ocrx_word' id='word_1_283' title='bbox 2551 966 2719 1019; x_wconf 75' lang='lat' dir='ltr'><strong>illius.</strong></span> <span class='ocrx_word' id='word_1_284' title='bbox 2763 964 2821 1017; x_wconf 89' lang='lat' dir='ltr'><strong>Si</strong></span> <span class='ocrx_word' id='word_1_285' title='bbox 2853 964 3002 1016; x_wconf 84' lang='lat' dir='ltr'><strong>illius</strong></span> <span class='ocrx_word' id='word_1_286' title='bbox 3059 960 3359 1014; x_wconf 84' lang='lat' dir='ltr'><strong>referimus</strong></span> <span class='ocrx_word' id='word_1_287' title='bbox 3407 957 3478 1011; x_wconf 87' lang='lat' dir='ltr'><strong>ad</strong></span> <span class='ocrx_word' id='word_1_288' title='bbox 3513 960 3776 1022; x_wconf 85' lang='lat' dir='ltr'><strong>matrem,</strong></span> 
     </span>
    </p>
   </div>
   <div class='ocr_carea' id='block_1_39' title="bbox 2084 1045 3774 1123">
    <p class='ocr_par' dir='ltr' id='par_1_39' title="bbox 2084 1045 3774 1123">
     <span class='ocr_line' id='line_1_39' title="bbox 2084 1045 3774 1123; baseline -0.007 -14"><span class='ocrx_word' id='word_1_289' title='bbox 2084 1054 2327 1109; x_wconf 87' lang='lat' dir='ltr'><strong>dicimus</strong></span> <span class='ocrx_word' id='word_1_290' title='bbox 2358 1055 2415 1107; x_wconf 89' lang='lat' dir='ltr'><strong>in</strong></span> <span class='ocrx_word' id='word_1_291' title='bbox 2448 1060 2705 1123; x_wconf 89' lang='lat' dir='ltr'><strong>tempore</strong></span> <span class='ocrx_word' id='word_1_292' title='bbox 2736 1049 3194 1105; x_wconf 89' lang='lat' dir='ltr'><strong>aununtiationis</strong></span> <span class='ocrx_word' id='word_1_293' title='bbox 3226 1064 3240 1101; x_wconf 88' lang='lat'><strong>:</strong></span> <span class='ocrx_word' id='word_1_294' title='bbox 3274 1047 3321 1100; x_wconf 91' lang='lat' dir='ltr'><strong>si</strong></span> <span class='ocrx_word' id='word_1_295' title='bbox 3367 1048 3436 1100; x_wconf 90' lang='lat' dir='ltr'><strong>ad</strong></span> <span class='ocrx_word' id='word_1_296' title='bbox 3495 1045 3774 1098; x_wconf 86' lang='lat' dir='ltr'><strong>ﬁdelium.</strong></span> 
     </span>
    </p>
   </div>
   <div class='ocr_carea' id='block_1_40' title="bbox 2085 1133 3781 1211">
    <p class='ocr_par' dir='ltr' id='par_1_40' title="bbox 2085 1133 3781 1211">
     <span class='ocr_line' id='line_1_40' title="bbox 2085 1133 3781 1211; baseline -0.006 -16"><span class='ocrx_word' id='word_1_297' title='bbox 2085 1142 2544 1209; x_wconf 89' lang='lat' dir='ltr'><strong>resurrectionis,</strong></span> <span class='ocrx_word' id='word_1_298' title='bbox 2578 1157 2707 1211; x_wconf 89' lang='lat' dir='ltr'><strong>qua</strong></span> <span class='ocrx_word' id='word_1_299' title='bbox 2738 1139 3029 1209; x_wconf 86' lang='lat' dir='ltr'><strong>pracipua</strong></span> <span class='ocrx_word' id='word_1_300' title='bbox 3070 1136 3269 1190; x_wconf 88' lang='lat' dir='ltr'><strong>latitia</strong></span> <span class='ocrx_word' id='word_1_301' title='bbox 3297 1135 3427 1200; x_wconf 88' lang='lat' dir='ltr'><strong>fuit,</strong></span> <span class='ocrx_word' id='word_1_302' title='bbox 3478 1133 3611 1203; x_wconf 87' lang='lat' dir='ltr'><strong>quia</strong></span> <span class='ocrx_word' id='word_1_303' title='bbox 3644 1136 3781 1186; x_wconf 89' lang='lat' dir='ltr'><strong>tunc</strong></span> 
     </span>
    </p>
   </div>
   <div class='ocr_carea' id='block_1_41' title="bbox 2085 1230 3024 1300">
    <p class='ocr_par' dir='ltr' id='par_1_41' title="bbox 2085 1230 3024 1300">
     <span class='ocr_line' id='line_1_41' title="bbox 2085 1230 3024 1300; baseline -0.003 -18"><span class='ocrx_word' id='word_1_304' title='bbox 2085 1231 2337 1284; x_wconf 91' lang='lat' dir='ltr'><strong>solutum</strong></span> <span class='ocrx_word' id='word_1_305' title='bbox 2368 1235 2451 1283; x_wconf 90' lang='lat' dir='ltr'><strong>est</strong></span> <span class='ocrx_word' id='word_1_306' title='bbox 2471 1244 2653 1300; x_wconf 88' lang='lat' dir='ltr'><strong>genus</strong></span> <span class='ocrx_word' id='word_1_307' title='bbox 2684 1230 3024 1282; x_wconf 87' lang='lat' dir='ltr'><strong>humanum.</strong></span> 
     </span>
    </p>
   </div>
   <div class='ocr_carea' id='block_1_42' title="bbox 2754 1371 3110 1426">
    <p class='ocr_par' dir='ltr' id='par_1_42' title="bbox 2754 1371 3110 1426">
     <span class='ocr_line' id='line_1_42' title="bbox 2754 1371 3110 1426; baseline -0.008 0"><span class='ocrx_word' id='word_1_308' title='bbox 2754 1372 2979 1426; x_wconf 77' lang='lat' dir='ltr'><strong>CAPUT</strong></span> <span class='ocrx_word' id='word_1_309' title='bbox 3020 1371 3110 1423; x_wconf 93' lang='lat' dir='ltr'><strong>IV.</strong></span> 
     </span>
    </p>
   </div>
   <div class='ocr_carea' id='block_1_43' title="bbox 2160 1490 3778 1567">
    <p class='ocr_par' dir='ltr' id='par_1_43' title="bbox 2160 1490 3778 1567">
     <span class='ocr_line' id='line_1_43' title="bbox 2160 1490 3778 1567; baseline -0.006 -16"><span class='ocrx_word' id='word_1_310' title='bbox 2160 1500 2337 1554; x_wconf 74' lang='lat' dir='ltr'><strong>Vens.</strong></span> <span class='ocrx_word' id='word_1_311' title='bbox 2376 1503 2422 1553; x_wconf 85' lang='grc'><strong>1.</strong></span> <span class='ocrx_word' id='word_1_312' title='bbox 2453 1528 2522 1540; x_wconf 90' lang='grc'><strong>-</strong></span> <span class='ocrx_word' id='word_1_313' title='bbox 2555 1499 2732 1563; x_wconf 86' lang='lat' dir='ltr'><strong>Quam</strong></span> <span class='ocrx_word' id='word_1_314' title='bbox 2760 1499 2990 1567; x_wconf 83' lang='lat' dir='ltr'><strong>pulchra</strong></span> <span class='ocrx_word' id='word_1_315' title='bbox 3010 1512 3082 1551; x_wconf 89' lang='lat' dir='ltr'><strong>es.</strong></span> <span class='ocrx_word' id='word_1_316' title='bbox 3109 1497 3249 1550; x_wconf 86' lang='lat' dir='ltr'><strong>Cum</strong></span> <span class='ocrx_word' id='word_1_317' title='bbox 3273 1510 3482 1565; x_wconf 90' lang='lat' dir='ltr'><strong>sponsa</strong></span> <span class='ocrx_word' id='word_1_318' title='bbox 3500 1493 3569 1545; x_wconf 89' lang='lat' dir='ltr'><strong>de</strong></span> <span class='ocrx_word' id='word_1_319' title='bbox 3598 1490 3778 1561; x_wconf 87' lang='lat' dir='ltr'><strong>genti-</strong></span> 
     </span>
    </p>
   </div>
   <div class='ocr_carea' id='block_1_44' title="bbox 2089 1581 3783 1658">
    <p class='ocr_par' dir='ltr' id='par_1_44' title="bbox 2089 1581 3783 1658">
     <span class='ocr_line' id='line_1_44' title="bbox 2089 1581 3783 1658; baseline -0.007 -15"><span class='ocrx_word' id='word_1_320' title='bbox 2089 1588 2195 1643; x_wconf 86' lang='lat' dir='ltr'><strong>bus</strong></span> <span class='ocrx_word' id='word_1_321' title='bbox 2207 1589 2607 1658; x_wconf 86' lang='lat' dir='ltr'><strong>conversajam</strong></span> <span class='ocrx_word' id='word_1_322' title='bbox 2625 1594 2798 1641; x_wconf 87' lang='lat' dir='ltr'><strong>tanta</strong></span> <span class='ocrx_word' id='word_1_323' title='bbox 2817 1587 2891 1640; x_wconf 90' lang='lat' dir='ltr'><strong>sit</strong></span> <span class='ocrx_word' id='word_1_324' title='bbox 2911 1584 3298 1655; x_wconf 87' lang='lat' dir='ltr'><strong>perfectionis,</strong></span> <span class='ocrx_word' id='word_1_325' title='bbox 3321 1591 3382 1636; x_wconf 88' lang='lat' dir='ltr'><strong>ut</strong></span> <span class='ocrx_word' id='word_1_326' title='bbox 3398 1581 3612 1636; x_wconf 83' lang='lat' dir='ltr'><strong>Judais</strong></span> <span class='ocrx_word' id='word_1_327' title='bbox 3627 1596 3783 1633; x_wconf 77' lang='lat' dir='ltr'><strong>versa</strong></span> 
     </span>
    </p>
   </div>
   <div class='ocr_carea' id='block_1_45' title="bbox 2090 1668 3780 1747">
    <p class='ocr_par' dir='ltr' id='par_1_45' title="bbox 2090 1668 3780 1747">
     <span class='ocr_line' id='line_1_45' title="bbox 2090 1668 3780 1747; baseline -0.006 -19"><span class='ocrx_word' id='word_1_328' title='bbox 2090 1677 2209 1731; x_wconf 90' lang='lat' dir='ltr'><strong>vice</strong></span> <span class='ocrx_word' id='word_1_329' title='bbox 2228 1677 2499 1747; x_wconf 89' lang='lat' dir='ltr'><strong>pradicet</strong></span> <span class='ocrx_word' id='word_1_330' title='bbox 2520 1682 2577 1730; x_wconf 86' lang='lat' dir='ltr'><strong>et</strong></span> <span class='ocrx_word' id='word_1_331' title='bbox 2598 1692 2874 1746; x_wconf 78' lang='lat' dir='ltr'><strong>sponsum</strong></span> <span class='ocrx_word' id='word_1_332' title='bbox 2890 1676 3080 1728; x_wconf 89' lang='lat' dir='ltr'><strong>laudet</strong></span> <span class='ocrx_word' id='word_1_333' title='bbox 3104 1690 3116 1727; x_wconf 94' lang='lat'>:</span> <span class='ocrx_word' id='word_1_334' title='bbox 3140 1674 3265 1743; x_wconf 89' lang='lat' dir='ltr'><strong>ipsa</strong></span> <span class='ocrx_word' id='word_1_335' title='bbox 3290 1686 3516 1742; x_wconf 88' lang='lat' dir='ltr'><strong>quoque</strong></span> <span class='ocrx_word' id='word_1_336' title='bbox 3546 1668 3780 1738; x_wconf 84' lang='lat' dir='ltr'><strong>dignam</strong></span> 
     </span>
    </p>
   </div>
   <div class='ocr_carea' id='block_1_46' title="bbox 2092 1756 3780 1834">
    <p class='ocr_par' dir='ltr' id='par_1_46' title="bbox 2092 1756 3780 1834">
     <span class='ocr_line' id='line_1_46' title="bbox 2092 1756 3780 1834; baseline -0.008 -14"><span class='ocrx_word' id='word_1_337' title='bbox 2092 1766 2276 1820; x_wconf 88' lang='lat' dir='ltr'><strong>laudis</strong></span> <span class='ocrx_word' id='word_1_338' title='bbox 2305 1764 2891 1834; x_wconf 84' lang='lat' dir='ltr'><strong>recompensationem</strong></span> <span class='ocrx_word' id='word_1_339' title='bbox 2925 1780 2956 1815; x_wconf 89' lang='lat' dir='ltr'><strong>a</strong></span> <span class='ocrx_word' id='word_1_340' title='bbox 2987 1778 3197 1816; x_wconf 87' lang='lat' dir='ltr'><strong>soonso</strong></span> <span class='ocrx_word' id='word_1_341' title='bbox 3228 1761 3455 1830; x_wconf 89' lang='lat' dir='ltr'><strong>recipit.</strong></span> <span class='ocrx_word' id='word_1_342' title='bbox 3499 1759 3625 1811; x_wconf 87' lang='lat' dir='ltr'><strong>Hac</strong></span> <span class='ocrx_word' id='word_1_343' title='bbox 3684 1756 3780 1808; x_wconf 54' lang='lat' dir='ltr'><strong>de.</strong></span> 
     </span>
    </p>
   </div>
   <div class='ocr_carea' id='block_1_47' title="bbox 2090 1843 3782 1924">
    <p class='ocr_par' dir='ltr' id='par_1_47' title="bbox 2090 1843 3782 1924">
     <span class='ocr_line' id='line_1_47' title="bbox 2090 1843 3782 1924; baseline -0.007 -17"><span class='ocrx_word' id='word_1_344' title='bbox 2090 1854 2323 1923; x_wconf 89' lang='lat' dir='ltr'><strong>scriptio</strong></span> <span class='ocrx_word' id='word_1_345' title='bbox 2355 1870 2459 1924; x_wconf 92' lang='lat' dir='ltr'><strong>pro</strong></span> <span class='ocrx_word' id='word_1_346' title='bbox 2497 1852 2755 1907; x_wconf 90' lang='lat' dir='ltr'><strong>Ecclesia</strong></span> <span class='ocrx_word' id='word_1_347' title='bbox 2789 1850 3208 1920; x_wconf 84' lang='lat' dir='ltr'><strong>multiplicitate</strong></span> <span class='ocrx_word' id='word_1_348' title='bbox 3244 1847 3590 1901; x_wconf 81' lang='lat' dir='ltr'><strong>extenditur.</strong></span> <span class='ocrx_word' id='word_1_349' title='bbox 3647 1843 3782 1897; x_wconf 92' lang='lat' dir='ltr'><strong>Pul-</strong></span> 
     </span>
    </p>
   </div>
   <div class='ocr_carea' id='block_1_48' title="bbox 2092 1933 3783 2011">
    <p class='ocr_par' dir='ltr' id='par_1_48' title="bbox 2092 1933 3783 2011">
     <span class='ocr_line' id='line_1_48' title="bbox 2092 1933 3783 2011; baseline -0.009 -15"><span class='ocrx_word' id='word_1_350' title='bbox 2092 1943 2224 1995; x_wconf 85' lang='lat' dir='ltr'><strong>chra</strong></span> <span class='ocrx_word' id='word_1_351' title='bbox 2250 1942 2496 2008; x_wconf 85' lang='lat' dir='ltr'><strong>actione,</strong></span> <span class='ocrx_word' id='word_1_352' title='bbox 2526 1942 2662 2011; x_wconf 91' lang='lat' dir='ltr'><strong>quia</strong></span> <span class='ocrx_word' id='word_1_353' title='bbox 2708 1942 2855 1994; x_wconf 88' lang='lat' dir='ltr'><strong>sicut</strong></span> <span class='ocrx_word' id='word_1_354' title='bbox 2883 1939 3104 2009; x_wconf 81' lang='lat' dir='ltr'><strong>virgula</strong></span> <span class='ocrx_word' id='word_1_355' title='bbox 3133 1936 3277 1991; x_wconf 88' lang='lat' dir='ltr'><strong>fumi</strong></span> <span class='ocrx_word' id='word_1_356' title='bbox 3336 1950 3439 2004; x_wconf 89' lang='lat' dir='ltr'><strong>per</strong></span> <span class='ocrx_word' id='word_1_357' title='bbox 3494 1933 3783 1985; x_wconf 89' lang='lat' dir='ltr'><strong>desertum</strong></span> 
     </span>
    </p>
   </div>
   <div class='ocr_carea' id='block_1_49' title="bbox 2091 2025 3788 2100">
    <p class='ocr_par' dir='ltr' id='par_1_49' title="bbox 2091 2025 3788 2100">
     <span class='ocr_line' id='line_1_49' title="bbox 2091 2025 3788 2100; baseline -0.009 -17"><span class='ocrx_word' id='word_1_358' title='bbox 2091 2030 2365 2093; x_wconf 84' lang='lat' dir='ltr'><strong>ascendit,</strong></span> <span class='ocrx_word' id='word_1_359' title='bbox 2424 2031 2664 2099; x_wconf 91' lang='lat' dir='ltr'><strong>pulchra</strong></span> <span class='ocrx_word' id='word_1_360' title='bbox 2688 2028 3120 2100; x_wconf 85' lang='lat' dir='ltr'><strong>pradicatione,</strong></span> <span class='ocrx_word' id='word_1_361' title='bbox 3153 2025 3287 2096; x_wconf 90' lang='lat' dir='ltr'><strong>quia</strong></span> <span class='ocrx_word' id='word_1_362' title='bbox 3311 2030 3381 2077; x_wconf 87' lang='lat' dir='ltr'><strong>ad</strong></span> <span class='ocrx_word' id='word_1_363' title='bbox 3433 2037 3599 2075; x_wconf 91' lang='lat' dir='ltr'><strong>suum</strong></span> <span class='ocrx_word' id='word_1_364' title='bbox 3654 2033 3788 2071; x_wconf 87' lang='lat' dir='ltr'><strong>con-</strong></span> 
     </span>
    </p>
   </div>
   <div class='ocr_carea' id='block_1_50' title="bbox 2092 2103 3785 2188">
    <p class='ocr_par' dir='ltr' id='par_1_50' title="bbox 2092 2103 3785 2188">
     <span class='ocr_line' id='line_1_50' title="bbox 2092 2103 3785 2188; baseline -0.009 -17"><span class='ocrx_word' id='word_1_365' title='bbox 2092 2118 2332 2171; x_wconf 86' lang='lat' dir='ltr'><strong>sortium</strong></span> <span class='ocrx_word' id='word_1_366' title='bbox 2362 2119 2649 2188; x_wconf 86' lang='lat' dir='ltr'><strong>proximas</strong></span> <span class='ocrx_word' id='word_1_367' title='bbox 2690 2116 2942 2170; x_wconf 84' lang='lat' dir='ltr'><strong>attrahit.</strong></span> <span class='ocrx_word' id='word_1_368' title='bbox 2981 2116 3154 2172; x_wconf 80' lang='lat' dir='ltr'><strong>Oculi.</strong></span> <span class='ocrx_word' id='word_1_369' title='bbox 3194 2114 3251 2168; x_wconf 91' lang='lat' dir='ltr'><strong>Id</strong></span> <span class='ocrx_word' id='word_1_370' title='bbox 3285 2118 3391 2178; x_wconf 89' lang='lat' dir='ltr'><strong>est,</strong></span> <span class='ocrx_word' id='word_1_371' title='bbox 3450 2124 3650 2164; x_wconf 88' lang='lat' dir='ltr'><strong>sensus</strong></span> <span class='ocrx_word' id='word_1_372' title='bbox 3700 2103 3785 2158; x_wconf 88' lang='lat' dir='ltr'><strong>tui</strong></span> 
     </span>
    </p>
   </div>
   <div class='ocr_carea' id='block_1_51' title="bbox 2094 2198 3786 2276">
    <p class='ocr_par' dir='ltr' id='par_1_51' title="bbox 2094 2198 3786 2276">
     <span class='ocr_line' id='line_1_51' title="bbox 2094 2198 3786 2276; baseline -0.008 -16"><span class='ocrx_word' id='word_1_373' title='bbox 2094 2208 2580 2276; x_wconf 87' lang='lat' dir='ltr'><strong>contemplatione</strong></span> <span class='ocrx_word' id='word_1_374' title='bbox 2625 2205 3009 2275; x_wconf 89' lang='lat' dir='ltr'><strong>spiritualium</strong></span> <span class='ocrx_word' id='word_1_375' title='bbox 3044 2220 3234 2256; x_wconf 90' lang='lat' dir='ltr'><strong>rerum</strong></span> <span class='ocrx_word' id='word_1_376' title='bbox 3267 2207 3400 2255; x_wconf 89' lang='lat' dir='ltr'><strong>sunt</strong></span> <span class='ocrx_word' id='word_1_377' title='bbox 3447 2198 3786 2253; x_wconf 81' lang='lat' dir='ltr'><strong>excellentes</strong></span> 
     </span>
    </p>
   </div>
   <div class='ocr_carea' id='block_1_52' title="bbox 2096 2286 3783 2363">
    <p class='ocr_par' dir='ltr' id='par_1_52' title="bbox 2096 2286 3783 2363">
     <span class='ocr_line' id='line_1_52' title="bbox 2096 2286 3783 2363; baseline -0.008 -15"><span class='ocrx_word' id='word_1_378' title='bbox 2096 2298 2151 2348; x_wconf 90' lang='lat' dir='ltr'><strong>et</strong></span> <span class='ocrx_word' id='word_1_379' title='bbox 2202 2294 2518 2348; x_wconf 87' lang='lat' dir='ltr'><strong>reverendi.</strong></span> <span class='ocrx_word' id='word_1_380' title='bbox 2578 2295 2685 2348; x_wconf 89' lang='lat' dir='ltr'><strong>Per</strong></span> <span class='ocrx_word' id='word_1_381' title='bbox 2715 2298 2904 2363; x_wconf 83' lang='lat' dir='ltr'><strong>partes</strong></span> <span class='ocrx_word' id='word_1_382' title='bbox 2932 2292 3182 2345; x_wconf 89' lang='lat' dir='ltr'><strong>intendit</strong></span> <span class='ocrx_word' id='word_1_383' title='bbox 3230 2291 3482 2343; x_wconf 88' lang='lat' dir='ltr'><strong>laudare.</strong></span> <span class='ocrx_word' id='word_1_384' title='bbox 3544 2286 3783 2352; x_wconf 85' lang='lat' dir='ltr'><strong>Absque.</strong></span> 
     </span>
    </p>
   </div>
   <div class='ocr_carea' id='block_1_53' title="bbox 2100 2376 3786 2452">
    <p class='ocr_par' dir='ltr' id='par_1_53' title="bbox 2100 2376 3786 2452">
     <span class='ocr_line' id='line_1_53' title="bbox 2100 2376 3786 2452; baseline -0.008 -16"><span class='ocrx_word' id='word_1_385' title='bbox 2100 2385 2297 2447; x_wconf 75' lang='lat' dir='ltr'><strong>Magna</strong></span> <span class='ocrx_word' id='word_1_386' title='bbox 2329 2388 2412 2436; x_wconf 92' lang='lat' dir='ltr'><strong>est</strong></span> <span class='ocrx_word' id='word_1_387' title='bbox 2458 2381 2640 2452; x_wconf 87' lang='lat' dir='ltr'><strong>gloria</strong></span> <span class='ocrx_word' id='word_1_388' title='bbox 2671 2382 2853 2451; x_wconf 90' lang='lat' dir='ltr'><strong>aperti</strong></span> <span class='ocrx_word' id='word_1_389' title='bbox 2894 2381 3103 2451; x_wconf 88' lang='lat' dir='ltr'><strong>operis,</strong></span> <span class='ocrx_word' id='word_1_390' title='bbox 3135 2380 3231 2434; x_wconf 91' lang='lat' dir='ltr'><strong>sed</strong></span> <span class='ocrx_word' id='word_1_391' title='bbox 3264 2380 3431 2447; x_wconf 91' lang='lat' dir='ltr'><strong>longe</strong></span> <span class='ocrx_word' id='word_1_392' title='bbox 3490 2376 3786 2442; x_wconf 87' lang='lat' dir='ltr'><strong>incompa-</strong></span> 
     </span>
    </p>
   </div>
   <div class='ocr_carea' id='block_1_54' title="bbox 2094 2466 3785 2539">
    <p class='ocr_par' dir='ltr' id='par_1_54' title="bbox 2094 2466 3785 2539">
     <span class='ocr_line' id='line_1_54' title="bbox 2094 2466 3785 2539; baseline -0.007 -14"><span class='ocrx_word' id='word_1_393' title='bbox 2094 2472 2355 2526; x_wconf 87' lang='lat' dir='ltr'><strong>rabiliter</strong></span> <span class='ocrx_word' id='word_1_394' title='bbox 2407 2478 2621 2525; x_wconf 89' lang='lat' dir='ltr'><strong>aterna</strong></span> <span class='ocrx_word' id='word_1_395' title='bbox 2675 2470 2991 2524; x_wconf 78' lang='lat' dir='ltr'><strong>retributio.</strong></span> <span class='ocrx_word' id='word_1_396' title='bbox 3027 2484 3154 2539; x_wconf 86' lang='lat' dir='ltr'><strong>qua</strong></span> <span class='ocrx_word' id='word_1_397' title='bbox 3176 2467 3356 2521; x_wconf 88' lang='lat' dir='ltr'><strong>videri</strong></span> <span class='ocrx_word' id='word_1_398' title='bbox 3411 2480 3529 2518; x_wconf 90' lang='lat' dir='ltr'><strong>non</strong></span> <span class='ocrx_word' id='word_1_399' title='bbox 3580 2466 3785 2533; x_wconf 86' lang='lat' dir='ltr'><strong>potest.</strong></span> 
     </span>
    </p>
   </div>
   <div class='ocr_carea' id='block_1_55' title="bbox 2169 2550 3788 2630">
    <p class='ocr_par' dir='ltr' id='par_1_55' title="bbox 2169 2550 3788 2630">
     <span class='ocr_line' id='line_1_55' title="bbox 2169 2550 3788 2630; baseline -0.01 -13"><span class='ocrx_word' id='word_1_400' title='bbox 2169 2562 2369 2630; x_wconf 81' lang='lat' dir='ltr'><strong>Capilli</strong></span> <span class='ocrx_word' id='word_1_401' title='bbox 2393 2563 2493 2614; x_wconf 86' lang='lat' dir='ltr'><strong>tui.</strong></span> <span class='ocrx_word' id='word_1_402' title='bbox 2538 2561 2606 2615; x_wconf 85' lang='lat' dir='ltr'><strong>Ut</strong></span> <span class='ocrx_word' id='word_1_403' title='bbox 2635 2559 2855 2613; x_wconf 90' lang='lat' dir='ltr'><strong>facilius</strong></span> <span class='ocrx_word' id='word_1_404' title='bbox 2888 2565 3089 2612; x_wconf 89' lang='lat' dir='ltr'><strong>cuncta</strong></span> <span class='ocrx_word' id='word_1_405' title='bbox 3147 2556 3483 2626; x_wconf 89' lang='lat' dir='ltr'><strong>liquescant,</strong></span> <span class='ocrx_word' id='word_1_406' title='bbox 3538 2550 3788 2605; x_wconf 74' lang='lat' dir='ltr'><strong>breviter</strong></span> 
     </span>
    </p>
   </div>
   <div class='ocr_carea' id='block_1_56' title="bbox 2099 2641 3786 2719">
    <p class='ocr_par' dir='ltr' id='par_1_56' title="bbox 2099 2641 3786 2719">
     <span class='ocr_line' id='line_1_56' title="bbox 2099 2641 3786 2719; baseline -0.007 -17"><span class='ocrx_word' id='word_1_407' title='bbox 2099 2649 2326 2719; x_wconf 89' lang='lat' dir='ltr'><strong>singula</strong></span> <span class='ocrx_word' id='word_1_408' title='bbox 2362 2664 2782 2718; x_wconf 85' lang='lat' dir='ltr'><strong>percurramus.</strong></span> <span class='ocrx_word' id='word_1_409' title='bbox 2835 2648 3050 2716; x_wconf 82' lang='lat' dir='ltr'><strong>Capilli,</strong></span> <span class='ocrx_word' id='word_1_410' title='bbox 3099 2650 3233 2698; x_wconf 89' lang='lat' dir='ltr'><strong>sunt</strong></span> <span class='ocrx_word' id='word_1_411' title='bbox 3286 2641 3590 2713; x_wconf 88' lang='lat' dir='ltr'><strong>spontanei</strong></span> <span class='ocrx_word' id='word_1_412' title='bbox 3644 2654 3786 2709; x_wconf 82' lang='lat' dir='ltr'><strong>pau-</strong></span> 
     </span>
    </p>
   </div>
   <div class='ocr_carea' id='block_1_57' title="bbox 2100 2734 3785 2809">
    <p class='ocr_par' dir='ltr' id='par_1_57' title="bbox 2100 2734 3785 2809">
     <span class='ocr_line' id='line_1_57' title="bbox 2100 2734 3785 2809; baseline -0.007 -18"><span class='ocrx_word' id='word_1_413' title='bbox 2100 2754 2283 2809; x_wconf 85' lang='lat' dir='ltr'><strong>peres.</strong></span> <span class='ocrx_word' id='word_1_414' title='bbox 2320 2740 2500 2803; x_wconf 75' lang='lat' dir='ltr'><strong>Gena,</strong></span> <span class='ocrx_word' id='word_1_415' title='bbox 2534 2736 2745 2791; x_wconf 90' lang='lat' dir='ltr'><strong>summi</strong></span> <span class='ocrx_word' id='word_1_416' title='bbox 2794 2735 3036 2805; x_wconf 85' lang='lat' dir='ltr'><strong>pralati.</strong></span> <span class='ocrx_word' id='word_1_417' title='bbox 3071 2734 3269 2788; x_wconf 78' lang='lat' dir='ltr'><strong>Dentes</strong></span> <span class='ocrx_word' id='word_1_418' title='bbox 3295 2748 3429 2786; x_wconf 87' lang='lat' dir='ltr'><strong>vero</strong></span> <span class='ocrx_word' id='word_1_419' title='bbox 3480 2742 3785 2801; x_wconf 86' lang='lat' dir='ltr'><strong>genarum,</strong></span> 
     </span>
    </p>
   </div>
   <div class='ocr_carea' id='block_1_58' title="bbox 2099 2818 3788 2895">
    <p class='ocr_par' dir='ltr' id='par_1_58' title="bbox 2099 2818 3788 2895">
     <span class='ocr_line' id='line_1_58' title="bbox 2099 2818 3788 2895; baseline -0.007 -15"><span class='ocrx_word' id='word_1_420' title='bbox 2099 2827 2197 2880; x_wconf 89' lang='lat' dir='ltr'><strong>alii</strong></span> <span class='ocrx_word' id='word_1_421' title='bbox 2228 2826 2528 2879; x_wconf 85' lang='lat' dir='ltr'><strong>inferiores</strong></span> <span class='ocrx_word' id='word_1_422' title='bbox 2575 2825 2817 2895; x_wconf 87' lang='lat' dir='ltr'><strong>pralati.</strong></span> <span class='ocrx_word' id='word_1_423' title='bbox 2873 2825 3067 2888; x_wconf 88' lang='lat' dir='ltr'><strong>Labia,</strong></span> <span class='ocrx_word' id='word_1_424' title='bbox 3126 2820 3614 2876; x_wconf 89' lang='lat' dir='ltr'><strong>sermocinatores.</strong></span> <span class='ocrx_word' id='word_1_425' title='bbox 3677 2818 3788 2870; x_wconf 87' lang='lat' dir='ltr'><strong>Ca-</strong></span> 
     </span>
    </p>
   </div>
   <div class='ocr_carea' id='block_1_59' title="bbox 2096 2909 3791 2985">
    <p class='ocr_par' dir='ltr' id='par_1_59' title="bbox 2096 2909 3791 2985">
     <span class='ocr_line' id='line_1_59' title="bbox 2096 2909 3791 2985; baseline -0.003 -20"><span class='ocrx_word' id='word_1_426' title='bbox 2096 2916 2221 2985; x_wconf 78' lang='lat' dir='ltr'><strong>pilli</strong></span> <span class='ocrx_word' id='word_1_427' title='bbox 2262 2916 2358 2968; x_wconf 88' lang='lat' dir='ltr'><strong>tui.</strong></span> <span class='ocrx_word' id='word_1_428' title='bbox 2390 2914 2449 2968; x_wconf 90' lang='lat' dir='ltr'><strong>Si</strong></span> <span class='ocrx_word' id='word_1_429' title='bbox 2480 2914 2538 2967; x_wconf 92' lang='lat' dir='ltr'><strong>in</strong></span> <span class='ocrx_word' id='word_1_430' title='bbox 2571 2915 2736 2967; x_wconf 90' lang='lat' dir='ltr'><strong>oculis</strong></span> <span class='ocrx_word' id='word_1_431' title='bbox 2794 2928 3033 2966; x_wconf 86' lang='lat' dir='ltr'><strong>acumen</strong></span> <span class='ocrx_word' id='word_1_432' title='bbox 3075 2909 3464 2981; x_wconf 89' lang='lat' dir='ltr'><strong>spiritualium</strong></span> <span class='ocrx_word' id='word_1_433' title='bbox 3518 2922 3791 2961; x_wconf 86' lang='lat' dir='ltr'><strong>sensuum</strong></span> 
     </span>
    </p>
   </div>
   <div class='ocr_carea' id='block_1_60' title="bbox 295 2994 3790 3074">
    <p class='ocr_par' dir='ltr' id='par_1_60' title="bbox 295 2994 3790 3074">
     <span class='ocr_line' id='line_1_60' title="bbox 295 2994 3790 3074; baseline -0.001 -22"><span class='ocrx_word' id='word_1_434' title='bbox 295 3000 504 3071; x_wconf 90' lang='lat' dir='ltr'><strong>quibus</strong></span> <span class='ocrx_word' id='word_1_435' title='bbox 534 3000 873 3054; x_wconf 79' lang='lat' dir='ltr'><strong>decorentur</strong></span> <span class='ocrx_word' id='word_1_436' title='bbox 902 3002 1110 3054; x_wconf 88' lang='lat' dir='ltr'><strong>anima</strong></span> <span class='ocrx_word' id='word_1_437' title='bbox 1142 3000 1357 3055; x_wconf 86' lang='lat' dir='ltr'><strong>ﬁdeles.</strong></span> <span class='ocrx_word' id='word_1_438' title='bbox 1404 3002 1523 3067; x_wconf 90' lang='lat' dir='ltr'><strong>Vel,</strong></span> <span class='ocrx_word' id='word_1_439' title='bbox 1582 3001 1704 3071; x_wconf 88' lang='lat' dir='ltr'><strong>ipse</strong></span> <span class='ocrx_word' id='word_1_440' title='bbox 1738 3000 1993 3055; x_wconf 83' lang='lat' dir='ltr'><strong>Christus</strong></span> <span class='ocrx_word' id='word_1_441' title='bbox 2023 2998 2062 3053; x_wconf 86' lang='lat' dir='ltr'><strong>C</strong></span> <span class='ocrx_word' id='word_1_442' title='bbox 2102 3004 2396 3074; x_wconf 89' lang='lat' dir='ltr'><strong>accipitur,</strong></span> <span class='ocrx_word' id='word_1_443' title='bbox 2445 3003 2504 3055; x_wconf 94' lang='lat' dir='ltr'><strong>in</strong></span> <span class='ocrx_word' id='word_1_444' title='bbox 2535 3003 2749 3071; x_wconf 77' lang='lat' dir='ltr'><strong>capillis</strong></span> <span class='ocrx_word' id='word_1_445' title='bbox 2779 3006 2964 3071; x_wconf 86' lang='lat' dir='ltr'><strong>potest</strong></span> <span class='ocrx_word' id='word_1_446' title='bbox 3005 3000 3190 3053; x_wconf 91' lang='lat' dir='ltr'><strong>notari</strong></span> <span class='ocrx_word' id='word_1_447' title='bbox 3225 2997 3518 3071; x_wconf 87' lang='lat' dir='ltr'><strong>pluralitas</strong></span> <span class='ocrx_word' id='word_1_448' title='bbox 3574 2994 3790 3066; x_wconf 89' lang='lat' dir='ltr'><strong>cogita-</strong></span> 
     </span>
    </p>
   </div>
   <div class='ocr_carea' id='block_1_61' title="bbox 297 3089 1991 3159">
    <p class='ocr_par' dir='ltr' id='par_1_61' title="bbox 297 3089 1991 3159">
     <span class='ocr_line' id='line_1_61' title="bbox 297 3089 1991 3159; baseline 0.001 -18"><span class='ocrx_word' id='word_1_449' title='bbox 297 3103 573 3153; x_wconf 77' lang='lat' dir='ltr'><strong>ascensus,</strong></span> <span class='ocrx_word' id='word_1_450' title='bbox 606 3104 712 3158; x_wconf 90' lang='lat' dir='ltr'><strong>per</strong></span> <span class='ocrx_word' id='word_1_451' title='bbox 741 3105 912 3159; x_wconf 89' lang='lat' dir='ltr'><strong>quem</strong></span> <span class='ocrx_word' id='word_1_452' title='bbox 938 3095 995 3143; x_wconf 88' lang='lat' dir='ltr'><strong>et</strong></span> <span class='ocrx_word' id='word_1_453' title='bbox 1032 3089 1090 3142; x_wconf 92' lang='lat' dir='ltr'><strong>in</strong></span> <span class='ocrx_word' id='word_1_454' title='bbox 1126 3090 1426 3143; x_wconf 87' lang='lat' dir='ltr'><strong>Ecclesiam</strong></span> <span class='ocrx_word' id='word_1_455' title='bbox 1461 3095 1516 3142; x_wconf 89' lang='lat' dir='ltr'><strong>et</strong></span> <span class='ocrx_word' id='word_1_456' title='bbox 1553 3090 1613 3143; x_wconf 93' lang='lat' dir='ltr'><strong>in</strong></span> <span class='ocrx_word' id='word_1_457' title='bbox 1644 3091 1849 3143; x_wconf 82' lang='lat' dir='ltr'><strong>calum</strong></span> <span class='ocrx_word' id='word_1_458' title='bbox 1908 3091 1991 3143; x_wconf 91' lang='lat' dir='ltr'><strong>in-</strong></span> 
     </span>
    </p>
   </div>
   <div class='ocr_carea' id='block_1_62' title="bbox 298 3177 1994 3248">
    <p class='ocr_par' dir='ltr' id='par_1_62' title="bbox 298 3177 1994 3248">
     <span class='ocr_line' id='line_1_62' title="bbox 298 3177 1994 3248; baseline 0.002 -20"><span class='ocrx_word' id='word_1_459' title='bbox 298 3182 498 3229; x_wconf 85' lang='lat' dir='ltr'><strong>tratur.</strong></span> <span class='ocrx_word' id='word_1_460' title='bbox 534 3179 866 3245; x_wconf 85' lang='lat' dir='ltr'><strong>Purpureus,</strong></span> <span class='ocrx_word' id='word_1_461' title='bbox 897 3177 1031 3248; x_wconf 89' lang='lat' dir='ltr'><strong>quia</strong></span> <span class='ocrx_word' id='word_1_462' title='bbox 1066 3178 1199 3231; x_wconf 91' lang='lat' dir='ltr'><strong>lavit</strong></span> <span class='ocrx_word' id='word_1_463' title='bbox 1228 3194 1333 3231; x_wconf 91' lang='lat' dir='ltr'><strong>nos</strong></span> <span class='ocrx_word' id='word_1_464' title='bbox 1366 3178 1424 3233; x_wconf 89' lang='lat' dir='ltr'><strong>in</strong></span> <span class='ocrx_word' id='word_1_465' title='bbox 1451 3180 1730 3248; x_wconf 82' lang='lat' dir='ltr'><strong>sanguine</strong></span> <span class='ocrx_word' id='word_1_466' title='bbox 1753 3196 1855 3231; x_wconf 89' lang='lat' dir='ltr'><strong>suo</strong></span> <span class='ocrx_word' id='word_1_467' title='bbox 1889 3196 1902 3232; x_wconf 86' lang='lat'><strong>:</strong></span> <span class='ocrx_word' id='word_1_468' title='bbox 1936 3184 1994 3233; x_wconf 90' lang='lat' dir='ltr'><strong>et</strong></span> 
     </span>
    </p>
   </div>
   <div class='ocr_carea' id='block_1_63' title="bbox 298 3265 1993 3335">
    <p class='ocr_par' dir='ltr' id='par_1_63' title="bbox 298 3265 1993 3335">
     <span class='ocr_line' id='line_1_63' title="bbox 298 3265 1993 3335; baseline 0.002 -18"><span class='ocrx_word' id='word_1_469' title='bbox 298 3265 491 3317; x_wconf 85' lang='lat' dir='ltr'><strong>nullus</strong></span> <span class='ocrx_word' id='word_1_470' title='bbox 522 3265 842 3335; x_wconf 85' lang='lat' dir='ltr'><strong>ingreditur</strong></span> <span class='ocrx_word' id='word_1_471' title='bbox 876 3266 1197 3331; x_wconf 77' lang='lat' dir='ltr'><strong>Ecclesium,</strong></span> <span class='ocrx_word' id='word_1_472' title='bbox 1239 3266 1349 3319; x_wconf 90' lang='lat' dir='ltr'><strong>nisi</strong></span> <span class='ocrx_word' id='word_1_473' title='bbox 1377 3267 1745 3319; x_wconf 88' lang='lat' dir='ltr'><strong>sacramentis</strong></span> <span class='ocrx_word' id='word_1_474' title='bbox 1796 3267 1993 3320; x_wconf 88' lang='lat' dir='ltr'><strong>Domi-</strong></span> 
     </span>
    </p>
   </div>
   <div class='ocr_carea' id='block_1_64' title="bbox 302 3354 1989 3423">
    <p class='ocr_par' dir='ltr' id='par_1_64' title="bbox 302 3354 1989 3423">
     <span class='ocr_line' id='line_1_64' title="bbox 302 3354 1989 3423; baseline 0.002 -16"><span class='ocrx_word' id='word_1_475' title='bbox 302 3355 445 3407; x_wconf 88' lang='lat' dir='ltr'><strong>nica</strong></span> <span class='ocrx_word' id='word_1_476' title='bbox 483 3354 765 3423; x_wconf 88' lang='lat' dir='ltr'><strong>passionis</strong></span> <span class='ocrx_word' id='word_1_477' title='bbox 814 3354 1088 3409; x_wconf 85' lang='lat' dir='ltr'><strong>imbutus.</strong></span> <span class='ocrx_word' id='word_1_478' title='bbox 1133 3355 1314 3409; x_wconf 86' lang='lat' dir='ltr'><strong>Media</strong></span> <span class='ocrx_word' id='word_1_479' title='bbox 1352 3356 1621 3409; x_wconf 83' lang='lat' dir='ltr'><strong>charitate</strong></span> <span class='ocrx_word' id='word_1_480' title='bbox 1674 3358 1989 3410; x_wconf 78' lang='lat' dir='ltr'><strong>constravit.</strong></span> 
     </span>
    </p>
   </div>
   <div class='ocr_carea' id='block_1_65' title="bbox 301 3442 1994 3514">
    <p class='ocr_par' dir='ltr' id='par_1_65' title="bbox 301 3442 1994 3514">
     <span class='ocr_line' id='line_1_65' title="bbox 301 3442 1994 3514; baseline 0.002 -20"><span class='ocrx_word' id='word_1_481' title='bbox 301 3443 401 3496; x_wconf 90' lang='lat' dir='ltr'><strong>Vel</strong></span> <span class='ocrx_word' id='word_1_482' title='bbox 420 3442 718 3508; x_wconf 85' lang='lat' dir='ltr'><strong>cbaritate,</strong></span> <span class='ocrx_word' id='word_1_483' title='bbox 769 3459 882 3513; x_wconf 89' lang='lat' dir='ltr'><strong>qua</strong></span> <span class='ocrx_word' id='word_1_484' title='bbox 912 3460 1015 3513; x_wconf 91' lang='lat' dir='ltr'><strong>pro</strong></span> <span class='ocrx_word' id='word_1_485' title='bbox 1054 3443 1220 3497; x_wconf 90' lang='lat' dir='ltr'><strong>nobis</strong></span> <span class='ocrx_word' id='word_1_486' title='bbox 1273 3460 1472 3514; x_wconf 90' lang='lat' dir='ltr'><strong>passus</strong></span> <span class='ocrx_word' id='word_1_487' title='bbox 1528 3448 1630 3499; x_wconf 85' lang='lat' dir='ltr'><strong>est.</strong></span> <span class='ocrx_word' id='word_1_488' title='bbox 1684 3445 1884 3509; x_wconf 80' lang='lat' dir='ltr'><strong>Media,</strong></span> <span class='ocrx_word' id='word_1_489' title='bbox 1937 3445 1994 3498; x_wconf 92' lang='lat' dir='ltr'><strong>id</strong></span> 
     </span>
    </p>
   </div>
   <div class='ocr_carea' id='block_1_66' title="bbox 299 3531 1994 3602">
    <p class='ocr_par' dir='ltr' id='par_1_66' title="bbox 299 3531 1994 3602">
     <span class='ocr_line' id='line_1_66' title="bbox 299 3531 1994 3602; baseline 0 -17"><span class='ocrx_word' id='word_1_490' title='bbox 299 3536 406 3591; x_wconf 87' lang='lat' dir='ltr'><strong>est,</strong></span> <span class='ocrx_word' id='word_1_491' title='bbox 439 3531 699 3585; x_wconf 88' lang='lat' dir='ltr'><strong>Ecclesia</strong></span> <span class='ocrx_word' id='word_1_492' title='bbox 726 3532 917 3595; x_wconf 90' lang='lat' dir='ltr'><strong>corda,</strong></span> <span class='ocrx_word' id='word_1_493' title='bbox 950 3531 1130 3585; x_wconf 88' lang='lat' dir='ltr'><strong>instar</strong></span> <span class='ocrx_word' id='word_1_494' title='bbox 1149 3531 1308 3585; x_wconf 87' lang='lat' dir='ltr'><strong>strati</strong></span> <span class='ocrx_word' id='word_1_495' title='bbox 1355 3533 1599 3602; x_wconf 86' lang='lat' dir='ltr'><strong>paravit,</strong></span> <span class='ocrx_word' id='word_1_496' title='bbox 1649 3532 1746 3585; x_wconf 90' lang='lat' dir='ltr'><strong>ubi</strong></span> <span class='ocrx_word' id='word_1_497' title='bbox 1798 3532 1994 3585; x_wconf 75' lang='lat' dir='ltr'><strong>fideles</strong></span> 
     </span>
    </p>
   </div>
   <div class='ocr_carea' id='block_1_67' title="bbox 301 3619 1994 3691">
    <p class='ocr_par' dir='ltr' id='par_1_67' title="bbox 301 3619 1994 3691">
     <span class='ocr_line' id='line_1_67' title="bbox 301 3619 1994 3691; baseline 0.001 -18"><span class='ocrx_word' id='word_1_498' title='bbox 301 3619 506 3674; x_wconf 87' lang='lat' dir='ltr'><strong>anima</strong></span> <span class='ocrx_word' id='word_1_499' title='bbox 532 3620 780 3673; x_wconf 89' lang='lat' dir='ltr'><strong>molliter</strong></span> <span class='ocrx_word' id='word_1_500' title='bbox 804 3620 1103 3691; x_wconf 87' lang='lat' dir='ltr'><strong>quiescant</strong></span> <span class='ocrx_word' id='word_1_501' title='bbox 1138 3636 1150 3673; x_wconf 93' lang='lat'>:</span> <span class='ocrx_word' id='word_1_502' title='bbox 1175 3621 1313 3691; x_wconf 87' lang='lat' dir='ltr'><strong>quia</strong></span> <span class='ocrx_word' id='word_1_503' title='bbox 1341 3625 1522 3675; x_wconf 88' lang='lat' dir='ltr'><strong>totam</strong></span> <span class='ocrx_word' id='word_1_504' title='bbox 1551 3637 1677 3674; x_wconf 91' lang='lat' dir='ltr'><strong>eam</strong></span> <span class='ocrx_word' id='word_1_505' title='bbox 1725 3621 1994 3674; x_wconf 83' lang='lat' dir='ltr'><strong>intrinse-</strong></span> 
     </span>
    </p>
   </div>
   <div class='ocr_carea' id='block_1_68' title="bbox 302 3710 1995 3779">
    <p class='ocr_par' dir='ltr' id='par_1_68' title="bbox 302 3710 1995 3779">
     <span class='ocr_line' id='line_1_68' title="bbox 302 3710 1995 3779; baseline 0.001 -17"><span class='ocrx_word' id='word_1_506' title='bbox 302 3725 404 3762; x_wconf 91' lang='lat' dir='ltr'><strong>cus</strong></span> <span class='ocrx_word' id='word_1_507' title='bbox 430 3724 810 3778; x_wconf 87' lang='lat' dir='ltr'><strong>supernorum</strong></span> <span class='ocrx_word' id='word_1_508' title='bbox 850 3724 1043 3762; x_wconf 90' lang='lat' dir='ltr'><strong>amore</strong></span> <span class='ocrx_word' id='word_1_509' title='bbox 1066 3710 1306 3779; x_wconf 86' lang='lat' dir='ltr'><strong>replevit</strong></span> <span class='ocrx_word' id='word_1_510' title='bbox 1336 3726 1349 3762; x_wconf 86' lang='lat'><strong>:</strong></span> <span class='ocrx_word' id='word_1_511' title='bbox 1383 3710 1536 3762; x_wconf 86' lang='lat' dir='ltr'><strong>unde</strong></span> <span class='ocrx_word' id='word_1_512' title='bbox 1568 3710 1724 3763; x_wconf 87' lang='lat' dir='ltr'><strong>addit</strong></span> <span class='ocrx_word' id='word_1_513' title='bbox 1755 3726 1768 3763; x_wconf 92' lang='lat'>:</span> <span class='ocrx_word' id='word_1_514' title='bbox 1828 3712 1995 3778; x_wconf 83' lang='lat' dir='ltr'><strong>Prop-</strong></span> 
     </span>
    </p>
   </div>
   <div class='ocr_carea' id='block_1_69' title="bbox 304 3797 1997 3868">
    <p class='ocr_par' dir='ltr' id='par_1_69' title="bbox 304 3797 1997 3868">
     <span class='ocr_line' id='line_1_69' title="bbox 304 3797 1997 3868; baseline -0.001 -17"><span class='ocrx_word' id='word_1_515' title='bbox 304 3802 383 3851; x_wconf 82' lang='lat' dir='ltr'><strong>ter</strong></span> <span class='ocrx_word' id='word_1_516' title='bbox 403 3797 559 3865; x_wconf 81' lang='lat' dir='ltr'><strong>ﬁlias</strong></span> <span class='ocrx_word' id='word_1_517' title='bbox 587 3798 899 3851; x_wconf 83' lang='lat' dir='ltr'><strong>Jerusalem.</strong></span> <span class='ocrx_word' id='word_1_518' title='bbox 938 3799 1176 3868; x_wconf 89' lang='lat' dir='ltr'><strong>Propter</strong></span> <span class='ocrx_word' id='word_1_519' title='bbox 1218 3798 1442 3851; x_wconf 89' lang='lat' dir='ltr'><strong>animas</strong></span> <span class='ocrx_word' id='word_1_520' title='bbox 1484 3798 1796 3851; x_wconf 81' lang='lat' dir='ltr'><strong>caelestium</strong></span> <span class='ocrx_word' id='word_1_521' title='bbox 1844 3797 1997 3851; x_wconf 91' lang='lat' dir='ltr'><strong>desi-</strong></span> 
     </span>
    </p>
   </div>
   <div class='ocr_carea' id='block_1_70' title="bbox 301 3885 1995 3956">
    <p class='ocr_par' dir='ltr' id='par_1_70' title="bbox 301 3885 1995 3956">
     <span class='ocr_line' id='line_1_70' title="bbox 301 3885 1995 3956; baseline 0 -17"><span class='ocrx_word' id='word_1_522' title='bbox 301 3885 462 3939; x_wconf 90' lang='lat' dir='ltr'><strong>derio</strong></span> <span class='ocrx_word' id='word_1_523' title='bbox 489 3890 793 3938; x_wconf 85' lang='lat' dir='ltr'><strong>astuantes</strong></span> <span class='ocrx_word' id='word_1_524' title='bbox 825 3885 960 3955; x_wconf 89' lang='lat' dir='ltr'><strong>quia</strong></span> <span class='ocrx_word' id='word_1_525' title='bbox 984 3892 1198 3956; x_wconf 90' lang='lat' dir='ltr'><strong>quanto</strong></span> <span class='ocrx_word' id='word_1_526' title='bbox 1222 3886 1402 3955; x_wconf 88' lang='lat' dir='ltr'><strong>magis</strong></span> <span class='ocrx_word' id='word_1_527' title='bbox 1435 3902 1538 3939; x_wconf 90' lang='lat' dir='ltr'><strong>nos</strong></span> <span class='ocrx_word' id='word_1_528' title='bbox 1575 3885 1793 3947; x_wconf 83' lang='lat' dir='ltr'><strong>dilexit.</strong></span> <span class='ocrx_word' id='word_1_529' title='bbox 1836 3890 1995 3939; x_wconf 89' lang='lat' dir='ltr'><strong>tanto</strong></span> 
     </span>
    </p>
   </div>
   <div class='ocr_carea' id='block_1_71' title="bbox 302 3973 1996 4044">
    <p class='ocr_par' dir='ltr' id='par_1_71' title="bbox 302 3973 1996 4044">
     <span class='ocr_line' id='line_1_71' title="bbox 302 3973 1996 4044; baseline -0.001 -17"><span class='ocrx_word' id='word_1_530' title='bbox 302 3974 489 4043; x_wconf 88' lang='lat' dir='ltr'><strong>magis</strong></span> <span class='ocrx_word' id='word_1_531' title='bbox 550 3974 617 4027; x_wconf 88' lang='lat' dir='ltr'><strong>ad</strong></span> <span class='ocrx_word' id='word_1_532' title='bbox 675 3974 1012 4044; x_wconf 88' lang='lat' dir='ltr'><strong>patiendum</strong></span> <span class='ocrx_word' id='word_1_533' title='bbox 1068 3990 1172 4044; x_wconf 93' lang='lat' dir='ltr'><strong>pro</strong></span> <span class='ocrx_word' id='word_1_534' title='bbox 1226 3990 1292 4027; x_wconf 91' lang='lat' dir='ltr'><strong>eo</strong></span> <span class='ocrx_word' id='word_1_535' title='bbox 1355 3991 1458 4028; x_wconf 89' lang='lat' dir='ltr'><strong>nos</strong></span> <span class='ocrx_word' id='word_1_536' title='bbox 1503 3974 1775 4028; x_wconf 89' lang='lat' dir='ltr'><strong>ascendit.</strong></span> <span class='ocrx_word' id='word_1_537' title='bbox 1810 3973 1996 4028; x_wconf 84' lang='lat' dir='ltr'><strong>Media</strong></span> 
     </span>
    </p>
   </div>
   <div class='ocr_carea' id='block_1_72' title="bbox 303 4061 1992 4132">
    <p class='ocr_par' dir='ltr' id='par_1_72' title="bbox 303 4061 1992 4132">
     <span class='ocr_line' id='line_1_72' title="bbox 303 4061 1992 4132; baseline -0.001 -18"><span class='ocrx_word' id='word_1_538' title='bbox 303 4062 527 4129; x_wconf 68' lang='lat'><strong>(61136.)</strong></span> <span class='ocrx_word' id='word_1_539' title='bbox 570 4061 706 4114; x_wconf 89' lang='lat' dir='ltr'><strong>Ecce</strong></span> <span class='ocrx_word' id='word_1_540' title='bbox 732 4061 1067 4115; x_wconf 88' lang='lat' dir='ltr'><strong>consolatio.</strong></span> <span class='ocrx_word' id='word_1_541' title='bbox 1102 4061 1210 4125; x_wconf 88' lang='lat' dir='ltr'><strong>Qui</strong></span> <span class='ocrx_word' id='word_1_542' title='bbox 1242 4077 1357 4114; x_wconf 90' lang='lat' dir='ltr'><strong>non</strong></span> <span class='ocrx_word' id='word_1_543' title='bbox 1407 4066 1590 4132; x_wconf 89' lang='lat' dir='ltr'><strong>potest</strong></span> <span class='ocrx_word' id='word_1_544' title='bbox 1649 4061 1992 4131; x_wconf 90' lang='lat' dir='ltr'><strong>sanguinem</strong></span> 
     </span>
    </p>
   </div>
   <div class='ocr_carea' id='block_1_73' title="bbox 302 4148 1994 4221">
    <p class='ocr_par' dir='ltr' id='par_1_73' title="bbox 302 4148 1994 4221">
     <span class='ocr_line' id='line_1_73' title="bbox 302 4148 1994 4221; baseline 0.002 -22"><span class='ocrx_word' id='word_1_545' title='bbox 302 4164 411 4218; x_wconf 87' lang='lat' dir='ltr'><strong>pro</strong></span> <span class='ocrx_word' id='word_1_546' title='bbox 442 4149 685 4201; x_wconf 89' lang='lat' dir='ltr'><strong>Domino</strong></span> <span class='ocrx_word' id='word_1_547' title='bbox 727 4148 989 4217; x_wconf 87' lang='lat' dir='ltr'><strong>fundere,</strong></span> <span class='ocrx_word' id='word_1_548' title='bbox 1023 4150 1224 4220; x_wconf 88' lang='lat' dir='ltr'><strong>diligat</strong></span> <span class='ocrx_word' id='word_1_549' title='bbox 1276 4151 1602 4220; x_wconf 87' lang='lat' dir='ltr'><strong>proximum</strong></span> <span class='ocrx_word' id='word_1_550' title='bbox 1649 4154 1873 4221; x_wconf 81' lang='lat' dir='ltr'><strong>propter</strong></span> <span class='ocrx_word' id='word_1_551' title='bbox 1921 4150 1994 4219; x_wconf 80' lang='lat' dir='ltr'><strong>ﬁ-</strong></span> 
     </span>
    </p>
   </div>
   <div class='ocr_carea' id='block_1_74' title="bbox 2098 3083 3792 3162">
    <p class='ocr_par' dir='ltr' id='par_1_74' title="bbox 2098 3083 3792 3162">
     <span class='ocr_line' id='line_1_74' title="bbox 2098 3083 3792 3162; baseline -0.005 -19"><span class='ocrx_word' id='word_1_552' title='bbox 2098 3092 2347 3159; x_wconf 90' lang='lat' dir='ltr'><strong>tionum,</strong></span> <span class='ocrx_word' id='word_1_553' title='bbox 2380 3107 2509 3162; x_wconf 88' lang='lat' dir='ltr'><strong>qua</strong></span> <span class='ocrx_word' id='word_1_554' title='bbox 2567 3107 2765 3144; x_wconf 90' lang='lat' dir='ltr'><strong>omnes</strong></span> <span class='ocrx_word' id='word_1_555' title='bbox 2802 3089 2871 3144; x_wconf 88' lang='lat' dir='ltr'><strong>ad</strong></span> <span class='ocrx_word' id='word_1_556' title='bbox 2919 3105 3102 3143; x_wconf 90' lang='lat' dir='ltr'><strong>unum</strong></span> <span class='ocrx_word' id='word_1_557' title='bbox 3133 3088 3305 3142; x_wconf 91' lang='lat' dir='ltr'><strong>ﬁnem</strong></span> <span class='ocrx_word' id='word_1_558' title='bbox 3355 3084 3601 3140; x_wconf 68' lang='lat' dir='ltr'><strong>caelestis</strong></span> <span class='ocrx_word' id='word_1_559' title='bbox 3654 3083 3792 3137; x_wconf 89' lang='lat' dir='ltr'><strong>boni</strong></span> 
     </span>
    </p>
   </div>
   <div class='ocr_carea' id='block_1_75' title="bbox 2099 3172 3793 3247">
    <p class='ocr_par' dir='ltr' id='par_1_75' title="bbox 2099 3172 3793 3247">
     <span class='ocr_line' id='line_1_75' title="bbox 2099 3172 3793 3247; baseline -0.004 -17"><span class='ocrx_word' id='word_1_560' title='bbox 2099 3179 2360 3231; x_wconf 90' lang='lat' dir='ltr'><strong>tendunt.</strong></span> <span class='ocrx_word' id='word_1_561' title='bbox 2444 3178 2600 3232; x_wconf 93' lang='lat' dir='ltr'><strong>Unde</strong></span> <span class='ocrx_word' id='word_1_562' title='bbox 2667 3178 2885 3247; x_wconf 89' lang='lat' dir='ltr'><strong>capreis</strong></span> <span class='ocrx_word' id='word_1_563' title='bbox 2941 3181 3265 3247; x_wconf 88' lang='lat' dir='ltr'><strong>aquantur,</strong></span> <span class='ocrx_word' id='word_1_564' title='bbox 3323 3191 3454 3245; x_wconf 85' lang='lat' dir='ltr'><strong>qua</strong></span> <span class='ocrx_word' id='word_1_565' title='bbox 3521 3172 3793 3226; x_wconf 87' lang='lat' dir='ltr'><strong>animalia</strong></span> 
     </span>
    </p>
   </div>
   <div class='ocr_carea' id='block_1_76' title="bbox 2103 3263 3788 3336">
    <p class='ocr_par' dir='ltr' id='par_1_76' title="bbox 2103 3263 3788 3336">
     <span class='ocr_line' id='line_1_76' title="bbox 2103 3263 3788 3336; baseline -0.004 -17"><span class='ocrx_word' id='word_1_566' title='bbox 2103 3267 2317 3320; x_wconf 90' lang='lat' dir='ltr'><strong>munda</strong></span> <span class='ocrx_word' id='word_1_567' title='bbox 2336 3271 2488 3332; x_wconf 90' lang='lat' dir='ltr'><strong>sunt,</strong></span> <span class='ocrx_word' id='word_1_568' title='bbox 2518 3272 2574 3320; x_wconf 90' lang='lat' dir='ltr'><strong>et</strong></span> <span class='ocrx_word' id='word_1_569' title='bbox 2602 3267 2782 3320; x_wconf 88' lang='lat' dir='ltr'><strong>ardua</strong></span> <span class='ocrx_word' id='word_1_570' title='bbox 2812 3267 3042 3336; x_wconf 89' lang='lat' dir='ltr'><strong>rupium</strong></span> <span class='ocrx_word' id='word_1_571' title='bbox 3076 3268 3345 3335; x_wconf 89' lang='lat' dir='ltr'><strong>quarunt</strong></span> <span class='ocrx_word' id='word_1_572' title='bbox 3365 3263 3548 3334; x_wconf 88' lang='lat' dir='ltr'><strong>gratia</strong></span> <span class='ocrx_word' id='word_1_573' title='bbox 3575 3267 3788 3332; x_wconf 90' lang='lat' dir='ltr'><strong>pastus.</strong></span> 
     </span>
    </p>
   </div>
   <div class='ocr_carea' id='block_1_77' title="bbox 2102 3351 3795 3423">
    <p class='ocr_par' dir='ltr' id='par_1_77' title="bbox 2102 3351 3795 3423">
     <span class='ocr_line' id='line_1_77' title="bbox 2102 3351 3795 3423; baseline -0.004 -14"><span class='ocrx_word' id='word_1_574' title='bbox 2102 3356 2229 3421; x_wconf 78' lang='lat' dir='ltr'><strong>Quae</strong></span> <span class='ocrx_word' id='word_1_575' title='bbox 2256 3356 2629 3409; x_wconf 84' lang='lat' dir='ltr'><strong>ascenderunt.</strong></span> <span class='ocrx_word' id='word_1_576' title='bbox 2668 3356 2846 3409; x_wconf 89' lang='lat' dir='ltr'><strong>Unam</strong></span> <span class='ocrx_word' id='word_1_577' title='bbox 2878 3355 2945 3409; x_wconf 89' lang='lat' dir='ltr'><strong>de</strong></span> <span class='ocrx_word' id='word_1_578' title='bbox 2977 3354 3193 3407; x_wconf 89' lang='lat' dir='ltr'><strong>naturis</strong></span> <span class='ocrx_word' id='word_1_579' title='bbox 3225 3369 3445 3423; x_wconf 87' lang='lat' dir='ltr'><strong>caprea</strong></span> <span class='ocrx_word' id='word_1_580' title='bbox 3497 3351 3680 3422; x_wconf 88' lang='lat' dir='ltr'><strong>ponit,</strong></span> <span class='ocrx_word' id='word_1_581' title='bbox 3730 3354 3795 3403; x_wconf 89' lang='lat' dir='ltr'><strong>ut</strong></span> 
     </span>
    </p>
   </div>
   <div class='ocr_carea' id='block_1_78' title="bbox 2101 3441 3793 3514">
    <p class='ocr_par' dir='ltr' id='par_1_78' title="bbox 2101 3441 3793 3514">
     <span class='ocr_line' id='line_1_78' title="bbox 2101 3441 3793 3514; baseline -0.003 -17"><span class='ocrx_word' id='word_1_582' title='bbox 2101 3443 2180 3498; x_wconf 88' lang='lat' dir='ltr'><strong>sic</strong></span> <span class='ocrx_word' id='word_1_583' title='bbox 2228 3444 2297 3498; x_wconf 93' lang='lat' dir='ltr'><strong>de</strong></span> <span class='ocrx_word' id='word_1_584' title='bbox 2354 3444 2481 3498; x_wconf 89' lang='lat' dir='ltr'><strong>aliis</strong></span> <span class='ocrx_word' id='word_1_585' title='bbox 2533 3444 2907 3514; x_wconf 85' lang='lat' dir='ltr'><strong>intelligatur,</strong></span> <span class='ocrx_word' id='word_1_586' title='bbox 2973 3448 3029 3496; x_wconf 90' lang='lat' dir='ltr'><strong>et</strong></span> <span class='ocrx_word' id='word_1_587' title='bbox 3077 3442 3235 3497; x_wconf 89' lang='lat' dir='ltr'><strong>illam</strong></span> <span class='ocrx_word' id='word_1_588' title='bbox 3288 3441 3470 3512; x_wconf 86' lang='lat' dir='ltr'><strong>magis</strong></span> <span class='ocrx_word' id='word_1_589' title='bbox 3527 3442 3793 3494; x_wconf 85' lang='lat' dir='ltr'><strong>virtutem</strong></span> 
     </span>
    </p>
   </div>
   <div class='ocr_carea' id='block_1_79' title="bbox 2103 3527 3795 3603">
    <p class='ocr_par' dir='ltr' id='par_1_79' title="bbox 2103 3527 3795 3603">
     <span class='ocr_line' id='line_1_79' title="bbox 2103 3527 3795 3603; baseline -0.004 -17"><span class='ocrx_word' id='word_1_590' title='bbox 2103 3533 2375 3602; x_wconf 87' lang='lat' dir='ltr'><strong>pradicat</strong></span> <span class='ocrx_word' id='word_1_591' title='bbox 2429 3549 2543 3603; x_wconf 91' lang='lat' dir='ltr'><strong>qua</strong></span> <span class='ocrx_word' id='word_1_592' title='bbox 2603 3533 2893 3586; x_wconf 86' lang='lat' dir='ltr'><strong>auditores</strong></span> <span class='ocrx_word' id='word_1_593' title='bbox 2959 3531 3140 3602; x_wconf 89' lang='lat' dir='ltr'><strong>magis</strong></span> <span class='ocrx_word' id='word_1_594' title='bbox 3197 3529 3456 3601; x_wconf 89' lang='lat' dir='ltr'><strong>indigere</strong></span> <span class='ocrx_word' id='word_1_595' title='bbox 3502 3527 3795 3600; x_wconf 85' lang='lat' dir='ltr'><strong>perspicit.</strong></span> 
     </span>
    </p>
   </div>
   <div class='ocr_carea' id='block_1_80' title="bbox 2102 3617 3797 3690">
    <p class='ocr_par' dir='ltr' id='par_1_80' title="bbox 2102 3617 3797 3690">
     <span class='ocr_line' id='line_1_80' title="bbox 2102 3617 3797 3690; baseline -0.005 -13"><span class='ocrx_word' id='word_1_596' title='bbox 2102 3622 2229 3689; x_wconf 76' lang='lat' dir='ltr'><strong>Qua</strong></span> <span class='ocrx_word' id='word_1_597' title='bbox 2247 3621 2618 3676; x_wconf 86' lang='lat' dir='ltr'><strong>ascenderunt.</strong></span> <span class='ocrx_word' id='word_1_598' title='bbox 2658 3622 2731 3675; x_wconf 90' lang='lat' dir='ltr'><strong>De</strong></span> <span class='ocrx_word' id='word_1_599' title='bbox 2763 3620 2881 3679; x_wconf 87' lang='lat' dir='ltr'><strong>illo,</strong></span> <span class='ocrx_word' id='word_1_600' title='bbox 2914 3620 3014 3690; x_wconf 88' lang='lat' dir='ltr'><strong>qui</strong></span> <span class='ocrx_word' id='word_1_601' title='bbox 3043 3626 3129 3674; x_wconf 89' lang='lat' dir='ltr'><strong>est</strong></span> <span class='ocrx_word' id='word_1_602' title='bbox 3165 3618 3558 3673; x_wconf 86' lang='lat' dir='ltr'><strong>testimonium</strong></span> <span class='ocrx_word' id='word_1_603' title='bbox 3581 3633 3639 3670; x_wconf 90' lang='lat' dir='ltr'><strong>se</strong></span> <span class='ocrx_word' id='word_1_604' title='bbox 3669 3617 3797 3670; x_wconf 88' lang='lat' dir='ltr'><strong>imi-</strong></span> 
     </span>
    </p>
   </div>
   <div class='ocr_carea' id='block_1_81' title="bbox 2103 3708 3798 3779">
    <p class='ocr_par' dir='ltr' id='par_1_81' title="bbox 2103 3708 3798 3779">
     <span class='ocr_line' id='line_1_81' title="bbox 2103 3708 3798 3779; baseline -0.003 -15"><span class='ocrx_word' id='word_1_605' title='bbox 2103 3712 2377 3769; x_wconf 87' lang='lat' dir='ltr'><strong>tantibus.</strong></span> <span class='ocrx_word' id='word_1_606' title='bbox 2404 3710 2550 3764; x_wconf 91' lang='lat' dir='ltr'><strong>sicut</strong></span> <span class='ocrx_word' id='word_1_607' title='bbox 2579 3710 2699 3779; x_wconf 90' lang='lat' dir='ltr'><strong>ipse</strong></span> <span class='ocrx_word' id='word_1_608' title='bbox 2732 3709 3000 3779; x_wconf 90' lang='lat' dir='ltr'><strong>promisit</strong></span> <span class='ocrx_word' id='word_1_609' title='bbox 3026 3725 3038 3762; x_wconf 92' lang='lat'>:</span> <span class='ocrx_word' id='word_1_610' title='bbox 3065 3708 3173 3772; x_wconf 89' lang='lat' dir='ltr'><strong>Qui</strong></span> <span class='ocrx_word' id='word_1_611' title='bbox 3202 3723 3283 3761; x_wconf 87' lang='lat' dir='ltr'><strong>me</strong></span> <span class='ocrx_word' id='word_1_612' title='bbox 3307 3709 3582 3773; x_wconf 84' lang='lat' dir='ltr'><strong>confessus</strong></span> <span class='ocrx_word' id='word_1_613' title='bbox 3622 3708 3798 3772; x_wconf 79' lang='lat' dir='ltr'><strong>fuerit</strong></span> 
     </span>
    </p>
   </div>
   <div class='ocr_carea' id='block_1_82' title="bbox 2103 3797 3087 3865">
    <p class='ocr_par' dir='ltr' id='par_1_82' title="bbox 2103 3797 3087 3865">
     <span class='ocr_line' id='line_1_82' title="bbox 2103 3797 3087 3865; baseline -0.003 -13"><span class='ocrx_word' id='word_1_614' title='bbox 2103 3814 2284 3853; x_wconf 84' lang='lat' dir='ltr'><strong>coram</strong></span> <span class='ocrx_word' id='word_1_615' title='bbox 2309 3797 2635 3860; x_wconf 77' lang='lat' dir='ltr'><strong>hominibus,</strong></span> <span class='ocrx_word' id='word_1_616' title='bbox 2659 3802 2764 3849; x_wconf 88' lang='lat' dir='ltr'><strong>etc.</strong></span> <span class='ocrx_word' id='word_1_617' title='bbox 2785 3798 2933 3864; x_wconf 90' lang='lat' dir='ltr'><strong>(Luc.</strong></span> <span class='ocrx_word' id='word_1_618' title='bbox 2966 3813 3039 3849; x_wconf 80' lang='lat' dir='ltr'><strong>xu</strong></span> <span class='ocrx_word' id='word_1_619' title='bbox 3056 3797 3087 3865; x_wconf 89' lang='lat'><strong>.)</strong></span> 
     </span>
    </p>
   </div>
   <div class='ocr_carea' id='block_1_83' title="bbox 2179 3882 3799 3951">
    <p class='ocr_par' dir='ltr' id='par_1_83' title="bbox 2179 3882 3799 3951">
     <span class='ocr_line' id='line_1_83' title="bbox 2179 3882 3799 3951; baseline -0.001 -15"><span class='ocrx_word' id='word_1_620' title='bbox 2179 3888 2339 3940; x_wconf 72' lang='lat' dir='ltr'><strong>Vsus.</strong></span> <span class='ocrx_word' id='word_1_621' title='bbox 2400 3885 2453 3938; x_wconf 84' lang='lat'><strong>2.</strong></span> <span class='ocrx_word' id='word_1_622' title='bbox 2502 3915 2570 3924; x_wconf 92' lang='lat'><strong><em>—</em></strong></span> <span class='ocrx_word' id='word_1_623' title='bbox 2601 3888 2789 3938; x_wconf 84' lang='lat' dir='ltr'><strong>Dentes</strong></span> <span class='ocrx_word' id='word_1_624' title='bbox 2840 3887 2923 3937; x_wconf 86' lang='lat' dir='ltr'><strong>tui</strong></span> <span class='ocrx_word' id='word_1_625' title='bbox 2949 3887 3087 3937; x_wconf 82' lang='lat' dir='ltr'><strong>sicut</strong></span> <span class='ocrx_word' id='word_1_626' title='bbox 3116 3898 3301 3951; x_wconf 85' lang='lat' dir='ltr'><strong>greges</strong></span> <span class='ocrx_word' id='word_1_627' title='bbox 3359 3888 3656 3937; x_wconf 88' lang='lat' dir='ltr'><strong>tonsarum.</strong></span> <span class='ocrx_word' id='word_1_628' title='bbox 3708 3882 3799 3937; x_wconf 74' lang='lat' dir='ltr'><strong>Si-</strong></span> 
     </span>
    </p>
   </div>
   <div class='ocr_carea' id='block_1_84' title="bbox 2106 3971 3801 4043">
    <p class='ocr_par' dir='ltr' id='par_1_84' title="bbox 2106 3971 3801 4043">
     <span class='ocr_line' id='line_1_84' title="bbox 2106 3971 3801 4043; baseline -0.002 -16"><span class='ocrx_word' id='word_1_629' title='bbox 2106 3978 2203 4028; x_wconf 88' lang='lat' dir='ltr'><strong>cut</strong></span> <span class='ocrx_word' id='word_1_630' title='bbox 2231 3974 2293 4027; x_wconf 89' lang='lat' dir='ltr'><strong>in</strong></span> <span class='ocrx_word' id='word_1_631' title='bbox 2321 3973 2560 4043; x_wconf 86' lang='lat' dir='ltr'><strong>capillis,</strong></span> <span class='ocrx_word' id='word_1_632' title='bbox 2598 3972 2915 4043; x_wconf 84' lang='lat' dir='ltr'><strong>fragiliores</strong></span> <span class='ocrx_word' id='word_1_633' title='bbox 2958 3971 3218 4025; x_wconf 81' lang='lat' dir='ltr'><strong>Ecclesia</strong></span> <span class='ocrx_word' id='word_1_634' title='bbox 3248 3973 3470 4042; x_wconf 88' lang='lat' dir='ltr'><strong>populi,</strong></span> <span class='ocrx_word' id='word_1_635' title='bbox 3532 3971 3633 4041; x_wconf 91' lang='lat' dir='ltr'><strong>qui</strong></span> <span class='ocrx_word' id='word_1_636' title='bbox 3685 3987 3801 4024; x_wconf 86' lang='lat' dir='ltr'><strong>nn-</strong></span> 
     </span>
    </p>
   </div>
   <div class='ocr_carea' id='block_1_85' title="bbox 2107 4058 3802 4130">
    <p class='ocr_par' dir='ltr' id='par_1_85' title="bbox 2107 4058 3802 4130">
     <span class='ocr_line' id='line_1_85' title="bbox 2107 4058 3802 4130; baseline -0.002 -15"><span class='ocrx_word' id='word_1_637' title='bbox 2107 4062 2497 4115; x_wconf 89' lang='lat' dir='ltr'><strong>merositatem</strong></span> <span class='ocrx_word' id='word_1_638' title='bbox 2540 4066 2835 4130; x_wconf 86' lang='lat' dir='ltr'><strong>prastant,</strong></span> <span class='ocrx_word' id='word_1_639' title='bbox 2893 4065 3235 4130; x_wconf 81' lang='lat' dir='ltr'><strong>signantur:</strong></span> <span class='ocrx_word' id='word_1_640' title='bbox 3287 4060 3368 4113; x_wconf 90' lang='lat' dir='ltr'><strong>sic</strong></span> <span class='ocrx_word' id='word_1_641' title='bbox 3424 4060 3483 4113; x_wconf 90' lang='lat' dir='ltr'><strong>in</strong></span> <span class='ocrx_word' id='word_1_642' title='bbox 3535 4058 3802 4113; x_wconf 84' lang='lat' dir='ltr'><strong>dentibus</strong></span> 
     </span>
    </p>
   </div>
   <div class='ocr_carea' id='block_1_86' title="bbox 2105 4147 3799 4218">
    <p class='ocr_par' dir='ltr' id='par_1_86' title="bbox 2105 4147 3799 4218">
     <span class='ocr_line' id='line_1_86' title="bbox 2105 4147 3799 4218; baseline -0.002 -16"><span class='ocrx_word' id='word_1_643' title='bbox 2105 4148 2369 4202; x_wconf 87' lang='lat' dir='ltr'><strong>fortiores</strong></span> <span class='ocrx_word' id='word_1_644' title='bbox 2444 4147 2659 4218; x_wconf 91' lang='lat' dir='ltr'><strong>quique</strong></span> <span class='ocrx_word' id='word_1_645' title='bbox 2704 4151 2760 4200; x_wconf 89' lang='lat' dir='ltr'><strong>et</strong></span> <span class='ocrx_word' id='word_1_646' title='bbox 2814 4147 2887 4200; x_wconf 92' lang='lat' dir='ltr'><strong>ad</strong></span> <span class='ocrx_word' id='word_1_647' title='bbox 2945 4148 3256 4217; x_wconf 89' lang='lat' dir='ltr'><strong>regendam</strong></span> <span class='ocrx_word' id='word_1_648' title='bbox 3315 4148 3623 4202; x_wconf 86' lang='lat' dir='ltr'><strong>Ecclesiam</strong></span> <span class='ocrx_word' id='word_1_649' title='bbox 3656 4147 3799 4217; x_wconf 87' lang='lat' dir='ltr'><strong>apti,</strong></span> 
     </span>
    </p>
   </div>
   <div class='ocr_carea' id='block_1_87' title="bbox 306 4233 3801 4332">
    <p class='ocr_par' dir='ltr' id='par_1_87' title="bbox 306 4233 3801 4332">
     <span class='ocr_line' id='line_1_87' title="bbox 306 4233 3801 4332; baseline -0.001 -42"><span class='ocrx_word' id='word_1_650' title='bbox 306 4239 413 4291; x_wconf 86' lang='lat' dir='ltr'><strong>tias</strong></span> <span class='ocrx_word' id='word_1_651' title='bbox 448 4238 773 4303; x_wconf 85' lang='lat' dir='ltr'><strong>Jerusalem,</strong></span> <span class='ocrx_word' id='word_1_652' title='bbox 820 4239 957 4308; x_wconf 90' lang='lat' dir='ltr'><strong>quia</strong></span> <span class='ocrx_word' id='word_1_653' title='bbox 986 4255 1102 4292; x_wconf 92' lang='lat' dir='ltr'><strong>non</strong></span> <span class='ocrx_word' id='word_1_654' title='bbox 1143 4244 1275 4292; x_wconf 88' lang='lat' dir='ltr'><strong>sunt</strong></span> <span class='ocrx_word' id='word_1_655' title='bbox 1324 4239 1549 4293; x_wconf 91' lang='lat' dir='ltr'><strong>dicendi</strong></span> <span class='ocrx_word' id='word_1_656' title='bbox 1615 4240 1739 4305; x_wconf 88' lang='lat' dir='ltr'><strong>ﬁlii,</strong></span> <span class='ocrx_word' id='word_1_657' title='bbox 1802 4239 1857 4293; x_wconf 91' lang='lat' dir='ltr'><strong>id</strong></span> <span class='ocrx_word' id='word_1_658' title='bbox 1915 4245 2000 4292; x_wconf 87' lang='lat' dir='ltr'><strong>est</strong></span> <span class='ocrx_word' id='word_1_659' title='bbox 2030 4279 2071 4332; x_wconf 68' lang='grc' dir='ltr'><strong>Β</strong></span> <span class='ocrx_word' id='word_1_660' title='bbox 2111 4233 2211 4308; x_wconf 88' lang='lat' dir='ltr'><strong>qui</strong></span> <span class='ocrx_word' id='word_1_661' title='bbox 2242 4236 2510 4291; x_wconf 82' lang='lat' dir='ltr'><strong>ﬁrmitate</strong></span> <span class='ocrx_word' id='word_1_662' title='bbox 2539 4238 2864 4306; x_wconf 76' lang='lat' dir='ltr'><strong>pravalent.</strong></span> <span class='ocrx_word' id='word_1_663' title='bbox 2899 4240 2973 4291; x_wconf 86' lang='lat' dir='ltr'><strong>De</strong></span> <span class='ocrx_word' id='word_1_664' title='bbox 3024 4239 3262 4301; x_wconf 80' lang='lat' dir='ltr'><strong>lavacro,</strong></span> <span class='ocrx_word' id='word_1_665' title='bbox 3294 4252 3493 4291; x_wconf 87' lang='lat' dir='ltr'><strong>omnes.</strong></span> <span class='ocrx_word' id='word_1_666' title='bbox 3529 4236 3801 4290; x_wconf 89' lang='lat' dir='ltr'><strong>Omnium</strong></span> 
     </span>
    </p>
   </div>
   <div class='ocr_carea' id='block_1_88' title="bbox 307 4325 2001 4397">
    <p class='ocr_par' dir='ltr' id='par_1_88' title="bbox 307 4325 2001 4397">
     <span class='ocr_line' id='line_1_88' title="bbox 307 4325 2001 4397; baseline 0.002 -18"><span class='ocrx_word' id='word_1_667' title='bbox 307 4325 482 4392; x_wconf 87' lang='lat' dir='ltr'><strong>ﬁrmi,</strong></span> <span class='ocrx_word' id='word_1_668' title='bbox 513 4326 609 4378; x_wconf 87' lang='lat' dir='ltr'><strong>sed</strong></span> <span class='ocrx_word' id='word_1_669' title='bbox 633 4326 784 4387; x_wconf 86' lang='lat' dir='ltr'><strong>ﬁlia,</strong></span> <span class='ocrx_word' id='word_1_670' title='bbox 819 4342 948 4397; x_wconf 82' lang='lat' dir='ltr'><strong>qua</strong></span> <span class='ocrx_word' id='word_1_671' title='bbox 983 4343 1087 4397; x_wconf 89' lang='lat' dir='ltr'><strong>per</strong></span> <span class='ocrx_word' id='word_1_672' title='bbox 1132 4328 1472 4382; x_wconf 88' lang='lat' dir='ltr'><strong>charitatem</strong></span> <span class='ocrx_word' id='word_1_673' title='bbox 1529 4344 1562 4381; x_wconf 94' lang='lat' dir='ltr'><strong>a</strong></span> <span class='ocrx_word' id='word_1_674' title='bbox 1616 4328 1716 4382; x_wconf 90' lang='lat' dir='ltr'><strong>Dei</strong></span> <span class='ocrx_word' id='word_1_675' title='bbox 1759 4328 2001 4383; x_wconf 83' lang='lat' dir='ltr'><strong>adiﬁcio</strong></span> 
     </span>
    </p>
   </div>
   <div class='ocr_carea' id='block_1_89' title="bbox 310 4414 849 4469">
    <p class='ocr_par' dir='ltr' id='par_1_89' title="bbox 310 4414 849 4469">
     <span class='ocr_line' id='line_1_89' title="bbox 310 4414 849 4469; baseline 0.002 -3"><span class='ocrx_word' id='word_1_676' title='bbox 310 4430 428 4467; x_wconf 91' lang='lat' dir='ltr'><strong>non</strong></span> <span class='ocrx_word' id='word_1_677' title='bbox 460 4414 663 4467; x_wconf 86' lang='lat' dir='ltr'><strong>aliena</strong></span> <span class='ocrx_word' id='word_1_678' title='bbox 696 4422 849 4469; x_wconf 90' lang='lat' dir='ltr'><strong>sunt.</strong></span> 
     </span>
    </p>
   </div>
   <div class='ocr_carea' id='block_1_90' title="bbox 384 4503 2004 4571">
    <p class='ocr_par' dir='ltr' id='par_1_90' title="bbox 384 4503 2004 4571">
     <span class='ocr_line' id='line_1_90' title="bbox 384 4503 2004 4571; baseline 0.002 -17"><span class='ocrx_word' id='word_1_679' title='bbox 384 4503 542 4555; x_wconf 75' lang='lat' dir='ltr'><strong>Vens.</strong></span> <span class='ocrx_word' id='word_1_680' title='bbox 576 4506 659 4555; x_wconf 88' lang='lat' dir='ltr'><strong>ll.</strong></span> <span class='ocrx_word' id='word_1_681' title='bbox 720 4532 783 4543; x_wconf 94' lang='lat'><strong>-—</strong></span> <span class='ocrx_word' id='word_1_682' title='bbox 829 4503 1172 4569; x_wconf 84' lang='lat' dir='ltr'><strong>Egredimini</strong></span> <span class='ocrx_word' id='word_1_683' title='bbox 1241 4509 1292 4558; x_wconf 91' lang='lat' dir='ltr'><strong>et</strong></span> <span class='ocrx_word' id='word_1_684' title='bbox 1338 4505 1533 4571; x_wconf 85' lang='lat' dir='ltr'><strong>videte,</strong></span> <span class='ocrx_word' id='word_1_685' title='bbox 1596 4508 1702 4559; x_wconf 87' lang='lat' dir='ltr'><strong>etc.</strong></span> <span class='ocrx_word' id='word_1_686' title='bbox 1768 4506 2004 4559; x_wconf 86' lang='lat' dir='ltr'><strong>Pulchro</strong></span> 
     </span>
    </p>
   </div>
   <div class='ocr_carea' id='block_1_91' title="bbox 311 4588 2007 4661">
    <p class='ocr_par' dir='ltr' id='par_1_91' title="bbox 311 4588 2007 4661">
     <span class='ocr_line' id='line_1_91' title="bbox 311 4588 2007 4661; baseline 0.002 -20"><span class='ocrx_word' id='word_1_687' title='bbox 311 4588 516 4661; x_wconf 83' lang='lat' dir='ltr'><strong>ordine</strong></span> <span class='ocrx_word' id='word_1_688' title='bbox 546 4592 677 4658; x_wconf 86' lang='lat' dir='ltr'><strong>post</strong></span> <span class='ocrx_word' id='word_1_689' title='bbox 706 4596 969 4642; x_wconf 88' lang='lat' dir='ltr'><strong>enarrata</strong></span> <span class='ocrx_word' id='word_1_690' title='bbox 1000 4590 1150 4659; x_wconf 85' lang='lat' dir='ltr'><strong>regis</strong></span> <span class='ocrx_word' id='word_1_691' title='bbox 1172 4589 1342 4651; x_wconf 88' lang='lat' dir='ltr'><strong>dona,</strong></span> <span class='ocrx_word' id='word_1_692' title='bbox 1376 4590 1558 4659; x_wconf 86' lang='lat' dir='ltr'><strong>ipsam</strong></span> <span class='ocrx_word' id='word_1_693' title='bbox 1600 4607 1831 4661; x_wconf 83' lang='lat' dir='ltr'><strong>quoque</strong></span> <span class='ocrx_word' id='word_1_694' title='bbox 1884 4607 2007 4661; x_wconf 89' lang='lat' dir='ltr'><strong>spe-</strong></span> 
     </span>
    </p>
   </div>
   <div class='ocr_carea' id='block_1_92' title="bbox 312 4678 2006 4750">
    <p class='ocr_par' dir='ltr' id='par_1_92' title="bbox 312 4678 2006 4750">
     <span class='ocr_line' id='line_1_92' title="bbox 312 4678 2006 4750; baseline 0.001 -19"><span class='ocrx_word' id='word_1_695' title='bbox 312 4678 459 4731; x_wconf 83' lang='lat' dir='ltr'><strong>ciem</strong></span> <span class='ocrx_word' id='word_1_696' title='bbox 491 4683 547 4731; x_wconf 88' lang='lat' dir='ltr'><strong>et</strong></span> <span class='ocrx_word' id='word_1_697' title='bbox 579 4681 844 4731; x_wconf 89' lang='lat' dir='ltr'><strong>ornatum</strong></span> <span class='ocrx_word' id='word_1_698' title='bbox 879 4679 1000 4747; x_wconf 85' lang='lat' dir='ltr'><strong>ejus</strong></span> <span class='ocrx_word' id='word_1_699' title='bbox 1030 4678 1341 4748; x_wconf 83' lang='lat' dir='ltr'><strong>pradicare</strong></span> <span class='ocrx_word' id='word_1_700' title='bbox 1364 4679 1585 4750; x_wconf 88' lang='lat' dir='ltr'><strong>incipit,</strong></span> <span class='ocrx_word' id='word_1_701' title='bbox 1619 4685 1675 4733; x_wconf 89' lang='lat' dir='ltr'><strong>et</strong></span> <span class='ocrx_word' id='word_1_702' title='bbox 1713 4680 1781 4732; x_wconf 90' lang='lat' dir='ltr'><strong>ad</strong></span> <span class='ocrx_word' id='word_1_703' title='bbox 1811 4680 2006 4734; x_wconf 87' lang='lat' dir='ltr'><strong>viden-</strong></span> 
     </span>
    </p>
   </div>
   <div class='ocr_carea' id='block_1_93' title="bbox 311 4766 2005 4831">
    <p class='ocr_par' dir='ltr' id='par_1_93' title="bbox 311 4766 2005 4831">
     <span class='ocr_line' id='line_1_93' title="bbox 311 4766 2005 4831; baseline 0.002 -12"><span class='ocrx_word' id='word_1_704' title='bbox 311 4766 451 4819; x_wconf 92' lang='lat' dir='ltr'><strong>dum</strong></span> <span class='ocrx_word' id='word_1_705' title='bbox 484 4783 617 4820; x_wconf 91' lang='lat' dir='ltr'><strong>eum</strong></span> <span class='ocrx_word' id='word_1_706' title='bbox 649 4766 866 4819; x_wconf 86' lang='lat' dir='ltr'><strong>invitat.</strong></span> <span class='ocrx_word' id='word_1_707' title='bbox 902 4768 966 4819; x_wconf 89' lang='lat' dir='ltr'><strong>Et</strong></span> <span class='ocrx_word' id='word_1_708' title='bbox 995 4768 1373 4821; x_wconf 87' lang='lat' dir='ltr'><strong>attendendus</strong></span> <span class='ocrx_word' id='word_1_709' title='bbox 1421 4774 1506 4821; x_wconf 89' lang='lat' dir='ltr'><strong>est</strong></span> <span class='ocrx_word' id='word_1_710' title='bbox 1548 4769 1709 4831; x_wconf 90' lang='lat' dir='ltr'><strong>ordo,</strong></span> <span class='ocrx_word' id='word_1_711' title='bbox 1768 4770 1825 4822; x_wconf 91' lang='lat' dir='ltr'><strong>et</strong></span> <span class='ocrx_word' id='word_1_712' title='bbox 1880 4785 2005 4822; x_wconf 88' lang='lat' dir='ltr'><strong>suc-</strong></span> 
     </span>
    </p>
   </div>
   <div class='ocr_carea' id='block_1_94' title="bbox 310 4854 2005 4926">
    <p class='ocr_par' dir='ltr' id='par_1_94' title="bbox 310 4854 2005 4926">
     <span class='ocr_line' id='line_1_94' title="bbox 310 4854 2005 4926; baseline 0.001 -19"><span class='ocrx_word' id='word_1_713' title='bbox 310 4870 502 4907; x_wconf 88' lang='lat' dir='ltr'><strong>cessus</strong></span> <span class='ocrx_word' id='word_1_714' title='bbox 551 4854 723 4924; x_wconf 86' lang='lat' dir='ltr'><strong>hujus</strong></span> <span class='ocrx_word' id='word_1_715' title='bbox 776 4855 1055 4922; x_wconf 89' lang='lat' dir='ltr'><strong>Ecclesia,</strong></span> <span class='ocrx_word' id='word_1_716' title='bbox 1082 4872 1211 4925; x_wconf 80' lang='lat' dir='ltr'><strong>qua</strong></span> <span class='ocrx_word' id='word_1_717' title='bbox 1243 4856 1314 4910; x_wconf 90' lang='lat' dir='ltr'><strong>de</strong></span> <span class='ocrx_word' id='word_1_718' title='bbox 1361 4856 1690 4911; x_wconf 84' lang='lat' dir='ltr'><strong>Judaorum</strong></span> <span class='ocrx_word' id='word_1_719' title='bbox 1733 4856 2005 4926; x_wconf 89' lang='lat' dir='ltr'><strong>primitiis</strong></span> 
     </span>
    </p>
   </div>
   <div class='ocr_carea' id='block_1_95' title="bbox 314 4942 2004 5015">
    <p class='ocr_par' dir='ltr' id='par_1_95' title="bbox 314 4942 2004 5015">
     <span class='ocr_line' id='line_1_95' title="bbox 314 4942 2004 5015; baseline 0.002 -20"><span class='ocrx_word' id='word_1_720' title='bbox 314 4942 599 5009; x_wconf 89' lang='lat' dir='ltr'><strong>instituta,</strong></span> <span class='ocrx_word' id='word_1_721' title='bbox 633 4944 902 5013; x_wconf 87' lang='lat' dir='ltr'><strong>pralatis,</strong></span> <span class='ocrx_word' id='word_1_722' title='bbox 950 4944 1264 5014; x_wconf 88' lang='lat' dir='ltr'><strong>judicibus,</strong></span> <span class='ocrx_word' id='word_1_723' title='bbox 1323 4945 1565 5015; x_wconf 89' lang='lat' dir='ltr'><strong>aliisque</strong></span> <span class='ocrx_word' id='word_1_724' title='bbox 1617 4945 1891 5014; x_wconf 82' lang='lat' dir='ltr'><strong>gradibus</strong></span> <span class='ocrx_word' id='word_1_725' title='bbox 1938 4945 2004 4998; x_wconf 90' lang='lat' dir='ltr'><strong>il-</strong></span> 
     </span>
    </p>
   </div>
   <div class='ocr_carea' id='block_1_96' title="bbox 311 5031 2007 5102">
    <p class='ocr_par' dir='ltr' id='par_1_96' title="bbox 311 5031 2007 5102">
     <span class='ocr_line' id='line_1_96' title="bbox 311 5031 2007 5102; baseline 0.002 -17"><span class='ocrx_word' id='word_1_726' title='bbox 311 5031 427 5085; x_wconf 89' lang='lat' dir='ltr'><strong>lam</strong></span> <span class='ocrx_word' id='word_1_727' title='bbox 455 5032 725 5101; x_wconf 89' lang='lat' dir='ltr'><strong>primam,</strong></span> <span class='ocrx_word' id='word_1_728' title='bbox 752 5034 866 5099; x_wconf 90' lang='lat' dir='ltr'><strong>jam</strong></span> <span class='ocrx_word' id='word_1_729' title='bbox 900 5038 1028 5101; x_wconf 90' lang='lat' dir='ltr'><strong>post</strong></span> <span class='ocrx_word' id='word_1_730' title='bbox 1085 5035 1374 5102; x_wconf 88' lang='lat' dir='ltr'><strong>apostolos</strong></span> <span class='ocrx_word' id='word_1_731' title='bbox 1430 5033 1680 5102; x_wconf 90' lang='lat' dir='ltr'><strong>tepidam</strong></span> <span class='ocrx_word' id='word_1_732' title='bbox 1736 5034 2007 5088; x_wconf 89' lang='lat' dir='ltr'><strong>admonet</strong></span> 
     </span>
    </p>
   </div>
   <div class='ocr_carea' id='block_1_97' title="bbox 308 5121 2006 5191">
    <p class='ocr_par' dir='ltr' id='par_1_97' title="bbox 308 5121 2006 5191">
     <span class='ocr_line' id='line_1_97' title="bbox 308 5121 2006 5191; baseline 0.002 -19"><span class='ocrx_word' id='word_1_733' title='bbox 308 5124 376 5172; x_wconf 91' lang='lat' dir='ltr'><strong>ut</strong></span> <span class='ocrx_word' id='word_1_734' title='bbox 423 5121 841 5173; x_wconf 90' lang='lat' dir='ltr'><strong>successoribus</strong></span> <span class='ocrx_word' id='word_1_735' title='bbox 886 5126 944 5174; x_wconf 88' lang='lat' dir='ltr'><strong>et</strong></span> <span class='ocrx_word' id='word_1_736' title='bbox 993 5122 1414 5175; x_wconf 88' lang='lat' dir='ltr'><strong>contribulibus</strong></span> <span class='ocrx_word' id='word_1_737' title='bbox 1461 5138 1663 5175; x_wconf 87' lang='lat' dir='ltr'><strong>eorum</strong></span> <span class='ocrx_word' id='word_1_738' title='bbox 1711 5138 1743 5174; x_wconf 88' lang='lat' dir='ltr'><strong>a</strong></span> <span class='ocrx_word' id='word_1_739' title='bbox 1800 5122 2006 5191; x_wconf 89' lang='lat' dir='ltr'><strong>quibus</strong></span> 
     </span>
    </p>
   </div>
   <div class='ocr_carea' id='block_1_98' title="bbox 308 5208 2000 5278">
    <p class='ocr_par' dir='ltr' id='par_1_98' title="bbox 308 5208 2000 5278">
     <span class='ocr_line' id='line_1_98' title="bbox 308 5208 2000 5278; baseline 0.003 -17"><span class='ocrx_word' id='word_1_740' title='bbox 308 5208 619 5278; x_wconf 85' lang='lat' dir='ltr'><strong>pradicata</strong></span> <span class='ocrx_word' id='word_1_741' title='bbox 664 5209 793 5274; x_wconf 83' lang='lat' dir='ltr'><strong>fuit,</strong></span> <span class='ocrx_word' id='word_1_742' title='bbox 836 5210 1016 5263; x_wconf 86' lang='lat' dir='ltr'><strong>vicem</strong></span> <span class='ocrx_word' id='word_1_743' title='bbox 1052 5216 1237 5263; x_wconf 88' lang='lat' dir='ltr'><strong>mater</strong></span> <span class='ocrx_word' id='word_1_744' title='bbox 1283 5211 1501 5264; x_wconf 89' lang='lat' dir='ltr'><strong>reddat.</strong></span> <span class='ocrx_word' id='word_1_745' title='bbox 1562 5213 1624 5265; x_wconf 88' lang='lat' dir='ltr'><strong>In</strong></span> <span class='ocrx_word' id='word_1_746' title='bbox 1678 5211 2000 5266; x_wconf 82' lang='lat' dir='ltr'><strong>diademate.</strong></span> 
     </span>
    </p>
   </div>
   <div class='ocr_carea' id='block_1_99' title="bbox 312 5296 2001 5369">
    <p class='ocr_par' dir='ltr' id='par_1_99' title="bbox 312 5296 2001 5369">
     <span class='ocr_line' id='line_1_99' title="bbox 312 5296 2001 5369; baseline 0.002 -20"><span class='ocrx_word' id='word_1_747' title='bbox 312 5296 485 5361; x_wconf 89' lang='lat' dir='ltr'><strong>Quasi</strong></span> <span class='ocrx_word' id='word_1_748' title='bbox 512 5298 782 5351; x_wconf 80' lang='lat' dir='ltr'><strong>latentem</strong></span> <span class='ocrx_word' id='word_1_749' title='bbox 813 5297 873 5350; x_wconf 91' lang='lat' dir='ltr'><strong>in</strong></span> <span class='ocrx_word' id='word_1_750' title='bbox 897 5298 1277 5366; x_wconf 88' lang='lat' dir='ltr'><strong>humanitate,</strong></span> <span class='ocrx_word' id='word_1_751' title='bbox 1312 5315 1425 5369; x_wconf 91' lang='lat' dir='ltr'><strong>qna</strong></span> <span class='ocrx_word' id='word_1_752' title='bbox 1471 5299 1605 5352; x_wconf 85' lang='lat' dir='ltr'><strong>vicit</strong></span> <span class='ocrx_word' id='word_1_753' title='bbox 1660 5299 1953 5352; x_wconf 89' lang='lat' dir='ltr'><strong>diabolum</strong></span> <span class='ocrx_word' id='word_1_754' title='bbox 1987 5315 2001 5353; x_wconf 89' lang='lat'><strong>:</strong></span> 
     </span>
    </p>
   </div>
   <div class='ocr_carea' id='block_1_100' title="bbox 311 5385 2006 5455">
    <p class='ocr_par' dir='ltr' id='par_1_100' title="bbox 311 5385 2006 5455">
     <span class='ocr_line' id='line_1_100' title="bbox 311 5385 2006 5455; baseline 0.001 -17"><span class='ocrx_word' id='word_1_755' title='bbox 311 5390 367 5438; x_wconf 89' lang='lat' dir='ltr'><strong>et</strong></span> <span class='ocrx_word' id='word_1_756' title='bbox 420 5400 548 5439; x_wconf 92' lang='lat' dir='ltr'><strong>caro</strong></span> <span class='ocrx_word' id='word_1_757' title='bbox 586 5385 694 5439; x_wconf 86' lang='lat' dir='ltr'><strong>fuit</strong></span> <span class='ocrx_word' id='word_1_758' title='bbox 750 5402 921 5439; x_wconf 88' lang='lat' dir='ltr'><strong>causa</strong></span> <span class='ocrx_word' id='word_1_759' title='bbox 977 5386 1147 5455; x_wconf 82' lang='lat' dir='ltr'><strong>hujus</strong></span> <span class='ocrx_word' id='word_1_760' title='bbox 1196 5385 1444 5440; x_wconf 85' lang='lat' dir='ltr'><strong>victoria</strong></span> <span class='ocrx_word' id='word_1_761' title='bbox 1483 5386 1592 5439; x_wconf 74' lang='lat' dir='ltr'><strong>nisi</strong></span> <span class='ocrx_word' id='word_1_762' title='bbox 1650 5387 1797 5439; x_wconf 89' lang='lat' dir='ltr'><strong>Deus</strong></span> <span class='ocrx_word' id='word_1_763' title='bbox 1837 5401 2006 5440; x_wconf 88' lang='lat' dir='ltr'><strong>carne</strong></span> 
     </span>
    </p>
   </div>
   <div class='ocr_carea' id='block_1_101' title="bbox 311 5473 2005 5545">
    <p class='ocr_par' dir='ltr' id='par_1_101' title="bbox 311 5473 2005 5545">
     <span class='ocr_line' id='line_1_101' title="bbox 311 5473 2005 5545; baseline 0.002 -19"><span class='ocrx_word' id='word_1_764' title='bbox 311 5473 775 5539; x_wconf 90' lang='lat' dir='ltr'><strong>obumbraretur,</strong></span> <span class='ocrx_word' id='word_1_765' title='bbox 807 5474 1068 5528; x_wconf 89' lang='lat' dir='ltr'><strong>diabolus</strong></span> <span class='ocrx_word' id='word_1_766' title='bbox 1098 5490 1231 5527; x_wconf 92' lang='lat' dir='ltr'><strong>eum</strong></span> <span class='ocrx_word' id='word_1_767' title='bbox 1287 5490 1405 5527; x_wconf 92' lang='lat' dir='ltr'><strong>non</strong></span> <span class='ocrx_word' id='word_1_768' title='bbox 1461 5475 1887 5545; x_wconf 88' lang='lat' dir='ltr'><strong>aggrederetur.</strong></span> <span class='ocrx_word' id='word_1_769' title='bbox 1936 5478 2005 5531; x_wconf 86' lang='lat' dir='ltr'><strong>In</strong></span> 
     </span>
    </p>
   </div>
   <div class='ocr_carea' id='block_1_102' title="bbox 310 5561 2002 5635">
    <p class='ocr_par' dir='ltr' id='par_1_102' title="bbox 310 5561 2002 5635">
     <span class='ocr_line' id='line_1_102' title="bbox 310 5561 2002 5635; baseline 0.001 -19"><span class='ocrx_word' id='word_1_770' title='bbox 310 5562 639 5632; x_wconf 87' lang='lat' dir='ltr'><strong>diademate,</strong></span> <span class='ocrx_word' id='word_1_771' title='bbox 699 5561 757 5616; x_wconf 94' lang='lat' dir='ltr'><strong>id</strong></span> <span class='ocrx_word' id='word_1_772' title='bbox 787 5567 892 5629; x_wconf 86' lang='lat' dir='ltr'><strong>est,</strong></span> <span class='ocrx_word' id='word_1_773' title='bbox 944 5561 1005 5617; x_wconf 91' lang='lat' dir='ltr'><strong>in</strong></span> <span class='ocrx_word' id='word_1_774' title='bbox 1032 5561 1134 5616; x_wconf 90' lang='lat' dir='ltr'><strong>illa</strong></span> <span class='ocrx_word' id='word_1_775' title='bbox 1186 5563 1387 5634; x_wconf 89' lang='lat' dir='ltr'><strong>spinea</strong></span> <span class='ocrx_word' id='word_1_776' title='bbox 1416 5579 1649 5629; x_wconf 90' lang='lat' dir='ltr'><strong>corona,</strong></span> <span class='ocrx_word' id='word_1_777' title='bbox 1683 5579 1796 5635; x_wconf 89' lang='lat' dir='ltr'><strong>qua</strong></span> <span class='ocrx_word' id='word_1_778' title='bbox 1839 5579 2002 5618; x_wconf 81' lang='lat' dir='ltr'><strong>coro-</strong></span> 
     </span>
    </p>
   </div>
   <div class='ocr_carea' id='block_1_103' title="bbox 2111 4324 3803 4396">
    <p class='ocr_par' dir='ltr' id='par_1_103' title="bbox 2111 4324 3803 4396">
     <span class='ocr_line' id='line_1_103' title="bbox 2111 4324 3803 4396; baseline -0.001 -17"><span class='ocrx_word' id='word_1_779' title='bbox 2111 4332 2215 4391; x_wconf 90' lang='lat' dir='ltr'><strong>est,</strong></span> <span class='ocrx_word' id='word_1_780' title='bbox 2248 4325 2531 4396; x_wconf 89' lang='lat' dir='ltr'><strong>baptismo</strong></span> <span class='ocrx_word' id='word_1_781' title='bbox 2570 4324 2896 4395; x_wconf 88' lang='lat' dir='ltr'><strong>puriﬁcari:</strong></span> <span class='ocrx_word' id='word_1_782' title='bbox 2930 4326 3315 4395; x_wconf 87' lang='lat' dir='ltr'><strong>perfectorum</strong></span> <span class='ocrx_word' id='word_1_783' title='bbox 3337 4330 3440 4390; x_wconf 90' lang='lat' dir='ltr'><strong>est,</strong></span> <span class='ocrx_word' id='word_1_784' title='bbox 3473 4330 3528 4377; x_wconf 86' lang='lat' dir='ltr'><strong>et</strong></span> <span class='ocrx_word' id='word_1_785' title='bbox 3558 4324 3803 4377; x_wconf 87' lang='lat' dir='ltr'><strong>maxime</strong></span> 
     </span>
    </p>
   </div>
   <div class='ocr_carea' id='block_1_104' title="bbox 2114 4412 3802 4483">
    <p class='ocr_par' dir='ltr' id='par_1_104' title="bbox 2114 4412 3802 4483">
     <span class='ocr_line' id='line_1_104' title="bbox 2114 4412 3802 4483; baseline -0.002 -14"><span class='ocrx_word' id='word_1_786' title='bbox 2114 4430 2340 4480; x_wconf 90' lang='lat' dir='ltr'><strong>eorum,</strong></span> <span class='ocrx_word' id='word_1_787' title='bbox 2375 4413 2584 4483; x_wconf 89' lang='lat' dir='ltr'><strong>quibus</strong></span> <span class='ocrx_word' id='word_1_788' title='bbox 2603 4430 2741 4467; x_wconf 90' lang='lat' dir='ltr'><strong>cura</strong></span> <span class='ocrx_word' id='word_1_789' title='bbox 2761 4414 2951 4467; x_wconf 90' lang='lat' dir='ltr'><strong>ovium</strong></span> <span class='ocrx_word' id='word_1_790' title='bbox 2985 4420 3069 4467; x_wconf 92' lang='lat' dir='ltr'><strong>est</strong></span> <span class='ocrx_word' id='word_1_791' title='bbox 3096 4413 3424 4479; x_wconf 90' lang='lat' dir='ltr'><strong>commissa,</strong></span> <span class='ocrx_word' id='word_1_792' title='bbox 3470 4412 3802 4466; x_wconf 88' lang='lat' dir='ltr'><strong>renuntiare</strong></span> 
     </span>
    </p>
   </div>
   <div class='ocr_carea' id='block_1_105' title="bbox 2115 4502 3805 4571">
    <p class='ocr_par' dir='ltr' id='par_1_105' title="bbox 2115 4502 3805 4571">
     <span class='ocr_line' id='line_1_105' title="bbox 2115 4502 3805 4571; baseline -0.003 -14"><span class='ocrx_word' id='word_1_793' title='bbox 2115 4503 2383 4557; x_wconf 90' lang='lat' dir='ltr'><strong>omnibus</strong></span> <span class='ocrx_word' id='word_1_794' title='bbox 2414 4518 2542 4571; x_wconf 86' lang='lat' dir='ltr'><strong>qua</strong></span> <span class='ocrx_word' id='word_1_795' title='bbox 2575 4502 2882 4571; x_wconf 88' lang='lat' dir='ltr'><strong>possident.</strong></span> <span class='ocrx_word' id='word_1_796' title='bbox 2921 4502 3166 4557; x_wconf 87' lang='lat' dir='ltr'><strong>Gemellis</strong></span> <span class='ocrx_word' id='word_1_797' title='bbox 3219 4502 3441 4567; x_wconf 78' lang='lat' dir='ltr'><strong>fetibus.</strong></span> <span class='ocrx_word' id='word_1_798' title='bbox 3469 4502 3528 4554; x_wconf 92' lang='lat' dir='ltr'><strong>ld</strong></span> <span class='ocrx_word' id='word_1_799' title='bbox 3560 4506 3644 4554; x_wconf 87' lang='lat' dir='ltr'><strong>est</strong></span> <span class='ocrx_word' id='word_1_800' title='bbox 3674 4515 3805 4553; x_wconf 89' lang='lat' dir='ltr'><strong>con-</strong></span> 
     </span>
    </p>
   </div>
   <div class='ocr_carea' id='block_1_106' title="bbox 2114 4589 3805 4660">
    <p class='ocr_par' dir='ltr' id='par_1_106' title="bbox 2114 4589 3805 4660">
     <span class='ocr_line' id='line_1_106' title="bbox 2114 4589 3805 4660; baseline -0.002 -16"><span class='ocrx_word' id='word_1_801' title='bbox 2114 4591 2398 4644; x_wconf 82' lang='lat' dir='ltr'><strong>similibus</strong></span> <span class='ocrx_word' id='word_1_802' title='bbox 2454 4590 2685 4655; x_wconf 87' lang='lat' dir='ltr'><strong>fetibus,</strong></span> <span class='ocrx_word' id='word_1_803' title='bbox 2745 4590 2881 4660; x_wconf 89' lang='lat' dir='ltr'><strong>quia</strong></span> <span class='ocrx_word' id='word_1_804' title='bbox 2913 4591 3053 4642; x_wconf 88' lang='lat' dir='ltr'><strong>tales</strong></span> <span class='ocrx_word' id='word_1_805' title='bbox 3108 4590 3248 4643; x_wconf 89' lang='lat' dir='ltr'><strong>alios</strong></span> <span class='ocrx_word' id='word_1_806' title='bbox 3296 4590 3543 4643; x_wconf 89' lang='lat' dir='ltr'><strong>reddunt</strong></span> <span class='ocrx_word' id='word_1_807' title='bbox 3607 4589 3805 4659; x_wconf 89' lang='lat' dir='ltr'><strong>quales</strong></span> 
     </span>
    </p>
   </div>
   <div class='ocr_carea' id='block_1_107' title="bbox 2113 4676 3803 4749">
    <p class='ocr_par' dir='ltr' id='par_1_107' title="bbox 2113 4676 3803 4749">
     <span class='ocr_line' id='line_1_107' title="bbox 2113 4676 3803 4749; baseline -0.002 -16"><span class='ocrx_word' id='word_1_808' title='bbox 2113 4679 2223 4749; x_wconf 85' lang='lat' dir='ltr'><strong>ipsi</strong></span> <span class='ocrx_word' id='word_1_809' title='bbox 2257 4682 2409 4732; x_wconf 87' lang='lat' dir='ltr'><strong>sunt.</strong></span> <span class='ocrx_word' id='word_1_810' title='bbox 2462 4678 2581 4743; x_wconf 90' lang='lat' dir='ltr'><strong>Vel,</strong></span> <span class='ocrx_word' id='word_1_811' title='bbox 2613 4678 2867 4748; x_wconf 87' lang='lat' dir='ltr'><strong>duplices</strong></span> <span class='ocrx_word' id='word_1_812' title='bbox 2896 4678 3065 4744; x_wconf 87' lang='lat' dir='ltr'><strong>fetus,</strong></span> <span class='ocrx_word' id='word_1_813' title='bbox 3098 4695 3272 4749; x_wconf 88' lang='lat' dir='ltr'><strong>opera</strong></span> <span class='ocrx_word' id='word_1_814' title='bbox 3313 4678 3561 4748; x_wconf 87' lang='lat' dir='ltr'><strong>gemina</strong></span> <span class='ocrx_word' id='word_1_815' title='bbox 3617 4676 3803 4731; x_wconf 87' lang='lat' dir='ltr'><strong>chari-</strong></span> 
     </span>
    </p>
   </div>
   <div class='ocr_carea' id='block_1_108' title="bbox 2113 4766 3804 4837">
    <p class='ocr_par' dir='ltr' id='par_1_108' title="bbox 2113 4766 3804 4837">
     <span class='ocr_line' id='line_1_108' title="bbox 2113 4766 3804 4837; baseline -0.002 -16"><span class='ocrx_word' id='word_1_816' title='bbox 2113 4768 2267 4832; x_wconf 90' lang='lat' dir='ltr'><strong>tatis,</strong></span> <span class='ocrx_word' id='word_1_817' title='bbox 2320 4771 2382 4820; x_wconf 90' lang='lat' dir='ltr'><strong>ut</strong></span> <span class='ocrx_word' id='word_1_818' title='bbox 2416 4767 2616 4820; x_wconf 84' lang='lat' dir='ltr'><strong>ﬁdeles</strong></span> <span class='ocrx_word' id='word_1_819' title='bbox 2667 4767 2922 4820; x_wconf 88' lang='lat' dir='ltr'><strong>conversi</strong></span> <span class='ocrx_word' id='word_1_820' title='bbox 2949 4766 3018 4820; x_wconf 90' lang='lat' dir='ltr'><strong>de</strong></span> <span class='ocrx_word' id='word_1_821' title='bbox 3078 4772 3324 4837; x_wconf 90' lang='lat' dir='ltr'><strong>utroque</strong></span> <span class='ocrx_word' id='word_1_822' title='bbox 3375 4768 3615 4836; x_wconf 89' lang='lat' dir='ltr'><strong>populo.</strong></span> <span class='ocrx_word' id='word_1_823' title='bbox 3684 4767 3804 4833; x_wconf 92' lang='lat' dir='ltr'><strong>Vel,</strong></span> 
     </span>
    </p>
   </div>
   <div class='ocr_carea' id='block_1_109' title="bbox 2114 4855 3805 4927">
    <p class='ocr_par' dir='ltr' id='par_1_109' title="bbox 2114 4855 3805 4927">
     <span class='ocr_line' id='line_1_109' title="bbox 2114 4855 3805 4927; baseline -0.002 -16"><span class='ocrx_word' id='word_1_824' title='bbox 2114 4856 2256 4911; x_wconf 83' lang='lat' dir='ltr'><strong>fides</strong></span> <span class='ocrx_word' id='word_1_825' title='bbox 2286 4859 2527 4927; x_wconf 90' lang='lat' dir='ltr'><strong>etopus.</strong></span> <span class='ocrx_word' id='word_1_826' title='bbox 2570 4858 2638 4911; x_wconf 88' lang='lat' dir='ltr'><strong>Et</strong></span> <span class='ocrx_word' id='word_1_827' title='bbox 2667 4856 2873 4911; x_wconf 78' lang='lat' dir='ltr'><strong>sterilis</strong></span> <span class='ocrx_word' id='word_1_828' title='bbox 2899 4870 3003 4909; x_wconf 89' lang='lat' dir='ltr'><strong>non</strong></span> <span class='ocrx_word' id='word_1_829' title='bbox 3032 4860 3128 4909; x_wconf 86' lang='lat' dir='ltr'><strong>est.</strong></span> <span class='ocrx_word' id='word_1_830' title='bbox 3162 4855 3275 4911; x_wconf 87' lang='lat' dir='ltr'><strong>Nec</strong></span> <span class='ocrx_word' id='word_1_831' title='bbox 3303 4855 3387 4908; x_wconf 91' lang='lat' dir='ltr'><strong>illi</strong></span> <span class='ocrx_word' id='word_1_832' title='bbox 3448 4855 3597 4908; x_wconf 89' lang='lat' dir='ltr'><strong>inter</strong></span> <span class='ocrx_word' id='word_1_833' title='bbox 3640 4856 3805 4907; x_wconf 85' lang='lat' dir='ltr'><strong>steri-</strong></span> 
     </span>
    </p>
   </div>
   <div class='ocr_carea' id='block_1_110' title="bbox 2114 4943 3805 5014">
    <p class='ocr_par' dir='ltr' id='par_1_110' title="bbox 2114 4943 3805 5014">
     <span class='ocr_line' id='line_1_110' title="bbox 2114 4943 3805 5014; baseline -0.002 -15"><span class='ocrx_word' id='word_1_834' title='bbox 2114 4946 2195 4999; x_wconf 89' lang='lat' dir='ltr'><strong>les</strong></span> <span class='ocrx_word' id='word_1_835' title='bbox 2218 4946 2586 5013; x_wconf 88' lang='lat' dir='ltr'><strong>deputantur,</strong></span> <span class='ocrx_word' id='word_1_836' title='bbox 2621 4944 2719 5014; x_wconf 91' lang='lat' dir='ltr'><strong>qui</strong></span> <span class='ocrx_word' id='word_1_837' title='bbox 2751 4943 2928 4997; x_wconf 90' lang='lat' dir='ltr'><strong>abluti</strong></span> <span class='ocrx_word' id='word_1_838' title='bbox 2964 4944 3154 4997; x_wconf 87' lang='lat' dir='ltr'><strong>statim</strong></span> <span class='ocrx_word' id='word_1_839' title='bbox 3205 4960 3271 4997; x_wconf 88' lang='lat' dir='ltr'><strong>ex</strong></span> <span class='ocrx_word' id='word_1_840' title='bbox 3303 4943 3409 4997; x_wconf 90' lang='lat' dir='ltr'><strong>hac</strong></span> <span class='ocrx_word' id='word_1_841' title='bbox 3431 4944 3543 4995; x_wconf 88' lang='lat' dir='ltr'><strong>vita</strong></span> <span class='ocrx_word' id='word_1_842' title='bbox 3572 4943 3805 5012; x_wconf 86' lang='lat' dir='ltr'><strong>rapiun-</strong></span> 
     </span>
    </p>
   </div>
   <div class='ocr_carea' id='block_1_111' title="bbox 2113 5030 3807 5101">
    <p class='ocr_par' dir='ltr' id='par_1_111' title="bbox 2113 5030 3807 5101">
     <span class='ocr_line' id='line_1_111' title="bbox 2113 5030 3807 5101; baseline -0.002 -14"><span class='ocrx_word' id='word_1_843' title='bbox 2113 5039 2227 5087; x_wconf 89' lang='lat' dir='ltr'><strong>tur.</strong></span> <span class='ocrx_word' id='word_1_844' title='bbox 2265 5033 2597 5086; x_wconf 86' lang='lat' dir='ltr'><strong>Habuerunt</strong></span> <span class='ocrx_word' id='word_1_845' title='bbox 2642 5031 2799 5085; x_wconf 89' lang='lat' dir='ltr'><strong>enim</strong></span> <span class='ocrx_word' id='word_1_846' title='bbox 2855 5031 3108 5084; x_wconf 89' lang='lat' dir='ltr'><strong>sobolem</strong></span> <span class='ocrx_word' id='word_1_847' title='bbox 3156 5031 3287 5085; x_wconf 90' lang='lat' dir='ltr'><strong>ﬁdei</strong></span> <span class='ocrx_word' id='word_1_848' title='bbox 3326 5046 3499 5101; x_wconf 87' lang='lat' dir='ltr'><strong>quam</strong></span> <span class='ocrx_word' id='word_1_849' title='bbox 3552 5032 3636 5085; x_wconf 89' lang='lat' dir='ltr'><strong>vel</strong></span> <span class='ocrx_word' id='word_1_850' title='bbox 3696 5030 3807 5101; x_wconf 89' lang='lat' dir='ltr'><strong>ipsi</strong></span> 
     </span>
    </p>
   </div>
   <div class='ocr_carea' id='block_1_112' title="bbox 2113 5118 3809 5193">
    <p class='ocr_par' dir='ltr' id='par_1_112' title="bbox 2113 5118 3809 5193">
     <span class='ocr_line' id='line_1_112' title="bbox 2113 5118 3809 5193; baseline -0.002 -17"><span class='ocrx_word' id='word_1_851' title='bbox 2113 5138 2218 5193; x_wconf 91' lang='lat' dir='ltr'><strong>pro</strong></span> <span class='ocrx_word' id='word_1_852' title='bbox 2248 5138 2328 5188; x_wconf 87' lang='lat' dir='ltr'><strong>se,</strong></span> <span class='ocrx_word' id='word_1_853' title='bbox 2360 5122 2447 5174; x_wconf 85' lang='lat' dir='ltr'><strong>vel</strong></span> <span class='ocrx_word' id='word_1_854' title='bbox 2501 5120 2598 5173; x_wconf 90' lang='lat' dir='ltr'><strong>alii</strong></span> <span class='ocrx_word' id='word_1_855' title='bbox 2640 5136 2745 5190; x_wconf 89' lang='lat' dir='ltr'><strong>pro</strong></span> <span class='ocrx_word' id='word_1_856' title='bbox 2796 5118 2932 5190; x_wconf 90' lang='lat' dir='ltr'><strong>ipsis</strong></span> <span class='ocrx_word' id='word_1_857' title='bbox 2973 5119 3215 5173; x_wconf 85' lang='lat' dir='ltr'><strong>confessi</strong></span> <span class='ocrx_word' id='word_1_858' title='bbox 3262 5125 3410 5173; x_wconf 87' lang='lat' dir='ltr'><strong>sunt.</strong></span> <span class='ocrx_word' id='word_1_859' title='bbox 3474 5120 3809 5173; x_wconf 85' lang='lat' dir='ltr'><strong>Habuerunt</strong></span> 
     </span>
    </p>
   </div>
   <div class='ocr_carea' id='block_1_113' title="bbox 2112 5208 3804 5278">
    <p class='ocr_par' dir='ltr' id='par_1_113' title="bbox 2112 5208 3804 5278">
     <span class='ocr_line' id='line_1_113' title="bbox 2112 5208 3804 5278; baseline -0.002 -14"><span class='ocrx_word' id='word_1_860' title='bbox 2112 5211 2285 5264; x_wconf 89' lang='lat' dir='ltr'><strong>etiam</strong></span> <span class='ocrx_word' id='word_1_861' title='bbox 2341 5215 2536 5263; x_wconf 91' lang='lat' dir='ltr'><strong>votum</strong></span> <span class='ocrx_word' id='word_1_862' title='bbox 2602 5209 2767 5262; x_wconf 88' lang='lat' dir='ltr'><strong>bona</strong></span> <span class='ocrx_word' id='word_1_863' title='bbox 2822 5208 3199 5278; x_wconf 87' lang='lat' dir='ltr'><strong>operationis,</strong></span> <span class='ocrx_word' id='word_1_864' title='bbox 3256 5208 3412 5278; x_wconf 87' lang='lat' dir='ltr'><strong>quod</strong></span> <span class='ocrx_word' id='word_1_865' title='bbox 3460 5208 3614 5262; x_wconf 87' lang='lat' dir='ltr'><strong>inter</strong></span> <span class='ocrx_word' id='word_1_866' title='bbox 3674 5224 3804 5262; x_wconf 90' lang='lat' dir='ltr'><strong>oves</strong></span> 
     </span>
    </p>
   </div>
   <div class='ocr_carea' id='block_1_114' title="bbox 2113 5296 3801 5366">
    <p class='ocr_par' dir='ltr' id='par_1_114' title="bbox 2113 5296 3801 5366">
     <span class='ocr_line' id='line_1_114' title="bbox 2113 5296 3801 5366; baseline -0.002 -14"><span class='ocrx_word' id='word_1_867' title='bbox 2113 5297 2342 5363; x_wconf 87' lang='lat' dir='ltr'><strong>Christi,</strong></span> <span class='ocrx_word' id='word_1_868' title='bbox 2422 5296 2724 5366; x_wconf 86' lang='lat' dir='ltr'><strong>exspectati</strong></span> <span class='ocrx_word' id='word_1_869' title='bbox 2779 5296 3038 5360; x_wconf 87' lang='lat' dir='ltr'><strong>fuissent,</strong></span> <span class='ocrx_word' id='word_1_870' title='bbox 3089 5297 3375 5350; x_wconf 89' lang='lat' dir='ltr'><strong>socialiter</strong></span> <span class='ocrx_word' id='word_1_871' title='bbox 3454 5302 3801 5366; x_wconf 85' lang='lat' dir='ltr'><strong>exercerent,</strong></span> 
     </span>
    </p>
   </div>
   <div class='ocr_carea' id='block_1_115' title="bbox 2114 5384 3803 5455">
    <p class='ocr_par' dir='ltr' id='par_1_115' title="bbox 2114 5384 3803 5455">
     <span class='ocr_line' id='line_1_115' title="bbox 2114 5384 3803 5455; baseline 0.001 -16"><span class='ocrx_word' id='word_1_872' title='bbox 2114 5386 2267 5440; x_wconf 89' lang='lat' dir='ltr'><strong>unde</strong></span> <span class='ocrx_word' id='word_1_873' title='bbox 2296 5385 2506 5439; x_wconf 90' lang='lat' dir='ltr'><strong>dicitur</strong></span> <span class='ocrx_word' id='word_1_874' title='bbox 2538 5402 2550 5439; x_wconf 91' lang='lat'>:</span> <span class='ocrx_word' id='word_1_875' title='bbox 2574 5387 2982 5441; x_wconf 85' lang='lat' dir='ltr'><strong>Consummatus</strong></span> <span class='ocrx_word' id='word_1_876' title='bbox 3012 5388 3071 5439; x_wconf 85' lang='lat' dir='ltr'><strong>in</strong></span> <span class='ocrx_word' id='word_1_877' title='bbox 3100 5385 3248 5440; x_wconf 84' lang='lat' dir='ltr'><strong>brevi</strong></span> <span class='ocrx_word' id='word_1_878' title='bbox 3274 5384 3515 5454; x_wconf 69' lang='lat' dir='ltr'><strong>explevit</strong></span> <span class='ocrx_word' id='word_1_879' title='bbox 3564 5392 3803 5455; x_wconf 86' lang='lat' dir='ltr'><strong>tempora</strong></span> 
     </span>
    </p>
   </div>
   <div class='ocr_carea' id='block_1_116' title="bbox 2109 5474 2564 5544">
    <p class='ocr_par' dir='ltr' id='par_1_116' title="bbox 2109 5474 2564 5544">
     <span class='ocr_line' id='line_1_116' title="bbox 2109 5474 2564 5544; baseline -0.002 -15"><span class='ocrx_word' id='word_1_880' title='bbox 2109 5476 2284 5529; x_wconf 88' lang='lat' dir='ltr'><strong>multa</strong></span> <span class='ocrx_word' id='word_1_881' title='bbox 2308 5475 2437 5544; x_wconf 84' lang='lat' dir='ltr'><strong>(Sap</strong></span> <span class='ocrx_word' id='word_1_882' title='bbox 2470 5474 2564 5542; x_wconf 84' lang='lat' dir='ltr'><strong>IV).</strong></span> 
     </span>
    </p>
   </div>
   <div class='ocr_carea' id='block_1_117' title="bbox 2183 5563 3806 5623">
    <p class='ocr_par' dir='ltr' id='par_1_117' title="bbox 2183 5563 3806 5623">
     <span class='ocr_line' id='line_1_117' title="bbox 2183 5563 3806 5623; baseline 0.002 -6"><span class='ocrx_word' id='word_1_883' title='bbox 2183 5566 2342 5622; x_wconf 76' lang='lat' dir='ltr'><strong>Vens.</strong></span> <span class='ocrx_word' id='word_1_884' title='bbox 2376 5566 2427 5619; x_wconf 87' lang='grc'><strong>3.</strong></span> <span class='ocrx_word' id='word_1_885' title='bbox 2462 5594 2529 5604; x_wconf 94' lang='grc'><strong>-</strong></span> <span class='ocrx_word' id='word_1_886' title='bbox 2569 5566 2717 5622; x_wconf 85' lang='lat' dir='ltr'><strong>Sicut</strong></span> <span class='ocrx_word' id='word_1_887' title='bbox 2748 5567 2914 5621; x_wconf 84' lang='lat' dir='ltr'><strong>vitta.</strong></span> <span class='ocrx_word' id='word_1_888' title='bbox 2956 5563 3366 5622; x_wconf 81' lang='lat' dir='ltr'><strong>Pradicatores</strong></span> <span class='ocrx_word' id='word_1_889' title='bbox 3410 5567 3551 5623; x_wconf 81' lang='lat' dir='ltr'><strong>vitta</strong></span> <span class='ocrx_word' id='word_1_890' title='bbox 3606 5563 3806 5621; x_wconf 79' lang='lat' dir='ltr'><strong>dicun-</strong></span> 
     </span>
    </p>
   </div>
  </div>
