4074 6186
354 301 480 353 lli?

969 300 1366 355 WALAFBIDI
1405 299 1649 354 STRABI
1691 300 1884 354 FULD.
1929 300 2092 356 MON.
2135 299 2295 355 OPP.
2331 301 2507 355 PARS
2545 301 2585 354 Ι.
2615 329 2682 340 -
2722 301 3175 358 THEOLOGICA.

3717 306 3850 359 1148

344 421 459 484 tur,
488 418 624 489 quia
654 418 833 474 ﬂuxas
866 419 1241 488 cogitationes
1299 420 1358 474 in
1409 420 1676 475 cordibus
1732 418 2033 474 hominum
2065 421 2112 474 Α
2223 423 2381 477 Vens.
2416 427 2464 478 5.
2497 409 2593 463 '-—
2625 423 2744 478 Duo
2773 423 2967 479 ubera.
3031 425 3220 480 Multis
3247 427 3448 497 ﬁguris
3506 429 3711 482 eadem
3748 429 3846 483 Ec-

346 509 463 562 suis
539 509 1040 581 pradicationihus
1094 509 1471 579 restringunt,
1529 525 1602 564 ne
1659 508 1922 563 difﬂuant
1979 512 2035 561 et

340 598 526 652 cordis
610 599 804 652 oculos
867 603 1151 668 premant.
1203 600 1471 654 Coccinea.
1550 597 1692 662 Quia
1755 595 2030 650 Dominici

345 686 656 758 sanguinis,
690 703 804 756 quo
851 687 1146 756 redempta
1169 692 1252 740 est
1284 686 1547 752 Ecclesia,
1583 686 1832 758 pretium
1885 702 2032 756 prae-

349 775 538 829 dicare
568 792 683 829 non
736 777 1062 830 cessatzvel
1112 777 1249 846 quia
1301 776 1633 846 praedicatio
1673 780 1866 828 sancta
1907 775 2034 828 cha-

341 864 525 918 ritatis
555 864 752 917 ardore
783 864 1138 918 ﬂammescit.
1172 866 1343 919 Labia
1372 870 1484 919 tua.
1553 866 1757 918 Dentes
1796 863 1895 933 qui
1947 867 2032 914 te-

343 957 480 1006 runt
507 969 520 1006 :
553 952 666 1006 labi
695 969 823 1023 quas
862 955 992 1007 trita
1017 955 1302 1024 aperiunt.
1337 956 1626 1022 Eloquium
1665 959 1816 1007 tuum
1858 953 2028 1006 dulce.

347 1042 512 1106 Dum,
547 1057 674 1111 qum
715 1042 912 1096 dicunt
943 1043 1155 1096 faciunt
1191 1060 1202 1096 :
1247 1059 1376 1096 suas
1428 1041 1868 1113 praedicationes
1928 1040 2032 1093 ho-

340 1129 592 1183 minibus
623 1130 785 1200 quasi
816 1131 1040 1200 sapidas
1071 1147 1224 1184 escas
1255 1135 1572 1201 apponunt.
1604 1131 1760 1183 Sicut
1783 1131 2034 1195 fragmen

337 1218 472 1269 mali
525 1220 734 1285 punici,
789 1220 869 1270 ita
916 1234 1078 1285 genae.
1137 1220 1198 1271 ln
1253 1219 1438 1271 colore
1496 1217 1744 1294 exterips
1782 1218 2030 1285 puniceo,

340 1306 603 1358 voluntas
634 1306 893 1376 martyrii
924 1323 936 1361 :
973 1307 1028 1359 in
1056 1307 1198 1360 albis
1227 1307 1418 1377 granis
1449 1311 1597 1377 (qum
1626 1305 1830 1359 cortice
1860 1304 2033 1357 fracto

340 1393 639 1460 videntur),
671 1395 886 1448 candor
915 1395 1189 1449 virtutum
1220 1412 1232 1448 :
1267 1395 1368 1465 qui
1399 1400 1658 1465 augetur,
1714 1394 1851 1447 dum
1899 1409 2031 1446 caro

339 1483 630 1536 colliditur
659 1500 672 1538 :
697 1484 909 1538 candor
943 1485 1134 1546 etiam,
1169 1501 1300 1538 cum
1349 1484 1589 1554 impleta
1620 1483 1884 1554 passione
1927 1480 2030 1534 mi-

338 1572 542 1624 raculis
580 1572 782 1626 nitent.
826 1574 889 1626 In
930 1576 1078 1640 genis
1123 1573 1480 1637 verecundia,
1541 1571 1601 1626 in
1660 1571 1810 1624 malo
1837 1572 2033 1639 punico

339 1662 526 1734 passio
554 1663 784 1717 Christi.
822 1662 1000 1717 Habet
1028 1679 1165 1734 ergo
1194 1663 1464 1716 ruborem
1510 1660 1758 1716 Ecclesia
1815 1660 1874 1754 i‘n
1931 1675 2027 1729 ge—
2063 1700 2101 1754 Β

339 1751 445 1815 nis,
476 1767 606 1804 cum
639 1756 1060 1805 sacramentum
1120 1750 1429 1805 Dominicas
1483 1749 1766 1821 passionis
1823 1748 2032 1802 fatetur

339 1838 550 1908 verbis,
581 1844 637 1892 et
661 1838 910 1892 ostendit
936 1838 1242 1891 candorem
1267 1854 1396 1892 cum
1456 1839 1683 1908 pulsata
1727 1836 2026 1908 pressuris,

341 1927 656 1980 castitatem
687 1926 817 1996 puri
851 1926 1035 1979 cordis
1059 1927 1282 1996 probat,
1335 1931 1392 1980 et
1429 1926 1609 1992 factis,
1639 1925 1777 1996 quid
1831 1923 2031 1994 gratiae

340 2014 605 2068 salutaris
644 2030 776 2068 crux
811 2014 1019 2068 habeat
1071 2013 1287 2084 pandit.
1338 2015 1554 2083 Absque
1582 2030 1658 2068 eo.
1713 2013 1867 2068 Licet
1919 2013 2034 2066 sint

344 2118 572 2169 magna,
629 2118 758 2172 quae
807 2103 1053 2156 exterius
1117 2108 1395 2173 apparent
1427 2119 1440 2156 :
1470 2103 1690 2173 majora
1739 2107 1929 2155 tamen
1971 2100 2032 2155 in

341 2192 562 2244 occulto
589 2191 854 2258 retinent,
883 2207 1013 2262 qum
1043 2191 1219 2246 divini
1251 2191 1401 2245 oculi
1431 2191 1540 2245 soli
1589 2191 1798 2245 vident.
1853 2191 2028 2244 Latet.

343 2277 764 2332 Confessionem
794 2278 1026 2333 viviﬁca:
1056 2280 1238 2333 crucis
1266 2284 1506 2351 possunt
1563 2295 1760 2333 omnes
1814 2278 1873 2331 in
1941 2279 2032 2332 Ec-

339 2364 511 2419 clesia
541 2366 759 2433 audire,
801 2383 1096 2437 pressuras
1146 2368 1406 2422 Ecclesiae
1461 2368 1678 2434 videre,
1734 2368 1820 2421 vel
1859 2365 2034 2421 etiam

343 2453 616 2508 miracula
663 2471 794 2525 quin
830 2455 940 2526 ipsi
995 2456 1252 2511 Ecclesiae
1297 2461 1430 2511 sunt
1485 2455 1757 2510 divinitus
1805 2456 2028 2509 collata.

347 2547 588 2612 possunt
616 2543 874 2598 inﬁdeles
905 2560 1036 2598 cum
1085 2545 1351 2599 ﬁdelibus
1398 2545 1610 2599 intueri
1643 2561 1656 2598 :
1686 2543 1811 2614 ipsa
1839 2548 2032 2597 autem

343 2631 463 2684 sola
493 2631 687 2686 anima
715 2632 876 2687 novit
918 2633 1150 2704 quando
1205 2637 1469 2688 teneatur
1525 2648 1718 2686 amore
1779 2631 1909 2685 vitae
1941 2631 2030 2684 in-

342 2719 603 2787 visibilis,
664 2727 876 2791 quanto
933 2738 1129 2776 amore
1187 2738 1324 2793 erga
1366 2723 1547 2776 Deum
1607 2725 1665 2776 et
1705 2719 2030 2792 proximum

344 2808 716 2864 ﬂammescat.

411 2898 574 2952 Vsus.
616 2899 668 2952 4.
693 2928 745 2938 -
792 2899 943 2954 Sicut
969 2901 1139 2954 turris
1169 2898 1369 2953 David.
1395 2897 1592 2952 Turris
1614 2900 1696 2951 est
1735 2913 2030 2968 expugna-

2142 510 2328 564 clesiaz
2358 511 2628 581 mysteria
2672 517 3040 582 repetuntur;
3075 514 3172 568 sed
3204 517 3444 586 repetita
3491 517 3626 571 novi
3681 533 3844 571 sem-

2142 614 2246 668 per
2267 599 2481 668 aliquid
2513 600 2778 668 atferunt,
2811 607 2866 655 et
2898 618 2998 672 per
3038 602 3217 673 ipsam
3252 604 3562 659 novitatem
3618 606 3844 660 animos

2143 687 2499 742 audientium
2555 691 2804 759 amplius
2852 691 3153 746 delectant.
3215 695 3329 748 Duo
3415 692 3594 764 igitur
3647 695 3837 758 ubera,

2142 777 2548 846 praedicatores
2601 781 2668 832 de
2699 779 2922 833 duobus
2956 781 3206 850 populis,
3239 781 3338 851 qui
3382 785 3523 836 oculi
3568 783 3842 836 dicuntur

2143 866 2280 936 quia
2309 868 2530 926 occulta
2550 867 2873 937 proﬁciunt.
2914 871 3124 933 Dentes,
3175 870 3312 940 quia
3369 870 3662 941 improbos
3709 887 3834 925 cor-

2145 954 2360 1023 rigunt,
2403 961 2455 1008 et
2510 955 2569 1008 in
2621 973 2828 1026 corpus
2892 958 3153 1012 Ecclesia:
3212 958 3547 1028 trajiciunt:
3607 960 3837 1028 Collum,

2143 1042 2279 1111 quia
2341 1043 2572 1097 vitalem
2637 1045 2862 1111 ﬂatum,
2911 1051 3126 1099 eterna
3183 1046 3391 1116 gaudia
3446 1047 3833 1116 praedicando,

2142 1131 2491 1198 ministrant,
2543 1137 2600 1186 et
2628 1133 2783 1186 cibos
2814 1133 3106 1188 doctrinas.
3170 1136 3342 1189 Ubera
3372 1135 3508 1205 quia
3561 1136 3647 1189 lac
3694 1151 3837 1205 par-

2142 1221 2287 1273 vulis
2310 1220 2370 1274 in
2401 1220 2605 1274 Christi
2636 1221 2966 1286 infundunt,
3001 1223 3100 1293 qui
3148 1229 3279 1276 sunt
3337 1225 3554 1278 hinnuli
3605 1240 3836 1292 caprea,

2141 1309 2278 1380 quia
2345 1315 2530 1374 acute,
2580 1325 2710 1380 quae
2771 1316 2905 1363 sunt
2948 1311 3189 1380 agenda,
3246 1311 3598 1379 discernunt,
3653 1312 3837 1366 veloci

2141 1413 2311 1451 cursu
2341 1397 2693 1466 operationis
2723 1398 2794 1454 de
2825 1399 2966 1452 valle
3007 1399 3391 1469 lacrymarum
3446 1400 3693 1453 avolant.
3729 1401 3831 1455 Ge-

2141 1486 2307 1550 melli,
2340 1485 2476 1556 quia
2505 1486 2762 1540 eamdem
2798 1487 2993 1553 ﬁdem,
3053 1487 3252 1542 eadem
3300 1492 3657 1542 sacramenta
3685 1504 3835 1558 prte-

2142 1573 2380 1628 dicant:
2442 1574 2540 1644 qui
2571 1591 2642 1628 ne
2692 1575 2778 1628 lac
2826 1574 2982 1645 quod
3028 1580 3269 1646 erogant
3327 1576 3386 1628 in
3445 1575 3527 1629 eis
3583 1575 3836 1641 deﬁciat,

2141 1667 2453 1730 pascuntur
2482 1661 2719 1716 tioribus
2751 1661 3172 1731 Scripturarum
3205 1666 3260 1716 et
3298 1663 3574 1732 exemplis
3617 1667 3836 1716 sancto-

2139 1766 2270 1804 rum
2303 1766 2366 1806 ea
2395 1766 2623 1821 semper
2647 1751 2967 1805 recolendo.
2999 1754 3114 1806 Duo
3144 1752 3378 1806 hinnuli.
3429 1753 3550 1804 Duo
3605 1751 3835 1822 populi,

2141 1839 2238 1909 qui
2272 1855 2374 1910 per
2399 1839 2784 1893 humilitatem
2825 1855 3032 1910 parvos
3062 1845 3120 1894 et
3154 1856 3213 1894 se
3242 1843 3571 1911 peccatores
3614 1839 3837 1894 intelli—

2140 1933 2305 1998 gunt,
2387 1928 2484 1981 sed
2537 1928 2814 1982 charitate
2896 1933 3212 1997 currentes,
3278 1929 3473 1982 omnia
3534 1928 3834 1983 obstacula

2140 2015 2343 2070 mundi
2368 2020 2688 2078 transeunt,
2720 2021 2777 2070 et
2806 2016 3046 2070 saltibus
3065 2017 3587 2087 comtemplationis
3615 2017 3687 2072 ad
3736 2033 3836 2070 su-

2139 2121 2319 2176 perna
2370 2106 2778 2159 conscendunt.
2813 2107 2918 2171 Qui
2942 2111 3263 2175 pascuntur.
3298 2106 3444 2170 Quia
3500 2107 3560 2161 in
3604 2107 3695 2160 bis
3743 2123 3835 2160 re-

2140 2193 2446 2248 fectionem
2473 2194 2705 2260 habent,
2739 2195 2838 2264 qui
2864 2194 3074 2248 tlorent
3103 2195 3405 2249 virtutibus
3431 2202 3488 2249 et
3507 2195 3834 2265 splendent,

2141 2281 2276 2336 dum
2309 2282 2496 2353 ipsum
2524 2284 2724 2349 Deum,
2757 2299 2929 2354 quem
2959 2283 3308 2346 desiderant,
3343 2284 3530 2338 adhuc
3559 2284 3628 2337 de
3651 2283 3837 2336 vicino

2141 2371 2332 2426 videre
2360 2387 2476 2426 non
2505 2377 2765 2442 possunt.

2213 2461 2376 2514 Vsus.
2437 2463 2488 2514 6.
2553 2490 2623 2500 —
2667 2463 2838 2515 Donec
2892 2462 3099 2530 aspiret
3141 2460 3256 2515 dies
3314 2461 3432 2514 illa.
3483 2461 3826 2530 Postquam.

2141 2564 2245 2602 nec
2293 2548 2537 2602 docendi
2592 2549 2742 2602 ultra
2806 2563 2911 2602 nec
2959 2548 3213 2603 discendi
3269 2554 3496 2620 tempus
3549 2548 3678 2613 erit,
3735 2549 3836 2601 sed

2141 2637 2558 2691 consummatis
2589 2636 2858 2691 omnibus
2887 2637 3057 2707 hujus
3085 2636 3287 2691 mundi
3327 2636 3600 2701 tenebris,
3633 2653 3840 2690 omnes

2141 2723 2443 2795 fulgebunt
2472 2724 2620 2778 sicut
2653 2725 2760 2779 sol.
2802 2725 3013 2780 Vadam
3037 2725 3110 2779 ad
3153 2729 3400 2779 montem.
3433 2724 3501 2778 Et
3556 2724 3693 2795 quia
3744 2725 3838 2778 Ec-

2140 2812 2310 2866 clesia
2371 2828 2477 2882 per
2522 2812 2748 2883 singula
2774 2812 2901 2866 talis
2932 2818 3036 2865 est.
3095 2813 3327 2876 Vadam,
3360 2812 3417 2866 id
3471 2819 3576 2877 est,
3626 2813 3837 2866 addam

2141 2900 2410 2970 gratiam,
2459 2904 2576 2955 tam
2625 2901 2995 2955 inferioribus
3031 2917 3204 2972 quam
3238 2900 3571 2969 majoribus.
3604 2900 3834 2955 Vadam.

342 2985 474 3040 bilis
504 2986 946 3056 praedicatorum
987 2988 1330 3046 constantia.
1373 3003 1500 3058 quae
1553 2985 2033 3040 ad’defendenda
2065 2984 2106 3039 C
2143 2989 2286 3054 Quia
2316 3005 2492 3044 novos
2538 2991 2783 3059 populos
2831 2989 3087 3060 quotidie
3135 2989 3514 3059 congregabo.
3577 2990 3644 3042 Et
3699 2988 3836 3058 quia

343 3075 478 3130 ﬁdei
509 3075 768 3141 aediﬁcia,
801 3080 858 3131 et
908 3077 976 3130 ad
1027 3076 1355 3146 repellenda
1411 3074 1660 3129 hostium
1718 3075 1848 3139 tela,
1906 3073 2036 3127 forti

342 3180 518 3219 manu
570 3165 690 3231 Dei,
720 3169 778 3218 et
805 3164 1172 3219 desiderabili
1226 3180 1361 3234 rege
1416 3168 1742 3218 constructa
1786 3167 1871 3216 est
1917 3178 2036 3217 cum

338 3252 772 3323 propugnaculis
807 3269 820 3306 :
851 3253 908 3307 id
939 3259 1043 3318 est,
1078 3268 1208 3306 cum
1239 3251 1563 3306 divinarum
1610 3251 2036 3321 Scripturarum

343 3341 567 3405 notitia,
603 3341 834 3411 quando
865 3340 1050 3410 aperit
1084 3356 1336 3406 sensum,
1371 3345 1434 3393 ut
1461 3339 1788 3409 intelligant
1842 3338 2036 3410 Scrip-

345 3436 523 3489 turas,
545 3433 602 3481 et
628 3429 792 3482 dictis
821 3428 1272 3498 praecedentium
1294 3444 1454 3481 suam
1487 3428 1831 3482 conﬁrmant
1887 3444 2034 3498 pra;-

343 3515 711 3582 dicationem,
736 3518 1147 3585 propugnacula
1177 3516 1373 3581 etiam,
1407 3516 1814 3569 miraculorum
1864 3516 2034 3581 dona,

342 3603 552 3675 quibus
597 3603 925 3673 praedicatio
968 3605 1260 3658 astruitur.
1347 3605 1488 3659 Nam
1555 3604 1765 3658 sanatis
1823 3603 2036 3658 morbis

345 3692 754 3762 corporalibus,
789 3694 855 3746 ad
888 3694 1134 3748 salutem
1165 3692 1372 3747 animas
1415 3692 1636 3746 facilius
1681 3692 2032 3764 pervenitur.

347 3782 562 3836 Collum
601 3788 770 3836 tuum.
819 3782 1040 3838 Collum
1099 3783 1483 3849 extendimus,
1517 3781 1748 3852 quando
1805 3781 2036 3851 longius

345 3869 769 3941 prospicimus:
829 3871 919 3926 Sic
1001 3871 1426 3942 praedicatores,
1507 3871 1741 3932 collum,
1799 3875 2037 3939 propter

345 3959 597 4014 hostium
652 3959 722 4013 de
766 3959 934 4030 longe
982 3959 1475 4030 speculationem:
1530 3961 1742 4023 Turris,
1804 3963 2038 4029 propter

346 4047 742 4102 fortitudinem
787 4053 845 4102 et
900 4053 1137 4118 propter
1201 4048 1481 4102 excelsam
1539 4047 1856 4101 caelestium
1901 4062 2036 4117 gau-

346 4136 574 4190 diorum
624 4137 1185 4205 contemplationem.
1239 4137 1357 4204 Vel,
1411 4137 1621 4202 collum,
1693 4136 1828 4206 quia
1880 4135 2035 4189 cibos

345 4224 402 4277 in
434 4240 641 4294 corpus
669 4226 986 4293 dimittunt,
1021 4226 1105 4279 vel
1139 4225 1276 4296 quia
1307 4241 1514 4294 corpus
1541 4224 1712 4294 capiti
1736 4224 2028 4294 jungunt:

347 4313 521 4378 unde,
567 4313 844 4369 Dominus
864 4313 959 4367 dat
985 4330 1184 4383 panes,
1205 4313 1470 4382 discipuli
1496 4317 1688 4365 autem
1714 4312 1896 4366 turbis
1930 4329 2032 4382 ap-

344 4406 588 4473 ponunt.
626 4403 866 4471 Propter
895 4401 1053 4455 aliud
1101 4401 1518 4471 praedicatores,
1567 4401 1748 4468 oculi;
1798 4406 2038 4471 propter

347 4490 525 4556 aliud,
558 4491 785 4545 dentes:
843 4496 1076 4561 prapter
1105 4490 1280 4557 aliud,
1342 4504 1533 4558 gena:
1594 4494 1832 4559 propter
1882 4488 2038 4542 aliud

345 4579 541 4635 collum
572 4585 864 4633 vocantur.
901 4581 1314 4648 Propugnacula
1345 4583 1479 4632 sunt
1508 4577 1565 4632 in
1623 4577 1830 4632 divinis
1883 4577 2038 4632 Scri-

346 4669 530 4740 pturis
593 4668 977 4738 infringibiles
1013 4667 1329 4734 sententias,
1387 4667 1447 4721 in
1479 4667 1688 4738 quibus
1718 4667 1827 4720 tuti
1883 4671 2036 4732 sunt,

347 4757 448 4827 qui
503 4757 572 4811 de
602 4758 773 4827 longe
802 4757 874 4811 ab
913 4757 1336 4811 incursantibus
1377 4771 1437 4810 se
1494 4755 1833 4810 defendunt.
1884 4756 2042 4808 Mille

347 4846 544 4915 clypei.
576 4846 840 4916 Clypeus,
883 4844 990 4898 ista
1016 4845 1346 4899 ﬁrmissima
1403 4844 1546 4899 ratio
1595 4848 1699 4909 est,
1745 4859 1860 4914 qua
1913 4842 2042 4897 freti

345 4939 552 5005 sponte
610 4940 809 4988 contra
845 4934 1142 4988 haereticos
1179 4934 1490 5005 prodeunt,
1550 4937 1608 4986 et
1636 4949 1696 4987 se
1753 4932 2040 4993 muniunt,

345 5023 628 5078 dumillos
650 5023 996 5094 percutiunt.
1029 5023 1214 5078 Omnis
1263 5026 1569 5076 armatura.
1602 5022 1659 5075 ld
1721 5025 1824 5090 est,
1857 5021 2044 5074 omnis

344 5112 668 5179 instructio,
721 5113 809 5166 vel
865 5111 1234 5182 operationis,
1295 5113 1380 5166 vel
1441 5111 1715 5165 doctrinm
1776 5109 2040 5174 caelestis,

349 5217 454 5270 per
485 5218 654 5272 quam
679 5200 856 5255 sancti
888 5217 1006 5254 non
1038 5201 1226 5255 solum
1259 5200 1524 5263 evadunt,
1562 5199 1658 5253 sed
1690 5198 1864 5252 etiam
1897 5197 2044 5251 acies

350 5294 621 5358 superant
666 5289 1094 5359 malignorum:
1129 5289 1267 5344 dum
1301 5289 1580 5359 quosdam
1622 5294 1678 5342 et
1731 5287 1802 5341 ab
1850 5302 2045 5340 errore

347 5376 437 5429 vel
477 5377 628 5430 vitiis
675 5379 1014 5431 retrahunt:
1048 5393 1178 5449 qua:
1209 5376 1405 5432 omnia
1433 5393 1465 5430 a
1524 5374 1778 5447 praelatis
1825 5375 2046 5445 depen-

348 5464 504 5528 dent,
538 5465 672 5535 quia
703 5467 772 5520 ab
799 5467 882 5520 eis
938 5466 1238 5522 resistendi
1290 5468 1618 5537 exemplum
1663 5469 1720 5519 et
1783 5463 2048 5518 vincendi

355 5550 680 5622 accipimus.

2143 3093 2332 3131 sermo
2364 3082 2449 3130 est
2478 3078 2548 3131 ad
2576 3077 2874 3131 Ecclesiam
2908 3077 2977 3131 de
3006 3077 3297 3148 gentibus,
3330 3081 3513 3146 potest
3564 3093 3684 3130 non
3741 3076 3841 3129 in-

2143 3181 2396 3237 congrue
2434 3165 2616 3220 videri
2657 3166 2938 3234 promissa
2980 3165 3199 3219 vocatio
3225 3165 3564 3236 Synagogm,
3598 3181 3732 3235 qua:
3779 3165 3838 3218 in

2145 3255 2259 3311 ﬁne
2290 3254 2492 3310 mundi
2531 3260 2616 3308 est
2646 3255 2840 3308 futura
2878 3269 3021 3307 :seu
3077 3253 3297 3307 vocatio
3357 3269 3841 3324 quarumcunque

2144 3343 2424 3414 gentium.
2490 3343 2645 3398 Unde
2703 3359 2835 3396 mox
2903 3342 2971 3396 de
3020 3341 3374 3412 amplissima
3409 3340 3842 3410 pulchritudine

2144 3433 2318 3486 unius
2369 3431 2743 3501 ejusdemque
2774 3430 3034 3484 Ecclesiae
3064 3447 3191 3500 qua:
3223 3431 3310 3484 vel
3360 3430 3430 3483 de
3492 3429 3708 3484 luditis
3751 3431 3840 3484 vel

2145 3522 2584 3593 quibuscunque
2631 3519 2896 3590 gentibus
2942 3535 3046 3590 per
3095 3524 3280 3573 totum
3336 3519 3534 3572 orbem
3566 3525 3653 3574 est
3700 3535 3843 3573 con-

2145 3609 2458 3680 greganda,
2491 3609 2774 3674 subditur,
2812 3611 2945 3662 Tota
2972 3608 3203 3676 pulchra
3224 3622 3298 3661 es.

2219 3699 2376 3752 Vens.
2420 3702 2470 3752 7.
2501 3726 2574 3739 —
2601 3699 2732 3751 Tota
2759 3698 2992 3766 pulchra
3021 3711 3093 3750 es.
3141 3697 3262 3750 Non
3293 3697 3477 3748 solum
3511 3695 3569 3748 in
3600 3695 3843 3750 electio-

2144 3786 2304 3841 ribus
2350 3785 2646 3850 membris,
2694 3802 2823 3855 quae
2875 3785 3231 3849 enumeravi,
3291 3784 3388 3838 sed
3422 3783 3687 3837 etiamin
3727 3784 3842 3838 illis

2145 3875 2244 3947 qui
2271 3874 2463 3944 pusilli
2494 3879 2552 3928 et
2580 3874 2812 3945 fragiles
2840 3874 3122 3928 videntur.

2219 3963 2382 4016 Vens.
2417 3965 2466 4017 8.
2507 3991 2573 4001 —
2613 3963 2748 4016 Veni
2777 3962 2844 4015 de
2869 3963 3095 4017 Libano.
3132 3962 3350 4027 (GREG.)
3383 3961 3452 4014 Et
3505 3959 3642 4030 quia
3694 3960 3842 4014 vado

2145 4050 2214 4105 ad
2265 4056 2342 4118 te,
2399 4055 2460 4104 tu
2519 4050 2689 4104 debes
2744 4049 2937 4104 venire
2978 4049 3046 4103 ad
3097 4065 3210 4115 me,
3257 4047 3625 4118 cogitatione,
3685 4046 3841 4102 locu.

2143 4139 2320 4206 tione,
2363 4154 2555 4209 opere.
2601 4138 2718 4204 Vel,
2747 4138 2969 4208 primus
3017 4137 3228 4207 gradus
3282 4137 3448 4190 estin
3501 4151 3674 4190 carne
3733 4152 3840 4207 pro

2145 4228 2296 4282 bono
2362 4243 2582 4296 opere:
2638 4226 2919 4280 secundus
2975 4225 3034 4280 in
3081 4225 3441 4279 absolutione
3523 4225 3713 4278 carnis
3767 4225 3837 4279 ad

2144 4314 2573 4386 percipiendam
2601 4313 3086 4367 beatitudinemin
3109 4313 3302 4367 anima
3336 4313 3575 4367 :tertius
3608 4319 3844 4384 recepto

2145 4418 2385 4474 corpore
2442 4402 2671 4472 quando
2706 4403 2764 4455 in
2803 4402 3220 4456 resurrectione
3265 4401 3520 4472 duplices
3564 4401 3847 4472 recipient

2147 4493 2341 4548 stolas.
2376 4493 2511 4546 Veni
2543 4490 2675 4556 ﬁde,
2721 4493 2844 4544 veni
2873 4506 3064 4561 opere,
3092 4491 3215 4544 veni
3267 4491 3410 4543 alios
3455 4489 3797 4544 adducenda
3831 4507 3843 4543 :

2147 4582 2232 4634 vel
2257 4585 2343 4634 ter
2371 4578 2499 4633 veni
2532 4583 2765 4648 propter
2797 4579 2970 4632 ﬁdem
3020 4578 3339 4634 Trinitatis.
3379 4579 3619 4632 Libanus
3679 4594 3850 4632 mons

2150 4669 2451 4730 thnicis,
2481 4668 2750 4722 Hebraice
2805 4667 3216 4735 interpretatur
3265 4665 3605 4732 candidatio,
3655 4667 3850 4720 Graece

2151 4759 2274 4812 thus
2311 4774 2322 4810 :
2360 4757 2505 4810 unde
2528 4773 2722 4826 supra,
2787 4757 2994 4811 Vadam
3016 4757 3091 4810 ad
3119 4762 3350 4811 montem
3379 4756 3614 4823 myrrhae
3666 4761 3721 4810 et
3778 4757 3852 4810 ad

2151 4847 2330 4901 collem
2363 4847 2560 4900 thuris.
2595 4846 2742 4899 Dum
2784 4846 3190 4916 praedicatores
3216 4847 3556 4899 convertunt
3584 4844 3730 4897 tales
3781 4845 3854 4898 ad

2153 4936 2416 5000 salutem,
2467 4934 2666 4987 crescit.
2724 4950 2934 4988 corona
2983 4935 3051 4988 de
3082 4933 3435 5004 principibus
3459 4931 3620 4984 victis
3673 4937 3856 4985 certa-

2154 5022 2308 5076 mine
2355 5038 2575 5077 eorum.
2635 5023 2785 5077 Veni.
2813 5022 3026 5087 Quasi:
3088 5038 3160 5076 ne
3212 5023 3438 5086 timeas,
3473 5037 3546 5074 ne
3595 5020 3723 5074 sola
3758 5038 3856 5074 ve-

2153 5110 2321 5164 nias:
2380 5111 2516 5181 quia
2559 5113 2766 5165 multos
2821 5111 2926 5165 tibi
2983 5111 3220 5166 addam.
3267 5113 3342 5165 De
3390 5111 3568 5178 capite
3609 5110 3854 5164 Amana.

2152 5199 2372 5252 Amana
2405 5215 2571 5252 mons
2615 5203 2700 5252 est
2730 5198 2957 5265 Ciliciae,
3018 5198 3184 5254 Sauir
3223 5203 3279 5251 et
3334 5199 3584 5252 Hermon
3626 5203 3860 5251 montes

2153 5286 2384 5349 Iudaeas,
2419 5285 2478 5338 in
2517 5285 2727 5356 quibus
2777 5286 2970 5339 leones
2997 5284 3279 5349 habitant,
3301 5300 3404 5354 per
3436 5300 3579 5353 quos
3636 5283 3854 5338 daemo-

2155 5390 2257 5428 nes
2286 5379 2584 5441 notantur,
2622 5374 2722 5444 qui
2750 5378 2950 5428 contra
3002 5389 3105 5427 nos
3135 5372 3417 5427 saeviunt:
3468 5377 3524 5426 et
3579 5372 3724 5442 quia
3779 5373 3862 5426 illi

2156 5468 2585 5530 convertuntur,
2609 5479 2857 5534 quorum
2880 5463 3051 5517 corda
3076 5463 3308 5518 fuerunt
3325 5459 3538 5514 cubilia
3596 5461 3860 5520 leonum.

2157 5553 2291 5605 dum
2327 5551 2569 5606 vicissim
2611 5568 2809 5606 eorum
2851 5551 3204 5606 confessione
3261 5550 3536 5604 Dominus
3580 5549 3862 5610 creditur,
