4074 6186
263 308 397 361 1H9

1180 306 1430 362 GLOSSA
1469 308 1870 365 ORDlNARlA.
1914 339 1979 348 ——
2019 311 2362 366 CANTICUM
2406 308 2867 366 CANTICORUM.

3630 313 3766 366 1150

258 431 421 502 quasi
452 430 521 485 de
552 431 786 484 leonum
814 429 1097 485 cubilibus
1126 438 1491 498 coronantur,
1524 433 1592 486 de
1624 434 1830 504 quibus
1856 433 1944 487 leo
1976 434 2022 487 A
2063 433 2387 487 cedentium
2420 432 2757 486 delictorum
2800 431 3077 501 operitur,
3138 436 3221 486 est
3251 432 3395 486 sicut
3425 434 3577 501 thus,
3629 434 3763 505 quia

258 520 521 589 pellitur.
579 522 686 574 Per
733 524 953 574 Amana
1002 520 1280 574 habemus
1329 521 1476 589 illos,
1528 539 1671 591 quos
1707 522 1849 590 ipse,
1904 526 1958 575 et

259 625 361 680 per
391 625 534 680 quos
562 609 704 661 alios
733 608 995 662 diabolus
1026 625 1129 678 per
1169 609 1363 680 magni
1394 610 1560 663 stadii
1603 610 1957 681 vigilantiam

261 696 474 766 decipit
503 702 558 749 et
594 697 851 749 conterit.
896 697 1001 750 Per
1028 697 1213 764 Sanir,
1243 714 1339 750 eos
1389 698 1457 751 ad
1492 716 1649 769 quos
1689 699 1957 767 ignoran-

264 785 342 838 tia
369 786 498 839 talis
555 785 906 855 deceptionis
963 786 1132 839 volat.
1194 787 1301 840 Per
1362 788 1629 853 Hermon,
1684 789 1821 841 tales
1861 787 1960 859 qui

265 874 429 943 quasi
462 874 505 925 si
534 878 737 926 natura
762 871 1011 943 prompti
1034 879 1165 926 sunt
1194 875 1265 927 ad
1297 875 1632 944 nequitiam,
1660 891 1773 929 non
1806 876 1960 946 quod

266 962 529 1016 diabolus
565 962 842 1031 designat.
895 964 1000 1015 Per
1064 962 1235 1015 cubile
1290 964 1516 1027 leonum,
1576 964 1704 1016 illos
1752 964 1959 1035 quibus

265 1056 322 1104 et
386 1067 492 1120 per
546 1067 688 1121 quos
741 1050 864 1103 aliis
927 1051 1318 1119 persecutoria
1367 1052 1694 1105 dominatur
1720 1053 1955 1107 saevitia.

264 1141 370 1192 Per
394 1138 598 1208 pardus
631 1139 931 1192 haereticos
988 1154 1237 1208 quorum
1269 1140 1548 1194 distinctis
1604 1141 1751 1194 dolis
1802 1141 1956 1194 deci-

266 1227 368 1297 pit,
425 1228 493 1281 de
527 1242 775 1297 quorum
807 1227 1165 1296 singulorum
1197 1228 1604 1298 principalibus
1636 1231 1814 1283 Deum
1846 1230 1962 1283 suis

262 1316 515 1369 victoriae
572 1315 792 1370 confert
866 1332 1156 1371 coronam.
1247 1318 1327 1370 De
1380 1318 1645 1372 cubilibus
1728 1319 1953 1372 leonum.

266 1407 477 1469 Leunes,
539 1410 770 1474 propter
821 1406 1169 1475 superbiam,
1245 1407 1332 1460 vel
1390 1406 1740 1460 violentiam.
1794 1408 1967 1461 Pardi

265 1499 499 1563 propter
550 1494 943 1547 crudelitatem
1006 1495 1087 1547 vel
1153 1494 1522 1548 variationem
1580 1496 1960 1565 malignarum

265 1580 499 1634 artium.
535 1584 794 1635 Montium
845 1582 1076 1636 nomine
1136 1584 1380 1653 superba
1428 1584 1749 1637 inﬁdelium
1797 1584 1963 1638 corda

266 1669 663 1741 designantur.

340 1759 504 1811 Vens.
544 1760 595 1812 9.
647 1788 713 1799 —
764 1759 1076 1813 Vulnerasti
1118 1776 1225 1814 cor.
1274 1759 1402 1814 Ideo
1434 1760 1605 1815 debes
1634 1761 1848 1827 venire,
1910 1767 1965 1816 et

267 1846 337 1901 de
371 1846 740 1917 acquisitione
768 1847 1013 1901 aliorum
1051 1848 1329 1914 laborare,
1374 1850 1508 1919 quia
1526 1849 1701 1920 diligo
1734 1856 1806 1904 te.
1845 1852 1960 1916 Vel,

268 1934 397 1989 ideo
431 1936 577 1989 dabo
606 1935 705 1989 tibi
729 1951 999 1989 coronam
1033 1936 1102 1989 de
1128 1937 1456 1990 hominibus
1486 1938 1618 2005 illis,
1653 1939 1787 2010 quia
1816 1956 1963 2010 pra:-

270 2025 482 2094 parasti
513 2024 654 2077 mihi
688 2024 745 2077 in
777 2029 830 2078 te
867 2024 1055 2078 locum
1088 2023 1425 2079 dilectionis.
1482 2026 1677 2081 Omnis
1712 2033 1808 2080 tua
1838 2027 1965 2097 pul-

270 2112 538 2166 chritudo
572 2113 714 2166 mihi
753 2115 956 2183 placet,
1016 2114 1113 2166 sed
1148 2114 1392 2167 maxime
1425 2116 1612 2184 placet
1643 2115 1833 2168 unitas
1871 2132 1963 2169 ca-

270 2201 501 2268 tholica,
534 2217 708 2272 quam
755 2206 811 2255 et
840 2203 898 2254 in
932 2201 1182 2271 prmlatis
1213 2208 1269 2255 et
1298 2202 1356 2255 in
1398 2203 1638 2256 subditis
1669 2203 1854 2257 video.

344 2290 501 2343 Vens.
558 2292 640 2343 lO.
696 2318 761 2330 —-
823 2291 998 2355 Quam
1040 2288 1304 2359 pulchra,
1352 2295 1457 2344 etc.
1519 2292 1701 2361 Supra
1761 2308 1966 2362 sponsa

272 2376 334 2430 in
365 2377 572 2431 dilecto
626 2378 805 2432 ubera
848 2378 1133 2443 laudabat,
1185 2378 1274 2431 hic
1312 2379 1552 2432 dilectus
1601 2380 1778 2432 ubera
1813 2396 1964 2433 com-

275 2465 508 2519 mendat
539 2482 550 2519 :
580 2466 639 2519 in
688 2482 801 2537 quo
854 2470 1084 2519 notatur
1128 2467 1316 2519 unitas
1350 2466 1557 2521 Christi
1603 2472 1658 2520 et
1686 2469 1965 2535 Ecclesim,

273 2555 409 2624 quia
440 2559 574 2608 sunt
603 2555 741 2619 duo,
774 2560 838 2609 ut
867 2556 947 2609 ait
984 2556 1306 2625 Apostolus,
1346 2555 1405 2608 in
1433 2571 1601 2608 carne
1633 2572 1746 2609 una
1780 2573 1792 2610 :
1840 2556 1967 2610 ideo

272 2643 448 2697 simili
479 2643 646 2697 laude
670 2644 811 2696 alter
838 2643 1079 2696 alterum
1107 2644 1315 2698 laudat.
1343 2644 1608 2698 Doctrina
1625 2649 1709 2697 est
1738 2644 1964 2711 Christi,

274 2732 411 2803 quia
468 2732 594 2786 data
654 2738 738 2786 est
772 2732 1049 2798 Ecclesiae,
1106 2733 1241 2803 quia
1299 2732 1600 2786 ministrat.
1657 2734 1724 2786 Et
1762 2732 1967 2786 merito

275 2838 407 2874 amo
466 2827 539 2886 te,
599 2822 861 2876 doctrina
916 2827 1034 2885 tua,
1110 2838 1238 2892 quin
1301 2822 1623 2875 continetur
1684 2822 1743 2874 in
1800 2838 1967 2891 supe-

280 2911 528 2963 rioribus
564 2911 854 2978 uberibus,
887 2917 971 2963 est
1008 2910 1245 2980 pulchra
1278 2910 1344 2964 ad
1396 2910 1837 2963 consolationem
1889 2910 1972 2964 in-

2065 521 2122 575 in
2144 523 2412 576 omnibus
2443 521 2709 591 operibus
2767 520 2884 574 suis
2934 526 3081 585 orat,
3118 537 3247 575 cum
3299 522 3442 575 bene
3469 529 3759 591 operatur.

2068 611 2526 665 cumiulentione
2585 609 2954 680 perveniendi
3016 610 3085 662 ad
3148 611 3348 677 Deum,
3385 611 3535 663 unde
3585 626 3597 663 :
3641 610 3767 664 Sine

2068 700 2467 752 intermissione
2518 704 2671 752 orate
2696 700 2739 765 (Ι
2791 699 2978 751 Thess.
3018 698 3093 765 v).
3153 696 3337 766 Supra
3383 697 3619 751 nomine
3672 713 3767 750 un-

2067 792 2409 856 guentorum,
2432 787 2642 840 infusiu
2671 786 2850 838 sancti
2884 784 3128 855 Spiritus
3157 785 3500 852 ostenditur,
3553 784 3762 854 quibus

2070 875 2243 928 corda
2299 875 2559 929 ﬁdelium
2606 876 2968 929 illustrantur
3027 880 3082 926 et
3136 874 3204 927 ad
3238 873 3537 943 spirituale
3581 879 3760 926 certa-

2069 978 2203 1016 men
2259 968 2701 1033 prasparantur:
2762 962 3043 1015 Vocabulo
3110 963 3560 1027 vestimentorum,
3616 961 3762 1014 facta

2063 1049 2351 1120 justorum
2386 1056 2677 1115 notantur,
2708 1067 2835 1120 quae
2874 1050 3009 1104 foris
3041 1055 3189 1102 sunt.
3228 1050 3385 1103 Unde
3442 1054 3496 1101 et
3526 1050 3765 1119 pulchra

2072 1138 2458 1203 distinctione,
2520 1157 2646 1209 quae
2701 1156 2802 1208 per
2847 1138 3108 1191 homines
3167 1138 3313 1191 ﬁunt
3368 1154 3563 1207 opera,
3619 1138 3770 1190 thuri

2071 1234 2507 1296 comparantur;
2535 1245 2662 1299 qua:
2704 1245 2836 1281 vero
2865 1228 3053 1282 divina
3084 1227 3382 1296 largitione
3406 1228 3553 1280 ﬁunt
3596 1226 3766 1293 dona,

2072 1317 2307 1370 modum
2332 1316 2778 1386 comparationis
2809 1316 3108 1369 excedunt.
3143 1316 3410 1370 Consulto
3465 1321 3766 1385 postquam

2072 1405 2297 1475 singula
2330 1406 2572 1459 Ecclesia
2603 1406 2859 1459 membra
2921 1406 3195 1458 Dominus
3255 1403 3550 1473 sigillatini
3619 1419 3768 1471 prae-

2074 1493 2295 1558 dicavit,
2335 1494 2504 1547 etiam
2554 1501 2829 1560 unguenta
2865 1494 3075 1563 quibus
3123 1497 3241 1545 tota
3288 1496 3438 1545 esset
3489 1491 3764 1555 delibuta,

2075 1583 2247 1652 digna
2269 1582 2435 1636 laude
2471 1583 2850 1636 commendat.
2884 1583 3046 1636 Nulla
3077 1586 3209 1634 sunt
3239 1580 3451 1651 quippe
3486 1580 3765 1643 membra,

2073 1672 2158 1725 vel
2203 1688 2407 1742 magna
2430 1673 2512 1725 vel
2548 1687 2721 1741 parva
2750 1687 2879 1742 qua:
2937 1687 3051 1723 non
3107 1670 3279 1740 hujus
3325 1668 3611 1723 unctionis
3660 1667 3770 1737 spi-

2072 1759 2294 1813 ritualis
2316 1759 2429 1813 sint
2482 1760 2766 1813 infusione
2815 1765 3162 1813 consecrata.
3212 1758 3483 1812 Laudavit
3526 1760 3581 1810 et
3608 1758 3769 1809 vesti-

2072 1853 2270 1913 mcnta,
2301 1848 2356 1901 id
2388 1852 2471 1901 est
2500 1864 2671 1918 opera
2727 1847 2986 1917 justitiaa,
3022 1847 3157 1917 quia
3196 1852 3252 1899 et
3297 1845 3387 1899 hic
3438 1860 3608 1898 omne
3640 1858 3765 1896 cor-

2074 1952 2181 2007 pus
2212 1937 2333 2007 ejns
2361 1943 2617 1990 ornatur.
2676 1938 2852 1990 Nemo
2904 1935 3119 2006 quippe
3168 1934 3225 1987 in
3268 1950 3334 1987 ea
3390 1933 3559 1986 vitam
3592 1948 3769 1986 mere-

2074 2030 2186 2091 tur,
2223 2024 2330 2078 nisi
2381 2025 2649 2094 operibus
2691 2024 2860 2093 justis
2880 2024 3137 2088 indutus,
3170 2038 3299 2093 quae
3331 2023 3419 2075 vel
3464 2021 3585 2091 ipse
3617 2021 3768 2085 fecit,

2074 2114 2159 2167 vel
2182 2114 2224 2166 si
2245 2114 2431 2167 infans
2462 2118 2600 2181 erat,
2626 2112 2723 2166 alii
2755 2129 2858 2181 pro
2891 2128 2956 2165 eo
2986 2112 3262 2173 fecerunt,
3291 2114 3348 2164 et
3378 2110 3437 2164 in
3469 2109 3590 2163 illo.

2148 2204 2301 2256 Vens.
2362 2205 2445 2256 l2.
2494 2231 2563 2242 -
2618 2204 2836 2256 Hortus.
2890 2200 3313 2254 Assimilaverat
3371 2214 3498 2252 eam
3547 2196 3776 2251 mulieri

2076 2306 2178 2360 pro
2226 2289 2595 2361 perfectione,
2658 2306 2760 2361 pro
2810 2288 3191 2359 speciositate,
3256 2303 3357 2357 pro
3412 2287 3772 2355 singulorum

2077 2379 2465 2449 dispositione,
2494 2380 2776 2449 graduum
2807 2394 2911 2448 pro
2943 2376 3195 2430 decentis
3225 2374 3461 2429 unitatis
3490 2374 3774 2445 composi-

2077 2468 2252 2520 tione.
2286 2467 2392 2521 Sed
2426 2468 2558 2538 quia
2585 2483 2790 2537 parum
2816 2466 3035 2520 videtur
3061 2464 3277 2519 amanti
3305 2463 3558 2533 singulas
3586 2467 3775 2531 partes

2078 2572 2301 2625 sponsae
2357 2556 2615 2626 singulis‘
2655 2555 2824 2609 rebus
2896 2554 3163 2624 pretiosis
3222 2567 3540 2623 coaequare,
3590 2556 3775 2605 totum

2078 2644 2293 2713 pariter
2353 2644 2615 2713 plurimis
2665 2649 2721 2697 et
2796 2642 3062 2697 maximis
3106 2642 3400 2711 speciebus
3456 2642 3771 2708 comparat.

2079 2733 2387 2803 Comparat
2424 2732 2602 2802 igitur
2624 2733 2811 2797 horto,
2844 2748 2946 2802 pro
2966 2730 3210 2801 copiosis
3232 2745 3471 2800 operum
3500 2726 3778 2781 fructibus

2081 2821 2141 2874 in
2174 2838 2287 2891 quo
2309 2821 2431 2875 ﬁeri
2459 2825 2707 2891 quatuor
2731 2819 3016 2887 contingit
3047 2836 3059 2873 ε
3087 2819 3146 2872 in
3177 2818 3376 2888 primis
3404 2816 3531 2870 fons
3565 2814 3777 2884 baptis-

2081 2910 2180 2976 mi,
2206 2910 2325 2963 sine
2348 2926 2461 2979 quo
2486 2911 2675 2962 nullus
2692 2908 3207 2978 sequiturtructus;
3233 2905 3437 2960 deinde
3459 2908 3778 2974 unguenta,

280 3000 576 3052 ﬁrmorum
618 3003 671 3051 et
725 2998 1196 3051 sustentationem
1261 2999 1646 3068 parvulorum.
1707 3001 1973 3065 Hammer,
2007 2991 2047 3045 C
2086 2997 2141 3050 id
2174 3003 2259 3051 est
2285 2998 2431 3051 dona
2462 2997 2705 3067 Spiritus
2763 2996 2960 3061 sancti,
2997 2995 3096 3065 qui
3128 3000 3260 3047 sunt
3288 2993 3475 3063 prima
3504 2992 3774 3051 fomenta,

281 3086 508 3141 dilectio
542 3086 643 3140 Dei
672 3091 727 3140 et
778 3088 1022 3157 proximi
1053 3103 1064 3139 :
1118 3102 1221 3156 per
1251 3103 1392 3157 quas
1421 3103 1582 3141 mens
1615 3093 1803 3141 sancta
1855 3105 1976 3141 sen-

280 3189 375 3228 sus
406 3190 535 3227 suos
580 3175 783 3241 nutrit,
841 3174 976 3229 dum
1040 3177 1153 3229 Deo
1203 3176 1477 3230 charitate
1527 3177 1972 3247 conglutinatur,

280 3267 337 3316 et
366 3262 663 3333 proximis,
713 3263 864 3333 quod
926 3268 1128 3333 potest,
1189 3264 1487 3335 impendit.
1521 3266 1668 3329 Quas
1699 3282 1976 3319 mammas

280 3356 560 3421 quantum
600 3366 839 3421 sponsus
870 3352 1092 3422 diligat,
1141 3352 1201 3406 in
1252 3354 1593 3424 repetitione
1642 3354 1830 3407 laudis
1861 3371 1978 3409 ma-

281 3437 509 3491 nifestat
538 3438 731 3490 dicens
763 3454 775 3491 :
838 3439 1158 3492 Pulchriora
1186 3444 1313 3493 sunt
1357 3439 1543 3505 ubera,
1577 3444 1682 3494 etc.
1717 3441 1878 3496 Odor.
1914 3442 1975 3496 Id

281 3532 367 3580 est
420 3526 759 3580 suavissima
808 3526 961 3580 fama
1017 3527 1153 3581 ﬁdei
1211 3528 1478 3598 dispersae
1524 3545 1624 3598 per
1652 3535 1836 3583 totum
1884 3546 1974 3584 or-

280 3615 433 3683 hem,
468 3616 636 3669 latior
659 3620 743 3669 est
769 3632 943 3685 quam
980 3617 1060 3669 lex
1093 3620 1340 3685 patrum,
1393 3632 1521 3685 quae
1544 3617 1603 3669 in
1632 3618 1753 3671 sola
1780 3617 1976 3671 Judaaa

280 3709 772 3773 coangustaretur.
826 3705 1001 3773 Super
1037 3706 1217 3758 omnia
1270 3711 1535 3759 aromata.
1582 3705 1639 3759 ld
1672 3710 1777 3771 est,
1807 3720 1979 3775 super

284 3793 478 3847 omnia
508 3792 657 3847 bona
687 3809 883 3862 opera,
908 3809 1035 3864 quae
1067 3793 1280 3846 faciunt
1303 3794 1573 3863 improbi,
1599 3810 1725 3863 quae
1753 3794 1857 3847 etsi
1881 3793 1979 3846 ali-

286 3884 517 3954 quando
582 3882 912 3936 hominibus
967 3883 1210 3952 placent,
1262 3887 1454 3936 tamen
1517 3884 1630 3936 Deo
1680 3898 1978 3953 nunquam

289 3972 426 4042 quia
478 3988 540 4024 ex
559 3971 835 4025 charitate
886 3987 1001 4024 non
1039 3972 1373 4040 procedunt.
1412 3972 1527 4033 Vel,
1563 3971 1981 4041 superinstitu-

290 4060 472 4113 tiones
494 4060 708 4113 Veteris
736 4059 1104 4131 Testamenti,
1137 4076 1265 4130 quae
1286 4059 1518 4113 fuerunt
1540 4059 1723 4129 ﬁgura
1754 4059 1978 4112 horum.

366 4150 523 4202 Vens.
558 4152 650 4203 ll.
691 4180 758 4187 --
786 4151 960 4202 Favus
999 4149 1292 4202 dislilluns.
1339 4148 1612 4218 Superius
1664 4164 1766 4217 per
1810 4148 1977 4213 labia,

288 4239 570 4302 doctores,
604 4237 695 4291 hic
732 4253 834 4306 per
855 4237 1002 4290 labia
1028 4237 1151 4307 ipsa
1177 4254 1280 4290 vox
1329 4237 1646 4289 doctorum.
1712 4236 1867 4290 Unde
1925 4241 1983 4288 et
2012 4276 2052 4327 υ

287 4326 447 4379 melli
493 4341 745 4395 congrue
821 4330 1247 4394 comparantur.
1312 4327 1508 4389 Favus,
1546 4324 1659 4378 mel
1724 4324 1783 4377 in
1829 4339 1977 4376 cera.

285 4416 389 4469 Mel
436 4414 491 4467 in
562 4430 690 4466 cera
728 4419 810 4466 est
860 4413 1174 4482 spiritualis
1228 4414 1587 4483 eloquiorum
1644 4428 1841 4466 sensus
1890 4411 1978 4465 di-

284 4506 551 4557 vinorum
609 4502 668 4555 in
726 4502 916 4555 littera
989 4501 1292 4569 distillans,
1353 4503 1487 4571 quia
1544 4518 1688 4572 pene
1740 4500 1981 4570 singulae

281 4592 584 4645 sententiae
636 4592 845 4643 multos
902 4590 1113 4644 habent
1169 4606 1387 4643 sensus.
1463 4592 1557 4644 Vel
1626 4590 1792 4643 aliter
1849 4605 1862 4642 :
1916 4590 1981 4642 In

282 4683 412 4736 favo
455 4680 565 4733 'mel
622 4680 780 4745 latet,
839 4695 967 4732 cera
1024 4679 1282 4733 videtur:
1328 4678 1477 4732 labia
1523 4695 1656 4747 ergo
1684 4680 1844 4733 favus
1885 4695 1979 4731 vo-

280 4774 505 4833 cantur,
558 4768 693 4838 quia
777 4768 886 4821 mel
949 4767 1004 4821 in
1080 4767 1265 4821 carnis
1321 4768 1621 4836 fragilitate
1701 4766 1983 4837 sapientia

281 4875 495 4927 magna
530 4858 794 4921 habetur,
831 4856 991 4927 quasi
1023 4857 1132 4909 mel
1175 4856 1235 4909 in
1279 4872 1407 4908 cera
1463 4855 1847 4910 absconditur.
1881 4856 1984 4911 Mel

279 4951 332 5002 et
355 4947 437 4999 lac
468 4946 566 4999 sub
611 4947 818 5012 lingua.
878 4944 1093 5013 (Cana)
1142 4946 1321 4997 Tanta
1370 4948 1452 4996 est
1508 4944 1819 5013 spiritualis
1850 4944 1982 4998 dul-

278 5035 421 5089 cedo
468 5034 528 5087 in
576 5034 781 5093 verbis.
833 5038 1046 5103 quanta
1077 5032 1385 5102 corporalis
1438 5036 1524 5085 est
1582 5031 1641 5085 in
1724 5033 1873 5087 melle
1932 5038 1982 5087 et

276 5126 420 5178 lacte
452 5139 464 5176 :
505 5129 561 5175 et
594 5122 704 5176 hoc
734 5122 830 5175 sub
872 5122 1083 5189 lingua,
1116 5120 1172 5173 id
1201 5124 1305 5187 est,
1338 5136 1449 5174 non
1497 5120 1730 5174 cuilibet
1759 5126 1978 5191 patens,

272 5209 377 5263 sed
412 5215 636 5263 tantum
678 5209 863 5264 bonis.
902 5209 1009 5274 Qui
1060 5214 1388 5279 peccantem
1443 5226 1641 5279 aspere
1669 5209 1901 5278 corripit
1924 5213 1980 5263 et

274 5300 437 5353 inter
481 5315 684 5367 aspera
753 5297 1070 5351 dulcedinis
1121 5297 1395 5367 quiddam
1456 5298 1753 5364 admiscet,
1810 5298 1979 5352 habet

271 5387 415 5452 mel,
446 5402 560 5439 non
584 5387 644 5438 in
676 5387 890 5455 lingua,
927 5386 1024 5438 sed
1080 5386 1185 5439 sub
1233 5385 1447 5456 lingua.
1502 5387 1647 5443 Odor
1685 5388 1970 5440 vestimen-

268 5482 475 5531 torum.
512 5475 571 5528 ld
601 5480 683 5527 est
708 5474 861 5527 fama
890 5474 1174 5528 bonorum
1205 5490 1466 5543 operum,
1493 5475 1701 5544 quibus
1733 5474 1979 5527 vestiun-

269 5572 391 5629 tur,
426 5580 498 5616 ne
528 5561 667 5616 nudi
694 5561 1078 5627 inveniantur,
1131 5567 1188 5616 et
1246 5563 1456 5633 quibus
1501 5561 1798 5633 turpitudo
1828 5579 1975 5632 prae-

2086 3090 2151 3139 ut
2181 3086 2354 3139 etiam
2383 3086 2616 3139 arbores
2646 3090 2901 3138 crescant
2931 3091 2988 3138 et
3042 3084 3259 3136 fructus
3306 3082 3512 3146 ferant,
3566 3079 3780 3133 scilicet

2084 3172 2181 3226 illa
2209 3174 2266 3225 in
2297 3173 2562 3227 cordibus
2590 3173 2817 3227 rudium
2844 3172 3029 3225 adhuc
3048 3176 3101 3224 et
3122 3176 3450 3223 tenerorum
3465 3166 3775 3238 proposita,

2087 3261 2316 3333 quando
2363 3261 2686 3315 deliberant
2764 3275 2868 3329 per
2941 3258 3218 3329 Spiritum
3290 3262 3571 3323 sanctum,
3643 3253 3780 3324 quia

2088 3350 2302 3403 mundo
2372 3349 2786 3403 renuntiahunt
2860 3352 2918 3401 et
2995 3348 3232 3400 adversa
3282 3344 3667 3408 sustinebunt,
3725 3345 3782 3393 et

2085 3439 2326 3505 similia;
2382 3443 2578 3508 postea
2640 3437 2889 3502 arbores,
2939 3435 3022 3489 illi
3073 3435 3305 3499 eisdem,
3376 3434 3463 3487 vel
3521 3431 3616 3486 alii
3658 3431 3781 3501 jam

2084 3532 2415 3591 crescentes,
2444 3527 2564 3596 jam
2617 3526 2921 3590 florentes;
2979 3523 3213 3577 tandem
3271 3522 3489 3576 fructus
3542 3519 3777 3583 maturi,

2086 3632 2332 3688 quorum
2378 3631 2616 3685 operum
2664 3613 3011 3683 perfectione
3050 3602 3169 3681 jam
3222 3610 3477 3664 reﬁcitur
3506 3608 3779 3663 Christus.

2085 3706 2193 3761 Sed
2227 3705 2315 3757 hic
2330 3719 2442 3756 non
2474 3702 2719 3767 ordinat,
2753 3702 3069 3754 secundum
3099 3699 3254 3770 quod
3314 3699 3560 3752 alterum
3589 3694 3786 3766 sequi-

2086 3800 2179 3847 tur
2204 3799 2331 3863 post
2382 3793 2648 3855 alterum,
2710 3790 2807 3842 sed
2859 3806 2889 3841 a
2935 3787 3183 3857 digniori
3232 3787 3456 3856 incipit,
3517 3790 3578 3838 ut
3616 3783 3784 3837 istius

2089 3897 2311 3951 sponsae
2343 3877 2759 3932 commendatio
2789 3876 2860 3928 sit
2887 3874 3223 3943 captabilior
3259 3874 3341 3927 illi
3397 3873 3492 3926 alii
3538 3886 3780 3941 sponsae,

2089 3970 2178 4023 cui
2210 3968 2374 4020 istam
2399 3964 2646 4019 intendit
2685 3963 3106 4016 commendare.
3160 3963 3313 4015 Duos
3362 3961 3556 4015 hortos
3597 3957 3780 4028 ponit,

2091 4060 2150 4112 in
2190 4073 2303 4127 quo
2362 4061 2540 4108 status
2598 4052 2711 4106 duo
2761 4049 3334 4119 contemplativorum
3385 4055 3439 4101 et
3469 4047 3780 4101 activorum

2092 4144 2411 4213 signantur,
2445 4156 2695 4211 quorum
2725 4144 2965 4209 uterque
3006 4139 3336 4202 conclusus;
3368 4136 3503 4206 quia
3552 4135 3620 4188 ab
3677 4134 3784 4187 ad-

2093 4231 2343 4286 versario
2400 4230 2592 4298 colligi
2643 4244 2755 4281 non
2839 4230 3099 4297 possunt,
3173 4225 3260 4279 vel
3314 4226 3498 4278 fructu
3548 4222 3780 4295 privari.

2090 4321 2249 4375 Multi
2297 4320 2443 4373 inter
2503 4318 2699 4372 ﬁdeles
2762 4320 3177 4369 conversantur
3232 4314 3291 4367 in
3345 4313 3555 4383 quibus
3603 4310 3783 4365 hostis

2091 4410 2264 4463 habet
2310 4410 2521 4469 locum,
2562 4406 2658 4461 sed
2708 4405 2768 4460 hi
2821 4406 2879 4459 in
2928 4405 3095 4458 horto
3145 4402 3436 4457 fructifero
3487 4418 3602 4455 non
3654 4402 3786 4453 sunt

2091 4496 2479 4568 computandi,
2530 4495 2627 4549 sed
2676 4500 2739 4548 ut
2778 4495 2942 4564 palea
2997 4492 3284 4563 ejiciendi.
3328 4494 3463 4545 Fons
3510 4492 3780 4557 signatus.

2091 4587 2231 4651 Quia
2269 4584 2532 4649 Ecclesia,
2590 4599 2716 4654 quae
2746 4583 2921 4637 fontis
2973 4581 3207 4635 nomine
3260 4579 3613 4648 designatur,
3678 4576 3787 4646 pri-

2092 4692 2250 4729 mum
2282 4690 2456 4743 parva
2495 4673 2553 4726 in
2580 4673 2794 4738 Judzea,
2830 4675 3026 4740 postea
3055 4669 3292 4722 dilatata
3343 4674 3429 4721 est
3459 4682 3561 4737 per
3586 4666 3783 4720 orbem

2090 4769 2391 4829 terrarum,
2428 4767 2577 4815 recte
2609 4760 2892 4812 subditur.
2930 4759 3264 4811 Emissiones
3296 4762 3399 4812 tua:
3433 4773 3443 4810 :
3502 4757 3638 4828 quia
3686 4755 3784 4807 illa

2094 4868 2267 4922 parva
2310 4850 2554 4905 Ecclesia
2601 4848 2671 4902 de
2722 4848 2930 4901 Iudaeis
2988 4847 3183 4917 adjuta
3234 4846 3392 4901 fonte
3449 4844 3778 4916 paradisum

2093 4942 2283 4995 emisit
2337 4956 2403 4993 ex
2455 4955 2533 4992 se.
2586 4938 2825 4992 Ecclesia
2874 4940 3014 5004 fons,
3052 4936 3187 5007 quia
3233 4935 3492 4989 doctrina
3550 4931 3785 4986 salutari

2092 5029 2389 5091 redundat,
2440 5026 2590 5079 unde
2648 5025 2941 5095 proximos
3000 5025 3223 5095 irrigat.
3273 5026 3565 5091 Signatus,
3646 5020 3784 5093 quia

2090 5115 2402 5189 spiritualis
2453 5130 2650 5168 sensus
2702 5113 2952 5183 indignis
2982 5112 3372 5178 absconditur,
3407 5112 3564 5165 nulla
3592 5110 3782 5164 incur-

2089 5206 2307 5260 satione
2347 5203 2630 5257 turbatur.

2164 5298 2321 5349 Vens.
2386 5297 2468 5348 t3.
2529 5323 2599 5332 —
2659 5293 2998 5346 Emissiones.
3058 5289 3115 5344 Id
3196 5294 3285 5343 est
3330 5289 3547 5342 fructus
3606 5286 3781 5353 horti,

2090 5385 2306 5439 scilicet
2334 5400 2506 5452 opera
2528 5398 2657 5453 quae
2686 5385 2814 5451 post
2841 5379 3250 5450 plantationem
3284 5383 3339 5431 ct
3387 5377 3783 5446 irrigationem

2090 5471 2363 5543 baptismi
2390 5472 2698 5539 prodeunt,
2755 5475 2887 5523 sunt
2944 5468 3085 5522 mihi
3136 5469 3285 5522 mala
3334 5470 3556 5535 punica,
3608 5466 3664 5520 id
3698 5470 3783 5519 est

2091 5568 2315 5615 matura
2345 5560 2591 5620 refectio,
2628 5559 2705 5611 ita
2737 5574 2826 5611 me
2853 5559 3139 5611 delectans
3170 5560 3232 5609 ut
3254 5556 3570 5626 paradisus.
3593 5557 3781 5624 Cypri.
