4074 6186
341 274 470 327 1151

962 272 1355 329 WALAFRIDI
1393 274 1641 329 STRABI
1680 275 1876 330 FULD.
1920 275 2084 331 NON.
2132 276 2283 331 OPP.
2327 273 2501 330 PARS
2540 276 2584 329 Ι.
2624 303 2693 313 -
2731 271 3202 330 THEOLOGICA.

3707 278 3847 331 1152

344 396 405 451 Id
437 399 521 449 est
546 394 766 462 directi,
799 400 855 449 et
883 396 941 449 in
989 396 1165 449 altum
1198 401 1532 462 crescentes,
1568 396 1629 451 in
1683 397 2037 451 humanitate
2067 399 2114 452 A
2151 402 2320 468 atque
2360 397 2420 451 in
2450 396 2622 450 vitam
2655 400 2931 450 aeternam
2964 396 3200 450 ducunt.
3262 396 3345 450 De
3372 395 3602 461 Libano,
3637 396 3694 450 id
3736 400 3847 461 est,

345 486 585 556 graciles
615 492 673 539 et
701 487 998 551 attenuati,
1030 502 1275 556 quorum
1309 487 1578 555 operibus
1599 487 1800 555 juncta
1853 487 2035 540 chari-

348 580 463 627 tate
508 574 812 644 inungitur
858 574 1140 644 princeps.
1199 576 1407 642 Cyprus
1464 575 1714 629 divinam
1770 575 2035 643 gratiam,

343 663 553 717 nardus
626 662 977 716 Dominicam
1054 662 1397 733 passionem,
1468 679 1652 718 crocus
1700 664 2035 717 charitatem

348 751 635 821 exprimit.
688 752 906 820 Cyprus
956 756 1042 803 est
1096 750 1153 804 in
1205 754 1445 823 Egypto
1484 752 1795 805 aromatica
1846 752 2035 818 arbor,

346 839 562 892 semine
593 839 836 892 candido
869 844 925 893 et
970 840 1279 905 odorifero,
1317 842 1471 911 quod
1510 842 1776 912 coquitur
1829 841 1887 895 in
1916 842 2039 894 oleo

347 932 402 979 et
431 927 793 994 exprimitur,
820 928 951 981 inde
988 934 1341 998 unguentum
1386 930 1574 999 regale
1605 930 1783 1000 (quod
1834 946 2041 999 cyprus

343 1016 571 1083 dicitur)
603 1023 856 1086 paratur.
890 1018 980 1071 Sic
1012 1018 1069 1071 in
1114 1020 1362 1072 tenebris
1394 1020 1564 1089 hujus
1604 1020 1805 1073 mundi
1834 1020 2040 1073 divina;

342 1108 543 1175 gratias
571 1106 891 1160 benedictio
923 1108 979 1161 in
1023 1108 1374 1178 pinguedine
1406 1109 1698 1162 charitatis
1737 1108 2042 1179 suscipitur

344 1199 402 1247 et
456 1194 704 1249 ﬂammis
758 1196 1139 1250 tentationum
1190 1198 1481 1267 probatur,
1534 1199 1740 1268 quibus
1798 1199 2044 1251 sociatur

345 1284 557 1336 nardus
584 1283 756 1337 herba
778 1284 1032 1350 humilis,
1067 1286 1121 1339 id
1143 1292 1226 1339 est
1255 1286 1395 1339 ﬁdes
1427 1287 1737 1340 Dominicaz
1764 1286 2042 1356 passionis

344 1376 402 1424 et
444 1370 707 1425 imitatio.
772 1372 1154 1442 Conjungitur
1208 1390 1343 1445 ergo
1402 1390 1602 1445 cyprus
1656 1375 1852 1441 nardo,
1911 1391 2039 1428 cum

344 1458 537 1513 divina
584 1459 769 1529 gratia
828 1462 1108 1515 confortat
1159 1480 1261 1516 nos
1304 1464 1553 1534 compati
1605 1464 1846 1519 Christo.
1898 1464 2038 1538 item

346 1548 560 1601 nardus
611 1564 774 1602 croco
816 1550 1084 1619 jungitur
1137 1568 1150 1604 :
1215 1568 1343 1605 cum
1397 1554 1453 1605 in
1511 1552 1787 1606 charitate
1837 1552 2041 1606 Christi

348 1640 590 1689 mortem
641 1636 884 1690 libenter
937 1638 1265 1709 accipimus.
1302 1641 1519 1695 Nardus
1575 1647 1661 1694 est
1692 1640 1953 1694 redolcns
1984 1645 2040 1693 et
2075 1676 2114 1729 Β

347 1725 557 1790 calens,
589 1729 644 1777 et
667 1726 952 1795 signiﬁcat
980 1728 1336 1782 charitatem.
1371 1730 1569 1784 Crocus
1611 1732 1695 1783 est
1741 1728 1900 1783 aurei
1945 1743 2039 1782 co-

351 1812 485 1867 loris
515 1812 868 1882 etsigniﬁcat
890 1814 1078 1867 divina
1107 1815 1389 1884 sapientia
1418 1818 1684 1870 imbutos.

424 1902 588 1957 Vens.
624 1903 706 1955 14.
738 1932 807 1942 -
828 1904 1037 1957 Fistula
1065 1909 1115 1957 et
1144 1907 1554 1959 cinnamomum.
1592 1906 1800 1961 Fistula
1834 1922 1961 1976 quas
1988 1909 2044 1959 et

353 1992 524 2056 casia,
550 1990 723 2044 arbor
753 1992 1083 2053 aromatica.
1119 1993 1215 2046 sed
1245 2010 1419 2064 prava
1454 2011 1467 2047 :
1501 2000 1586 2049 est
1610 2001 1799 2049 autem
1823 1996 2043 2049 robusti

349 2078 571 2132 corticis
603 2084 660 2131 et
685 2080 979 2149 purpurei,
1012 2096 1141 2150 quae
1171 2081 1239 2134 ad
1265 2083 1544 2137 curandas
1591 2083 1868 2137 viscerum
1918 2100 2043 2137 mo-

349 2165 542 2219 lestias
590 2167 758 2233 valet,
816 2183 945 2238 quae
1003 2184 1105 2238 pro
1154 2169 1242 2222 sui
1282 2170 1559 2225 brevitate
1615 2187 1648 2225 a
1700 2172 2045 2242 quibusdam

351 2254 502 2307 inter
582 2255 786 2308 herbas
870 2255 1184 2311 odoriferas
1242 2265 1558 2329 reputatur,
1618 2276 1746 2330 quia
1802 2262 2047 2314 humiles

349 2342 555 2411 spiritu
625 2342 928 2414 signiﬁcat,
1015 2346 1326 2400 Dominicm
1382 2348 1661 2417 passionis
1744 2364 2046 2413 memores,

350 2431 421 2485 ad
461 2431 793 2501 patiendum
827 2449 931 2503 pro
965 2434 1205 2488 Domino
1237 2440 1369 2489 sunt
1404 2437 1603 2505 parati.
1634 2438 2049 2491 Cinnamomum

351 2526 437 2574 est
456 2520 641 2574 brevis
661 2522 848 2587 arbor,
873 2522 967 2575 sed
994 2523 1277 2577 odorifera
1306 2530 1361 2577 et
1378 2525 1578 2591 dulcis,
1610 2525 1823 2579 cinerei
1843 2526 2050 2579 coloris

351 2609 420 2663 ad
447 2609 744 2664 medicinas
763 2626 931 2663 usum
956 2611 1157 2665 ﬁstulae
1175 2612 1350 2683 duplo
1370 2619 1661 2684 praestans.
1689 2616 1747 2668 Et
1768 2614 2051 2685 signiﬁcat

352 2698 483 2751 illos
504 2698 601 2769 qui
620 2715 677 2751 se
706 2698 966 2752 inﬁrmos
995 2704 1282 2769 reputant,
1308 2718 1552 2771 quorum
1577 2702 1868 2756 humilitas
1898 2703 2049 2773 apud

357 2788 534 2839 Deum
594 2785 955 2840 dulcedinem
1006 2782 1179 2841 habet
1219 2794 1276 2843 et
1330 2790 1579 2845 laudem.
1617 2792 1679 2844 Et
1731 2792 1876 2845 bene
1921 2798 2054 2861 post

356 2875 606 2928 ﬁstulam
664 2891 1015 2945 purpuream
1071 2877 1304 2947 ponitur
1357 2879 1789 2933 cinnamomum
1838 2879 2051 2933 cinerei

2146 486 2213 540 de
2245 486 2368 556 ipsa
2402 486 2664 551 Ecclesia,
2691 501 2819 556 quae
2848 490 2901 537 et
2950 484 3191 538 candida
3213 490 3296 539 est
3344 501 3448 555 per
3498 485 3846 538 munditiam

2147 574 2300 639 ﬁdei,
2331 582 2388 628 et
2418 576 2528 627 alta
2561 590 2665 643 per
2686 573 2960 625 virtutum
2992 572 3258 643 gratiam.

2220 664 2382 717 Vens.
2422 665 2503 717 16.
2537 694 2605 701 -
2632 663 2822 729 Surge.
2869 662 2929 715 Et
2958 677 3087 714 cum
3122 661 3251 715 talis
3309 660 3383 713 sit
3407 660 3628 729 hortus,
3658 674 3841 729 surge,

2148 752 2206 806 id
2246 757 2350 814 est,
2400 751 2625 805 discede
2680 752 2764 804 vel
2811 750 3107 820 impugna.
3166 751 3357 819 Surge.
3413 752 3582 804 Horto
3618 752 3845 803 consito

2150 848 2208 894 et
2232 842 2487 911 irrigato,
2521 840 2767 895 restabat
2798 846 2859 893 ut
2891 840 3159 893 omnibus
3202 839 3446 894 ﬁrmiter
3496 846 3553 894 et
3581 841 3847 893 ordinate

2150 929 2501 1001 compositis,
2562 944 2928 999 nequaquam
2964 928 3303 981 adversariis
3352 928 3526 995 illius,
3585 928 3850 982 tentandi

2150 1024 2457 1089 negaretur
2486 1034 2763 1082 accessus,
2823 1016 2920 1070 sed
2969 1016 3160 1086 potius
3211 1022 3645 1082 monstraretur,
3704 1016 3846 1086 quia

2151 1123 2266 1177 quo
2285 1106 2531 1176 amplius
2559 1106 2941 1175 ﬂagellantur.
2965 1120 3032 1157 eo
3054 1105 3297 1174 amplius
3318 1105 3546 1179 interna
3564 1104 3849 1158 ﬂuctuum

2150 1193 2303 1247 illius
2335 1199 2582 1247 suaVitas
2615 1193 2904 1264 panditur.
2930 1194 2993 1247 In
3023 1194 3294 1261 aquilone,
3346 1193 3543 1247 mundi
3578 1193 3853 1255 adversa;

2150 1282 2210 1336 in
2239 1289 2444 1349 austro,
2494 1282 2885 1336 blandimenta
2921 1281 3198 1350 intellige,
3239 1280 3373 1351 quia
3400 1282 3633 1349 gemina
3662 1297 3850 1351 expu-

2151 1374 2421 1443 gnatione
2452 1374 2725 1442 probatur
2773 1372 3034 1427 Ecclesia.
3072 1373 3262 1438 Surge,
3296 1371 3683 1441 permittentis
3741 1376 3849 1435 est,

2152 1478 2267 1516 non
2326 1461 2686 1532 imperantis.
2746 1463 2934 1528 Per/la.
2994 1459 3152 1513 Alter
3208 1460 3481 1526 vexando,
3539 1460 3681 1512 alter
3758 1477 3850 1512 re-

2151 1551 2413 1603 creando.
2479 1552 2670 1617 Per/la,
2734 1549 2791 1601 id
2844 1556 2947 1614 est,
3008 1548 3155 1600 inter
3230 1548 3683 1613 tribulationem,
3763 1550 3852 1602 vel

2154 1639 2565 1710 persequendo,
2598 1643 2660 1690 ut
2688 1637 2935 1691 Ecclesia
2972 1636 3030 1688 in
3075 1641 3315 1706 utroque
3354 1637 3575 1706 pulsata
3610 1641 3665 1688 et
3713 1653 3851 1706 pro-

2151 1728 2281 1782 bata
2365 1726 2573 1780 mirum
2624 1726 2860 1778 odorem
2939 1726 3270 1779 constantiae
3330 1729 3386 1777 et
3459 1724 3857 1777 abundatioris

2150 1816 2377 1869 virtutis
2411 1816 2619 1885 ubique
2678 1814 2979 1877 diﬁ'undat,
3012 1820 3068 1867 et
3116 1814 3174 1866 in
3233 1813 3345 1867 ﬁne
3404 1813 3602 1866 mundi
3634 1814 3856 1883 positos

2151 1905 2523 1959 inenarrabili
2552 1904 2864 1975 fragrantia
2896 1920 3013 1956 suae
3038 1901 3329 1955 suavitatis
3360 1900 3603 1955 satiabit.

2846 2046 3072 2101 CAPUT
3113 2046 3173 2099 V.

2227 2175 2387 2227 Vens.
2427 2176 2473 2226 t.
2515 2201 2582 2211 -—
2620 2172 2820 2226 Veniat
2850 2171 3097 2224 dilectus.
3124 2168 3230 2233 Qui
3261 2168 3529 2239 promisit
3577 2183 3637 2221 se
3691 2167 3853 2221 futu-

2156 2278 2283 2316 rum
2333 2276 2533 2315 mecum
2572 2274 2745 2328 usque
2790 2259 2863 2312 ad
2888 2261 3392 2313 consummationem
3438 2257 3639 2320 saeculi,
3681 2256 3853 2308 modo

2155 2367 2285 2405 cum
2318 2348 2499 2419 magis
2530 2348 2759 2418 indigeo
2788 2348 2991 2417 majori
3024 2347 3228 2416 gratia,
3266 2362 3354 2399 me
3387 2346 3594 2400 visitet.
3657 2348 3857 2399 Veniat

2157 2439 2398 2493 dilectus.
2443 2436 2692 2491 Audiens
2762 2436 3007 2489 Ecclesia
3051 2451 3108 2488 se
3163 2434 3574 2488 tentationibus
3605 2432 3853 2503 proban-

2157 2528 2312 2590 dam,
2367 2523 2685 2595 provisioni
2731 2522 2923 2578 dilecti
2975 2539 3090 2576 non
3169 2521 3505 2575 contradicit
3546 2538 3559 2575 :
3637 2521 3735 2575 sed
3781 2538 3852 2575 ne

2156 2620 2482 2685 superetur,
2532 2613 2808 2666 auxilium
2866 2611 3021 2664 illius
3074 2611 3298 2681 quaerit,
3347 2611 3445 2680 qui
3477 2626 3585 2663 non
3632 2614 3853 2679 patitur

2158 2719 2253 2758 nos
2283 2704 2485 2758 tentari
2525 2717 2695 2771 supra
2724 2701 2782 2754 id
2817 2700 2961 2769 quod
3009 2715 3312 2769 possumus.
3360 2700 3409 2769 (Ι
3436 2700 3565 2753 Cor.
3602 2702 3699 2764 rx.)
3735 2700 3850 2759 Vel,

2158 2798 2347 2863 potest
2395 2808 2459 2844 ex
2525 2806 2659 2843 voce
2717 2789 3098 2857 perfecturum
3160 2789 3239 2841 sic
3316 2788 3581 2857 intelligi.
3658 2789 3853 2841 Veniat

2160 2881 2405 2935 dilectus.
2441 2878 2646 2944 Quasi;
2707 2878 2862 2931 Sicut
2900 2892 3031 2931 eum
3070 2893 3298 2945 semper
3354 2876 3668 2946 diligimus,
3703 2877 3755 2929 ei
3799 2882 3855 2929 et

355 2962 591 3029 coloris;
626 2963 759 3034 quia
802 2980 905 3033 per
934 2965 1390 3020 recordationem
1426 2968 1737 3023 Dominicas
1767 2968 2047 3038 passionis
2087 2953 2127 3007 Ο
2157 2969 2366 3024 servire
2421 2982 2722 3021 curamus:
2770 2967 2849 3020 sic
2878 2966 2998 3037 ipse
3028 2965 3085 3019 in
3117 2966 3528 3019 tentationibus
3557 2981 3677 3017 non
3708 2964 3858 3017 sinat

355 3052 541 3107 oritur
589 3053 753 3106 nobis
790 3053 1086 3125 despectus
1141 3062 1348 3109 nostra:
1410 3057 1651 3111 virtutis.
1732 3057 1941 3111 Fistula
1995 3061 2051 3110 et

360 3141 787 3195 cinnamomum
816 3142 872 3196 in
916 3144 1081 3197 horto
1121 3159 1249 3197 cum
1283 3144 1452 3214 lignis
1485 3145 1681 3199 Libani
1712 3146 1998 3217 prodeunt
2031 3162 2045 3199 :

357 3230 494 3301 quia
522 3230 582 3283 in
617 3230 878 3298 Ecclesia,
906 3230 1003 3300 qui
1038 3232 1283 3285 humiles
1312 3239 1368 3286 et
1396 3235 1679 3303 patientes
1708 3239 1861 3300 sunt,
1919 3250 2048 3287 cum

359 3318 494 3385 illis,
527 3317 625 3388 qui
651 3319 949 3373 Ecclesiam
982 3321 1344 3389 praedicando
1393 3323 1480 3375 vel
1511 3322 1747 3375 virtutes
1790 3322 2049 3376 faciendo

360 3406 651 3472 muniunt,
729 3408 978 3475 palmam
1062 3409 1452 3463 retributionis
1513 3415 1853 3481 exspectant.
1924 3412 2053 3467 Cum

361 3496 632 3548 universis
691 3496 873 3565 lignis.
929 3495 1084 3548 Sicut
1127 3498 1315 3550 ﬁstula
1367 3503 1423 3551 et
1452 3497 1906 3565 cinnamomum,
1940 3500 2054 3552 hu-

364 3581 529 3634 miles
558 3586 881 3635 sanctorum
931 3582 1349 3653 cogitationes:
1409 3584 1488 3638 sic
1539 3590 1597 3639 et
1652 3586 1806 3657 ligna
1840 3586 2054 3652 Libani,

366 3686 496 3740 quae
554 3670 667 3723 alta
723 3676 781 3724 et
839 3670 1073 3725 robusta
1124 3677 1279 3738 sunt,
1346 3673 1739 3728 demonstrant
1785 3674 2057 3729 sublimes

365 3762 688 3812 sanctorum
721 3758 970 3813 actiones
999 3764 1055 3812 et
1084 3761 1387 3815 orationes.
1448 3762 1669 3833 Myrrha
1710 3762 1785 3816 im
1796 3764 2059 3832 putribile

365 3846 554 3901 reddit
582 3862 809 3917 corpus,
840 3853 897 3901 et
934 3848 1216 3918 signiﬁcat
1261 3850 1391 3903 illos
1438 3851 1539 3921 qui
1595 3851 1976 3906 amaritudine
2006 3857 2062 3906 et

365 3933 645 4003 patientia
696 3949 901 4003 corpus
934 3950 1100 3988 suum
1142 3935 1389 3990 reddunt
1431 3953 1693 3991 securum
1727 3955 1761 3992 a
1813 3938 2062 3993 motibus

366 4021 692 4076 carnalibus
755 4027 811 4075 et
866 4023 936 4077 ab
989 4022 1148 4076 omni
1212 4024 1445 4079 adversa
1520 4031 1701 4096 parte.
1762 4028 1900 4081 Aloe
1946 4042 2062 4081 non

366 4114 587 4164 tantam
618 4111 733 4164 vim
764 4111 953 4177 habet,
982 4119 1256 4182 quantam
1288 4114 1542 4184 myrrha,
1576 4116 1672 4169 sed
1696 4119 1886 4169 tamen
1916 4116 2065 4169 valet

2160 3076 2264 3115 nos
2298 3074 2480 3129 usque
2503 3057 2573 3111 ad
2606 3056 2892 3110 defectum
2916 3055 3162 3120 concuti,
3197 3054 3293 3108 sed
3315 3054 3433 3123 jam
3460 3052 3657 3107 reddet
3688 3052 3855 3107 nobis

2160 3148 2479 3203 mercedem
2517 3146 2627 3216 piae
2656 3144 2996 3198 devotionis.
3036 3144 3170 3197 Veni
3222 3146 3280 3195 in
3334 3141 3567 3195 hortum.
3605 3140 3862 3211 Sponsus

2162 3234 2442 3289 desiderio
2484 3232 2741 3287 Ecclesia:
2793 3229 3167 3300 respondens,
3199 3229 3399 3283 eadem
3431 3244 3558 3300 quas
3589 3228 3864 3298 peteban-

2160 3330 2276 3389 tur,
2326 3339 2383 3375 se
2407 3322 2525 3393 jam
2558 3320 2753 3375 fecisse
2784 3324 3024 3373 testatur
3064 3335 3077 3373 :
3109 3319 3260 3372 unde
3304 3317 3558 3371 extranei
3608 3318 3861 3370 multum

2163 3412 2223 3466 in
2264 3426 2518 3465 amorem
2563 3408 2741 3478 ipsius
2807 3411 3048 3477 possunt
3093 3406 3345 3459 accendi.
3414 3407 3569 3469 Veni,
3600 3411 3858 3458 errantes

2165 3500 2540 3571 corrigendo;
2566 3496 2825 3550 inﬁrmos
2872 3494 3247 3560 sublevando,
3278 3494 3430 3548 bona
3461 3500 3694 3563 agentes
3724 3510 3862 3547 con-

2167 3588 2473 3651 ﬁrmando,
2529 3592 2781 3640 maturos
2837 3600 3062 3638 mecum
3140 3584 3199 3637 in
3255 3584 3452 3654 requie
3501 3583 3859 3635 collocando.

2168 3680 2386 3734 Messui.
2429 3675 2682 3741 Quadam
2739 3674 2881 3727 falce
2934 3672 3132 3726 mortis
3190 3672 3260 3725 ab
3299 3672 3404 3725 hac
3436 3672 3547 3724 vita
3596 3670 3864 3740 prmciedi

2170 3772 2227 3821 et
2251 3766 2309 3820 in
2358 3764 2586 3818 cellaria
2641 3760 3017 3815 beatitudinis
3077 3759 3337 3831 perduxi.
3393 3760 3618 3813 Comedi
3643 3760 3861 3824 farwn.

2172 3856 2278 3910 Per
2302 3857 2493 3921 favum
2546 3852 2645 3922 qui
2701 3851 2756 3903 in
2790 3849 3096 3919 Scripturis
3141 3848 3502 3902 dulcedinem
3552 3847 3869 3917 spiritualis

2171 3940 2569 4011 intelligentiae
2611 3944 2902 4010 quaerunt,
2956 3942 3012 3991 et
3062 3937 3189 3989 aliis
3220 3937 3562 3999 dilucidant;
3618 3951 3724 4005 per
3767 3936 3870 3987 met

2173 4030 2272 4103 qui
2300 4030 2497 4099 epulas
2522 4028 2701 4082 divini
2731 4026 2886 4081 verbi
2945 4025 3053 4079 sibi
3093 4025 3381 4095 appositas
3440 4025 3679 4079 libente!
3732 4039 3866 4092 gus-

2173 4126 2319 4185 tant,
2354 4124 2410 4172 et
2432 4118 2520 4171 his
2552 4116 2951 4170 insatiabiliter
2971 4114 3115 4167 vesci
3137 4114 3492 4180 desiderant;
3517 4129 3622 4182 per
3650 4116 3867 4178 vinum,

368 4205 566 4253 contra
598 4200 979 4270 putredinem.
1008 4203 1226 4255 Primis.
1265 4202 1322 4255 Id
1360 4206 1464 4267 est,
1517 4219 1647 4257 cnm
1708 4204 2065 4258 charismati-
2094 4235 2137 4288 Β
2178 4208 2353 4262 fortes
2397 4206 2715 4260 cmlcstium
2770 4204 3321 4274 prmdicatores;pe'r
3351 4202 3454 4265 lac,
3504 4202 3722 4254 inﬁrmi
3766 4200 3865 4253 ad-

369 4288 477 4342 bus
507 4287 777 4341 virtutum
810 4289 1329 4344 excellentioribus.
1374 4291 1438 4345 Et
1474 4291 1715 4361 pulchra
1742 4292 2066 4363 conjunctio

372 4376 681 4430 herbarum
714 4384 770 4430 et
827 4378 1095 4431 arborum
1141 4395 1270 4431 cum
1329 4380 1683 4450 unguentis:
1730 4382 1863 4451 quia
1923 4382 2060 4435 dum

371 4480 601 4518 carnem
643 4482 675 4517 a
729 4465 958 4519 lascivia
1015 4467 1390 4533 refrenemus,
1444 4485 1798 4540 consequens
1862 4475 1945 4523 est
2002 4475 2066 4523 ut

373 4554 593 4622 majora
621 4554 772 4608 dona
800 4554 1033 4624 spiritus
1082 4556 1475 4626 suscipiamus.
1526 4558 1587 4612 In
1637 4559 1803 4612 horto
1839 4558 2064 4613 Domini

374 4642 662 4709 concluso,
691 4644 839 4696 inter
864 4644 971 4697 alia
1003 4644 1274 4698 nascitur.

446 4729 605 4783 Vens.
672 4734 753 4785 l5.
811 4762 882 4771 -—
935 4735 1071 4787 Fons
1120 4735 1414 4789 hortorum.
1478 4735 1586 4799 Qui
1646 4734 1716 4789 de
1778 4736 2069 4805 primitiva

378 4817 621 4871 Ecclesia
660 4820 933 4887 processit
960 4821 1019 4875 in
1055 4824 1334 4876 mundum
1361 4822 1618 4877 doctrina
1650 4824 1914 4885 caelestis,
1940 4840 2069 4894 quae

377 4907 569 4977 plures
601 4908 884 4975 ecclesias,
936 4910 1149 4964 scilicet
1189 4912 1385 4965 hortos
1438 4917 1783 4983 procrearet.
1838 4914 1917 4966 De
1951 4930 2067 4983 quo

377 4996 534 5050 fonte
582 4997 727 5051 bene
788 4999 1178 5054 subinfertur:
1222 5004 1418 5055 Puteus
1448 5017 1718 5072 aquarum
1752 5003 2069 5066 viventium,

378 5084 512 5155 quia
552 5086 752 5139 eadem
787 5087 1043 5141 doctrina
1098 5088 1337 5141 Ecclesia
1364 5094 1417 5143 et
1462 5091 1586 5155 fons
1638 5091 1920 5145 hortorum
1967 5096 2070 5156 est,

379 5175 515 5243 quia
539 5176 865 5245 spirituales
924 5176 1138 5230 fructus
1191 5178 1399 5247 gignit,
1449 5178 1507 5232 in
1538 5179 1627 5233 his
1665 5195 1809 5249 quos
1843 5179 2077 5232 instruit

377 5267 434 5317 et
462 5270 662 5333 puteus
718 5269 803 5318 est
888 5271 1120 5335 propter
1164 5268 1381 5320 occulta
1433 5266 1700 5337 mysteria
1759 5283 1889 5338 quae
1946 5268 2078 5320 solis

379 5352 587 5405 sanctis
645 5370 748 5423 per
802 5355 1205 5409 revelationem
1251 5355 1428 5409 sancti
1476 5355 1719 5426 Spiritus
1750 5355 2081 5426 panduntur

384 5442 677 5508 Aquarum
705 5445 1025 5511 viventium,
1047 5449 1283 5514 propter
1313 5443 1505 5498 divina
1536 5444 1785 5515 eloquia,
1835 5460 1963 5514 quae
2009 5444 2079 5497 de

386 5528 771 5585 invisibilibus
832 5532 1041 5588 divina:
1134 5533 1336 5604 gratiae
1412 5533 1693 5588 thesauris
1763 5534 2084 5604 procedunt

2179 4297 2289 4351 huc
2344 4295 2654 4361 auditores,
2707 4293 2806 4363 qui
2854 4293 2986 4346 licet
3033 4290 3269 4345 diversis
3327 4289 3648 4342 studiorum
3712 4288 3866 4341 modi

2172 4385 2513 4453 discrepent,
2568 4398 2681 4436 una
2738 4388 2931 4434 tamen
2988 4395 3248 4450 supernae
3300 4376 3700 4431 retributionis
3740 4393 3869 4445 spes

2174 4488 2523 4535 communes,
2607 4485 2888 4539 supernus
2959 4468 3172 4522 arbiter
3235 4466 3529 4537 approbat.
3576 4465 3867 4529 Comedite,

2176 4564 2358 4615 amici.
2413 4560 2537 4614 Non
2569 4559 2755 4612 solum
2802 4557 2922 4627 ipse
2976 4556 3088 4625 piis
3139 4556 3447 4609 electorum
3505 4553 3731 4607 actibus
3768 4554 3871 4607 de-

2177 4650 2449 4702 lectatur:
2505 4645 2600 4699 sed
2633 4646 2805 4698 etiam
2860 4643 3119 4697 hortatur
3161 4641 3355 4695 ﬁdeles
3397 4640 3465 4693 ad
3506 4641 3869 4710 congauden-

2178 4739 2311 4793 dum
2354 4752 2525 4807 super
2552 4735 2651 4789 tali
2678 4734 2961 4799 convivio,
2996 4739 3060 4786 ut
3089 4732 3333 4801 amplius
3360 4731 3507 4785 inter
3531 4746 3589 4782 se
3612 4735 3874 4782 mutuam

2179 4825 2498 4881 dilectionis
2547 4840 2741 4878 curam
2788 4822 3110 4888 exhibeant,
3169 4825 3224 4874 et
3276 4820 3527 4874 minores
3574 4818 3735 4889 quod
3822 4820 3877 4870 in

2182 4914 2497 4983 majoribus
2526 4912 2793 4976 viderint,
2846 4910 3175 4964 memoriter
3204 4909 3418 4962 imitari
3447 4912 3731 4977 satagant.
3768 4910 3880 4962 Ine-

2185 5003 2461 5068 briamini,
2539 5002 2872 5055 charissimi.
2932 4999 3144 5066 (ϐηεο.)
3202 4999 3336 5053 Post
3390 5002 3589 5068 potum
3658 4995 3879 5066 gaudii,

2184 5092 2336 5161 ipsas
2356 5090 2593 5142 virtutes
2622 5088 2909 5141 bonorum
2942 5085 3322 5139 retractando:
3351 5090 3639 5154 torporem
3674 5084 3882 5138 mentis

2184 5178 2469 5242 discutite,
2502 5182 2557 5231 et
2586 5176 2657 5230 ad
2722 5191 2978 5230 amorem
3035 5179 3380 5228 aeternorum
3439 5172 3679 5236 accensi,
3737 5178 3883 5225 tem-

2187 5267 2408 5337 porales
2458 5281 2653 5335 pmnas
2702 5264 2988 5328 sentiatis;
3021 5263 3166 5316 sicut
3216 5262 3428 5327 ebrius,
3497 5261 3600 5330 qui
3653 5260 3883 5315 oblivis-

2189 5356 2336 5408 citur
2366 5355 2622 5408 omnium
2652 5353 3093 5423 temporalium;
3126 5350 3393 5416 comedit,
3432 5365 3538 5403 nec
3595 5348 3879 5402 satiatur:

2193 5443 2289 5514 qui
2320 5443 2519 5514 epulas
2564 5442 2987 5512 Scripturarum
3018 5440 3238 5503 didicit,
3282 5439 3571 5509 justorum
3623 5438 3883 5508 exempla

2194 5532 2376 5599 novit,
2411 5548 2516 5587 nec
2546 5536 2738 5587 tamen
2769 5530 2941 5585 vitam
2989 5528 3261 5593 correxit;
3290 5526 3455 5592 bibit,
3487 5530 3545 5579 et
3599 5541 3722 5581 non
3772 5527 3881 5581 ine-
