4018 6176
304 312 443 364 H53

1202 308 1441 365 (nosse
1473 262 1906 360 ΟΒΟῘΝΑΒΙΑ.
1948 337 2016 347 -
2052 308 2395 365 CANTICUM
2435 309 2907 367 CANTICORUM.

3692 320 3827 373 1154

298 428 547 491 briatur,
604 427 702 499 qui
753 432 1035 499 pracepta
1089 428 1219 482 vita
1264 424 1625 483 latabundus
1676 416 1857 491 ﬁndit,
1910 428 2006 482 sed
2035 430 2081 484 Α
2119 428 2259 483 deus
2290 430 2359 483 de
2407 429 2619 484 calesti
2665 431 2960 486 intellectu
2991 433 3048 486 in
3078 449 3182 487 sua
3213 435 3591 491 exsultatione
3620 441 3816 494 turba-

301 518 376 571 ad
410 518 703 588 implenda
736 518 897 587 piger
926 523 1201 571 remanet.

378 605 621 659 Vans.2.
672 607 884 673 —Ego
927 606 1151 659 dormio.
1204 605 1446 660 Ecclesia
1503 596 1811 676 gentilium
1868 606 2011 659 mul-

301 693 585 763 tipliciter
664 695 1065 748 commendata
1121 710 1191 748 ne
1267 711 1464 748 secura
1537 690 2011 764 praedicationem

305 781 587 847 dimittat,
621 786 677 835 et
728 783 835 836 soli
862 783 1333 851 contemplationi
1366 783 1647 849 intendat,
1690 781 2014 852 injungitur

304 869 357 923 ei
412 870 483 924 de
536 871 783 924 aliorum
853 871 1306 924 confirmatione.
1382 872 1445 924 Et
1490 870 1577 924 hic
1628 871 1749 940 agit
1800 871 1869 924 de
1916 870 2014 923 illa

306 960 666 1012 successione
724 960 1000 1025 Ecclesia,
1062 976 1191 1030 qua
1249 959 1419 1012 estin
1450 960 1557 1012 hoc
1586 960 1852 1028 prasenti
1904 975 2016 1012 sa-

303 1047 463 1112 culo,
490 1048 559 1101 ab
582 1048 678 1100 illo
710 1049 922 1101 scilicet
949 1052 1225 1117 tempore,
1263 1064 1376 1118 quo
1409 1047 1707 1117 plenitudo
1755 1047 2013 1117 gentium

305 1137 627 1190 intraverat
684 1152 863 1207 usque
920 1136 989 1189 ad
1044 1135 1216 1189 finem
1279 1135 1499 1203 mundi,
1555 1136 1783 1207 quando
1831 1135 2013 1191 Judai

303 1226 637 1291 intrabunt;
689 1231 746 1279 et
792 1226 884 1278 hic
917 1242 1030 1278 non
1087 1225 1308 1278 videtur
1371 1225 1520 1278 mitti
1551 1226 1618 1278 ad
1653 1225 2015 1278 omnimodos

307 1313 597 1374 infideles.
651 1314 747 1368 sed
797 1314 985 1383 potius
1040 1315 1108 1367 ad
1169 1330 1263 1367 eos
1304 1314 1703 1380 exliortandos,
1761 1313 2015 1382 quisunt

306 1402 491 1472 tepidi
544 1402 603 1455 in
636 1402 899 1467 Ecclesia,
929 1407 984 1455 et
1015 1402 1163 1470 {dicit
1216 1402 1411 1472 itaque
1442 1402 1566 1471 ipsa
1595 1401 1867 1455 Ecclesia:
1905 1403 2014 1468 Ego

311 1489 552 1543 dormio.
580 1492 751 1559 Aperi
781 1491 937 1556 mihi,
977 1505 1129 1544 soror
1178 1506 1314 1556 mea,
1347 1496 1453 1545 etc.
1490 1490 1669 1559 Surge
1716 1490 1785 1543 ab
1814 1490 1930 1544 otio
1959 1494 2016 1543 et

312 1579 514 1648 quiete
574 1579 1095 1648 contemplationis,
1156 1587 1213 1633 et
1263 1579 1420 1649 aperi
1461 1578 1653 1642 corda,
1688 1583 1750 1631 ut
1780 1580 2014 1633 remotis

2122 523 2234 585 tur,
2256 524 2312 571 et
2342 519 2505 572 timet
2535 536 2604 573 ne
2638 522 2857 589 perdat,
2893 522 3044 592 quod
3076 527 3270 577 tenere
3302 525 3499 579 nescit.

2192 607 2351 661 Vens.
2412 610 2460 661 5.
2488 637 2561 648 -
2614 609 2865 663 Surrexit
2927 615 2987 662 ut
3030 615 3317 679 aperirem.
3354 613 3583 669 Surrexi
3633 632 3661 667 a
3698 615 3826 669 dor-

2120 694 2360 747 mitione
2392 694 2459 748 ad
2491 696 2771 763 laborem;
2806 697 2941 767 quia
2976 713 3200 751 necesse
3257 704 3340 752 est
3371 708 3435 753 ut
3462 702 3560 771 qui
3614 703 3820 757 verita-

2121 788 2236 836 tem
2277 784 2583 851 pradicare
2633 785 2905 853 disponit,
2964 787 3120 855 prius
3172 786 3246 839 ad
3303 789 3519 857 agenda
3573 806 3639 843 ea
3690 807 3821 861 qua

2120 872 2393 942 pradicat
2423 879 2701 939 assurgat,
2757 888 2825 925 ne
2879 874 3001 926 aliis
3031 875 3349 943 praedicans
3390 877 3507 944 ipse
3536 880 3819 947 reprobus

2123 959 2430 1023 efficiatur;
2483 961 2574 1012 cui
2636 960 2936 1029 subjuncta
2992 962 3162 1014 verba
3217 965 3579 1029 conveniunt,
3632 968 3825 1019 Manus

2120 1063 2248 1101 mea
2322 1048 2745 1113 distillaverunt,
2791 1054 2896 1103 etc.
2972 1050 3048 1103 Et
3107 1052 3276 1117 digiti
3328 1054 3433 1104 mei
3481 1054 3630 1121 pleni
3700 1060 3828 1108 sunt

2121 1136 2365 1203 myrrha.
2413 1137 2604 1206 Digiti,
2652 1136 2710 1190 id
2758 1142 2841 1189 est
2878 1137 3163 1200 discretio,
3196 1143 3255 1190 ut
3287 1138 3408 1191 solo
3440 1141 3699 1193 contuitu
3726 1157 3821 1193 su-

2122 1241 2316 1294 perna
2378 1225 2789 1289 retributionis,
2870 1241 2983 1278 non
3047 1241 3149 1295 pro
3182 1226 3436 1280 humano
3518 1230 3821 1283 commodo

2123 1316 2499 1369 ostendantur
2529 1314 2775 1383 operari.
2836 1313 2992 1367 Sicut
3048 1315 3201 1367 enim
3230 1315 3289 1368 in
3331 1332 3507 1370 manu
3538 1325 3672 1371 sunt
3702 1319 3824 1371 dis-

2122 1401 2260 1455 creti
2309 1402 2510 1472 digiti:
2567 1401 2646 1454 sic
2693 1400 2754 1453 in
2801 1401 3073 1470 Operibus
3128 1406 3350 1471 oportet
3412 1402 3811 1459 discretionem

2123 1489 2401 1551 adhiberi,
2433 1488 2687 1560 alioquin
2722 1505 2835 1542 non
2864 1491 3073 1544 valent.

2199 1578 2351 1631 Vens.
2380 1580 2433 1631 6.
2478 1607 2545 1617 --
2596 1577 2874 1631 Pessulum
2922 1578 3068 1632 ostii.
3104 1578 3341 1632 Causam
3376 1580 3611 1649 peccati,
3643 1580 3697 1634 id
3738 1588 3823 1635 est

310 1666 584 1719 vitiorum
640 1667 943 1719 obstaculis
1000 1669 1182 1720 lucem
1234 1667 1489 1720 veritatis
1556 1668 1852 1737 perspicue
1914 1668 2010 1720 ad-
2048 1706 2088 1760 Β
2125 1666 2607 1733 incredulitatem,
2639 1670 2695 1718 et
2749 1666 3067 1735 quamlibet
3128 1666 3332 1720 aliam:
3363 1667 3511 1737 ,quia
3542 1674 3605 1721 ut
3626 1686 3825 1739 pessu-

316 1760 568 1808 mittant.
629 1756 703 1807 De
781 1756 1058 1825 sanguine
1126 1771 1272 1820 meo,
1350 1770 1504 1809 soror
1574 1771 1731 1820 mea;
1790 1771 2016 1809 accessu

317 1860 473 1909 meo,
503 1846 757 1911 proxima
799 1859 950 1909 mea;
1010 1844 1078 1897 de
1133 1844 1338 1913 spiritu
1398 1860 1526 1897 meo
1579 1844 1823 1897 columba
1863 1860 2015 1909 mea;

314 1932 390 1984 de
448 1948 712 1984 sermone
772 1948 898 1984 meo
954 1948 1126 2002 quam
1181 1931 1411 2001 plenius
1457 1948 1524 1985 ex
1582 1932 1698 1985 otio
1749 1932 2017 1997 didicisti,

310 2022 560 2087 perfecta
592 2035 726 2072 mea.
763 2020 937 2088 Caput
961 2035 1151 2073 meum.
1184 2019 1242 2073 Id
1276 2025 1355 2072 est
1387 2018 1526 2073 ﬁdes
1578 2035 1723 2083 mea,
1758 2024 1814 2073 et
1858 2035 2020 2073 amor

316 2109 435 2161 mei
480 2109 536 2161 in
562 2108 827 2161 cordibus
854 2124 1053 2161 eorum
1102 2108 1393 2161 excacatis
1434 2124 1627 2161 amore
1659 2114 2019 2162 terrenorum

316 2195 558 2261 refrixit,
609 2204 665 2250 et
705 2197 869 2267 quasi
920 2213 1154 2266 prorsus
1203 2197 1425 2250 defecit.
1487 2198 1738 2252 Cincinni
1793 2200 1914 2251 mei.
1958 2197 2016 2251 Id

322 2294 590 2339 estamor
630 2288 1044 2355 proximorum,
1080 2286 1180 2356 qui
1242 2291 1376 2339 sunt
1430 2286 1540 2339 mei
1600 2286 1791 2355 capilli
1848 2287 2021 2355 capiti

324 2374 711 2427 adhaerentes:
736 2380 861 2427 sunt
885 2376 1034 2444 pleni
1062 2378 1233 2440 guttis
1264 2374 1520 2439 noctium,
1556 2375 1608 2429 id
1643 2380 1744 2442 est,
1794 2375 2019 2445 patiun-

323 2467 423 2515 tur
452 2477 620 2532 grave
639 2461 816 2531 frigus
846 2462 1717 2532 persecutionistenebrosorum,
1742 2462 1795 2516 id
1829 2468 1911 2515 est
1937 2478 2024 2515 eo-

329 2566 456 2603 rum
490 2550 588 2621 qui
620 2555 676 2603 et
700 2566 839 2619 erga
868 2566 956 2603 me
977 2555 1108 2603 sunt
1138 2550 1417 2616 infideles,
1442 2556 1496 2603 et
1517 2550 1805 2620 proximos
1834 2567 2022 2620 perse-

323 2646 584 2709 quuntur
608 2658 623 2705 ;
645 2644 701 2692 et
750 2655 918 2692 cau-a
970 2640 1177 2693 borum
1210 2639 1677 2705 corrigendorum
1712 2646 1933 2709 oportet
1966 2646 2021 2693 te

322 2728 685 2781 dulcedinem
708 2727 1605 2797 contemplationis(interpolare)
1632 2729 2017 2797 interponere.

393 2817 559 2870 Vsus.
601 2819 658 2871 3.
696 2845 764 2853 —-
794 2818 1116 2884 Exspoliavi
1142 2832 1240 2869 me.
1274 2817 1517 2869 Ecclesia
1542 2833 1655 2869 non
1681 2817 2023 2870 inobediens

317 2904 388 2958 de
439 2904 697 2975 injuncto
750 2904 960 2970 officio,
1018 2904 1114 2957 sed
1158 2910 1415 2958 metuens
1442 2905 1499 2957 in
1531 2905 1876 2959 assumenda
1904 2905 2019 2958 fra-

318 2998 468 3046 trum
500 3009 654 3057 cura,
708 3008 777 3045 ne
831 2998 1062 3045 corruat
1100 2993 1157 3046 in
1200 3000 1449 3063 peccata,
1481 2994 1600 3046 sine
1658 2994 1868 3064 quibus
1899 3010 2012 3046 non

318 3082 660 3152 transigitur
728 3081 850 3134 hac
930 3080 1062 3145 vita,
1121 3082 1458 3152 respondet:
1516 3083 1838 3150 Εωεροιίαυί
1916 3098 2014 3135 me.

319 3170 622 3235 Quomodo
669 3170 793 3224 ﬁeri
832 3176 1021 3240 potest
1049 3175 1108 3222 ut
1142 3170 1210 3223 de
1238 3170 1486 3223 culmine
1518 3170 2018 3240 contemplationis

320 3258 643 3328 egrediens,
690 3274 886 3311 rursus
915 3258 1113 3311 mundi
1144 3259 1403 3311 sordibus
1458 3260 1704 3327 polluar,
1758 3260 1893 3328 quia
1924 3274 2019 3312 re-

320 3354 485 3416 cepta
507 3346 889 3400 sollicitudine
916 3346 1318 3415 temporalium
1343 3347 1752 3413 subsidiorum,
1778 3348 2021 3417 quamli-

322 3435 671 3489 beteximius
690 3435 903 3499 doctor,
920 3434 1151 3487 difficile
1174 3435 1313 3488 vitat
1344 3441 1660 3505 peccatum.
1686 3434 1895 3505 (Casa)
1915 3436 2021 3499 Qui

322 3523 395 3577 ad
427 3522 867 3576 sollicitudinem
902 3522 1281 3592 regendarum
1315 3523 1634 3577 animarum
1671 3540 1729 3576 se
1755 3525 2018 3595 accingit,

322 3617 501 3665 restat
519 3616 580 3665 ut
602 3611 811 3683 quibus
829 3618 1040 3663 aterna
1063 3611 1354 3682 pradicat,
1386 3612 1458 3666 ad
1496 3613 1851 3682 providenda
1877 3631 2021 3685 quo-

321 3717 435 3772 que
464 3700 538 3753 sis
583 3699 985 3770 temporalium
1023 3700 1419 3753 necessitatum
1458 3700 1710 3753 subsidia
1740 3700 2018 3769 invigilet.

396 3790 551 3842 Vens.
586 3789 637 3844 4.
679 3819 747 3827 —
783 3790 1017 3843 Dilectus
1046 3805 1207 3843 meus.
1269 3788 1512 3843 Ecclesia
1542 3789 1779 3842 timente
1805 3805 2019 3853 casum,

320 3878 457 3949 quia
512 3878 789 3932 Dominus
819 3893 1071 3930 amorem
1116 3892 1252 3948 erga
1300 3893 1356 3930 se
1412 3882 1698 3943 nostrum,
1732 3877 1787 3928 in
1823 3877 2021 3945 proxi-

318 3983 548 4021 morum
578 3966 824 4019 maximo
866 3981 1062 4018 amore
1096 3968 1212 4018 vult
1239 3964 1527 4035 cognosci,
1550 3970 1680 4034 apte
1712 3964 1973 4018 subditur
2002 3981 2014 4017 :

313 4057 553 4111 Dilectus
609 4071 773 4118 meus,
834 4055 1032 4125 quasi:
1113 4053 1459 4107 Pertimesco
1535 4054 1768 4124 quidem
1828 4052 2019 4105 saculi

315 4145 842 4209 conversationem;
877 4143 975 4196 sed
1016 4143 1294 4213 intelligo,
1345 4143 1498 4213 quod
1550 4142 1794 4195 charitas
1834 4142 2019 4212 operit

316 4232 751 4287 multitudinem
804 4237 1194 4302 peccatorum;
1225 4238 1278 4285 et
1308 4232 1533 4286 confido
1578 4232 1636 4285 iu
1678 4231 1865 4285 dilecti
1906 4231 2015 4284 mei

316 4322 551 4387 auxilio,
584 4337 616 4373 a
664 4338 777 4391 quo
823 4322 945 4391 jam
989 4326 1122 4373 sunt
1175 4328 1520 4391 compuncta
1570 4320 1739 4373 corda
1790 4335 2011 4373 eorum.

316 4408 550 4461 Manum
586 4423 760 4461 suam.
823 4407 1163 4477 Operantem
1222 4406 1745 4476 compunctionem,
1801 4407 1912 4473 vel,
1947 4409 2016 4461 ad

318 4496 657 4551 memoriam
683 4500 935 4549 nostram
967 4495 1193 4549 reduxit
1221 4495 1635 4565 operationem,
1672 4511 1845 4565 quam
1883 4511 2016 4565 ope-

318 4593 474 4640 ratus
500 4591 583 4638 est
609 4586 668 4637 in
717 4584 903 4648 nobis,
956 4584 1088 4654 quia
1120 4585 1334 4636 nullius
1364 4599 1559 4653 egens,
1586 4584 1654 4637 de
1686 4584 1814 4636 sinu
1838 4583 2018 4652 patris

317 4675 641 4744 egrediens,
698 4674 757 4725 in
831 4677 985 4726 terra
1036 4688 1139 4741 pro
1216 4672 1381 4724 nobis
1437 4671 1760 4724 conversari
1815 4670 2013 4723 voluit.

316 4763 539 4816 Manum
570 4777 724 4815 suam
772 4759 968 4825 mittit,
1020 4776 1147 4813 cum
1183 4759 1387 4813 virtute
1437 4775 1539 4812 sua
1606 4759 1863 4812 animum
1915 4774 2019 4829 per

318 4850 586 4902 subtilem
646 4849 999 4902 intellectum
1046 4848 1254 4918 pulsat.
1301 4851 1369 4902 Et
1408 4852 1609 4901 venter.
1668 4848 1858 4900 Potest
1914 4862 2018 4916 per

315 4944 572 4991 ventrem
616 4937 860 5007 intelligi
922 4937 1188 4989 mollities
1236 4941 1292 4989 et
1347 4936 1623 5005 fragilitas
1655 4936 1883 4989 illorum
1916 4934 2014 5006 qui

314 5026 733 5097 praedicationis
798 5026 1051 5079 ofﬁcium
1105 5024 1443 5095 suscipiunt,
1507 5023 1644 5094 quia
1705 5039 1763 5076 se
1822 5022 2013 5076 minus

312 5116 547 5169 idoneos
602 5120 1037 5186 recognoscunt,
1106 5119 1161 5167 et
1230 5115 1454 5168 timent.
1527 5113 1737 5165 Venter.
1809 5112 1869 5165 Id
1930 5116 2015 5165 est

314 5205 514 5257 molles
546 5209 597 5258 et
629 5204 781 5257 fluxa
834 5219 966 5273 pars
1013 5202 1163 5256 inter
1218 5217 1350 5267 nos;
1393 5199 1503 5268 vel,
1532 5200 1747 5253 ventris
1779 5200 2011 5254 nomine

313 5309 412 5346 cor
462 5293 812 5363 designatur,
846 5291 945 5362 qui
986 5291 1133 5344 sicut
1160 5290 1271 5342 cibi
1306 5290 1363 5342 in
1395 5294 1617 5349 ventre;
1670 5288 1749 5343 ita
1799 5289 2009 5359 cogita-

312 5382 499 5435 tiones
538 5382 597 5434 in
647 5380 817 5434 corde
873 5384 1287 5448 excoquuntur.
1350 5378 1464 5430 (lor
1511 5377 1919 5443 contremiscit,
1962 5378 2009 5432 si

312 5469 497 5522 facere
544 5473 766 5522 recusat
802 5484 906 5539 pro
958 5467 1249 5538 proximis,
1309 5467 1463 5537 quod
1518 5468 1665 5520 Deus
1720 5464 1853 5520 fecit
1904 5482 2008 5536 pro

312 5556 583 5611 inimicis.
635 5557 703 5611 Et
739 5563 937 5611 venter
968 5556 1323 5621 intremiscit,
1354 5556 1489 5626 quia
1522 5555 1826 5610 infirmitas
1864 5571 2006 5625 gau-

2130 1754 2272 1819 lum,
2332 1755 2581 1817 ostium;
2644 1754 2721 1807 sic
2776 1770 2945 1807 causa
3002 1754 3217 1807 detinet
3246 1762 3562 1824 peccatum,
3594 1774 3708 1828 qua
3740 1776 3826 1812 re-

2132 1848 2289 1897 mota
2320 1849 2664 1906 removetur,
2698 1848 2752 1895 et
2782 1842 3004 1895 sublato
3028 1848 3255 1911 peccato
3279 1851 3435 1912 patet
3461 1846 3549 1898 via
3580 1848 3825 1901 Christo.

2134 1932 2385 1997 Dixerat,
2442 1930 2578 2000 quia
2628 1930 2866 1983 dilectus
2917 1946 3089 1983 manu
3123 1930 3294 1983 missa
3346 1948 3449 2001 per
3478 1934 3737 1988 foramen
3768 1952 3825 1990 se

2129 2020 2379 2089 tetigerit
2435 2036 2498 2073 ac
2528 2026 2773 2073 tremore
2821 2020 3205 2073 concusserit:
3236 2021 3397 2090 cujus
3448 2027 3600 2076 tactu
3657 2025 3825 2077 vehe-

2130 2114 2357 2161 menter
2378 2108 2753 2173 inﬂammata,
2781 2108 3075 2177 cupitjam
3101 2124 3213 2160 non
3244 2124 3355 2178 per
3381 2111 3706 2179 angustiam
3740 2113 3823 2165 fo-

2132 2196 2369 2249 raminis
2420 2198 2543 2265 ejus
2610 2212 2783 2249 manu
2816 2197 3097 2265 contingi,
3158 2198 3255 2249 sed
3315 2200 3598 2267 patefacta
3647 2202 3830 2254 cordis

2125 2286 2303 2356 janua
2358 2284 2680 2338 felicissimo
2711 2285 2832 2353 ejus
2881 2286 3151 2354 amplexu
3207 2286 3444 2354 perfrui,
3480 2286 3536 2341 id
3586 2294 3668 2341 est
3697 2307 3830 2342 sua-

2130 2374 2302 2427 vitate
2356 2372 2563 2426 divina
2614 2373 3013 2426 illustrationis
3061 2388 3233 2442 quam
3278 2374 3486 2443 raptim
3547 2384 3824 2441 senserat,

2132 2462 2358 2533 plenius
2387 2462 2600 2527 satiari,
2656 2462 2751 2515 sed
2801 2462 2936 2532 quia
2974 2462 3118 2514 nulli
3150 2462 3461 2516 electorum
3495 2464 3553 2516 in
3581 2464 3683 2516 bac
3716 2465 3832 2517 vita

2132 2550 2461 2604 conceditur
2497 2550 2746 2621 perfecta
2791 2549 2931 2602 visio
2995 2556 3361 2614 aternorum,
3422 2568 3549 2621 qua
3605 2551 3660 2605 in
3718 2554 3829 2606 alia

2133 2639 2245 2691 vita
2280 2645 2619 2703 reservatur,
2672 2637 2937 2690 subditur
2963 2644 3111 2691 recte
3138 2655 3151 2691 :
3213 2642 3292 2691 At
3322 2639 3414 2692 ille
3434 2639 3824 2695 declinaverat.

2132 2728 2336 2781 Anima
2367 2742 2503 2793 mea,
2536 2732 2643 2781 etc.
2676 2726 2810 2779 Ecce
2834 2726 2955 2796 jam
3004 2726 3207 2779 tertius
3242 2726 3454 2795 gradus
3481 2742 3493 2779 :
3540 2728 3829 2797 primitiva

2131 2815 2241 2869 fuit
2286 2830 2352 2868 ex
2402 2814 2610 2869 Judais
2661 2830 2971 2880 conversa;
3018 2819 3128 2883 ’per
3178 2829 3372 2884 quam,
3425 2818 3481 2867 et
3526 2822 3827 2885 postquam

2130 2903 2252 2957 hac
2281 2903 2527 2972 gentilis,
2583 2902 2651 2955 de
2705 2918 2818 2973 qua
2862 2903 3135 2955 hactenus
3159 2908 3345 2956 actum
3372 2909 3493 2969 est;
3519 2920 3646 2974 qua
3681 2906 3826 2959 Gen-

2070 2989 2090 3040 ‘.
2128 2993 2242 3046 tilis
2271 2998 2333 3045 ut
2352 2992 2621 3055 diximus,
2674 2990 2777 3044 bac
2804 2991 3030 3043 tertiam
3080 2990 3349 3059 instituit,
3398 2991 3466 3045 de
3502 3009 3614 3063 qua
3657 2994 3827 3048 modo

2128 3079 2483 3150 exsequitur:
2549 3096 2677 3149 qua
2711 3096 2890 3149 usque
2920 3080 2990 3133 ad
3052 3078 3416 3133 novissimam
3463 3080 3825 3135 intrationem

2128 3170 2506 3238 reliquiarum
2556 3168 2725 3221 Israel
2786 3167 3015 3221 durabit
3068 3182 3325 3220 successu
3372 3169 3741 3237 pralatorum
3774 3175 3830 3221 et

2128 3257 2509 3310 subditorum.
2566 3256 2767 3310 Transi
2846 3255 3103 3326 quidem,
3167 3256 3264 3309 sed
3330 3261 3521 3309 tamen
3607 3257 3827 3311 locutus

2129 3351 2213 3398 est
2272 3346 2412 3399 mihi
2497 3345 2766 3399 mandata
2831 3361 2932 3397 sua
3007 3345 3357 3415 relinquens,
3411 3349 3475 3397 ut
3542 3346 3829 3414 patienter

2130 3450 2262 3488 eum
2312 3440 2740 3504 exspectarem:
2774 3438 2829 3486 et
2872 3438 3173 3503 postquam
3203 3433 3421 3485 locutus
3479 3439 3581 3501 est,
3620 3435 3829 3489 Anima

2130 3540 2243 3577 mea
2285 3524 2585 3592 liquefacta
2637 3526 2733 3576 est.
2797 3522 3033 3588 Quaesivi
3079 3527 3129 3575 et
3158 3537 3265 3576 non
3290 3522 3475 3575 inveni
3511 3523 3700 3576 illum:
3736 3538 3829 3577 υο-

2118 3616 2265 3679 cavi,
2324 3619 2429 3666 etc.
2498 3614 2608 3665 Vox
2641 3612 2896 3682 ejusdem
2952 3611 3230 3680 Ecclesia,
3291 3626 3419 3681 qua
3458 3613 3703 3682 aperuit,
3735 3630 3825 3667 se-

2129 3701 2377 3755 cundum
2404 3702 2532 3754 illos
2579 3717 2725 3770 quos
2785 3700 3012 3769 aperuit
3041 3716 3055 3767 ;
3082 3715 3211 3770 qua
3260 3698 3417 3769 prius
3464 3705 3589 3753 erat
3631 3707 3829 3755 venter

2128 3791 2212 3841 vel
2239 3804 2344 3841 vox
2371 3789 2648 3858 ipsorum.

2202 3878 2359 3929 Vens.
2412 3880 2467 3929 7.
2526 3906 2599 3914 —
2666 3876 2924 3929 Tulerunt
2976 3876 3234 3943 pallium.
3304 3875 3522 3943 (Gai-Ic.)
3580 3876 3826 3931 Pallium

2128 3965 2334 4017 tollunt
2384 3963 2797 4033 pradicatores,
2830 3964 3080 4033 quando,
3130 3963 3174 4014 si
3197 3963 3330 4032 quid
3356 3978 3579 4033 pompa
3602 3967 3830 4017 sacula-

2128 4054 2206 4105 ris
2237 4050 2528 4104 residuum
2586 4056 2725 4116 erat,
2760 4050 2828 4103 ab
2886 4050 3080 4103 anima
3132 4050 3419 4114 auferunt,
3453 4052 3561 4116 vel,
3595 4052 3638 4103 si
3673 4052 3827 4121 quod

2128 4146 2422 4213 peccatum
2454 4156 2553 4210 per
2586 4138 2972 4209 ignorantiam
3004 4139 3210 4205 inerat,
3243 4140 3538 4208 detegunt.

2199 4230 2360 4282 Vens.
2418 4230 2470 4282 8.
2518 4258 2584 4267 —
2644 4227 2866 4294 Λάμινο
2914 4242 3027 4293 vos,
3055 4228 3186 4295 ﬁlia
3222 4228 3540 4295 Jerusalem,
3587 4231 3639 4282 si
3678 4230 3825 4281 inve-

2123 4320 2333 4385 neritis,
2369 4322 2474 4370 etc.
2506 4316 2952 4370 Adolescentula
2990 4317 3111 4385 jam
3165 4316 3235 4370 ad
3270 4317 3519 4387 aliquam
3550 4317 3825 4386 cognitio-

2130 4423 2267 4459 nem
2293 4411 2594 4476 promota,
2654 4405 2722 4458 ad
2778 4405 3021 4459 famulos
3071 4405 3190 4473 Dei,
3239 4422 3382 4475 quos
3421 4405 3738 4474 angelicam
3768 4406 3825 4459 in

2127 4494 2294 4549 terris
2352 4493 2525 4547 vitam
2576 4509 2745 4564 agere
2804 4494 3062 4560 credunt,
3116 4495 3317 4547 devote
3365 4494 3601 4547 veniunt
3644 4497 3701 4547 et
3728 4510 3825 4547 eos

2126 4587 2383 4647 exorant,
2452 4588 2515 4636 ut
2560 4583 2621 4636 in
2672 4589 2931 4653 tempore
2979 4599 3097 4636 sua
3146 4582 3419 4635 orationis
3471 4583 3715 4637 Domino
3768 4599 3824 4636 se

2125 4670 2546 4725 commendent.
2608 4671 2715 4723 Vos
2771 4672 2905 4725 tilia
2932 4672 3245 4725 Jerusalem
3278 4688 3661 4742 supernorum
3694 4672 3815 4742 spi-

2124 4759 2363 4826 rituum,
2428 4759 2527 4831 qui
2562 4760 2684 4830 jam
2740 4776 2871 4813 cum
2928 4761 3040 4813 Deo
3088 4766 3353 4831 regnant.
3408 4762 3525 4827 Vel,
3554 4761 3823 4831 pet-tilias

2123 4848 2435 4903 Jerusalem
2484 4865 2786 4919 possumus
2843 4848 3098 4919 accipere
3168 4850 3342 4903 etiam
3384 4849 3705 4914 inferiores,
3759 4850 3822 4903 in

2127 4938 2386 5005 Ecclesia,
2411 4954 2553 5009 quos
2592 4938 2761 4991 etiam
2797 4937 3109 4991 admonent
3156 4938 3499 5009 superiores,
3535 4944 3598 4992 ut
3627 4954 3818 4992 secum

2123 5032 2384 5098 quaraut
2409 5043 2421 5080 :
2451 5026 2586 5097 quia
2608 5026 2760 5097 quod
2792 5044 2823 5079 a
2854 5026 3115 5097 pluribus
3135 5028 3435 5098 quaritur,
3470 5028 3819 5098 quandoque

2121 5115 2285 5168 citius
2316 5116 2618 5185 reperitur,
2669 5120 2744 5184 et,
2807 5120 2867 5169 ut
2938 5116 3150 5186 ubique
3196 5116 3443 5169 charitas
3495 5115 3817 5169 dilectionis

2122 5204 2477 5257 ostendatur.

2194 5293 2353 5346 Vens.
2405 5294 2456 5345 9.
2507 5322 2575 5329 —
2624 5291 2812 5357 Qualis
2876 5297 2953 5346 est
3005 5292 3251 5346 dilectus.
3300 5293 3429 5346 Hac
3484 5308 3695 5362 sponsa
3723 5309 3815 5346 re-

2119 5382 2311 5435 colens
2342 5380 2545 5433 intima
2590 5380 2973 5446 conscientia,
3034 5381 3373 5450 eXpavescit,
3407 5387 3464 5435 et
3520 5381 3815 5450 pigritiam

2118 5484 2278 5521 suam
2313 5484 2577 5521 accusans
2620 5484 2683 5521 ex
2710 5468 3035 5523 humilitate
3064 5469 3133 5522 ad
3160 5469 3415 5523 laborem
3458 5468 3713 5539 festinat,
3738 5470 3819 5524 di-

2117 5572 2283 5609 cens:
2318 5555 2583 5623 Obsecro,
2614 5556 2749 5627 quia
2796 5572 2876 5609 sic
2910 5556 3185 5626 adjurasti
3217 5572 3319 5611 nos
3346 5557 3565 5613 fervore
3604 5558 3811 5613 divina
