4074 6186
339 260 473 312 1155

960 256 1347 312 WALAFRIDI
1385 256 1632 312 STRABI
1671 256 1868 312 FULD.
1911 255 2074 312 ΜΟΝ.
2115 254 2267 311 OPP.
2313 257 2484 312 PARS
2531 258 2576 312 ι.
2616 286 2684 295 -——
2722 256 3182 315 TIIEOLOGICA.

3702 264 3845 317 1156

336 379 648 449 charitatis,
684 395 855 451 quam
877 378 1072 446 habes,
1105 394 1197 433 me
1218 394 1446 449 quoque
1474 378 1560 433 fac
1593 379 1816 447 ardere,
1850 383 1907 433 et
1936 396 2023 434 sa-
2054 382 2099 433 Α
2137 380 2409 449 apostolis
2449 384 2507 433 at
2532 378 2846 451 prophetis,
2880 381 2980 452 qui
3018 382 3288 438 concordi
3327 399 3483 449 voce,
3512 400 3631 439 non
3656 385 3845 440 solum

336 470 507 524 lutari
537 467 927 524 admonitione
956 468 1015 521 in
1046 469 1167 541 ejus
1198 484 1390 523 amore
1422 484 1513 523 me
1534 468 1860 523 confirmes.
1883 471 2031 539 Apta

339 563 395 613 et
426 557 713 629 prmconia
742 558 1018 612 virtutum
1047 576 1112 615 ac
1139 558 1409 631 potentiae
1441 559 1563 628 ejus
1587 573 1839 627 congrua
1867 557 2030 611 laude

340 647 668 714 decantans,
702 647 890 702 denuo
916 645 1324 722 interrogatur.
1360 646 1417 699 in
1447 645 1706 716 qualium
1741 645 2029 700 mentibus

346 735 469 806 ejus
489 736 709 789 soleant
731 734 966 806 vestigia
988 735 1245 805 reperiri.

406 824 575 877 Vens.
609 826 691 877 10.
716 855 783 863 -
814 826 1050 880 Dilectus
1107 841 1253 880 meus
1276 823 1547 879 candidus
1578 828 1629 877 et
1666 822 2025 877 rubicundus.

335 911 631 982 Condigua
685 914 1076 984 quaerentibus
1124 930 1158 967 a
1216 921 1381 984 parte
1438 928 1661 983 sponsa:
1714 910 2025 979 responsio.

332 1000 565 1053 Dilectus
603 1015 774 1056 meus.
844 1001 1060 1071 Primo,
1124 1003 1371 1056 mundus
1422 1005 1480 1054 et
1534 1004 1759 1053 sanctus
1786 999 1945 1052 venit
1973 998 2031 1051 in

332 1087 638 1156 mundum,
700 1090 1062 1160 postmodum
1120 1090 1384 1161 passione
1442 1094 1712 1143 cruentus
1741 1086 1915 1140 exivit
1961 1086 2031 1140 de

334 1174 576 1230 mundo.
655 1177 762 1232 Per
827 1179 1142 1249 candidum,
1194 1195 1451 1233 amorem
1508 1175 1862 1242 Divinitatis;
1930 1190 2033 1245 per

331 1263 716 1327 rubicundum,
751 1283 981 1322 carnem
1038 1284 1264 1339 passam
1298 1268 1511 1338 accipe,
1544 1271 1607 1320 ut
1630 1266 1805 1319 Deum
1836 1268 1893 1317 et
1923 1265 2031 1317 lio-

333 1351 550 1407 minem
608 1359 786 1423 notet,
820 1361 876 1410 et
927 1357 985 1411 in
1014 1362 1255 1429 utroque
1305 1359 1515 1412 electus.
1550 1356 1770 1409 Electus
1809 1369 1876 1406 ea:
1906 1353 2030 1406 mil-

335 1441 494 1495 libus.
529 1442 671 1506 Quia
703 1461 850 1498 unus
898 1446 1174 1500 Mediator
1220 1447 1288 1501 de
1319 1445 1478 1499 omni
1517 1459 1759 1498 numero
1799 1442 2029 1510 angelo-

335 1546 484 1595 rum,
532 1533 616 1585 vel
676 1534 980 1588 hominum
1037 1539 1339 1605 acceptus;
1384 1534 1533 1588 unde
1565 1531 1798 1586 dicitur:
1827 1532 1926 1585 Hic
1954 1535 2033 1584 est

335 1618 510 1674 Filius
552 1636 697 1676 meus
740 1623 984 1689 dilectus,
1046 1630 1152 1678 etc.
1186 1624 1399 1691 (Matth.
1437 1621 1556 1689 iu.)
1604 1620 1745 1684 Quia
1800 1635 1915 1673 non
1946 1623 2032 1672 est

333 1708 579 1762 inventus
621 1710 785 1777 alius,
818 1727 988 1780 neque
1038 1714 1097 1765 in
1125 1714 1277 1778 caelo,
1306 1725 1475 1780 neque
1528 1713 1585 1763 in
1633 1713 1778 1761 terra
1804 1710 1901 1775 qui
1939 1723 2032 1761 ac-

335 1795 533 1864 ciperet
562 1797 769 1852 librum
802 1798 995 1868 (Apoc.
1027 1800 1108 1865 v).

406 1885 569 1938 Vans.
632 1888 689 1939 11
781 1899 850 1926 -έ-
907 1888 1084 1956 Caput
1138 1888 1255 1956 ejus
1321 1903 1518 1941 aurum
1579 1889 1859 1956 Optimum.
1909 1884 2033 1938 Alia

331 1973 670 2027 translatio:
723 1976 905 2029 Crines
951 1977 1067 2043 ejus
1118 1976 1352 2030 abietes:
1415 1975 1607 2044 Abies,
1641 1976 1831 2029 Graece
1875 1972 2027 2030 ἐλατη

332 2064 585 2115 vocatur.
622 2062 776 2116 Unde
827 2063 918 2116 hic
957 2065 1124 2132 elate,
1152 2080 1265 2117 non
1298 2064 1581 2127 Latinum,
1625 2063 1720 2117 sed
1773 2063 2030 2117 Graecum

334 2147 577 2202 videtur.
638 2150 733 2204 Vel
801 2156 993 2221 caput,
1053 2151 1109 2206 id
1174 2158 1262 2206 est
1318 2152 1612 2218 Divinitas,
1671 2150 1809 2222 quia
1862 2155 2033 2219 caput

335 2237 540 2293 Christi
581 2239 720 2292 Deus
747 2239 894 2308 (Cor.
956 2241 1033 2309 ιι).
1085 2242 1256 2297 Comz
1287 2242 1425 2311 ejus,
1484 2239 1539 2294 id
1594 2243 1697 2303 est,
1730 2237 2030 2306 cogitatio-

332 2340 434 2378 nes
481 2324 603 2394 ejus
653 2330 859 2380 sanctaa
907 2332 964 2381 et
1010 2336 1200 2395 rectae,
1248 2318 1304 2382 et
1344 2334 1540 2382 tamen
1599 2327 1784 2382 stultis
1840 2326 2030 2397 despi-

329 2411 554 2466 cabiles.
611 2414 794 2480 Nigra:
859 2419 1020 2483 quasi
1072 2432 1279 2481 corvus,
1332 2415 1712 2486 Despicabiles
1785 2415 2028 2483 mundo,

330 2498 493 2569 quasi
524 2499 622 2554 illa
647 2501 896 2556 clamosa
923 2502 1263 2575 etimproba
1309 2504 1445 2558 avis.
1485 2505 1599 2571 Vel,
1627 2507 1789 2573 quasi
1817 2519 2028 2573 corvus,

328 2592 392 2641 ut
421 2588 562 2642 nulli
590 2596 941 2644 sacramenta
975 2592 1233 2646 Ecclesiae
1267 2593 1648 2659 committant,
1684 2593 1864 2647 donec
1894 2592 2025 2660 sibi,

326 2675 415 2730 vel
467 2677 635 2730 matri
692 2678 932 2733 similari
979 2680 1228 2749 videant,
1290 2683 1398 2750 vel,
1460 2680 1597 2752 quia
1628 2697 1759 2735 cum
1798 2681 2026 2751 pulchri

328 2770 480 2831 sunt,
508 2781 566 2819 se
588 2765 759 2820 fuisse
792 2768 974 2838 nigris
1001 2768 1330 2841 intelligunt
1350 2787 1415 2824 ex
1439 2776 1645 2825 natura
1674 2786 1798 2824 sua.

399 2854 559 2908 Vens.
596 2856 681 2910 l2.
758 2885 828 2896 —
898 2856 1051 2912 Oculi
1105 2859 1222 2927 ejus
1267 2862 1409 2913 sicut
1475 2858 1744 2914 columbae.
1805 2859 2022 2929 (Gaza)

2142 467 2265 536 ejus
2298 484 2610 534 sermones,
2676 469 2770 523 sed
2803 470 2977 523 etiam
3012 486 3201 524 mores
3232 472 3406 525 sacris
3460 472 3687 543 paginis
3743 473 3843 527 de-

2143 555 2443 626 scripsere,
2503 556 2562 609 iu
2619 556 2813 610 futura
2870 556 2995 626 ejus
3050 574 3256 612 arcana
3302 560 3715 627 incarnatione,
3776 578 3841 615 ex

2146 644 2429 699 modestia
2485 638 2757 699 Lazarum
2786 645 2959 713 ﬂevit,
2990 646 3136 701 sicut
3183 663 3363 718 agnus
3412 649 3719 711 obmutuit,
3784 655 3842 703 et

2146 733 2299 787 talia.
2362 734 2535 788 Labia
2580 735 2698 802 ejus
2746 734 2870 789 lilia
2917 735 3256 790 distillantia
3293 738 3595 808 myrrham.
3656 739 3839 791 Verba

2141 821 2416 876 doctrinae
2441 823 2564 891 ejus
2593 824 2715 876 lilia
2746 839 2877 894 quae
2902 823 3218 878 claritatem
3249 826 3411 896 regni
3435 826 3674 879 cmlestis
3702 843 3839 897 pro-

2142 909 2399 977 mittunt,
2433 911 2627 982 gravia
2668 910 3040 981 patientibus,
3071 915 3309 981 primam
3358 916 3661 983 myrrham,
3704 915 3844 987 quia

2142 1003 2535 1068 contemptum
2564 997 2925 1067 voluptatum
2957 998 3291 1068 praedicant.

2210 1085 2373 1140 Vens.
2410 1086 2494 1140 14.
2536 1116 2606 1125 --
2650 1088 2846 1141 Manus
2876 1087 3045 1141 illius.
3083 1087 3147 1142 Id
3185 1093 3290 1153 est,
3348 1104 3526 1159 opera
3579 1089 3790 1144 Christi
3823 1107 3838 1144 :

2143 1190 2272 1245 qua:
2305 1175 2460 1228 enim
2488 1174 2658 1229 verbo
2696 1175 2907 1238 docuit,
2940 1191 3113 1245 opere
3142 1177 3467 1246 complevit,
3500 1182 3565 1231 ut
3602 1180 3671 1232 de
3701 1179 3840 1233 doc-

2142 1265 2293 1317 trina
2326 1279 2428 1317 suo
2460 1263 2753 1330 mirantes,
2783 1263 3054 1334 operibus
3085 1265 3475 1319 confirmaret.
3510 1268 3838 1334 Tornatiles,

2142 1352 2277 1423 quia
2307 1351 2366 1404 in
2397 1362 2667 1422 promptu
2700 1351 2871 1406 habet
2902 1351 3084 1407 facere
3114 1354 3270 1424 quod
3313 1355 3450 1421 vult,
3520 1354 3665 1409 sicut
3718 1361 3841 1410 tor-

2142 1446 2349 1494 natura
2376 1441 2597 1495 caeteris
2627 1446 2712 1495 est
2756 1441 3081 1511 promptior
3100 1441 3317 1497 artibus
3350 1459 3363 1496 :
3398 1450 3457 1497 et
3484 1442 3620 1514 quia
3678 1444 3737 1497 iu
3779 1461 3841 1498 se

2141 1546 2369 1585 omnem
2398 1528 2638 1599 justitize
2671 1530 2927 1599 regulam
2948 1535 3123 1596 tenet,
3148 1530 3300 1585 unde
3330 1530 3541 1585 dicitur
3572 1548 3585 1586 :
3615 1532 3841 1602 Oportet

2141 1621 2199 1673 in
2222 1635 2304 1672 me
2350 1618 2569 1688 impleri
2612 1634 2817 1673 omnem
2859 1620 3140 1688 justitiam
3194 1619 3419 1689 (Matth.
3475 1623 3577 1688 ιιι).
3635 1625 3842 1676 Aurea

2137 1708 2312 1777 plenae
2337 1707 2668 1772 hiacynthis.
2695 1706 2839 1770 Quia
2866 1706 3104 1759 virtutes
3134 1723 3277 1778 quas
3305 1705 3364 1761 in
3412 1707 3649 1762 homine
3705 1725 3838 1779 ges-

2144 1795 2235 1858 sit,
2266 1792 2583 1847 divinitatis
2620 1793 2805 1864 gratia
2842 1795 3082 1865 perfecit
3114 1810 3127 1848 :
3162 1811 3291 1866 qum
3321 1812 3425 1849 nos
3462 1796 3532 1851 ad
3589 1814 3751 1869 spem
3782 1803 3843 1851 et

2142 1882 2213 1936 ad
2275 1897 2535 1936 amorem
2587 1882 3212 1939 caelestium-excitant.
3284 1884 3627 1955 Hiacynthus
3680 1886 3836 1940 enim

2143 1970 2297 2024 aerei
2325 1970 2531 2024 coloris
2562 1974 2666 2025 est.
2704 1973 2901 2027 Venter
2919 1973 3033 2042 ejus
3081 1972 3361 2037 eburneus,
3394 1971 3451 2026 id
3500 1979 3605 2041 est,
3660 1973 3837 2045 fragi-

2143 2059 2270 2112 litas
2323 2060 2743 2114 humanitatis:
2804 2060 3064 2115 eburneus
3123 2077 3228 2130 pro
3273 2060 3475 2115 decore
3537 2062 3837 2130 castitatis,

2142 2147 2276 2217 quia
2304 2147 2377 2201 ab
2408 2148 2566 2201 omni
2596 2153 2829 2218 peccato
2894 2148 3188 2203 immunis.
3222 2150 3541 2218 Distinctus,
3597 2151 3835 2216 scilicet,

2141 2252 2256 2289 non
2284 2240 2437 2289 totus
2467 2237 2772 2302 eburneus,
2820 2252 2925 2290 nec
2952 2241 3109 2290 totus
3138 2237 3528 2308 sapphirinus.
3583 2237 3833 2309 Sapphi-

2141 2339 2237 2376 rus
2313 2324 2729 2377 sublimitatem
2784 2323 3098 2378 caelestium
3157 2324 3461 2395 signiticet.
3520 2326 3835 2381 Distinctus

2139 2427 2297 2482 ergo,
2330 2412 2467 2483 quia
2499 2412 2707 2483 partim
2738 2412 2992 2467 humana
3052 2412 3332 2485 fragilitas
3389 2414 3598 2482 esurie,
3643 2421 3833 2469 tanta-

2137 2501 2311 2567 tione,
2346 2500 2700 2571 fatigatione,
2744 2506 2947 2569 morte,
3006 2503 3215 2572 partim
3274 2502 3466 2557 divina
3527 2503 3831 2573 celsitudo,

2138 2589 2451 2655 miraculis,
2508 2590 2921 2644 resurrectione
2975 2597 3029 2645 et
3086 2590 3415 2646 ascensione
3462 2591 3826 2664 intelligitur.

2134 2677 2448 2748 Sapphirus
2469 2679 2640 2732 habet
2673 2678 2920 2749 speciem
2942 2678 3127 2732 sereni
3156 2679 3308 2734 cceli.

2207 2766 2367 2820 Vens.
2410 2769 2493 2822 15.
2551 2796 2621 2807 -
2677 2769 2860 2822 Crura
2892 2768 3041 2822 illius
3071 2770 3343 2828 columna,
3371 2768 3427 2822 id
3460 2772 3566 2834 est,
3621 2768 3832 2823 itinera

2138 2854 2442 2925 passionis,
2520 2855 2954 2924 incarnationis,
3036 2874 3166 2928 quae
3244 2859 3500 2912 columnae
3554 2856 3829 2913 dicuntur

327 2940 524 2996 Solent
568 2942 848 2996 columbae
889 2945 1055 3012 juxta
1083 2944 1300 2999 ﬂuenta
1348 2962 1628 3017 aquarum
1661 2946 1929 3015 residere,
1963 2952 2026 3000 ut
2057 2947 2097 3002 C
2137 2948 2370 3014 propter
2416 2944 2821 3000 rectitudinem
2849 2950 2905 2999 et
2931 2945 3306 3012 ,tirmitatem,
3364 2945 3501 3017 quia
3546 2946 3831 3018 quidquid

328 3030 642 3085 volantium
694 3031 882 3086 avium
927 3031 989 3086 in
1035 3050 1185 3104 aqua
1243 3034 1505 3088 umbram
1553 3034 1805 3097 videant,
1864 3039 1921 3089 et
1946 3035 2026 3089 sic

327 3135 548 3189 ungues
597 3119 805 3175 vitent:
863 3120 944 3174 sic
977 3122 1159 3175 sancti
1187 3122 1245 3176 in
1294 3122 1602 3193 Scripturis
1654 3122 1881 3177 fraudes
1908 3123 2023 3177 dte-

330 3223 563 3262 monum
614 3209 988 3278 prospiciunt,
1021 3215 1079 3264 et.
1124 3227 1188 3264 ex
1218 3210 1578 3280 deceptione,
1611 3227 1784 3282 quam
1832 3216 2022 3266 atten-

324 3294 491 3363 dunt,
522 3296 686 3367 quasi
715 3313 783 3351 ex
811 3297 1013 3351 umbra
1033 3298 1259 3353 hostem
1285 3305 1655 3367 cognoscunt,
1688 3306 1744 3353 et
1770 3299 2020 3369 fugiunt,

324 3398 453 3453 quae
477 3384 690 3438 ﬂuenta
713 3385 1046 3455 plenissima
1073 3387 1361 3452 dicuntur,
1405 3388 1540 3458 quia
1577 3387 1646 3442 de
1679 3388 2025 3459 quibuscnn-

324 3486 437 3541 que
466 3471 527 3525 in
579 3470 872 3542 Scriptura
916 3473 1218 3528 consilium
1267 3475 1562 3545 quaeritur,
1615 3490 1720 3546 per
1762 3475 1919 3528 illam
1950 3475 2020 3529 ad

324 3560 558 3629 plenum
620 3560 928 3615 invenitur.
991 3562 1182 3616 Potest
1233 3562 1295 3617 in
1353 3562 1570 3627 rivulis,
1629 3562 1833 3617 veteris
1877 3562 2021 3634 legis

323 3644 608 3709 eruditio;
662 3645 722 3700 in
753 3645 1003 3714 ﬂuentis,
1055 3649 1382 3720 evangelica
1427 3648 1700 3721 perfectio
1745 3649 2018 3720 intelligi:

321 3732 459 3804 quia
513 3733 919 3803 praedicatores
951 3741 1009 3791 et
1035 3752 1182 3791 nova
1211 3743 1268 3793 et
1294 3743 1485 3792 vetera
1513 3738 1831 3808 proferunt.
1868 3739 2021 3795 Oculi

320 3823 460 3890 ejus.
485 3821 547 3877 Id
579 3826 685 3889 est,
730 3823 881 3878 dona
912 3825 1093 3879 sancti
1133 3812 1398 3896 Spiritus,
1428 3843 1558 3897 quas
1588 3826 1709 3896 ipse
1739 3827 1856 3895 dat,
1889 3842 2019 3897 qua:

319 3916 600 3965 amatores
660 3927 813 3977 suos,
847 3928 962 3968 non
991 3915 1051 3969 in
1098 3930 1260 3969 coeno
1318 3931 1477 3969 more
1524 3931 1830 3987 porcorum
1871 3915 2019 3969 volvi

320 3999 679 4070 permittunt,
742 4001 838 4056 sed
894 4001 954 4056 in
1008 4002 1385 4058 similitudine
1425 4019 1706 4075 aquarum
1749 4004 1932 4057 claros
1962 4009 2018 4058 et

319 4087 654 4159 perspicuos
707 4090 972 4159 reddunt,
1004 4091 1084 4146 nil
1115 4092 1483 4147 tenebrosum
1518 4093 1812 4147 habentes.
1856 4092 2017 4147 Unde

319 4180 377 4229 et
406 4176 601 4230 rivulis
646 4180 705 4231 et
728 4178 959 4232 mundis
1012 4178 1194 4250 aquis,
1255 4196 1374 4234 non
1410 4180 1627 4250 stagnis
1673 4180 2015 4235 turbulentis

318 4270 735 4335 comparantur,
786 4266 921 4337 quia
974 4268 1154 4321 Deum
1201 4267 1413 4334 vident,
1448 4273 1504 4322 et
1535 4268 1858 4322 divinorum
1880 4269 2011 4322 cha-

316 4352 621 4406 rismatum
651 4354 775 4408 luce
807 4354 1118 4424 replentur.
1170 4355 1307 4420 Quae
1338 4356 1698 4423 charismata,
1731 4357 1866 4428 quia
1896 4359 2015 4412 sola

315 4439 500 4509 gratia
530 4439 758 4505 dantur,
812 4442 1099 4496 subditur:
1147 4442 1276 4508 Quae
1313 4444 1454 4500 lacte
1501 4449 1628 4499 sunt
1674 4446 1812 4500 tota.
1872 4445 2015 4509 Quia

317 4528 463 4580 sicut
492 4533 676 4581 mater
727 4530 847 4583 sola
904 4531 1150 4584 naturali
1191 4530 1494 4586 dilectione
1549 4534 1632 4587 lac
1662 4533 1793 4587 filiis
1826 4533 2016 4587 minis-

317 4620 453 4681 trat,
483 4614 562 4669 sic
592 4616 737 4670 Deus
767 4617 888 4671 sola
915 4618 1096 4688 gratia
1128 4618 1280 4674 dona
1313 4619 1720 4689 charismatum
1748 4620 1881 4675 ﬁliis
1910 4622 2014 4676 do-

318 4709 434 4758 nat.
471 4704 609 4768 Quae
631 4704 1069 4776 residentjuxta
1100 4707 1317 4762 ﬂuenta
1338 4709 1669 4778 plenissima
1699 4726 2012 4780 aquarum:

318 4794 455 4866 quia
477 4800 690 4866 quanto
740 4796 809 4850 de
868 4796 981 4849 Deo
1010 4797 1218 4852 clarius
1276 4797 1491 4864 vident,
1526 4802 1684 4853 tanto
1714 4799 1898 4870 magis
1943 4800 2015 4855 ad

316 4882 522 4937 altiora
546 4883 945 4953 cognoscenda
974 4885 1300 4939 intendunt.

390 4971 556 5025 Vens.
602 4974 686 5027 l2.
745 5002 815 5011 —
872 4973 1046 5028 Genz.
1103 4974 1160 5027 Id
1219 4978 1324 5043 est,
1393 4974 1676 5029 modestia
1727 4979 1783 5029 et
1831 4975 2018 5046 pietas

317 5058 642 5127 Salvatoris,
695 5078 823 5133 quae
877 5061 937 5115 in
1003 5061 1102 5116 illo
1152 5063 1522 5134 singulariter
1580 5064 1818 5119 refulsit.
1865 5065 2016 5121 Sicut

317 5150 528 5203 areolae.
586 5149 1083 5213 Quemadmodum
1160 5154 1437 5207 ordinata:
1497 5158 1629 5207 sunt
1687 5154 1894 5229 areola:
1944 5154 2014 5208 ab

316 5236 645 5292 hominibus
704 5240 1159 5308 exspectantibus
1211 5240 1401 5295 odoris
1449 5241 1784 5296 suavitatem
1839 5248 1896 5296 et
1933 5258 2016 5295 as-

316 5329 515 5394 pectus
576 5326 842 5395 gratiam,
902 5325 980 5379 ita
1031 5326 1303 5383 Mediator
1366 5329 1425 5382 in
1479 5345 1652 5383 carne
1710 5344 2012 5401 apparens,

321 5410 593 5466 doctrinae
625 5413 905 5469 modestia
925 5418 982 5469 et
1010 5414 1311 5470 dulcedine
1332 5416 1651 5471 delectabat
1680 5423 2012 5487 praesentes,

320 5497 643 5555 attrahebat
669 5500 959 5558 absentes:
1012 5504 1210 5559 consite
1238 5519 1270 5558 a
1298 5504 1721 5574 pigmentariis;
1764 5504 1874 5560 hoc
1903 5509 2012 5575 est,

2135 3048 2238 3103 per
2270 3048 2403 3086 eum
2433 3038 2661 3102 gestum
2693 3038 2799 3102 est,
2830 3040 2960 3087 ante
2991 3040 3250 3104 tempora
3275 3049 3308 3087 a
3339 3034 3453 3087 Deo
3484 3033 3828 3104 dispositum

2134 3125 2232 3174 est.
2292 3122 2554 3177 Fundata:
2598 3136 2764 3190 super
2820 3121 2992 3179 bases.
3029 3121 3088 3176 Id
3137 3127 3225 3175 est
3278 3137 3451 3192 super
3495 3123 3830 3193 prophetas,

2134 3208 2270 3279 quia
2293 3208 2423 3263 talis
2447 3208 2734 3280 apparuit,
2771 3209 2959 3280 qualis
2987 3209 3292 3280 praedictus
3343 3210 3413 3264 ab
3472 3210 3585 3264 illis
3624 3211 3684 3264 in
3737 3213 3830 3266 di-

2132 3298 2265 3351 vina
2285 3297 2663 3368 dispositione
2685 3297 3029 3367 legentibus.
3064 3298 3163 3352 Vel
3194 3298 3344 3353 bases
3373 3298 3498 3370 ipsa
3524 3298 3829 3370 dispositio

2133 3384 2255 3451 Dei,
2290 3401 2418 3457 quia
2442 3385 2746 3440 ordinavit.
2770 3385 2985 3454 Species
3013 3386 3130 3454 ejus
3169 3390 3228 3439 ut
3262 3386 3483 3440 Libani.
3524 3386 3673 3451 Quid
3725 3403 3831 3458 per

2131 3473 2359 3544 singula
2402 3473 2581 3545 ipsius
2630 3473 3029 3544 Redemptoris
3085 3473 3345 3528 membra
3398 3473 3586 3541 laudo,
3629 3480 3829 3530 totum

2130 3560 2286 3615 brevi
2324 3561 2809 3633 comprehendam
2844 3577 2856 3616 :
2907 3561 3194 3631 quomodo
3225 3562 3466 3617 Libanus
3523 3562 3827 3617 altitudine

2131 3654 2187 3703 et
2207 3649 2586 3719 amplitudine
2607 3653 2690 3703 est
2717 3648 2993 3719 insignis:
3031 3649 3110 3703 ita
3140 3649 3417 3705 Dominus
3443 3650 3595 3705 inter
3621 3668 3826 3707 omnes

2129 3737 2229 3808 qui
2257 3737 2326 3792 de
2353 3743 2502 3791 terra
2534 3736 2646 3791 orti
2668 3742 2825 3807 sunt,
2855 3738 3160 3793 antecellit.
3197 3739 3262 3793 Et
3299 3738 3447 3793 sicut
3500 3738 3597 3793 ille
3654 3756 3827 3793 mons

2128 3826 2414 3880 nobilium
2464 3825 2622 3881 ferax
2653 3831 2737 3880 est
2763 3826 3057 3893 arborum,
3084 3826 3163 3879 ita
3211 3826 3306 3882 ille
3343 3842 3545 3881 omnes
3594 3836 3828 3883 sanctos

2128 3913 2189 3968 in
2217 3931 2276 3985 se
2309 3912 2589 3968 radicatos
2620 3914 2839 3968 extollit
2870 3920 2928 3968 et
2965 3920 3291 3981 conservat;
3329 3920 3385 3969 et
3439 3916 3585 3969 sicut
3629 3916 3827 3971 cedrus

2124 4003 2575 4074 pulchritudine,
2627 4003 2987 4070 fortitudine,
3019 4003 3393 4070 sublimitate,
3426 4004 3624 4069 odore,
3647 4021 3826 4059 omne

2129 4092 2301 4147 decus
2321 4091 2595 4145 silvarum
2628 4090 2948 4145 antecedit:-
2996 4090 3069 4145 sit
3101 4091 3343 4146 dilectus
3381 4095 3649 4162 speciosus
3701 4096 3827 4160 fur-

2128 4196 2217 4234 ma
2243 4196 2358 4250 prae
2382 4181 2518 4245 ﬁliis
2557 4182 2830 4234 hominum
2870 4180 3036 4250 (Psal.
3071 4179 3239 4248 xuv),
3271 4179 3407 4251 quia
3434 4180 3554 4250 ipse
3586 4197 3702 4235 non
3736 4198 3827 4235 ac-

2128 4269 2281 4340 cepit
2332 4270 2402 4323 ad
2471 4285 2819 4337 mensuram,
2879 4272 2934 4323 et
2983 4269 3053 4323 de
3087 4269 3431 4338 plenitudine
3474 4268 3592 4340 ejus
3641 4286 3825 4326 omnes

2125 4361 2425 4427 accepimus
2452 4358 2642 4430 (Joan.
2676 4358 2741 4428 l).

2196 4446 2354 4502 Vens.
2384 4449 2474 4501 26.
2502 4476 2560 4486 —
2588 4446 2787 4502 Guttur
2814 4446 2961 4500 illius
2982 4447 3389 4510 suavissimum,
3421 4449 3525 4499 etc.
3589 4443 3651 4499 Id
3712 4453 3819 4513 est,

2126 4535 2384 4590 internus
2420 4551 2589 4605 sapor
2615 4539 2671 4588 et
2728 4533 2970 4589 dulcedo
2992 4534 3297 4589 verborum
3358 4534 3585 4600 Christi,
3640 4550 3820 4604 quam

2124 4623 2290 4694 pauci
2321 4628 2552 4694 gustant
2582 4640 2595 4678 :
2628 4623 2728 4694 qui
2759 4628 2949 4677 autem
2976 4627 3224 4694 gustant,
3260 4624 3507 4692 amplius
3527 4623 3817 4690 esuriunt,

2124 4711 2305 4765 Aliter
2338 4727 2350 4765 :
2384 4710 2538 4765 Sicut
2569 4727 2672 4781 per
2701 4717 2899 4780 guttur
2922 4710 2992 4765 ad
3024 4711 3174 4765 labia
3203 4710 3393 4764 vitalis
3413 4711 3603 4775 ﬂatus,
3631 4716 3698 4763 ut
3728 4709 3819 4763 lo-

2126 4797 2226 4869 qui
2257 4799 2500 4864 valeant,
2528 4798 2803 4869 procedit,
2824 4797 2903 4852 sic
2928 4798 2986 4851 in
3018 4796 3184 4852 labiis
3210 4796 3436 4851 Domini
3466 4796 3637 4850 verba
3686 4812 3820 4868 qua!

2128 4885 2369 4940 diccbat.
2402 4887 2465 4939 In
2532 4891 2763 4955 gutture
2811 4901 2943 4940 vero
2998 4891 3185 4957 potest
3242 4884 3460 4938 occulta
3513 4883 3823 4954 dispositio

2124 4974 2348 5028 honatis
2377 4975 2499 5045 ejus
2526 4974 2790 5043 intelligi,
2823 4991 2937 5045 qua
2966 4974 3176 5028 factum
3208 4981 3313 5040 est,
3348 4979 3412 5026 ut
3452 4972 3619 5025 nobis
3670 4971 3827 5025 foras

2126 5064 2477 5134 loqueretur.
2518 5066 2698 5129 Totus,
2725 5063 2783 5117 id
2813 5068 2896 5116 est
2924 5063 3073 5117 Deus
3092 5067 3148 5116 et
3177 5061 3380 5127 homo;
3416 5059 3822 5126 desiderabilis,

2128 5168 2243 5205 non
2266 5152 2453 5206 solum
2487 5152 2801 5207 secundum
2833 5150 3212 5216 divinitatem,
3260 5148 3356 5203 sed
3389 5149 3562 5203 etiam
3618 5164 3825 5202 secun-

2124 5240 2262 5295 dum
2293 5241 2711 5299 humanitatem
2742 5241 2814 5296 ab
2846 5241 2968 5312 ipso
2998 5240 3162 5294 initio
3192 5238 3603 5309 conceptionis,
3636 5254 3823 5309 usque

2125 5331 2197 5384 ad
2220 5330 2578 5401 triumphum
2612 5329 2916 5400 passionis,
2951 5327 3403 5393 resurrectionis,
3435 5325 3815 5380 ascensionis.

2130 5417 2275 5471 Talis
2325 5422 2404 5471 est
2452 5416 2703 5472 dilectus.
2762 5415 2974 5480 Quasi:
3036 5415 3101 5469 Et
3152 5429 3381 5469 necesse
3428 5411 3601 5465 estsi
3661 5428 3827 5466 amas

2125 5520 2278 5563 eum.
2311 5511 2365 5559 et
2387 5504 2469 5558 vis
2491 5505 2563 5559 ab
2595 5520 2662 5559 eo
2690 5502 2893 5570 amari,
2921 5507 2983 5557 ut
3031 5518 3163 5556 cum
3214 5500 3497 5570 intelligas
3556 5500 3732 5554 talem
3770 5507 3827 5554 et
