4018 6176
214 260 343 311 1ίὲἱῖ

1103 256 1345 312 «ςιοδειι
1379 208 1806 309 οιιοιΝΑῐὶΙΑ.
1851 278 1920 288 —-
1958 253 2301 309 mancum
2346 252 2814 309 CANTICORUM.

3588 260 3724 312 1158

206 373 301 427 tali
328 373 628 427 affectione
658 373 711 426 ei
751 372 1053 428 cohareas.
1088 374 1235 428 Filia
1277 365 1609 429 Jerusalem»
1667 356 1776 420 Pro
1805 368 1905 425 de-
1936 376 1980 428 A
2092 374 2249 429 Vens.
2284 376 2335 428 3.
2369 405 2436 413 -——
2460 375 2707 430 Pulchra
2736 392 2809 443 es,
2861 379 3039 431 amica
3082 394 3217 433 mea.
3268 380 3549 434 Hactenus
3605 398 3711 437 vox

208 479 336 517 core
406 462 677 516 carminis
726 462 1018 515 variantur
1064 478 1323 531 persona
1389 456 1847 525 colloqueutium
1893 478 1906 515 :

208 552 301 606 sed
332 552 537 605 eadem
591 550 797 605 Christi
852 550 1095 605 Ecclesia
1121 557 1353 605 notatur
1381 555 1437 604 et
1466 541 1705 603 nomine
1738 565 1909 621 spon-

207 656 301 704 sa,
340 646 399 693 et
446 640 679 694 nomine
727 638 997 693 filiarum.
1043 639 1185 693 Cum
1242 639 1309 693 ad
1345 639 1589 709 patriam
1624 638 1907 693 caelestem

209 729 476 799 suspirat,
505 728 671 781 lilia:
722 743 852 781 cum
910 727 1054 780 nihil
1120 727 1231 781 nisi
1289 728 1467 781 Deum
1522 731 1684 780 curat
1714 728 1911 782 audire

206 818 295 871 vel
328 818 510 888 loqui,
543 832 751 887 sponsa
781 816 1011 870 dicitur.

277 907 443 959 Vens.
498 900 591 958 l7;
626 935 694 943 —
727 906 843 969 Quo
891 904 1030 957 abiit
1086 903 1334 958 dilectus.
1396 905 1606 958 Audita
1641 906 1912 975 qualitate

208 995 425 1054 dilecti,
457 994 525 1048 de
556 1009 670 1064 qua
720 991 1068 1063 quasierant
1122 992 1257 1045 tilia
1310 993 1647 1061 Jerusalem,
1695 995 1916 1048 addunt

210 1083 384 1136 aliam
442 1082 857 1153 quastionem:
916 1080 1053 1150 quia
1104 1081 1456 1134 enumeratis
1516 1087 1596 1135 tot
1628 1082 1911 1148 laudibus,

211 1171 345 1242 quis
394 1173 633 1224 audiens
687 1186 803 1223 non
866 1170 1287 1239 concupiscat?
1318 1174 1375 1224 et
1428 1170 1535 1223 hoc
1588 1171 1647 1224 in
1700 1172 1915 1225 unitate

210 1265 423 1313 sancta
452 1258 709 1312 Ecclesia
768 1258 987 1328 inquiri
1047 1262 1292 1328 oportet,
1350 1258 1409 1312 in
1458 1259 1717 1329 qualium
1749 1261 1916 1314 corde

210 1348 682 1420 potissimum,et
702 1348 760 1401 in
815 1364 931 1417 quo
978 1363 1187 1417 genere
1245 1348 1695 1402 conversationis
1732 1348 1917 1403 Domi-

210 1454 319 1490 nus
351 1439 529 1491 soleat
558 1435 821 1489 inveniri.
865 1436 976 1501 Quo
1032 1436 1191 1501 abiit,
1246 1452 1365 1489 non
1413 1436 1791 1506 relinquendo
1822 1452 1919 1491 eos

211 1526 268 1579 in
300 1526 514 1595 quibus
544 1530 687 1591 erat,
743 1525 837 1579 sed
894 1524 991 1578 ubi
1031 1524 1170 1577 alios
1223 1525 1484 1587 associet,
1516 1532 1573 1578 et
1620 1532 1747 1596 post
1776 1526 1920 1579 alios

210 1614 384 1668 etiam
418 1614 559 1667 alios
589 1613 808 1677 invitet,
851 1617 906 1666 et
935 1613 1013 1666 sic
1038 1613 1214 1678 abire,
1270 1619 1327 1666 et
1382 1614 1668 1668 declinare
1714 1614 1921 1668 dicitur

210 1703 281 1757 ad
336 1703 571 1755 modum
628 1702 897 1767 candela,
951 1717 1079 1772 qua
1127 1718 1257 1755 cum
1298 1718 1532 1756 accensa
1586 1704 1677 1767 sit,
1712 1704 1921 1757 multas

211 1791 353 1845 alias
408 1791 854 1861 circumquaque
907 1790 1185 1855 accendit,
1234 1791 1359 1861 ipsa
1391 1797 1583 1845 tamen
1640 1792 1783 1845 nihil
1820 1809 1919 1862 pa-

210 1882 366 1934 tiens
442 1879 801 1933 detrimenti.
878 1880 995 1943 Quo
1066 1881 1222 1932 abiit.
1295 1880 1518 1950 (GBEG.)
1586 1880 1916 1947 Sciendum,

216 1968 375 2038 quod
409 1968 578 2032 Deus,
628 1966 729 2037 qui
786 1967 996 2037 ubique
1046 1973 1149 2031 est,
1211 1966 1272 2020 in
1329 1968 1453 2022 loco
1515 1974 1620 2033 est,
1675 1970 1771 2022 sed
1839 1970 1918 2022 lo-

215 2057 357 2110 catis
424 2072 538 2109 non
605 2060 707 2108 est.
778 2056 976 2109 Locale
1052 2056 1279 2121 dicitur,
1349 2056 1501 2127 quod
1556 2056 1920 2110 circumscri-

214 2145 374 2199 bitur
402 2144 718 2198 secundum
751 2149 939 2214 partes
997 2144 1107 2198 loci
1155 2161 1327 2215 supra
1379 2151 1435 2199 et
1482 2146 1651 2211 infra,
1701 2151 1833 2199 ante
1865 2149 1921 2199 et

214 2238 394 2297 retro,
427 2233 658 2285 dextera
704 2239 762 2284 et
817 2232 1067 2285 sinistra.
1126 2234 1267 2286 Cum
1305 2248 1440 2286 vero
1488 2234 1679 2303 angeli
1740 2240 1796 2285 et
1824 2234 1921 2286 hu-

216 2337 405 2374 mana
438 2321 644 2374 anima
678 2320 797 2373 loco
857 2320 1248 2374 circumscribi
1308 2337 1425 2374 non
1455 2327 1721 2390 possunt,
1747 2322 1919 2391 longo

217 2410 409 2464 minus
448 2409 547 2463 illa
578 2409 1177 2479 incomprehensibilis
1220 2409 1553 2463 substantia.
1585 2410 1759 2479 Major
1789 2425 1920 2463 vero

218 2496 495 2567 cognitio,
547 2513 675 2567 qua
724 2498 781 2550 in
809 2497 1076 2566 prasenti
1125 2497 1194 2551 de
1229 2498 1339 2550 Deo
1370 2497 1576 2551 habere
1609 2503 1813 2566 potest,
1841 2501 1918 2565 et,

219 2588 533 2641 secundum
566 2587 688 2655 ejus
736 2587 856 2639 sola
907 2602 1117 2656 opera:
1152 2586 1288 2656 quia
1318 2587 1470 2656 quod
1525 2586 1693 2639 altius
1722 2591 1827 2651 est,
1860 2586 1918 2639 in

219 2691 391 2729 carne
420 2690 720 2743 possumus
752 2674 1171 2728 miriﬁcentiam
1221 2691 1460 2746 operum
1510 2674 1609 2728 Dei
1638 2674 1923 2727 subtiliter

221 2762 535 2816 attendere.
610 2762 726 2826 Quo
774 2762 912 2815 abiit
976 2762 1203 2816 dilectus
1274 2768 1416 2828 tuus,
1476 2777 1506 2817 o
1548 2763 1923 2831 pulcherrima

222 2853 530 2905 mulierum.
562 2848 717 2903 Licet
775 2851 925 2903 Deus
982 2850 1274 2903 communi
1327 2850 1498 2903 modo
1532 2851 1799 2904 omnibus
1827 2866 1919 2904 re-

2020 463 2279 516 Ecclesia
2331 463 2634 517 Dominum
2689 481 2859 519 suum
2909 467 3191 520 laudantis
3239 474 3297 521 et
3350 471 3714 538 quaerentis;

2016 552 2116 621 qui
2146 552 2419 622 quoniam
2456 570 2489 606 a
2519 553 2635 606 suis
2680 554 3031 608 amatoribus
3085 572 3196 609 non
3256 557 3427 627 longe
3473 563 3576 623 est,
3631 575 3719 611 se-

2019 640 2217 710 quitur
2254 640 2387 710 quid
2420 642 2691 710 quasitus
2722 643 3066 711 respondeat
3098 660 3110 696 :
3148 649 3201 697 et
3230 645 3480 699 declarat
3506 663 3565 700 se
3608 647 3723 701 illis

2020 729 2384 799 loquentibus
2434 730 2704 795 adfuisse,
2735 736 2788 783 et
2843 732 2980 801 quid
3039 733 3419 802 loquerentur
3463 736 3719 804 audisse;

2018 818 2493 888 devotionemque
2566 835 2700 889 erga
2752 836 2811 873 se
2868 826 3201 873 remunerat
3252 822 3425 891 digna
3489 824 3721 879 illorum

2021 906 2370 960 laudatione.
2435 908 2736 972 Terribilis,
2788 912 2848 961 ut
2894 914 3196 963 castrorum
3253 913 3394 964 acies
3439 913 3718 969 ordinata.

2020 994 2166 1058 Quia
2195 1010 2297 1065 per
2342 994 2622 1049 unitatem
2667 995 2959 1049 charitatis
3008 1003 3322 1068 compacta,
3385 1000 3611 1053 nullum
3645 1002 3724 1054 lo-

2022 1100 2149 1136 cum
2200 1083 2386 1152 aperit
2430 1099 2534 1152 per
2585 1084 2801 1137 malum
2834 1084 3128 1137 discordia
3176 1085 3456 1151 hostibus,
3500 1085 3559 1139 id
3616 1091 3720 1151 est,

2023 1171 2307 1225 hareticis
2364 1172 2450 1225 vel
2481 1172 2796 1226 immundis
2822 1173 3133 1243 spiritibus.
3185 1174 3381 1227 Castra
3429 1175 3717 1228 Romano-

2022 1278 2155 1316 rum
2187 1261 2465 1315 terribilia
2488 1267 2672 1330 erant,
2727 1262 2862 1332 quia
2929 1267 3111 1316 totum
3164 1262 3441 1316 mundum
3498 1280 3720 1333 preme-

2023 1350 2195 1416 bant;
2222 1350 2318 1404 sed
2347 1367 2461 1403 non
2494 1356 2657 1404 erant
2704 1351 2917 1417 suavia,
2978 1350 3115 1422 quia
3142 1368 3331 1405 veram
3378 1368 3577 1422 pacem
3604 1368 3723 1405 non

2027 1438 2330 1493 habebant.
2394 1439 2456 1491 In
2513 1439 2756 1491 Ecclesia
2803 1455 2905 1491 nec
2952 1444 3137 1492 terror
3205 1440 3563 1507 suavitatem,
3618 1457 3720 1493 nec

2027 1525 2276 1578 suavitas
2328 1530 2605 1578 terrorem
2664 1525 2884 1578 aufert:
2931 1543 3057 1596 qua
3118 1527 3177 1579 in
3224 1532 3376 1579 terra
3436 1527 3720 1580 calestem

2030 1612 2204 1665 vitam
2246 1613 2383 1679 agit,
2416 1619 2473 1665 et
2505 1614 2777 1667 barbaros
2799 1615 3151 1668 diversarum
3179 1616 3477 1668 nationum
3501 1616 3723 1668 animos

2031 1700 2101 1753 ad
2150 1717 2317 1753 suum
2364 1702 2537 1755 ritum
2586 1702 2811 1756 trahere
2872 1704 3093 1772 satagit.
3153 1703 3290 1767 Qua
3344 1710 3537 1757 tamen
3588 1705 3723 1774 quia

2030 1790 2277 1842 necdum
2309 1788 2511 1843 faciem
2544 1790 2757 1857 dilecti,
2804 1808 2975 1861 quam
3037 1793 3283 1845 maxime
3316 1792 3542 1862 qu’arit,
3601 1809 3723 1846 cer-

2030 1892 2165 1930 nere
2189 1884 2443 1931 meretur
2468 1898 2483 1931 :
2512 1879 2603 1932 hic
2635 1879 3050 1948 subsequenter
3081 1881 3269 1933 audit:

2103 1966 2267 2019 Vsus.
2314 1968 2366 2019 4.
2396 1968 2683 2021 —Averte
2712 1970 2888 2021 oculos
2944 1974 3060 2021 tuos
3110 1984 3142 2020 a
3180 1983 3278 2021 me.
3308 1967 3514 2031 Quasi:
3571 1969 3723 2023 Ocu-

2029 2053 2116 2107 los
2137 2055 2495 2108 columbinos
2528 2056 2629 2109 tibi
2667 2056 2820 2121 dedi,
2847 2057 3057 2126 quibus
3083 2057 3313 2109 semitas
3338 2056 3575 2126 justitia
3616 2057 3726 2109 dis-

2030 2158 2293 2196 cerneres
2334 2160 2346 2197 :
2384 2144 2480 2197 sed
2517 2149 2711 2197 tamen
2768 2144 2829 2196 in
2859 2150 3117 2214 tempore
3152 2147 3264 2197 tua
3312 2145 3723 2214 peregrinatio-

2028 2232 2119 2284 nis
2162 2247 2232 2284 ne
2290 2247 2515 2301 quaras
2547 2248 2637 2285 me
2688 2233 2933 2301 perfecte
2991 2248 3359 2301 cognoscere.
3416 2235 3535 2289 Non
3581 2236 3720 2287 enim

2028 2319 2234 2373 videbit
2273 2336 2354 2374 me
2383 2322 2535 2373 homo
2564 2325 2614 2373 et
2654 2322 2801 2375 vivet
2844 2320 3044 2389 (Emod.
3094 2320 3305 2390 xxxiii).
3372 2321 3449 2374 Ne
3498 2338 3724 2391 quaras

2029 2408 2089 2461 in
2151 2408 2235 2461 via
2292 2408 2618 2479 pramium,
2666 2409 2817 2478 quod
2884 2409 2987 2461 tibi
3035 2409 3095 2462 in
3144 2409 3328 2479 patria
3380 2415 3717 2463 reservatur.

2032 2498 2175 2562 Quia
2200 2499 2312 2565 ipsi
2337 2514 2438 2551 me.
2473 2498 2593 2551 Non
2627 2515 2656 2550 a
2703 2497 2983 2551 desiderio
3029 2498 3411 2568 cognoscendi
3457 2498 3717 2564 desistas,

2031 2586 2127 2639 sed
2182 2585 2252 2639 de
2300 2585 2682 2655 cognoscendi
2739 2587 3007 2639 facultate
3056 2602 3127 2639 ne
3167 2602 3514 2656 prasumas:
3576 2587 3724 2641 unde

2031 2673 2678 2740 dicitur,.lrIagnitudinis
2722 2675 2837 2743 ejus
2866 2689 2971 2727 non
2999 2681 3076 2727 est
3119 2678 3245 2742 ﬁnis
3302 2676 3471 2740 (Psal.
3527 2678 3700 2740 cxmv)

2029 2764 2261 2817 Avolare
2290 2764 2553 2828 fecerunt.
2589 2763 2776 2832 (ΗΑΒ.)
2808 2763 2931 2826 Quo
2965 2762 3249 2816 intensius
3272 2778 3363 2815 me
3416 2778 3725 2832 agnoscere

2029 2851 2257 2921 quaris,
2285 2866 2352 2903 eo
2387 2850 2665 2903 intensius
2696 2866 2787 2903 me
2817 2849 3455 2919 incomprehensibilem
3487 2867 3607 2903 esse
3634 2851 3723 2904 in-

225 2940 332 2994 bus
362 2939 518 3003 insit,
552 2938 876 3007 prasentia,
908 2938 1179 3008 potentia,
1237 2938 1573 3005 substantia,
1608 2943 1802 2993 tamen
1833 2939 1915 2992 fa-
1950 2945 1990 2999 C
2027 2937 2259 3008 telligis,
2292 2944 2350 2991 et
2378 2953 2494 2990 non
2524 2943 2610 2991 est
2640 2942 2739 2990 tua
2768 2938 2955 3007 culpa,
2995 2937 3041 2989 si
3072 2953 3163 2991 me
3194 2952 3310 2991 non
3369 2938 3666 3007 cognoscis
3708 2955 3721 2992 :

223 3028 436 3082 miliari
460 3027 628 3081 modo
659 3027 870 3081 dicitur
898 3027 1103 3093 inesse,
1134 3027 1188 3081 id
1232 3033 1339 3092 est,
1374 3043 1478 3097 per
1523 3027 1791 3097 gratiam,
1815 3027 1928 3081 illis

227 3116 435 3187 quibus
466 3132 637 3185 opera
667 3132 769 3169 sua
800 3115 1066 3169 videntur
1096 3115 1468 3181 mirabiliora,
1502 3116 1600 3186 qui
1632 3117 1765 3169 licet
1803 3117 1923 3186 ple-

226 3220 359 3259 nam
386 3203 484 3257 Dei
522 3204 786 3257 notitiam
813 3219 926 3256 non
960 3203 1226 3263 habeant.
1269 3209 1462 3257 tamen
1504 3204 1926 3258 miriticentiam

230 3308 470 3364 operum
504 3291 605 3346 Dei
633 3292 855 3346 acutius
886 3291 1267 3346 considerant.

905 3434 1128 3489 CAPUT
1204 3436 1299 3489 Vl.

301 3558 463 3611 Vens.
496 3561 543 3622 l,
577 3588 647 3599 —
681 3559 918 3612 Dilectus
966 3573 1132 3612 meus.
1184 3557 1466 3612 Descendit
1494 3558 1741 3628 irrigans
1772 3559 1928 3613 fonte

230 3645 520 3715 baptismi,
549 3646 616 3700 de
646 3648 762 3701 alto
794 3648 1028 3701 veniens
1058 3648 1116 3699 in
1149 3647 1354 3700 humili
1410 3648 1626 3718 positos
1655 3648 1925 3702 visitavit.

232 3734 301 3788 Ut
330 3751 435 3788 nos
466 3751 691 3789 sursum
723 3736 1181 3800 ascenderemus,
1226 3735 1501 3789 Dominus
1550 3737 1608 3788 in
1674 3742 1928 3791 montem

231 3822 543 3890 descendit,
566 3823 778 3892 Moyses
829 3824 885 3876 in
921 3828 1172 3877 montem
1233 3823 1503 3877 ascendit.
1567 3823 1708 3877 Cum
1763 3824 1933 3878 dixis-

233 3914 353 3964 set:
390 3912 678 3965 Descendit
732 3914 789 3965 in
856 3913 1089 3976 hortum,
1152 3911 1308 3965 addit
1362 3910 1608 3981 qualiter
1655 3911 1727 3965 sit
1776 3912 1930 3966 idem

234 3998 435 4053 hortus
462 4001 821 4068 constitutus,
856 4017 969 4070 qua
999 4000 1160 4070 fruge
1190 4000 1491 4066 fecundus,
1521 4016 1651 4055 cum
1672 4000 1827 4063 dicit,
1857 4002 1932 4055 ad

234 4089 473 4142 areolam
525 4093 845 4142 aromatum.
908 4090 1112 4142 Hortus
1162 4089 1444 4142 Ecclesia:
1502 4089 1702 4143 hortus
1728 4088 1930 4160 quali-

233 4177 332 4230 bet
363 4176 547 4231 fidelis
603 4178 815 4231 anima.
873 4179 1075 4231 Areola
1119 4181 1202 4230 est
1249 4193 1411 4231 mens
1456 4178 1659 4244 fidelis,
1687 4194 1814 4248 qua
1839 4179 1923 4232 di-

234 4266 477 4334 sciplina
506 4273 675 4319 recta
730 4265 865 4320 fidei
920 4266 1136 4334 educta,
1195 4267 1360 4336 quasi
1416 4268 1596 4337 aquis
1657 4268 1926 4321 lateribus

234 4354 370 4407 hinc
395 4354 525 4407 inde
582 4359 665 4407 est
717 4354 1075 4425 composita:
1127 4360 1183 4408 et
1224 4355 1383 4425 quasi
1442 4356 1633 4410 solerti
1687 4356 1929 4410 fossorio

232 4442 581 4496 creberrime
644 4450 949 4507 reversata,
991 4450 1045 4497 et
1124 4460 1157 4496 a
1212 4444 1517 4513 superﬂuis
1573 4445 1931 4514 graminibus

233 4537 577 4601 expurgata.
640 4532 969 4602 Respondet
1010 4532 1119 4603 piis
1174 4540 1503 4587 sanctorum
1550 4533 1845 4588 desideriis
1868 4550 1932 4587 ac

232 4620 542 4674 fructuosis
621 4622 891 4691 operibus
948 4637 1077 4674 eum
1161 4622 1446 4683 delectari,
1532 4638 1594 4676 ac
1649 4622 1931 4692 perfectos

231 4725 492 4779 quosque
564 4709 916 4762 castimonia
970 4710 1274 4763 virtutibus
1336 4710 1405 4763 ad
1453 4716 1667 4763 aterna
1723 4709 1933 4780 gaudia

231 4800 521 4866 colligere.
555 4798 701 4851 Lilia
743 4798 968 4865 colligit,
1022 4798 1157 4851 dum
1192 4798 1258 4851 ad
1320 4799 1702 4869 perfectorum
1759 4798 1930 4853 meri-

229 4889 421 4939 torum
476 4886 793 4940 candorem
852 4888 1263 4955 pervenientes,
1336 4887 1405 4941 de
1461 4893 1610 4942 statu
1642 4887 1741 4942 ubi
1770 4892 1933 4943 erant

230 4975 414 5045 prius,
449 4974 638 5028 educit
666 4980 723 5029 et
751 4976 822 5029 ad
846 4976 1097 5029 caelestia
1135 4992 1311 5046 regna
1329 4976 1608 5047 perducit.

308 5063 463 5116 Vens.
506 5066 559 5117 2.
612 5094 681 5102 —
728 5067 842 5132 Ego
893 5064 1083 5119 dilecto
1158 5081 1285 5118 meo.
1370 5066 1529 5118 Hunc
1591 5064 1930 5118 versiculum

231 5151 472 5221 apponit
506 5153 900 5222 exaggerando
933 5153 1229 5207 stimulum
1283 5154 1581 5207 immensa
1619 5154 1929 5218 charitatis,

232 5258 368 5313 qua
408 5242 647 5296 interius
678 5243 1013 5297 exardescit.
1040 5243 1209 5307 Quasi
1239 5259 1252 5296 :
1287 5244 1349 5296 In
1386 5260 1473 5297 me
1513 5242 1827 5311 descendit,
1874 5242 1934 5297 in

233 5345 329 5384 me
359 5337 519 5399 potes
550 5331 757 5384 habere
805 5332 1049 5384 formam
1107 5332 1230 5400 ejus
1288 5347 1457 5401 quem
1506 5329 1782 5401 quaritis.
1812 5330 1935 5401 Ego

231 5421 424 5488 nepoti
479 5435 588 5473 meo
640 5425 690 5473 et
744 5434 905 5489 nepos
954 5435 1100 5475 meus
1159 5421 1314 5486 mihi,
1347 5422 1444 5490 qui
1466 5422 1646 5488 pascit
1691 5421 1833 5473 inter
1861 5421 1937 5474 li-

240 5509 340 5563 lia.

2032 3026 2131 3080 sed
2161 3032 2245 3080 est
2274 3025 2575 3079 infirmitas
2632 3026 2903 3079 humana
2950 3025 3317 3078 conditionis.
3378 3027 3579 3094 Capilli
3636 3030 3719 3081 tui

2031 3117 2169 3169 sicut
2188 3130 2322 3183 grex
2351 3131 2664 3183 caprarum,
2711 3121 2822 3169 etc.
2892 3114 2957 3167 Hi
3008 3114 3269 3167 versiculi
3300 3130 3473 3185 supra
3526 3116 3720 3184 positi,

2035 3211 2091 3258 et
2119 3202 2384 3273 expositi,
2429 3203 2523 3256 sed
2559 3219 2669 3256 non
2702 3202 2897 3273 pigeat
2953 3218 3066 3255 non
3124 3203 3384 3256 iterando
3443 3220 3725 3272 exponere

2033 3292 2186 3363 quod
2215 3297 2507 3345 auctorem
2537 3308 2649 3345 non
2680 3292 2868 3361 piguit
2897 3290 3197 3345 scribendo
3245 3292 3472 3353 iterare,
3509 3298 3569 3346 ut
3598 3292 3726 3346 novi

2033 3380 2253 3451 aliquid
2282 3379 2548 3434 addatur.
2589 3381 2669 3433 Ne
2726 3379 2973 3432 Ecclesia
3011 3379 3261 3449 graviter
3317 3380 3491 3434 ferret
3520 3382 3670 3452 quod
3697 3398 3727 3435 a

2034 3469 2372 3540 cognotione
2410 3468 2601 3522 dilecti
2651 3467 3040 3537 suspenditur,
3074 3466 3335 3537 sequitur
3392 3468 3719 3540 descriptio,

2036 3574 2151 3627 qua
2205 3556 2554 3611 assimilatur
2583 3556 2667 3609 illi
2724 3556 3029 3626 primitiva
3080 3555 3336 3609 Ecclesia
3388 3556 3724 3624 Jerusalem,

2037 3645 2106 3700 de
2136 3661 2250 3715 qua
2280 3661 2395 3699 non
2419 3645 2733 3709 dubitatur,
2766 3645 2906 3714 quin
2934 3644 3112 3697 amica
3143 3643 3241 3697 Dei
3296 3644 3487 3698 fuerit.
3542 3648 3729 3701 Omnes

2036 3735 2273 3803 gemellis
2301 3734 2524 3801 fetibus,
2556 3739 2606 3786 et
2641 3734 2846 3787 sterilis
2875 3750 2980 3786 non
3002 3738 3077 3786 est
3106 3735 3161 3786 in
3188 3736 3282 3786 eis.
3318 3733 3727 3789 Consimilibus

2036 3822 2245 3875 fetibus
2327 3822 2464 3891 quia
2508 3822 2648 3873 tales
2693 3820 2834 3873 alios
2888 3821 3158 3887 reddunt,
3191 3822 3389 3890 quales
3413 3822 3523 3889 ipsi
3572 3833 3722 3878 sunt.

2036 3910 2136 3969 Vel
2167 3910 2424 3980 duplices
2450 3910 2615 3976 fetus,
2670 3924 2846 3978 opera
2877 3908 3119 3978 gemina
3178 3909 3489 3975 charitatis,
3526 3911 3631 3977 vel,
3663 3913 3727 3964 ti-

2041 3998 2193 4053 deles
2249 4000 2318 4053 de
2361 4004 2607 4069 utroque
2661 3997 2875 4068 populo
2923 3997 3215 4050 conversi:
3294 3998 3404 4067 vel,
3460 4000 3601 4051 lides
3673 4012 3729 4053 et

2039 4105 2200 4157 opus.

2112 4177 2270 4229 Vens.
2335 4178 2386 4229 6.
2458 4206 2525 4215 —
2582 4176 2733 4231 Sicut
2793 4181 2975 4230 cortem
3020 4177 3155 4228 mali
3199 4177 3408 4243 punici,
3457 4180 3534 4230 sic
3583 4192 3729 4244 gena

2040 4270 2165 4326 tua,
2215 4270 2319 4318 etc.
2378 4264 2596 4335 (Οιιεα.)
2644 4264 2783 4318 Cum
2824 4263 2991 4317 multi
3047 4264 3192 4316 mira
3241 4268 3440 4334 agunt,
3493 4272 3731 4320 ventura

2039 4354 2401 4424 prophetant,
2437 4353 2718 4406 mundum
2746 4353 2989 4422 perfecte
3023 4353 3375 4423 relinquunt,
3409 4355 3732 4409 calestibus

2042 4442 2335 4496 desideriis
2389 4442 2631 4497 ardent:
2665 4442 2811 4495 sicut
2859 4449 3053 4495 cortex
3092 4443 3229 4495 mali
3273 4444 3467 4512 punici
3526 4451 3732 4498 sancta

2040 4536 2449 4600 comparantur
2505 4531 2786 4585 Ecclesia.
2833 4531 2938 4585 Sed
2985 4530 3106 4584 hac
3164 4530 3356 4585 omnia
3408 4532 3548 4586 nihil
3602 4539 3735 4587 sunt

2042 4620 2113 4673 ad
2144 4620 2631 4690 comparationem
2664 4619 2745 4673 rei
2774 4620 2843 4673 de
2876 4636 2990 4689 qua
3031 4619 3298 4673 scribitur
3329 4637 3340 4675 :
3379 4622 3534 4686 Quod
3553 4623 3733 4677 oculus

2041 4724 2149 4763 non
2224 4708 2364 4762 vidit
2406 4725 2499 4763 nec
2528 4712 2679 4763 auris
2728 4707 2965 4772 audivit,
3022 4715 3126 4762 etc.
3176 4711 3305 4773 (Isa.
3355 4711 3524 4781 uix.)
3577 4711 3733 4765 Unde

2043 4798 2449 4852 convenienter
2476 4798 2709 4852 subdit:
2758 4797 2978 4865 Absque
2998 4796 3219 4852 occultis
3241 4800 3371 4865 tuis,
3429 4800 3593 4869 quasi
3644 4800 3734 4853 di-

2043 4892 2154 4954 cat,
2195 4903 2404 4957 magna
2432 4887 2665 4956 quidem
2697 4890 2848 4950 sunt,
2882 4901 3011 4955 qua
3043 4885 3101 4939 in
3134 4893 3186 4940 te
3223 4903 3339 4941 non
3389 4888 3586 4952 latent,
3636 4890 3730 4941 sed

2044 4976 2205 5029 valde
2238 4976 2549 5030 ineffabilia
2579 4991 2708 5045 qua
2742 4977 2936 5030 latent.

2118 5066 2272 5118 Vsus.
2306 5069 2355 5120 Ἰ.
2407 5093 2480 5105 -
2530 5063 2835 5130 Sexaginta
2861 5070 2986 5117 sunt
3017 5066 3218 5132 reginae
3256 5066 3588 5132 etocloginta
3618 5081 3734 5119 con-

2045 5153 2271 5218 cubina,
2300 5158 2405 5207 etc.
2441 5152 2675 5221 Regina
2707 5158 2764 5205 et
2817 5153 3152 5206 concubina
3185 5155 3398 5222 pariter
3453 5153 3522 5207 ad
3580 5155 3735 5207 thro-

2047 5257 2184 5294 num
2217 5241 2367 5310 regis
2397 5240 2693 5303 accedunt,
2727 5240 2943 5310 pariter
2972 5248 3269 5311 generant,
3302 5241 3398 5295 sed
3423 5258 3537 5295 non
3572 5248 3733 5296 utra-

2047 5346 2158 5400 que
2192 5329 2458 5384 diadema
2496 5330 2657 5399 regni
2682 5329 2914 5383 habent.
2970 5331 3203 5400 Regina
3263 5334 3415 5396 sunt,
3470 5348 3598 5401 qua
3644 5332 3737 5385 in-

2046 5419 2199 5473 tuitu
2224 5417 2388 5488 regni
2410 5417 2649 5471 catastis
2671 5418 2946 5473 doctrina
2969 5419 3319 5486 inserviunt;
3381 5420 3733 5485 concubina,

2051 5523 2181 5578 qua
2214 5521 2404 5559 amore
2464 5508 2867 5577 temporalium
2901 5508 3186 5563 Christum
3213 5508 3574 5563 annuntiaut.
3606 5510 3735 5563 Ideo
