4074 6186
393 243 525 294 1159

1047 231 1444 290 WALAFBIDI
1479 233 1723 289 STRABI
1756 233 1962 289 FULD.
1988 230 2060 288 Μ(

2250 232 2330 286 Ῥ.
2366 231 2542 287 PARS
2570 233 2612 287 ι.
2652 261 2721 272 -
2750 229 3214 288 THEOLOGICA.

3753 238 3883 290 1160

383 361 498 416 illa
529 359 842 431 sexaginta,
877 357 1010 429 quia
1031 358 1150 411 sola
1177 356 1480 411 dilectione
1510 359 1927 426 praceptorum
1973 353 2070 407 Dei
2101 357 2146 407 A
2187 359 2340 408 ratus
2371 354 2655 423 militaris,
2705 354 3062 424 respondens
3113 371 3185 410 ex
3231 371 3364 409 voce
3415 355 3738 423 doctorum,
3775 359 3884 411 du-

383 449 794 521 perfectionem
817 463 1054 517 operum
1083 446 1314 512 habent,
1339 445 1489 514 quod
1509 460 1610 514 per
1633 443 2073 514 multiplicatio-

385 557 516 595 nem
548 538 887 594 duodenarii
942 552 1044 606 per
1069 537 1396 606 quinarium
1427 540 1613 605 potest
1643 535 1886 604 intelligi
1914 551 1929 589 :
1986 535 2073 589 vel

383 629 518 701 quia
547 627 803 698 quinque
825 640 1130 694 corporeos
1176 639 1374 678 sensus
1408 625 1476 678 ad
1531 623 1789 694 regulam
1848 627 2072 694 aposto-

380 718 504 772 lica
535 717 812 771 doctrinae
859 719 1199 781 temperant.
1228 712 1640 782 Octogenarius
1694 715 1883 765 autem
1941 726 2068 763 cum

381 806 441 860 in
497 806 648 859 malo
697 803 995 873 accipitur,
1049 802 1458 872 temporalium
1507 816 1644 854 cura
1702 805 1758 853 et
1810 800 2070 870 implica-

381 899 575 949 menta
603 892 866 963 designat
897 908 911 945 :
952 891 1085 962 quia
1123 896 1180 944 et
1209 890 1398 944 saculi
1430 905 1625 944 cursus
1663 894 1910 960 quatuor
1965 888 2071 942 cir-

377 983 705 1051 cumagitur
732 981 1092 1050 temporibus
1120 984 1177 1033 et
1207 979 1456 1033 mundus
1503 977 1624 1047 ipse
1669 980 1913 1048 quatuor
1971 976 2072 1029 cli-

381 1071 628 1126 matibus
658 1071 897 1136 oriente,
928 1069 1242 1137 occidente,
1275 1067 1542 1138 aquilone
1587 1071 1644 1120 et
1691 1070 1884 1120 austro
1933 1065 2071 1118 diri-

381 1162 578 1227 mitur,
606 1162 692 1214 vel
723 1177 786 1214 ex
820 1168 1070 1231 quatuor
1100 1157 1399 1212 elementis
1431 1157 1801 1227 compositus.

451 1251 609 1304 Vens.
649 1252 699 1304 8.
750 1280 818 1288 -—
873 1251 988 1302 Una
1043 1253 1120 1301 est
1166 1247 1410 1300 columba
1459 1262 1592 1310 mea,
1627 1247 1871 1315 perfecta
1924 1261 2066 1299 mea.

381 1337 648 1402 Quamvis
700 1338 897 1391 multa
939 1343 994 1389 et
1043 1336 1280 1390 diversa
1328 1351 1612 1405 persona,
1667 1340 1863 1388 tamen
1929 1334 2071 1388 ﬁdes

378 1444 496 1481 una
520 1432 602 1480 est
652 1427 709 1479 in
758 1426 859 1490 eis,
919 1441 1094 1478 unum
1156 1425 1458 1494 baptisma,
1509 1440 1657 1476 unus
1688 1424 1854 1487 Deus,
1891 1439 2067 1476 unum

377 1531 550 1586 Opus;
582 1530 697 1567 non
729 1515 836 1566 alia
867 1517 998 1566 ante
1058 1513 1262 1582 legem,
1297 1512 1407 1564 alia
1446 1512 1551 1565 sub
1599 1512 1745 1580 lege,
1803 1511 1912 1564 alia
1964 1512 2066 1564 sub

378 1604 562 1674 gratia
589 1619 601 1656 :
637 1603 730 1654 sed
763 1603 819 1654 in
853 1618 965 1654 una
997 1617 1152 1670 pace,
1184 1615 1297 1652 uno
1327 1599 1528 1652 timore
1559 1599 1884 1653 constituta.
1948 1601 2065 1652 Ma-

373 1698 462 1746 ter
489 1697 683 1745 nostra
717 1689 1098 1759 regeneratrix
1131 1688 1314 1758 gratia
1349 1692 1451 1750 est,
1488 1703 1614 1757 qua
1638 1687 1810 1758 elegit
1845 1689 2064 1757 simpli-

376 1797 484 1846 ces,
533 1787 590 1833 et
637 1780 847 1832 electos
899 1777 1144 1829 custodit
1171 1781 1226 1828 et
1273 1775 1546 1828 sublevat.
1610 1776 1702 1828 Vel
1753 1780 1939 1828 mater
1977 1792 2069 1828 su-

376 1884 554 1940 perna
597 1868 933 1930 Jerusalem,
964 1866 1097 1933 quia
1127 1880 1278 1918 omne
1325 1864 1524 1917 dmum
1581 1867 1840 1933 optimum
1883 1864 2066 1918 desur-

375 1973 494 2011 sum
524 1955 799 2008 descendit
827 1955 971 2021 (Jac.
1007 1957 1065 2020 ι),
1100 1969 1228 2023 qua
1283 1968 1535 2022 superna
1587 1953 1900 2005 Jerusalem
1959 1954 2066 2007 hoc

375 2046 560 2098 solum
595 2043 663 2096 de
707 2043 958 2095 humana
984 2040 1415 2094 conversatione
1456 2041 1760 2110 approbat,
1812 2041 1964 2111 quod
2005 2041 2065 2094 in

372 2133 590 2186 unitate
611 2146 727 2184 sua
759 2129 890 2184 ﬁdei
923 2133 977 2182 et
1008 2128 1325 2182 dilectionis
1360 2130 1472 2182 Deo
1506 2129 1715 2182 servire
1743 2128 2055 2184 desiderat.

376 2219 665 2274 Viderunt.
722 2218 922 2286 Magna
961 2215 1086 2269 laus
1126 2215 1421 2269 catholica
1471 2215 1728 2284 unitatis,
1791 2233 1964 2287 quam
2010 2221 2066 2271 et

372 2307 554 2379 gratia
596 2311 796 2371 mater,
817 2321 944 2375 qua
976 2304 1194 2375 genuit,
1221 2304 1277 2357 in
1309 2296 1648 2375 perpetuum
1680 2305 1874 2375 eligit;
1909 2311 1965 2359 et
1994 2305 2062 2359 ﬁ-

369 2395 482 2462 lia,
513 2410 655 2465 quas
714 2392 836 2462 ipsa
869 2409 972 2463 per
1001 2392 1278 2462 Spiritum
1309 2392 1510 2461 genuit
1559 2397 1616 2445 et
1673 2392 1873 2458 nutrit,
1930 2408 2065 2445 mox

370 2483 656 2545 viderunt,
690 2481 746 2534 id
776 2487 861 2533 est
889 2479 1203 2533 castitatem
1227 2479 1358 2532 vita
1385 2479 1508 2548 ejus
1531 2479 1872 2533 didicerunt.
1907 2480 2065 2533 Pra-

369 2570 712 2624 dicaverunt.
747 2567 876 2622 Sive
908 2567 1012 2632 illi,
1047 2567 1143 2638 qui
1175 2583 1303 2619 vere
1337 2573 1470 2620 sunt
1499 2566 1806 2636 participes
1866 2567 2058 2638 regni;

369 2658 486 2712 sive
541 2658 712 2710 etiam
774 2657 877 2720 illi,
912 2657 1011 2727 qui
1059 2655 1293 2709 nomine
1350 2660 1515 2709 tenus
1546 2655 1864 2722 adbarent,
1909 2661 1964 2708 et
2015 2655 2063 2709 si

371 2763 498 2818 spes
557 2761 757 2800 eorum
817 2745 889 2799 sit
933 2745 992 2798 in
1048 2744 1312 2812 terrenis,
1361 2743 1526 2797 laude
1580 2744 1816 2814 dignam
1883 2743 2063 2798 faten-

372 2839 488 2889 tur.

2182 460 2310 497 cum
2347 444 2611 498 videlicet
2642 461 2759 498 sua
2791 444 3107 514 spiritualis
3139 445 3382 500 militia.

2256 534 2424 588 Vens.
2464 537 2549 587 ll.
2582 564 2648 573 —
2698 535 2930 596 Nesciui,
2981 537 3166 587 anima
3204 550 3338 588 mea.
3376 536 3524 589 Dum
3578 534 3657 588 sic
3706 551 3885 605 Spon-

2182 638 2297 688 sus,
2331 622 2418 676 vel
2447 622 2571 693 ipsa
2614 623 2882 687 Ecclesia,
2942 622 3168 676 labores
3213 638 3348 676 suos
3399 623 3757 691 evangelicos
3790 625 3885 694 Sy-

2181 727 2423 781 nagoga
2468 711 2702 764 miranti
2744 711 3060 780 pradicat:
3113 711 3211 764 illa
3265 711 3480 764 salubri
3526 713 3880 782 paenitudine

2180 805 2542 868 compuncta,
2599 801 2902 869 proﬁtetur
2954 816 3012 852 se
3081 816 3252 853 causa
3313 799 3564 869 profana
3614 802 3881 855 cacitatis

2179 887 2394 942 diutius
2424 889 2733 942 aberrasse.
2787 888 3139 944 Conturbavit
3193 903 3293 942 me.
3344 889 3586 958 Propter
3628 905 3875 960 evange-

2180 976 2348 1030 licam
2380 976 2641 1030 Ecclesia
2695 976 3184 1046 pradicationem,
3241 992 3347 1046 per
3401 983 3647 1048 quatuor
3677 979 3880 1032 mundi

2180 1072 2368 1135 partes
2398 1066 2668 1119 velociter
2713 1065 3146 1130 discurrentem,
3180 1071 3236 1118 et
3293 1074 3542 1135 quatuor
3575 1067 3708 1120 rotis
3741 1067 3878 1121 ﬁdei

2178 1155 2559 1208 innitentem:
2615 1155 2768 1209 unde
2814 1160 2931 1209 eta
2992 1161 3242 1226 quatuor
3286 1156 3551 1224 personis
3598 1156 3878 1226 scriptum

2178 1243 2325 1309 fuit;
2362 1244 2457 1297 sed
2489 1243 2571 1296 illi
2601 1249 2851 1314 quatuor
2899 1244 3033 1314 equi
3079 1244 3278 1297 eodem
3312 1243 3517 1314 spiritu
3561 1245 3630 1298 ad
3660 1245 3876 1300 bellum

2183 1343 2363 1386 unum
2398 1348 2629 1386 currum
2661 1333 2917 1387 trahunt.

2249 1422 2408 1475 Vens.
2449 1424 2530 1475 t2.
2562 1450 2636 1462 —
2678 1423 2982 1476 Revertere.
3029 1421 3328 1492 Synagoga
3357 1420 3666 1482 conﬁtente
3716 1439 3879 1477 suam

2177 1509 2526 1574 tarditatem,
2570 1511 2816 1564 Ecclesia
2871 1510 3214 1564 consolando
3265 1514 3322 1563 et
3377 1511 3733 1565 exhortando
3785 1529 3881 1566 re-

2179 1599 2423 1666 spondet
2459 1615 2471 1651 :
2509 1605 2712 1670 quater
2740 1599 2878 1654 dicit
2915 1605 3196 1664 revertere,
3251 1599 3386 1668 quia
3418 1598 3602 1653 Judai
3636 1601 3878 1654 ubicun-

2177 1703 2288 1757 que
2317 1687 2484 1740 modo
2512 1688 2570 1740 in
2599 1693 2846 1758 quatuor
2872 1687 3070 1742 mundi
3101 1687 3359 1756 partibus
3387 1686 3651 1757 dispersi,
3677 1689 3735 1742 in
3765 1690 3878 1745 ﬁne

2176 1780 2309 1828 sunt
2355 1775 2746 1829 convertendi.
2806 1776 2925 1836 Vel,
2999 1781 3265 1829 revertere
3317 1791 3556 1844 corpore
3613 1783 3877 1832 revertere

2174 1863 2366 1916 animo
2395 1863 2466 1916 ab
2490 1877 2709 1928 errore,
2757 1868 2818 1916 ut
2868 1863 3173 1917 declinesa
3203 1862 3374 1917 malo.
3433 1864 3646 1918 Iterum
3697 1882 3874 1920 rever-

2176 1957 2283 2004 tere
2312 1968 2573 2021 corpore,
2621 1957 2882 2006 revertere
2925 1952 3138 2016 animo,
3196 1956 3258 2004 ut
3312 1951 3506 2018 facias,
3537 1952 3781 2019 bonum,
3823 1962 3879 2009 et

2176 2055 2245 2092 ne
2276 2039 2413 2092 velis
2439 2055 2559 2092 esse
2609 2044 2854 2093 turbata.
2916 2041 3038 2093 Non
3073 2040 3282 2094 sufﬁcit
3311 2039 3514 2094 reverti
3560 2042 3872 2107 voluntate,

2174 2128 2283 2181 nisi
2336 2128 2586 2181 reversio
2635 2128 2968 2182 ostendatur
3025 2129 3298 2182 Ecclesia.
3354 2132 3421 2184 Ut
3452 2132 3762 2183 intueamur
3805 2139 3870 2185 te.

2175 2217 2244 2268 Ut
2269 2215 2514 2284 speciem
2563 2216 2834 2269 castitatis
2888 2232 3322 2286 cognoscamus,
3354 2221 3410 2272 et
3437 2220 3741 2287 copulante
3773 2220 3871 2271 ad-

2170 2303 2414 2357 invicem
2447 2321 2552 2357 nos
2579 2304 2786 2358 Christi
2810 2320 3027 2369 amore,
3059 2320 3230 2357 unam
3261 2305 3499 2357 domum
3523 2304 3658 2358 ﬁdei
3693 2307 3870 2359 amba

2172 2392 2228 2445 in
2256 2391 2377 2463 ipso
2409 2392 2673 2463 angulari
2714 2393 2899 2464 lapide
2925 2399 3346 2447 construamus.

2879 2522 3103 2577 CAPUT
3155 2523 3264 2577 VII.

2245 2647 2404 2701 Vens.
2445 2650 2491 2701 1.
2524 2678 2591 2686 —
2607 2647 2754 2712 Quid
2784 2647 2989 2702 videbis
3009 2651 3068 2702 in
3086 2650 3367 2704 Sulamite.
3404 2652 3550 2706 Dum
3567 2651 3869 2706 Ecclesiam

2173 2742 2369 2790 monet
2400 2736 2780 2807 Synagogam,
2813 2737 2936 2806 ipse
2967 2737 3322 2808 Redemptor
3375 2755 3641 2794 annuens
3672 2742 3837 2794 horta
3859 2771 3871 2779 -

2170 2824 2379 2878 mentis
2410 2825 2581 2890 illius,
2617 2841 2675 2878 se
2715 2825 2979 2879 effectum
3039 2827 3306 2882 daturum
3364 2829 3667 2899 promittit.
3726 2831 3872 2883 Elias

440 2924 582 2977 Vens
638 2925 689 2976 9.
724 2951 792 2963 —
821 2922 948 2988 Qua
969 2925 1046 2976 est
1066 2923 1175 2975 ista
1233 2919 1480 2974 Ecclesia
1535 2919 1795 2988 gentium
1843 2919 1922 2973 ita
1976 2921 2064 2974 ﬁr-
2091 2918 2133 2973 C
2158 2912 2326 2966 -enim
2358 2917 2414 2965 et
2447 2913 2632 2966 Enocb
2665 2913 2724 2966 in
2766 2914 2880 2967 illis
2911 2917 3305 2970 convertendis
3342 2933 3458 2971 non
3520 2918 3872 2985 laborarent,

371 3012 540 3066 miter
597 3010 876 3078 instituta,
925 3015 982 3063 et
1030 3024 1445 3080 usquequaque
1497 3008 1915 3076 multiplicitate
1971 3009 2060 3063 sui

369 3100 575 3156 diffusa
609 3103 663 3153 et
715 3099 993 3170 producta
1043 3114 1145 3168 per
1171 3098 1378 3168 gradus
1409 3101 1464 3150 et
1502 3096 1885 3151 successiones
1930 3113 2058 3151 suas

369 3206 550 3262 usque
582 3189 652 3245 ad
674 3187 986 3241 novissima
1015 3191 1294 3256 tempora,
1330 3187 1442 3240 illis
1471 3185 1792 3239 novissimis
1842 3191 2061 3257 tempo-

368 3278 530 3333 ribus
571 3279 695 3348 jam
752 3276 984 3329 intuens
1027 3275 1331 3345 Synagoga
1387 3280 1505 3328 tam
1546 3274 1692 3328 bene
1741 3281 2055 3344 operatam,

367 3372 820 3437 operantemque
849 3365 1031 3434 ipsam
1069 3369 1319 3416 sanctam
1355 3362 1680 3429 Ecclesium,
1721 3369 1837 3415 tam
1883 3363 2059 3416 diﬁ'u-

367 3471 510 3519 sam,
533 3459 618 3507 tot
671 3450 1122 3521 sapientissimos
1143 3451 1264 3503 sine
1313 3451 1617 3503 schismate
1666 3452 1827 3520 sequi
1885 3467 2059 3505 unam

367 3543 541 3597 ﬁdem
575 3557 588 3595 :
625 3545 896 3610 praterea
929 3539 1185 3592 vivorum
1219 3541 1274 3592 et
1301 3543 1659 3592 mortuorum
1685 3538 1975 3604 miracula,
2003 3545 2059 3595 et

368 3631 548 3685 multa
579 3630 685 3683 alia
717 3627 1048 3683 Christiana
1071 3626 1206 3680 ﬁdei
1240 3631 1609 3697 argumenta;
1639 3628 1754 3697 jam
1815 3632 2055 3697 conjun-

368 3726 478 3786 cta,
509 3719 814 3790 paenitens,
849 3722 905 3770 et
946 3721 1309 3785 compuncta,
1341 3717 1479 3770 dicit
1523 3716 1870 3779 admirative,
1931 3719 2058 3782 ολδ

365 3813 444 3863 est
495 3811 626 3872 ista,
671 3813 777 3860 etc.
823 3805 991 3871 Quasi
1044 3819 1246 3858 aurora
1295 3819 1637 3870 consurgens.
1669 3805 1826 3858 Tunc
1877 3807 2055 3860 Eccle-

367 3895 450 3950 sia
478 3895 780 3959 ﬁtaurora,
813 3908 945 3946 cum
987 3892 1348 3945 mortalitatis
1379 3896 1552 3962 atque
1584 3891 1927 3961 ignorantia
1977 3899 2056 3948 te-

365 3981 571 4036 nebras
625 3980 882 4034 funditus
929 3980 1157 4034 amittit.
1190 3981 1253 4034 ln
1279 3979 1494 4050 judicio
1524 3996 1660 4051 ergo
1711 3981 1894 4035 adhuc
1953 3998 2054 4036 au-

361 4086 510 4134 rora,
544 4070 638 4123 sed
672 4069 731 4122 in
761 4084 940 4138 regno
983 4069 1097 4122 dies
1118 4069 1248 4133 erit,
1284 4069 1384 4122 ubi
1435 4070 1672 4139 plenum
1701 4070 1884 4122 visum
1935 4071 2054 4124 veri

364 4158 502 4210 solis
533 4157 782 4211 habebit.
836 4158 1069 4211 Pulchra
1097 4161 1157 4211 ut
1209 4159 1359 4210 luna.
1416 4158 1478 4210 In
1509 4165 1676 4252 nocte
1730 4157 1859 4211 vita
1900 4174 2051 4228 pra—
2079 4198 2124 4252 Β

363 4246 563 4311 sentis,
589 4246 686 4299 ubi
728 4246 1020 4298 variantur
1049 4249 1228 4298 status
1267 4244 1692 4314 temporalium,
1749 4261 2046 4317 compara-

361 4340 458 4388 tur
489 4335 628 4388 luna
660 4333 825 4405 :quia
872 4349 1026 4387 nunc
1063 4335 1209 4386 clara
1252 4333 1489 4400 mundo,
1551 4349 1704 4388 nunc
1750 4335 2049 4405 despecta;

364 4439 519 4477 nunc
548 4423 823 4476 virtutum
853 4423 1100 4476 candore
1125 4423 1312 4492 plena,
1349 4438 1500 4476 nunc
1543 4439 1849 4492 pravorum
1879 4423 2050 4478 deho-

362 4516 581 4566 nestata
614 4511 778 4564 vitiis.
818 4513 880 4564 In
912 4511 1104 4564 futura
1134 4511 1507 4577 beatitudine,
1533 4511 1632 4564 ubi
1667 4511 1818 4566 idem
1872 4517 2050 4565 status

365 4599 495 4666 erit,
522 4601 663 4654 sicut
691 4600 770 4653 sol
812 4599 1114 4669 fulgebunt
1136 4600 1296 4669 justi.
1335 4600 1610 4654 Terribilis
1638 4604 1699 4654 ut
1750 4606 2050 4655 castrorum

361 4690 503 4742 acies
532 4688 808 4742 ordinata.
845 4689 1065 4742 Habent
1093 4691 1235 4741 tales
1277 4689 1541 4758 pralatos
1571 4689 1675 4742 sibi
1736 4690 2048 4756 ordinatos,

363 4775 464 4846 qui
495 4774 888 4845 probabilibus
927 4774 1224 4828 sententiis
1244 4774 1418 4828 ﬁdem
1476 4779 1726 4828 nostram
1777 4781 2053 4830 evacuant

359 4869 416 4917 et
432 4868 710 4918 terrorem
737 4863 903 4917 nobis
933 4863 1236 4918 incutiunt.
1267 4863 1425 4928 Quod
1457 4863 1758 4932 perfectius
1789 4864 2050 4918 ordinem

359 4952 418 5006 in
453 4967 511 5005 se
552 4952 830 5006 virtutum
879 4952 1137 5016 collocat,
1198 4968 1266 5005 eo
1310 4951 1620 5006 terribilior
1670 4957 1753 5006 est
1810 4953 2052 5008 Ecclesia

358 5040 507 5095 aeris
534 5040 930 5110 potestatibus,
971 5041 1057 5094 vel
1086 5056 1331 5111 quaque
1359 5040 1546 5094 ﬁdelis
1571 5039 1777 5094 anima.

429 5131 596 5184 Vens.
634 5131 718 5183 10.
751 5160 820 5168 -
853 5129 1118 5184 Descendi
1141 5132 1199 5183 in
1231 5131 1442 5183 hortum
1470 5145 1687 5196 nucum,
1720 5133 1826 5183 etc.
1856 5131 2053 5185 Judaa

363 5218 686 5272 admirante
709 5233 920 5288 agones
949 5218 1231 5281 Ecclesia,
1263 5223 1320 5271 et
1345 5218 1700 5288 inquirente;
1728 5217 1850 5288 ipse
1879 5235 2052 5289 spon-

362 5322 461 5359 sus
511 5306 779 5375 perhibet
829 5306 1225 5360 testimonium
1281 5305 1560 5360 Ecclesia.
1616 5307 1731 5373 Vel,
1788 5307 2054 5362 dicantur

360 5409 483 5447 esse
530 5394 702 5449 verba
743 5395 1022 5461 Ecclesia,
1081 5411 1211 5467 qua
1240 5394 1445 5450 annuit
1475 5395 1789 5467 Synagoga
1823 5412 1881 5450 se
1929 5396 2052 5450 lau-

357 5481 539 5550 danti,
569 5488 624 5536 et
651 5483 925 5537 continuo
955 5483 1226 5550 insinuat,
1258 5500 1385 5554 qua
1417 5483 1490 5537 sit
1532 5483 1638 5537 sibi
1679 5499 1848 5537 causa
1876 5498 2051 5553 appa-

1535 5560 1549 5583 \

2172 3001 2282 3054 nisi
2322 3001 2532 3055 divinis
2583 3002 2890 3073 Scripturis
2929 3008 2984 3058 et
3013 3005 3340 3075 apostolicis
3368 3005 3712 3059 testimoniis
3740 3022 3872 3059 cer-

2170 3090 2478 3144 titudinem
2527 3091 2912 3145 conversionis
2963 3108 3163 3146 eorum
3204 3093 3500 3146 haberent.
3538 3096 3682 3158 Quia
3712 3094 3875 3146 vide-

2172 3177 2274 3233 bis.
2305 3178 2475 3242 Quasi
2497 3178 2708 3232 diceret
2741 3195 2754 3233 :
2784 3180 2948 3234 Doles
2977 3180 3047 3234 de
3077 3179 3476 3235 incredulitate
3511 3181 3868 3251 Synagoga;

2170 3266 2268 3320 sed
2295 3267 2437 3320 scias
2486 3266 2545 3320 in
2583 3267 2840 3337 proximo
2888 3268 3352 3334 convertendam,
3412 3274 3475 3322 ut
3529 3269 3588 3322 in
3649 3286 3719 3323 ea
3740 3271 3867 3340 jam

2168 3372 2286 3408 non
2317 3360 2588 3426 appareat
2615 3355 2938 3422 inﬁdelitas,
2972 3357 3066 3411 sed
3112 3373 3286 3427 opera
3317 3357 3701 3428 spiritualium
3731 3375 3869 3428 ago-

2169 3459 2332 3509 num,
2378 3448 2434 3497 et
2489 3444 2788 3498 virtutum.
2848 3446 3023 3509 Quam
3053 3446 3276 3514 pulchri
3323 3452 3453 3500 sunt
3502 3462 3738 3513 gressus.
3808 3449 3870 3501 In

2168 3530 2482 3601 pramissis
2535 3531 3011 3602 descriptionibus
3059 3538 3145 3586 est
3191 3534 3498 3588 descensus
3525 3551 3559 3588 a
3600 3536 3870 3604 superio-

2166 3620 2326 3673 ribus
2359 3619 2430 3673 ad
2483 3618 2777 3682 inferiora,
2837 3626 2895 3674 et
2947 3621 3310 3690 superiorum
3355 3628 3574 3676 tantum
3621 3623 3686 3676 ﬁt
3716 3641 3868 3677 com-

2166 3716 2454 3770 mendatio
2486 3717 2896 3771 membrorum.
2935 3719 2997 3771 In
3030 3719 3135 3772 hac
3169 3720 3649 3774 commendantur
3690 3721 3867 3774 etiam

2163 3805 2453 3870 inferiora,
2489 3807 2652 3859 et-ab
2683 3806 3048 3860 inferioribus
3079 3807 3405 3860 ascenditur
3433 3809 3503 3862 ad
3537 3809 3865 3878 superiora;

2163 3898 2227 3947 ut
2254 3894 2604 3960 ostendatur,
2654 3894 2805 3964 quod
2862 3895 2960 3948 illa
3005 3895 3248 3948 Ecclesia
3305 3895 3365 3948 in
3422 3897 3759 3965 novissimo,
3803 3915 3867 3952 ex

2163 3979 2278 4034 illis
2323 3985 2454 4034 ante
2486 3982 2742 4052 reprobis
2787 3988 3116 4047 convocata,
3166 3983 3402 4038 habebit
3453 3989 3650 4037 tamen
3682 4001 3863 4039 mem-

2165 4069 2266 4123 bra
2297 4071 2690 4139 superioribus
2712 4085 2828 4124 non
2851 4071 3097 4140 imparia
3131 4089 3144 4138 ;
3177 4073 3236 4125 in
3252 4088 3364 4142 qua
3385 4073 3449 4126 ﬁt
3469 4073 3684 4126 mentio
3710 4090 3868 4144 gres-

2163 4173 2354 4232 suum,
2386 4157 2520 4228 quia
2558 4175 2670 4211 non
2701 4157 2763 4211 in
2793 4159 2910 4212 otio
2935 4159 3148 4222 futura,
3182 4161 3275 4213 sed
3308 4160 3378 4213 ad
3409 4167 3697 4215 certamen
3733 4179 3868 4231 pro-

2163 4261 2411 4310 cessura,
2444 4246 2690 4315 primam
2725 4247 3209 4316 pulchritudinem
3234 4265 3296 4302 ex
3327 4249 3638 4302 certamine
3668 4258 3868 4304 osten-

2157 4334 2314 4388 ditur
2366 4334 2652 4388 habitura.
2706 4336 2878 4400 Quam
2931 4337 3149 4404 pulchri
3201 4342 3344 4391 sunt.
3397 4337 3590 4391 Primo
3620 4355 3868 4409 operum

2157 4422 2533 4476 constantiam
2585 4429 2640 4476 et
2696 4423 3196 4478 mortiﬁcationem
3258 4426 3612 4496 voluptatum
3691 4429 3752 4481 in
3803 4443 3869 4481 ea

2159 4510 2356 4564 laudat
2386 4527 2400 4564 :
2435 4513 2606 4578 Quam
2635 4513 2854 4580 pulchri
2898 4518 3043 4566 sunt.
3108 4514 3236 4566 Hac
3290 4515 3484 4568 dicens
3514 4515 3584 4568 ad
3634 4516 3866 4570 laudem

2160 4600 2339 4670 ipsius
2368 4600 2625 4654 Ecclesia
2655 4602 2975 4670 conjuncta
3017 4617 3086 4655 ex
3145 4603 3444 4656 dulcedine
3477 4620 3534 4656 se
3561 4609 3869 4672 convertit,

2159 4693 2224 4742 ut
2265 4688 2446 4741 Judai
2499 4689 2721 4742 facilius
2782 4695 3208 4752 convertantur,
3261 4697 3318 4744 et
3353 4691 3598 4745 Ecclesia
3643 4689 3726 4746 de
3757 4694 3871 4747 illis

2159 4777 2558 4830 convertendis
2603 4778 2734 4847 plus
2784 4777 3018 4832 laboret.
3091 4781 3366 4834 Junctura
3416 4781 3706 4845 femorum.
3760 4783 3872 4836 Re—

2159 4871 2247 4919 cte
2276 4870 2406 4934 post
2434 4881 2660 4936 gressus
2689 4866 2990 4928 calceatos,
3025 4867 3295 4937 junctura
3347 4868 3632 4922 femorum
3671 4871 3871 4925 lauda-

2159 4958 2290 5008 tur:
2334 4952 2471 5023 quia
2533 4969 2635 5023 per
2695 4953 3084 5008 ministerium
3152 4956 3594 5026 pradicantium
3643 4959 3872 5029 perﬁcit

2161 5041 2452 5095 unanimis
2481 5042 2810 5111 conjunctio
2862 5043 3220 5097 credentium
3270 5045 3870 5115 populorum.‘.Honi-

2161 5131 2256 5185 lia.
2281 5129 2679 5200 Mundissima,
2713 5147 2843 5184 cum
2869 5131 2989 5202 jam
3026 5147 3136 5185 non
3163 5131 3503 5187 dissentiant
3531 5133 3594 5187 hi
3626 5135 3704 5189 ab
3739 5137 3868 5199 illis,

2163 5219 2259 5273 sed
2291 5219 2350 5272 in
2390 5218 2658 5272 omnibus
2713 5219 3054 5273 conveniant
3085 5224 3181 5272 :et
3229 5236 3468 5290 operum
3503 5225 3870 5277 attestatione

2163 5308 2491 5360 clarescant.
2554 5307 2681 5372 Qua
2750 5307 3030 5374 fabricata
3089 5313 3236 5362 sunt.
3295 5310 3433 5372 Qua
3512 5311 3868 5380 conjunctio,

2162 5399 2283 5448 arte
2339 5393 2724 5448 inscrutabilis
2773 5395 3001 5450 consilii
3050 5395 3314 5450 ordinata
3365 5402 3497 5464 est;
3552 5399 3688 5468 quis
3711 5401 3867 5455 enim

2165 5483 2319 5536 novit
2363 5499 2540 5554 quare
2590 5485 2740 5539 Deus
2799 5501 2981 5556 usque
3038 5485 3107 5540 ad
3162 5485 3301 5539 illud
3352 5491 3582 5557 tempus
3635 5490 3869 5544 Judaos
