4074 6186
219 253 344 304 1161

1115 247 1371 304 GLOSSA
1407 247 1813 305 ORDINABIA.
1856 277 1919 288 --
1960 247 2307 304 CANTICUM
2347 246 2816 305 CANTICORUM.

3582 254 3720 306 H62

211 371 593 426 excecaverit.
629 371 760 437 Quae
786 370 1063 437 fabricata
1081 375 1207 426 sunt
1234 386 1419 426 manu.
1460 370 1524 426 Id
1563 376 1669 437 est,
1703 371 1908 425 ineffa-
1940 374 1985 426 A
2026 372 2232 426 multas
2258 388 2435 443 aquas
2476 371 2769 441 sapientiae
2807 376 2863 426 et
2924 370 3219 440 doctrinae,
3276 371 3345 427 ad
3406 374 3719 443 potandum

213 461 316 515 bili
350 461 608 530 largitate
641 461 866 514 ﬁrmata
896 460 1233 515 conditoris.

286 550 578 604 Umbilicus
628 554 771 604 tuus.
826 549 913 602 Illi
967 549 1141 603 etiam
1198 548 1349 602 inter
1405 548 1627 615 molles,
1679 548 1779 619 qui
1826 548 1913 617 gi-

214 642 420 707 gnunt,
444 638 548 692 etsi
576 637 793 691 mundo
824 636 975 690 licite
1008 637 1250 701 haerent,
1280 641 1473 690 tamen
1504 635 1648 689 bene
1695 652 1915 689 annun-

212 726 379 779 tiant.

290 815 452 867 Vsas.
503 815 557 866 2.
614 844 680 852 —
728 812 1040 868 Umbilicus.
1088 812 1148 866 Id
1202 817 1306 876 est,
1361 811 1666 866 inﬁrmitas
1709 814 1916 866 nostra:

216 901 587 956 mortalitatis
624 902 688 955 tit
717 906 910 969 crater,
951 901 1178 972 quando
1222 900 1614 955 inﬁrmitatem
1663 905 1916 954 nostram

216 992 280 1045 in
314 990 477 1044 nobis
507 990 742 1060 experti,
778 996 838 1043 ut
866 989 962 1043 alii
992 1005 1097 1059 per
1128 1005 1233 1042 nos
1275 992 1702 1058 recognoscant,
1762 988 1919 1041 labo—

217 1096 435 1146 ramus,
462 1080 546 1132 vel
580 1078 888 1149 aliquando
915 1078 1305 1148 eleemosynas
1344 1077 1561 1131 damus.
1604 1077 1918 1141 Tornatilis,

219 1168 275 1222 id
318 1172 403 1221 est
431 1166 709 1221 rotundus
737 1171 793 1220 et
816 1167 1098 1237 perfectus
1125 1182 1138 1219 :
1170 1165 1271 1235 qui
1302 1165 1459 1219 enim
1490 1165 1562 1219 ob
1593 1164 1651 1218 id
1686 1165 1781 1218 dat
1811 1181 1922 1234 po-

218 1261 345 1311 tum
378 1255 614 1321 sitienti,
646 1256 734 1309 vel
763 1255 997 1308 calicem
1020 1254 1198 1308 divini
1229 1253 1388 1308 verbi
1418 1253 1662 1325 porrigit
1682 1253 1920 1320 erranti,

220 1349 286 1397 ut
325 1345 489 1397 aDeo
535 1348 966 1397 remuneratore
999 1343 1085 1397 vel
1126 1347 1412 1396 terrenam
1453 1342 1794 1413 sapientiam
1826 1358 1923 1396 ex-

219 1438 437 1503 spectet
463 1449 476 1487 :
512 1432 681 1503 hujus
701 1436 886 1486 crater
914 1449 1032 1486 non
1085 1438 1171 1486 est
1199 1437 1364 1487 torno
1392 1432 1591 1497 factus,
1616 1432 1753 1502 quia
1782 1447 1924 1501 opus

220 1521 646 1586 misericordiae,
681 1522 834 1592 quod
858 1521 1009 1586 fecit,
1048 1537 1163 1575 non
1213 1537 1383 1575 causa
1432 1537 1549 1574 suae
1599 1519 1925 1590 fragilitatis

220 1610 512 1680 erigenda:
559 1611 625 1664 ad
684 1611 862 1664 Deum
908 1610 1061 1677 fecit,
1110 1609 1205 1663 sed
1262 1614 1549 1663 terrenam
1604 1608 1924 1662 mercedem

220 1699 485 1770 requirit.
524 1701 720 1754 Venter
748 1704 891 1753 tuus.
934 1701 1143 1753 Venter
1173 1704 1366 1753 noster
1417 1713 1637 1753 acervus
1678 1702 1763 1752 est
1818 1699 1937 1751 tri-‘

222 1791 338 1854 tici,
362 1804 489 1843 cum
529 1804 812 1842 memores
833 1794 1045 1842 nostrai
1081 1788 1427 1859 fragilitatis,
1478 1788 1690 1841 fructus
1745 1771 1956 1841 bono-'

222 1894 355 1932 rum
396 1894 661 1948 operum,
707 1877 916 1949 quibus
960 1884 1240 1949 perpetuo
1297 1877 1645 1943 reﬁciamur,
1691 1876 1752 1930 in
1775 1892 1923 1947 prae-

223 1965 375 2020 senti
400 1966 515 2020 vita
570 1965 736 2020 nobis
783 1972 1178 2037 praeparemus
1238 1969 1433 2023 Venter
1463 1972 1607 2021 tuus.
1658 1963 1925 2029 Quamvis

223 2054 549 2109 sitinferior
606 2054 839 2124 gradus,
886 2060 1081 2109 tamen
1137 2054 1361 2109 triticea
1409 2054 1640 2109 refectio
1673 2053 1782 2107 erit
1812 2054 1925 2107 Deo

223 2144 364 2215 quia
382 2144 441 2197 in
464 2144 580 2197 imo
614 2144 797 2211 multi,
828 2144 889 2197 in
917 2144 1200 2214 superiori
1240 2145 1422 2214 pauci,
1454 2160 1574 2197 non
1612 2148 1813 2197 tamen
1838 2141 1924 2196 di-

225 2232 409 2285 cimus
463 2231 523 2284 in
571 2231 709 2299 imo,
778 2231 833 2286 id
865 2236 949 2285 est
980 2231 1037 2284 in
1070 2236 1318 2302 peccato.
1362 2232 1619 2285 Acervus.
1689 2231 1754 2283 In
1808 2229 1925 2283 imo

225 2321 414 2386 latior,
448 2320 505 2373 in
538 2336 765 2373 summo
813 2320 1116 2391 angustior
1136 2320 1356 2373 crescit.
1399 2319 1488 2373 Sic
1514 2325 1571 2373 et
1618 2318 1676 2372 in
1715 2317 1926 2372 nostris

222 2407 567 2473 actionibus,
627 2423 755 2476 quae
800 2412 1015 2478 quanto
1074 2406 1291 2460 altioris
1330 2410 1462 2459 sunt
1517 2404 1730 2469 meriti,
1766 2409 1925 2458 tanto

221 2495 526 2566 pauciores
574 2495 663 2548 sui
729 2494 1021 2565 operarios
1065 2493 1388 2547 inveniunt.
1438 2494 1501 2547 In
1555 2491 1925 2546 inferioribus

221 2587 420 2657 plures
451 2589 584 2639 sunt
613 2585 878 2656 operarii.
911 2584 1067 2639 Multi
1098 2584 1169 2638 de
1196 2583 1647 2654 possessionibus
1677 2583 1924 2636 eleemo-

224 2690 394 2745 synas
445 2674 722 2738 tribuunt,
766 2673 932 2743 pauci
978 2676 1109 2725 sunt
1162 2670 1264 2741 qui
1310 2670 1697 2739 possessiones
1746 2667 1925 2722 relin-

228 2765 438 2832 quunt.
486 2762 733 2815 Possunt
777 2760 837 2813 in
888 2774 1074 2814 acervo
1133 2760 1305 2813 tritici
1334 2758 1734 2826 eleemosynaa,
1783 2771 1925 2825 quas

224 2848 580 2921 pauperibus
609 2865 933 2919 erogamus,
984 2847 1248 2917 intelligi,
1304 2851 1360 2900 et
1402 2846 1546 2900 bene
1576 2849 1704 2915 post
1746 2848 1925 2899 crate-

228 2955 343 2994 rem
373 2940 634 2992 membra
667 2953 891 3009 sponsae
945 2952 1145 2991 acervo
1177 2936 1353 2990 tritici
1402 2938 1829 3005 comparantur,
1863 2936 1925 2985 ut

230 3033 287 3081 et
318 3033 521 3096 potum
561 3032 616 3080 et
639 3043 846 3097 panem
904 3025 1252 3095 pauperibus
1304 3025 1440 3087 dare
1472 3023 1746 3093 signetur,
1775 3020 1924 3092 quod

231 3123 288 3171 et
314 3117 385 3171 de
418 3115 701 3186 corporali
729 3120 787 3169 et
834 3114 1115 3186 spirituali
1173 3112 1478 3167 refectione
1531 3126 1693 3181 asque
1742 3112 1929 3181 potest

232 3205 430 3275 accipi.
485 3205 545 3259 In
593 3203 803 3274 apertis
850 3207 933 3257 est
983 3201 1240 3257 doctrina
1285 3200 1578 3270 poculum,
1624 3200 1683 3252 in
1716 3201 1926 3268 myste-

227 3295 329 3349 riis
369 3298 454 3348 est
476 3293 659 3365 panis.
693 3294 946 3349 Vallatus
981 3293 1140 3346 liliis.
1207 3292 1345 3344 Cum
1377 3288 1572 3343 omnia
1602 3288 1770 3353 bona,
1797 3302 1927 3357 quae

229 3384 478 3454 agimus,
540 3382 723 3453 gratia
778 3381 1039 3435 videndae
1090 3386 1319 3433 aeterna:
1342 3377 1613 3431 claritatis
1651 3375 1925 3446 gerimus.

234 3472 298 3524 Et
326 3486 431 3541 per
476 3471 583 3524 hoc
634 3468 931 3523 insidianti
986 3467 1220 3522 inimico
1268 3467 1489 3522 aditum
1526 3464 1705 3520 nostri
1743 3464 1929 3519 cordis

233 3554 679 3625 circumquaque
724 3550 1090 3606 obstruimus.

300 3643 463 3696 Vens.
492 3644 543 3697 3.
577 3671 644 3682 —
676 3641 798 3694 Duo
827 3640 1014 3696 ubera.
1061 3637 1203 3703 Quia
1257 3638 1515 3693 doctores
1540 3637 1774 3692 rudium
1814 3652 1930 3691 non

233 3729 694 3801 suaprasdicant,
729 3728 822 3782 sed
853 3744 919 3781 ex
958 3725 1202 3797 eloquiis
1250 3726 1547 3795 utriusque
1588 3723 1932 3780 Testamenti

235 3823 472 3873 sumunt
500 3833 629 3888 quas
660 3817 732 3870 ab
758 3832 873 3869 uno
914 3819 1143 3868 auctore
1173 3820 1307 3868 sunt
1331 3813 1518 3868 edita:
1543 3817 1603 3866 ut
1634 3813 1754 3883 ipse
1782 3828 1931 3865 unus

235 3910 434 3976 pastor
462 3920 527 3958 ex
559 3903 781 3958 duobus
836 3902 1107 3972 gregibus
1146 3901 1339 3955 ovium
1376 3916 1557 3955 unum
1628 3900 1773 3955 ovile
1832 3899 1935 3952 im-

238 3996 429 4066 pleat;
460 3992 559 4064 qui
620 4006 827 4061 capreae
879 3993 1305 4061 comparantur,
1349 3988 1484 4061 quia
1541 3988 1819 4042 mundum
1852 3990 1936 4041 est

237 4083 475 4147 animal,
510 4082 632 4136 visu
664 4087 720 4135 et
749 4096 921 4135 cursu
951 4080 1195 4149 insigne,
1245 4084 1301 4133 et
1354 4078 1575 4133 ﬁndens
1633 4077 1933 4147 ungulam,

236 4173 397 4245 quod
427 4171 495 4225 ad
530 4169 930 4224 discretionem
970 4168 1108 4223 boni
1148 4172 1204 4222 et
1251 4166 1386 4221 mali
1428 4165 1679 4237 pertinet
1713 4185 1728 4231 ;
1759 4169 1817 4219 et
1844 4180 1936 4218 ru-

2021 476 2117 514 eos
2157 461 2256 531 qui
2287 464 2456 515 erunt
2484 460 2545 513 in
2576 461 2788 526 cingulo
2819 462 3079 527 maeroris,
3132 464 3514 532 persequente
3562 463 3720 518 Anti-

2021 547 2251 614 christo,
2293 563 2420 619 quia
2450 546 2683 617 piscinae
2711 550 2845 601 sunt
2894 547 2954 601 in
2984 547 3081 601 illa
3106 548 3365 617 plenaria
3389 549 3721 605 introitione

2025 637 2323 707 utriusque
2356 635 2807 706 multiplicilatis,
2843 651 2972 705 quae
3012 635 3120 689 erit
3166 638 3284 704 ﬁlia
3325 638 3719 693 multitudinis.

2023 727 2229 781 Nasus.
2268 722 2591 779 Cautissimi
2623 724 2960 777 discretores
3010 724 3149 778 boni
3182 728 3238 778 et
3288 725 3446 792 mali,
3490 727 3638 782 sicut
3669 732 3726 783 et

2024 827 2127 882 per
2152 827 2315 865 nares
2342 812 2483 865 odor
2510 810 2598 865 vel
2628 811 2773 864 fetor
2818 810 3179 879 discernitur,
3218 827 3363 881 quos
3395 813 3551 867 nulla
3580 814 3726 869 fallit

2024 900 2361 971 hypocrisis,
2411 904 2466 954 et
2512 898 3029 954 eminentissimum
3079 904 3277 953 tenent
3315 901 3525 957 locum.
3570 904 3725 958 Sicut

2027 992 2199 1044 turris
2226 989 2440 1043 Libani.
2472 990 2535 1043 In
2567 992 2760 1042 monte
2807 987 3017 1042 idcirco
3076 988 3146 1042 ad
3176 990 3588 1059 speculandum
3627 1008 3725 1061 po-

2027 1077 2206 1145 nitur,
2260 1081 2325 1131 ut
2354 1077 2565 1144 hostes,
2616 1076 2715 1147 qui
2762 1075 3020 1142 veniunt,
3064 1077 3232 1146 longe
3270 1077 3573 1133 videantur
3604 1095 3616 1132 :
3645 1080 3726 1134 sic

2025 1167 2415 1237 praedicatoris
2444 1167 2558 1220 vita
2579 1180 2806 1235 semper
2849 1165 2906 1218 in
2942 1165 3056 1218 alto
3096 1165 3265 1219 debet
3296 1165 3463 1219 ﬁrma
3492 1182 3725 1235 perma-

2030 1272 2187 1323 nere,
2223 1260 2284 1310 ut
2322 1255 2584 1309 incursus
2640 1254 3029 1324 malignorum
3076 1253 3249 1323 longe
3298 1255 3630 1325 prospiciat,
3664 1259 3727 1309 ut

2030 1346 2279 1414 culpam,
2352 1344 2685 1415 priusquam
2755 1342 2965 1409 veniat,
3035 1342 3447 1412 deprehendat.
3527 1344 3727 1400 Contra

2032 1437 2372 1488 Damascum.
2414 1433 2715 1486 Damascus
2766 1432 3098 1501 metropolis
3154 1431 3353 1502 Syriae,
3387 1448 3515 1502 qure
3544 1434 3724 1486 multa

2034 1522 2183 1576 mala
2232 1520 2429 1574 intulit
2474 1520 2693 1585 Israeli,
2739 1524 2795 1573 et
2843 1519 3016 1573 etiam
3063 1519 3365 1589 captivavit
3398 1536 3411 1573 :
3444 1536 3550 1589 per
3578 1521 3726 1574 hanc

2036 1610 2227 1666 omnis
2256 1609 2563 1663 multitudo
2616 1608 2966 1675 dmmonum,
3010 1608 3095 1662 vel
3150 1624 3395 1679 nequam
3425 1608 3726 1663 hominum

2036 1699 2324 1769 signatur.

2106 1788 2268 1840 Vsus.
2313 1789 2364 1840 5.
2414 1816 2484 1825 —
2542 1785 2725 1856 Caput
2788 1789 2955 1839 tuum.
3011 1784 3164 1838 Mens
3208 1787 3326 1851 tua,
3385 1784 3522 1855 quia
3586 1787 3732 1856 regit

2032 1880 2215 1930 totum
2261 1890 2466 1944 corpus
2523 1872 2954 1944 cogitationum,
3008 1878 3092 1926 est
3138 1873 3272 1939 alta,
3322 1877 3385 1927 ut
3436 1889 3602 1928 mons
3629 1890 3732 1945 per

2033 1962 2527 2019 conversationem
2568 1961 2718 2029 vitae,
2751 1965 2807 2017 et
2845 1960 2973 2016 talis
3003 1977 3188 2027 mons,
3222 1961 3321 2031 qui
3349 1961 3523 2016 habet
3546 1962 3731 2016 scien-

2032 2053 2173 2108 tiam
2219 2050 2686 2106 circumcisionis.
2748 2065 2866 2104 non
2912 2050 2972 2103 in
3032 2049 3323 2105 ablatione
3366 2050 3572 2116 carnis,
3636 2050 3733 2105 sed

2034 2140 2494 2212 superﬂuitatum
2542 2139 2749 2193 cordis.
2793 2137 3047 2193 Cochleaa
3086 2138 3264 2192 maris
3309 2138 3461 2193 ferro
3497 2139 3735 2194 circum-

2033 2232 2184 2296 cisae,
2243 2231 2520 2299 lacrymas
2567 2225 2847 2298 purpurei
2907 2225 3112 2280 coloris
3157 2226 3450 2295 emittunt,
3521 2226 3732 2298 quibus

2033 2319 2280 2375 collectis
2310 2318 2561 2372 tinctura
2604 2314 2884 2389 purpurei
2941 2314 3146 2368 coloris
3195 2314 3514 2369 conﬁcitur.
3560 2317 3733 2371 Cana-

2035 2408 2128 2473 les,
2182 2406 2281 2477 qui
2313 2419 2632 2475 purpuram
2688 2403 2839 2473 regis
2895 2402 3231 2473 suspiciunt,
3263 2408 3395 2457 sunt
3415 2403 3733 2474 prmcordia

2035 2494 2314 2549 ﬁdelium.
2341 2493 2495 2547 Lana
2523 2508 2651 2563 qua:
2684 2490 3010 2561 intingitur,
3044 2496 3108 2545 ut
3143 2491 3548 2545 indumentum
3581 2491 3733 2561 regis

2036 2583 2331 2651 efﬁciatur,
2360 2587 2444 2637 cst
2490 2581 2784 2636 humilitas
2812 2580 2871 2634 in
2927 2579 3219 2650 patiendo,
3279 2596 3408 2651 quae
3430 2581 3625 2649 juncta
3656 2585 3736 2635 est

2035 2673 2338 2738 canalibus,
2364 2670 2595 2742 quando
2627 2669 2912 2724 constanti
2955 2668 3125 2723 corde
3182 2669 3358 2723 virtus
3395 2668 3735 2723 humilitatis

2037 2765 2093 2815 et
2120 2761 2391 2815 continua
2422 2759 2703 2815 Dominici
2757 2758 2976 2813 cruoris
3028 2757 3307 2811 memoria
3359 2757 3431 2812 ad
3482 2757 3732 2811 toleran-

2034 2846 2175 2903 tiam
2214 2850 2524 2904 animatur.
2570 2849 2807 2919 Semper
2838 2862 3153 2918 purpuram
3200 2846 3319 2899 veri
3366 2846 3535 2915 regis,
3565 2845 3623 2900 id
3652 2850 3739 2899 est.

1967 2950 2007 3006 ς
2035 2939 2379 3012 passionem,
2409 2939 2471 2992 in
2522 2937 2804 2993 memoria
2850 2936 3148 3001 habentes,
3190 2939 3246 2990 et
3294 2935 3363 2989 ad
3392 2934 3735 2989 imitandum

2034 3029 2239 3100 parati,
2266 3033 2326 3082 ut
2354 3044 2482 3081 cum
2515 3027 2738 3081 Christo
2770 3025 3195 3079 resuscitentur.

2108 3119 2274 3172 Vens.
2311 3121 2363 3170 7.
2412 3146 2474 3155 -—
2523 3116 2743 3171 Statuta
2785 3120 2897 3168 tua.
2950 3114 3095 3178 Quia
3153 3111 3399 3166 Ecclesia
3439 3112 3499 3166 in
3548 3117 3734 3167 certa-

2037 3206 2193 3261 mine
2224 3203 2523 3276 prmsentis
2553 3203 2682 3257 vitae
2729 3201 2942 3273 gaudia
2978 3200 3186 3254 futura:
3233 3200 3363 3254 vitae
3400 3204 3731 3271 prtegustat,

2038 3296 2301 3351 subditur
2332 3310 2347 3348 :
2416 3295 2740 3349 Assimilata
2768 3296 2846 3346 est
2876 3291 3088 3360 palmae.
3153 3290 3282 3344 Haec
3330 3295 3417 3344 est
3452 3289 3735 3344 rectitude

2036 3383 2205 3438 bonae
2243 3381 2611 3452 operationis,
2639 3396 2769 3450 quae
2799 3380 2868 3434 ad
2902 3386 3127 3433 terrena
3156 3378 3399 3449 despicit
3428 3378 3735 3445 incurvari,

2038 3474 2217 3523 totam
2263 3485 2322 3523 se
2352 3470 2419 3523 ad
2460 3467 2707 3523 coelestia
2738 3467 2929 3538 erigit,
2987 3472 3043 3520 et
3079 3466 3138 3519 in
3193 3465 3504 3520 certamine
3558 3465 3740 3537 posita

2038 3559 2224 3613 tendit
2252 3558 2323 3613 ad
2352 3557 2632 3623 bravium,
2665 3572 2778 3627 quo
2808 3556 2970 3610 ﬁnito
3011 3570 3214 3626 agone,
3247 3554 3447 3609 victrix
3473 3554 3740 3609 donanda

2040 3652 2125 3702 est
2153 3647 2364 3718 palma.
2409 3648 2473 3700 In
2517 3644 2885 3699 inferioribus
2934 3659 3137 3713 aspera
3177 3648 3279 3708 est,
3340 3642 3441 3698 sed
3497 3643 3741 3714 deSUper

2040 3737 2278 3808 pulchra
2301 3740 2404 3801 est,
2462 3740 2520 3788 et
2573 3735 2825 3787 fructum
2864 3732 3031 3802 gerit.
3080 3732 3171 3785 Sic
3212 3730 3460 3786 Ecclesia
3498 3731 3561 3785 in
3589 3736 3743 3786 terra

2042 3840 2274 3895 asperos
2304 3824 2511 3877 tolerat
2540 3821 2785 3886 labores,
2838 3819 2937 3873 sed
2992 3823 3184 3889 sperat
3215 3818 3277 3871 in
3315 3818 3458 3873 caelo
3490 3834 3549 3872 se
3592 3835 3743 3875 acce-

2043 3918 2275 3984 pturam
2302 3909 2625 3982 praemium.
2653 3908 2850 3963 Palma
2888 3912 3188 3962 conservat
3224 3906 3364 3961 folia
3396 3922 3409 3961 :
3444 3906 3524 3960 sic
3555 3908 3741 3962 Eccle-

2045 4001 2151 4070 sia,
2195 4000 2453 4054 variante
2505 3997 2699 4052 saaculi
2756 4000 2923 4062 statu,
2972 3995 3171 4050 eadem
3219 3999 3377 4050 tenet
3405 3995 3539 4050 ﬁdei
3568 4011 3744 4050 sacra-

2046 4093 2264 4145 menta.
2334 4088 2528 4143 Ubera.
2588 4087 2649 4141 Id
2711 4089 2814 4152 est,
2875 4084 3156 4155 magistri,
3209 4083 3310 4154 qui
3367 4099 3474 4154 pro
3530 4084 3744 4155 capaci-

2046 4183 2162 4234 tate
2249 4176 2610 4232 audientium
2662 4190 2825 4229 suam
2902 4177 3228 4243 temperant
3286 4172 3629 4238 doctrinam,
3689 4176 3746 4227 et

235 4241 442 4326 minat,
474 4258 627 4330 quod
658 4264 793 4329 post
842 4256 1246 4311 discretionem
1290 4259 1374 4309 est
1410 4253 1781 4320 faciendum;
1837 4268 1931 4324 ge-
1964 4241 2006 4295 D
2044 4281 2476 4337 unumqemque
2515 4265 2588 4319 ad
2647 4262 2915 4318 sublimia
2978 4241 3048 4316 αδ
3114 4262 3358 4316 ubertate
3407 4261 3594 4316 domus
3651 4263 3747 4316 Dei

235 4350 398 4405 melli
428 4353 663 4420 propter
691 4362 868 4400 unam
906 4344 1287 4399 concordiam.

308 4440 471 4501 Vens.
503 4440 556 4493 4.
585 4468 653 4476 --
693 4437 898 4493 Collum
936 4440 1107 4490 tuum.
1157 4434 1217 4489 Id
1250 4437 1355 4499 est,
1381 4431 1466 4486 illi
1500 4448 1603 4502 per
1648 4448 1794 4503 quos
1826 4446 1939 4485 vox

234 4528 377 4589 exit,
427 4530 482 4580 et
529 4541 657 4579 esca
681 4524 741 4578 in
777 4539 982 4593 corpus
1042 4521 1345 4592 trajicitur,
1398 4520 1497 4591 qui
1550 4526 1682 4573 sunt
1740 4518 1937 4584 turris,

237 4613 381 4684 quia
417 4615 471 4665 et
494 4610 756 4681 exemplo
779 4608 909 4662 vitae.
952 4607 1225 4662 muniunt
1249 4606 1408 4671 alias,
1463 4610 1519 4660 et
1547 4605 1839 4660 decorant.
1880 4606 1943 4658 In

239 4701 398 4755 ebore
442 4697 595 4753 enim
655 4695 868 4750 candor
928 4700 1178 4749 notatur.
1231 4694 1386 4750 Oculi
1428 4695 1527 4748 tui.
1584 4692 1693 4757 Qui
1737 4707 1944 4747 arcana

240 4786 579 4858 inspiciunt,
614 4790 676 4838 ut
699 4783 923 4855 possint
951 4784 1008 4838 in
1039 4788 1237 4849 aperto
1271 4781 1557 4854 proloqui,
1608 4781 1709 4853 qui
1728 4781 1946 4835 ﬂuenta

242 4876 521 4932 doctrina:
558 4873 915 4927 auditoribus
973 4889 1089 4926 non
1147 4875 1388 4937 cessant,
1441 4870 1587 4925 sicut
1632 4869 1693 4924 in
1720 4870 1945 4924 civitate

240 4962 487 5018 Hesebon
523 4962 1023 5036 piscinztsemper
1089 4957 1253 5029 aquis
1309 4957 1684 5024 abundantes,
1714 4955 1944 5027 copiose

240 5048 539 5123 populoin
566 5047 807 5101 introitu
839 5047 1019 5118 ipsius
1076 5045 1316 5100 civitatis
1344 5062 1552 5116 aquam
1593 5044 1943 5099 ministrant.

240 5141 313 5196 Et
332 5140 480 5193 bene
512 5137 782 5191 dicuntur
811 5152 975 5206 aqua:
1036 5152 1159 5189 esse
1192 5138 1250 5189 in
1293 5140 1454 5204 porta
1503 5132 1765 5197 civitatis,
1813 5132 1948 5203 quia

238 5244 419 5285 nemo
448 5230 636 5297 potest
681 5224 987 5279 Ecclesiam
1029 5223 1275 5294 ingredi,
1329 5222 1444 5276 nisi
1494 5221 1654 5292 prius
1684 5235 1947 5291 aspersus

239 5334 398 5388 aqua
422 5314 696 5370 doctrinas
728 5317 785 5367 et
837 5311 1129 5383 baptismi.
1164 5311 1321 5366 Unde
1353 5310 1414 5365 in
1462 5310 1697 5364 introitu
1746 5309 1947 5379 templi

238 5404 576 5464 Salomonis
622 5406 745 5457 erat
792 5417 950 5456 mare
1008 5416 1253 5465 aeneum,
1280 5400 1381 5454 ubi
1412 5398 1733 5453 sacerdotes
1772 5397 1948 5451 intra-

244 5495 371 5552 turi
400 5493 671 5550 levabant
699 5507 902 5547 manus
928 5493 985 5546 et
1038 5490 1231 5561 pedes.
1284 5490 1531 5545 Piscinae.
1585 5487 1947 5543 Continentes

612 5614 883 5678 ΡΑτηοι..
940 5612 1149 5675 CXIII.

2045 4357 2317 4411 inebriant
2348 4355 2525 4421 (Psal.
2558 4357 2739 4420 xxxv),
2771 4356 2829 4406 et
2857 4352 3028 4407 corda
3056 4351 3395 4405 exhilarant.

2118 4446 2274 4498 Vsus.
2314 4447 2365 4499 8.
2420 4471 2492 4484 —
2540 4443 2680 4496 Dixi
2710 4459 2722 4495 :
2758 4441 3084 4496 Ascendum.
3127 4440 3301 4505 Quasi
3370 4439 3625 4495 diceret:
3677 4441 3743 4494 Et

2048 4533 2203 4605 quod
2238 4533 2377 4587 tales
2404 4531 2575 4586 habet
2604 4531 2885 4596 doctores,
2930 4534 3048 4583 tam
3072 4529 3313 4584 discrete
3343 4527 3741 4599 praedicantes,

2047 4639 2161 4677 non
2194 4626 2277 4675 est
2304 4620 2387 4675 tui
2419 4619 2630 4687 meriti,
2675 4620 2773 4674 sed
2828 4619 3046 4673 donum
3103 4634 3319 4683 meum,
3365 4616 3501 4688 quia
3528 4617 3748 4672 ascendi

2051 4713 2110 4765 in
2134 4711 2399 4780 palmam,
2428 4707 2486 4763 id
2515 4712 2618 4775 est,
2655 4707 2785 4762 dedi
2842 4706 3101 4761 Ecclesia
3153 4710 3528 4776 augmentum
3576 4705 3750 4759 virtu-

2049 4801 2197 4864 tum,
2250 4795 2431 4849 donec
2486 4793 2559 4848 ad
2610 4793 2925 4865 perfectum
2976 4791 3185 4859 veniat,
3241 4797 3298 4846 et
3346 4792 3750 4861 apprehendam

2048 4887 2270 4952 fructus
2299 4884 2460 4953 ejus;
2492 4883 2547 4938 id
2578 4886 2683 4949 est,
2742 4882 2823 4935 ita
2868 4879 3199 4935 confortabo
3246 4883 3302 4934 et
3352 4879 3749 4950 multiplicabo

2051 4975 2291 5030 virtutes
2321 4972 2382 5027 in
2410 4972 2511 5039 eis,
2546 4976 2609 5026 ut
2644 4971 2801 5025 nullo
2832 4970 3004 5025 modo
3063 4968 3285 5040 possint
3335 4968 3617 5035 decidere,
3649 4970 3750 5025 do-

2054 5078 2157 5116 nec
2183 5061 2254 5116 ad
2283 5060 2674 5115 maturitatem
2695 5056 3058 5127 perveniant,
3091 5060 3148 5110 et
3175 5071 3277 5126 per
3321 5054 3427 5110 hoc
3463 5056 3631 5111 ubera
3658 5067 3753 5111 tua

2056 5154 2225 5205 erunt
2243 5151 2382 5204 sicut
2409 5147 2590 5201 botrus
2625 5144 2802 5217 cypri,
2833 5143 2969 5215 quia
3013 5143 3119 5210 illi,
3179 5143 3281 5214 qui
3311 5160 3487 5214 parva
3517 5149 3754 5217 norunt,

2054 5238 2102 5293 si
2133 5236 2406 5292 benevole
2437 5234 2709 5288 nuntiant
2757 5232 3048 5287 interdum
3082 5232 3304 5301 potiore
3343 5231 3625 5303 sapientia
3652 5234 3755 5289 de-

2055 5327 2417 5382 briabuntur.
2469 5326 2620 5379 Dixi.
2681 5321 2873 5389 Quasi,
2928 5321 3311 5376 insistendum
3373 5325 3459 5376 est
3501 5323 3570 5377 ad
3616 5339 3755 5379 con-

2055 5414 2375 5470 versionem
2420 5411 2773 5478 Iudaeorum,
2826 5409 2961 5481 quia
2998 5414 3118 5463 tam
3158 5407 3399 5479 pulchra
3428 5410 3755 5481 conjunctio

2057 5509 2143 5559 est
2173 5506 2458 5566 secutura,
2494 5502 2550 5554 et
2606 5499 2743 5571 quia
2797 5515 2901 5570 pro
2958 5497 3039 5551 eis
3091 5496 3339 5553 maxime
3378 5515 3576 5570 passus
3604 5517 3752 5567 sum,

3374 5610 3452 5666 3'7
