4018 6176
381 239 516 290 1163

991 236 1385 292 WALAFRIDI
1424 237 1671 292 STRABI
1712 237 1907 292 FULI).
1955 236 2114 292 ΜΟΝ.
2155 235 2304 292 ΟΡΡ.
2346 236 2528 292 PARS
2569 237 2609 292 l.
2651 266 2717 274 --
2757 236 3206 292 THEOLOGICA.

3736 248 3749 295 t
3771 246 3847 296 tisi

369 365 504 433 quia
528 379 624 418 eos
670 361 970 417 salvandos
1027 362 1405 433 provideram.
1477 364 1701 416 Fructus
1757 363 1894 431 ejus.
1934 363 2066 417 Fru-
2104 364 2150 416 A
2182 361 2335 415 bona
2365 361 2616 422 inchoat,
2661 360 2760 414 sed
2816 359 2980 415 valde
3025 359 3286 415 mirabile
3325 366 3431 428 est,
3471 362 3518 415 si
3560 361 3846 418 intentione

370 461 493 507 ctus
525 452 736 518 Crucis,
767 456 954 522 potest
1009 451 1118 505 dici
1161 450 1519 517 resurrectio,
1549 455 1605 505 et
1652 451 1927 506 ascensio.
1966 453 2064 504 ad-

369 549 574 596 ventus
602 541 844 611 Spiritus
891 540 1086 603 sancti,
1155 545 1209 594 et
1261 543 1411 594 salus
1459 540 1658 594 mundi
1687 557 1699 594 :
1729 545 1785 594 et
1815 556 1918 610 per
1946 540 2067 594 hare

370 630 629 684 doctores
675 634 810 682 sunt
879 628 1122 681 debriati
1176 635 1234 682 et
1288 629 1609 683 confortati.
1665 631 1735 683 Et
1771 629 1904 684 odor
1932 631 2063 683 oris.

369 718 521 772 Odor
543 717 726 782 malis,
760 720 960 785 guttur
1003 715 1132 769 vino
1176 723 1582 786 comparatur:
1634 716 1768 787 quia
1797 717 1965 783 mala,
2000 732 2064 770 ex

367 806 634 869 novitate,
671 805 867 858 vinum
919 821 983 858 ex
1050 809 1329 858 vetustate
1386 806 1614 860 laudem
1671 807 2061 877 consequitur.

363 895 516 949 Sicut
548 894 741 946 vinum
776 893 925 946 malo
955 898 1207 963 praestat,
1241 893 1312 946 ita
1373 899 1606 963 praestat
1632 910 1886 964 prtesens
1915 895 2064 949 allo-

365 982 516 1036 cutio
541 980 798 1035 Ecclesiae
855 980 964 1050 ipsi
1024 981 1190 1034 famas
1245 997 1419 1052 qnam
1479 982 1547 1035 de
1602 981 1701 1034 illa
1749 987 1936 1052 potest
1963 999 2062 1036 au-

363 1070 645 1124 dientium
675 1085 863 1123 sermo
919 1069 1310 1124 disseminare.
1369 1069 1520 1124 Odor
1571 1069 1630 1124 in
1684 1076 1934 1141 gutture,
1962 1087 2063 1125 vox

362 1159 662 1230 praesentis
711 1157 1003 1213 doctrinae.
1055 1159 1114 1212 In
1179 1158 1353 1212 odore
1403 1159 1555 1212 fama
1613 1158 1863 1213 absentis
1909 1161 2060 1214 desi-

363 1254 571 1317 gnatur
607 1253 700 1301 :et
728 1247 856 1301 ideo
883 1247 1031 1314 {vino
1078 1247 1174 1300 illa
1219 1252 1455 1318 propter
1503 1247 1844 1318 fragantiam
1881 1248 2061 1302 virtu-

359 1341 508 1405 tum,
541 1338 660 1391 hinc
691 1337 856 1390 malis
887 1335 960 1390 ob
1021 1336 1359 1390 suavitatem
1397 1336 1648 1391 absentis
1698 1336 1865 1391 fama:
1897 1353 2060 1392 com-

362 1433 619 1497 paratur.

433 1515 592 1569 Vens.
621 1516 676 1567 9.
729 1544 801 1554 —
860 1515 1091 1581 Dignum
1142 1512 1338 1569 dilecto
1396 1529 1526 1568 meo.
1587 1514 1856 1580 Verbum,
1907 1512 2058 1584 quod

360 1605 422 1658 in
454 1620 550 1658 ore
586 1620 714 1658 meo
771 1603 1010 1658 dilectus
1062 1603 1270 1674 posuit,
1326 1608 1498 1656 tanta:
1530 1607 1615 1657 est
1668 1602 2056 1669 sublimitatis,

361 1694 513 1764 quod
546 1709 658 1746 non
693 1708 794 1764 per
823 1692 1000 1745 alium
1022 1708 1190 1762 quam
1208 1691 1514 1762 peripsum
1537 1707 1806 1762 sponsum
1841 1691 2056 1746 mundo

361 1781 560 1835 debuit
591 1781 889 1851 praedicari
925 1797 937 1834 :
973 1779 1108 1850 quia
1139 1796 1256 1834 non
1316 1784 1400 1834 est
1455 1780 1601 1834 alius
1640 1781 1923 1844 inventus,
1961 1783 2058 1848 qui

357 1871 580 1924 solveret
613 1870 834 1938 librum,
861 1875 917 1923 et
973 1869 1042 1922 ab
1073 1868 1172 1922 illo
1222 1874 1596 1938 susceperunt
1649 1869 1766 1934 alii,
1803 1869 2057 1923 Christus

358 1959 519 2029 quasi
549 1958 786 2028 potavit,
845 1957 999 2027 quia,
1057 1957 1291 2011 docente
1349 1958 1662 2026 divinitate,
1695 1957 1808 2012 cito
1836 1957 1895 2012 in
1925 1974 2054 2028 per-

357 2047 602 2102 fectione
635 2045 884 2100 scientias
915 2045 1174 2115 profecit,
1207 2051 1264 2099 et
1294 2045 1538 2100 libenter
1561 2046 1889 2116 passionem
1928 2063 2054 2100 sus-

354 2135 547 2202 tinuit,
602 2133 860 2188 membra
906 2148 1020 2186 non
1094 2133 1296 2186 eodem
1370 2133 1564 2186 modo.
1623 2134 1767 2187 Dum
1815 2149 2055 2204 sponsus

354 2224 550 2277 laudat
605 2228 802 2294 guttur
860 2237 1108 2292 sponsae.
1170 2221 1266 2275 illa
1329 2219 1657 2292 intelligens
1713 2221 1772 2275 in
1822 2227 2052 2292 gutture

355 2312 614 2380 verbum,
654 2327 758 2382 per
813 2311 966 2382 quod
1001 2311 1153 2364 salus
1211 2309 1379 2364 datur
1435 2310 1675 2379 mundo,
1717 2309 2047 2380 designari:

353 2416 421 2453 ex
453 2405 663 2471 magno
717 2415 914 2454 amore
971 2399 1208 2453 verbum
1265 2398 1596 2469 dispensare
1655 2399 1870 2465 volens,
1903 2398 2054 2468 rapit

351 2489 522 2543 verba
556 2489 626 2542 ab
659 2505 757 2542 ore
779 2487 998 2559 sponsi,
1049 2487 1146 2541 ille
1171 2487 1301 2541 vino
1330 2487 1548 2558 optimo
1605 2503 1732 2542 eam
1763 2503 2052 2558 compara-

352 2577 451 2644 vit,
485 2579 606 2632 hmc
634 2577 896 2648 "subjecit,
931 2577 1172 2644 Dignum
1203 2575 1394 2630 dilecto
1423 2591 1554 2630 meo.
1609 2575 1702 2630 Ad
1756 2579 2049 2630 ruminan-

353 2667 504 2722 dum.
533 2668 652 2733 Non
686 2666 763 2720 ita
814 2665 978 2720 facile
1031 2666 1102 2720 ad
1155 2665 1497 2736 potandum,
1531 2665 1682 2736 quod
1740 2665 1837 2719 ille
1888 2663 2050 2734 prius

355 2773 524 2810 orans
554 2756 678 2810 aliis
712 2755 1048 2826 porrexerit,
1091 2755 1188 2810 sed
1219 2769 1348 2808 cum
1403 2754 1594 2807 labore
1628 2759 1686 2808 et
1710 2753 1898 2808 studio
1929 2769 2048 2808 me-

353 2845 674 2900 ditandum.

2179 455 2331 504 recta
2391 450 2449 504 in
2536 450 2686 503 bono
2741 453 3084 520 perseveret.
3137 450 3220 504 Ibi
3300 449 3440 504 dabo
3524 450 3627 504 tibi
3682 452 3845 506 ubera.

2177 539 2238 592 Id
2269 544 2356 593 est
2385 539 2481 592 ubi
2515 539 2584 592 ad
2641 539 2911 592 videndas
2963 537 3180 607 vineas,
3237 543 3296 592 et
3346 539 3496 592 mala
3527 538 3575 591 si
3610 538 3844 606 ﬂoreant,

2175 628 2504 682 venerimus
2563 627 2622 680 in
2681 633 2845 681 tuum
2905 627 3372 698 obsequiumzet
3402 627 3552 682 facta
3622 633 3673 682 et
3721 629 3851 683 dicta

2177 732 2430 770 meorum
2478 715 2916 787 praedicatorum
2983 715 3261 769 exhibebo
3316 717 3382 770 ad
3440 716 3847 772 similitudinem

2175 805 2384 858 sedulae
2417 803 2678 857 nutricis.

2249 894 2416 948 Vans.
2455 895 2537 947 l3.
2574 922 2640 932 —
2700 892 3098 959 Mandragorz.
3164 893 3360 948 Merito
3419 893 3646 948 invocat
3698 910 3848 964 spon-

2174 997 2300 1035 sum
2357 982 2426 1036 ad
2478 980 2754 1035 auxilium
2804 981 3249 1052 prmdicationis,
3319 981 3415 1036 ubi
3469 981 3851 1052 prmdicatores

2173 1070 2478 1142 praecipuis
2502 1069 2749 1141 ﬂagrant
2793 1069 3114 1124 virtutibus.
3162 1072 3352 1136 Porta,
3409 1071 3658 1140 apostoli
3686 1076 3739 1124 et
3765 1088 3852 1125 eo-

2173 1175 2300 1213 rum
2325 1175 2694 1214 successores.
2719 1159 3117 1227 Mandragorae,
3135 1159 3194 1214 id
3225 1165 3310 1214 est
3339 1160 3579 1214 virtutes
3609 1160 3850 1227 illorum,

2172 1263 2301 1318 quae
2332 1252 2461 1301 sunt
2491 1253 2638 1318 aptae.
2681 1248 3114 1302 medicamentis
3142 1265 3155 1303 :
3208 1265 3337 1320 quae
3368 1253 3562 1303 contra
3594 1248 3856 1303 sollicitu-

2173 1336 2334 1390 dines
2365 1337 2566 1390 mundi
2594 1337 2887 1391 adducunt
2909 1336 3185 1407 quietem,
3234 1353 3366 1408 quae
3412 1352 3689 1391 nauseam
3715 1338 3856 1392 verbi

2171 1424 2271 1478 Dei
2302 1424 2624 1487 excludunt,
2656 1441 2785 1495 quae
2815 1425 2952 1478 vitia
3011 1425 3082 1480 ab
3131 1425 3467 1480 hominibus
3521 1424 3647 1479 sine
3679 1426 3857 1480 dolore

2170 1510 2350 1564 excidi
2375 1511 2610 1578 faciunt,
2640 1527 2767 1582 quae
2801 1512 3097 1582 proferunt
3120 1513 3286 1575 mala,
3349 1513 3402 1567 id
3436 1518 3520 1567 est
3571 1513 3855 1582 Ecclesias,

2169 1600 2418 1654 suaviter
2464 1600 2784 1654 redolentia
2829 1601 2889 1654 in
2933 1601 3368 1662 confessoribus,
3439 1601 3651 1656 similia
3710 1603 3856 1656 malis

2169 1688 2395 1743 Punicis
2425 1689 2483 1742 in
2515 1688 2863 1759 martyribus
2891 1705 2903 1742 :
2938 1689 3199 1743 dederunt
3229 1689 3464 1753 odorem,
3494 1689 3639 1760 quia
3667 1707 3852 1744 exem-

2166 1776 2276 1847 plis
2307 1777 2592 1847 majorum
2621 1777 3323 1835 minorescontirmantur.
3361 1779 3586 1833 Servavi
3615 1780 3736 1832 tibi.
3766 1779 3851 1832 Vel

2167 1866 2404 1931 servavi,
2441 1866 2498 1920 id
2529 1871 2614 1921 est
2661 1866 2911 1920 intellexi
2941 1867 3135 1920 omnia
3176 1873 3462 1937 praecepta
3511 1874 3569 1921 et
3621 1869 3858 1922 testimo-

2165 1955 2281 2021 nia,
2313 1955 2400 2010 vel
2440 1955 2845 2025 promissiones
2873 1955 3170 2026 utriusque
3212 1955 3563 2010 Testamenti
3597 1973 3633 2010 a
3663 1963 3719 2011 te
3747 1974 3854 2011 esse

2166 2043 2346 2111 datas,
2404 2044 2510 2111 vel,
2571 2044 2766 2097 omnia
2821 2059 3012 2114 poma,
3072 2043 3130 2098 id
3177 2049 3262 2098 est
3310 2045 3496 2114 justos
3561 2046 3855 2118 utriusque

2163 2132 2510 2187 Testamenti
2565 2148 2670 2203 per
2729 2137 2781 2187 te
2854 2133 3036 2187 solum
3109 2132 3468 2189 incarnatum
3519 2135 3855 2206 jnstiticatos

2162 2219 2420 2290 cognovi

2799 2291 3022 2348 CAPUT
3081 2293 3220 2348 VIII.

2233 2398 2392 2452 Vsus.
2452 2401 2500 2452 ί.
2553 2427 2621 2438 --
2678 2399 2814 2464 Quis
2867 2400 3024 2453 mihi.
3075 2400 3465 2456 Introducitur
3507 2402 3712 2457 Judcea
3746 2403 3856 2474 jam

2161 2485 2438 2556 inspirata
2489 2491 2545 2540 et
2569 2486 2785 2552 edocta,
2841 2492 2898 2540 et
2935 2503 3163 2542 summo
3215 2488 3498 2542 desiderio
3555 2491 3740 2545 Deum
3783 2491 3859 2544 in-

2160 2575 2423 2644 vestigat.
2457 2576 2627 2629 Foris.
2664 2576 2822 2629 Intus
2865 2582 2988 2630 erat
3017 2577 3280 2646 dilectus,
3315 2577 3452 2632 dum
3484 2579 3542 2632 in
3585 2582 3859 2649 principio

2161 2669 2279 2718 erat
2336 2663 2606 2719 Verbum:
2662 2664 2821 2733 foris,
2879 2664 3014 2719 dum
3071 2667 3302 2720 Verbum
3354 2682 3478 2720 caro
3527 2669 3761 2734 lfactum
3789 2676 3858 2723 est

2162 2753 2337 2823 (Joan.
2382 2755 2441 2820 ι).
2499 2753 2771 2806 Deosculer
2827 2757 2895 2818 te,
2946 2757 3058 2808 etc.
3099 2754 3160 2808 Id
3220 2757 3307 2808 est
3343 2753 3484 2808 facie
3523 2754 3598 2809 ad
3663 2757 3858 2812 faciem

2159 2841 2404 2908 videam,
2428 2847 2485 2896 et
2514 2857 2612 2895 ore
2643 2841 2712 2895 ad
2741 2857 2805 2894 os
2836 2842 3058 2912 loquar.

425 2935 586 2988 Vens.
647 2934 730 2987 l0.
793 2961 864 2972 —
917 2935 1030 3001 Ego
1087 2931 1295 2986 dilecto.
1352 2932 1556 2985 Totum
1606 2930 1856 2985 studium
1910 2946 2049 2984 meae
2083 2931 2124 2988 C
2229 2931 2390 2984 VEns.
2423 2932 2477 2986 2.
2512 2929 2686 2984 —lbi
2704 2945 2784 2984 me
2824 2929 3059 2985 docebis.
3119 2931 3204 2984 Tu
3256 2931 3492 3001 augebis
3521 2934 3856 3004 gratiamin

353 3021 640 3077 servitutis
671 3026 726 3076 et
755 3020 1072 3075 devotionis
1129 3021 1195 3075 ad
1249 3021 1438 3091 ipsum
1493 3020 1696 3085 refero,
1730 3024 1786 3073 et
1813 3019 1872 3073 in
1903 3035 2048 3090 pra:-

353 3112 497 3166 senti
528 3111 662 3177 vita,
693 3127 764 3164 ne
795 3110 1112 3165 laborando
1145 3109 1428 3176 deﬁciam,
1466 3125 1556 3163 me
1605 3109 1838 3177 adjuvat
1870 3124 1882 3162 :
1909 3113 1966 3162 et
1991 3108 2048 3162 in

354 3201 467 3255 ﬁne
521 3216 713 3255 secum
767 3199 838 3253 ad
878 3199 1086 3270 gaudia
1139 3198 1388 3269 recipiet.
1450 3199 1566 3268 Ego
1622 3197 1780 3268 prius
1834 3195 2049 3250 exsula

354 3291 490 3355 Deo,
523 3289 593 3343 ab
624 3288 783 3341 omni
813 3303 1005 3341 errore
1027 3286 1096 3341 ad
1126 3288 1303 3341 Deum
1335 3302 1606 3340 conversa
1637 3301 1784 3352 sum,
1820 3290 1884 3339 ut
1914 3284 2050 3339 civis

353 3382 410 3432 et
437 3377 767 3442 domestica,
801 3381 858 3428 et
886 3374 1005 3445 ipse
1039 3374 1197 3444 prius
1227 3375 1480 3428 humano
1539 3373 1738 3443 generi
1770 3372 1946 3427 iratus
1977 3372 2048 3427 ad

353 3481 446 3519 me
511 3470 598 3520 est
643 3479 965 3528 conversus,
1021 3467 1286 3516 naturam
1349 3477 1491 3516 meae.
1539 3459 1904 3515 mortalitatis
1960 3461 2048 3515 in-

353 3555 544 3610 dutus.

425 3643 584 3696 Vens.
620 3643 702 3695 ll.
740 3670 806 3678 —
842 3640 991 3706 Veni,
1026 3639 1232 3693 dilecte.
1275 3637 1380 3703 Qui
1413 3639 1765 3707 assumptam
1818 3652 1922 3708 pro
1958 3653 2049 3692 me

353 3730 768 3786 humanitatem
801 3728 858 3782 in
886 3728 1025 3782 caelo
1059 3726 1276 3793 locasti,
1307 3742 1410 3798 per
1439 3727 1806 3798 praesentiam
1839 3726 2048 3781 divinae

353 3819 550 3891 gratiae
580 3817 745 3871 visita
777 3831 868 3869 me
911 3832 923 3869 :
958 3820 1021 3868 ut
1059 3815 1116 3868 in
1175 3831 1376 3885 agrum
1410 3815 1611 3868 mundi
1664 3829 1857 3868 semen
1888 3815 2048 3868 verbi

351 3909 434 3962 tui
467 3906 676 3978 possim
705 3919 990 3976 spargere,
1025 3907 1081 3956 et
1109 3903 1272 3956 villas
1319 3903 1759 3957 cohabitationis
1788 3902 1847 3956 in
1871 3919 2046 3958 unam

349 3996 524 4051 ﬁdem
581 3995 943 4048 constituere.
1015 3993 1169 4048 Veni.
1221 3991 1466 4046 Ecclesia
1497 3992 1692 4046 videns
1745 3991 1897 4062 quod
1943 4007 2046 4046 nec

350 4087 420 4140 ad
446 4086 589 4139 bene
617 4082 994 4153 operandum,
1028 4082 1115 4135 vel
1145 4081 1555 4151 egrediendum
1594 4097 1697 4151 per
1725 4097 1782 4134 se
1814 4080 2042 4150 sufﬁcit,

350 4190 452 4228 nec
480 4172 537 4226 in
569 4172 719 4225 bono
752 4169 1074 4240 persistere,
1112 4169 1199 4222 vel
1235 4169 1522 4222 auditores
1574 4173 1854 4239 quantum
1903 4184 2038 4238 pro-

348 4261 587 4316 fecerint
612 4260 952 4321 discernere,
987 4257 1255 4326 implorat
1281 4255 1577 4312 auxilium.
1607 4257 1669 4310 In
1700 4272 1854 4325 agro,
1889 4256 2041 4312 Chri.

347 4349 518 4404 stiani
551 4347 648 4415 ;in
677 4348 845 4412 villis,
877 4345 1086 4416 pagani
1121 4361 1134 4411 ;
1170 4345 1226 4398 in
1259 4347 1449 4412 vineis,
1489 4345 1779 4399 Ecclesiae:
1810 4346 1868 4399 in
1898 4347 2042 4414 ﬂori-

350 4439 466 4503 bus,
499 4436 640 4490 ﬁdes
673 4453 690 4500 ;
747 4433 802 4488 in
832 4435 1124 4500 fructibus,
1181 4433 1455 4500 virtutes;
1481 4433 1538 4487 in
1593 4434 1758 4488 malis
1791 4434 2038 4501 Punicis,

349 4525 688 4596 martyrium
718 4523 1068 4593 designatur.
1106 4524 1166 4576 In
1201 4521 1290 4576 his
1319 4521 1563 4594 singulis
1609 4538 1818 4594 sponsa
1849 4522 2041 4578 dilecti

347 4618 432 4670 sui
465 4613 828 4684 praesentiam
855 4613 1080 4683 quaerit.

421 4705 582 4756 Vaas.
617 4704 699 4755 t2.
731 4731 800 4740 -—-
827 4702 988 4756 Mane
1019 4714 1327 4768 surgamus.
1383 4699 1526 4764 Quia
1584 4715 1688 4754 nox
1737 4699 2042 4756 infidelita-

345 4792 418 4847 tis
443 4791 688 4856 transiit,
750 4794 807 4843 et
851 4790 947 4842 lux
979 4788 1112 4841 fidei
1164 4793 1422 4858 apparet,
1483 4788 1798 4858 procedens
1827 4805 1896 4843 ex
1929 4805 2042 4844 ma-

343 4881 532 4936 tutina
587 4878 1000 4934 resurrectione
1040 4876 1247 4932 Christi
1279 4893 1292 4930 :
1322 4877 1392 4930 ab
1444 4876 1571 4946 ipso
1627 4892 1796 4932 mane
1827 4883 2040 4946 ;resur-

341 4969 610 5024 rectionis
664 4966 1008 5032 laboremus,
1067 4965 1129 5018 in
1191 4965 1544 5036 inspirando,
1607 4971 1664 5019 et
1692 4981 1799 5036 ego
1828 4967 2040 5036 praedi-

341 5058 541 5112 cando.
639 5055 946 5110 Videamus.
1024 5054 1094 5108 Ut
1190 5069 1297 5124 ego
1357 5054 1456 5124 qui
1509 5054 1858 5125 paedagogus
1913 5071 2037 5110 sum

341 5146 733 5218 parvulorum,
792 5142 1010 5213 possim
1089 5141 1412 5196 discernere
1473 5159 1592 5211 eos,
1626 5143 1725 5212 qui
1775 5143 2040 5213 acquisiti

341 5241 492 5302 sunt,
527 5231 820 5304 quomodo
847 5247 904 5284 se
933 5230 1199 5297 habeant,
1261 5236 1541 5301 quantum
1593 5230 1899 5302 proﬁciant
1930 5248 1942 5286 :
1977 5237 2042 5286 ut

341 5324 587 5394 qualiter
608 5320 918 5376 nutriendo
965 5319 1097 5384 sint,
1154 5319 1496 5389 intelligam.
1541 5321 1663 5374 Non
1694 5324 1780 5374 est
1810 5320 2038 5374 intuen-

341 5412 501 5480 dum,
533 5411 580 5464 si
609 5410 788 5463 vineae
820 5410 1045 5474 florent,
1097 5408 1196 5462 sed
1235 5408 1280 5461 si
1330 5409 1503 5463 ﬂores
1559 5410 1630 5464 ad
1665 5417 1894 5480 partum
1927 5409 2040 5464 fru-

338 5506 494 5556 ctum
532 5497 976 5563 convalescant;
1041 5495 1178 5568 quia
1229 5495 1440 5552 mirum
1493 5512 1608 5552 non
1659 5502 1764 5568 est,
1824 5497 1873 5552 si
1909 5497 2038 5569 quis

2161 3033 2275 3085 me,
2299 3025 2355 3073 et
2374 3034 2480 3088 ego
2510 3033 2630 3092 non
2655 3017 2877 3088 ingrata
2910 3019 3130 3089 augebo
3155 3021 3470 3076 servitium.

2234 3107 2399 3162 Vens.
2429 3109 2479 3161 3.
2515 3137 2582 3146 —
2608 3108 2782 3161 Laeva.
2818 3107 2877 3162 id
2910 3112 2995 3161 est
3047 3108 3382 3178 mysterium
3421 3108 3856 3175 incarnationis,

2160 3200 2218 3250 et
2246 3197 2395 3251 dona
2425 3212 2554 3267 quae
2585 3196 2682 3250 dat
2709 3197 2764 3249 in
2816 3196 3108 3267 praesenti,
3142 3197 3250 3250 erit
3305 3196 3410 3251 sub
3465 3199 3655 3269 capite
3679 3219 3696 3254 :
3731 3201 3861 3272 quia

2158 3300 2262 3356 per
2285 3301 2350 3340 ea
2381 3289 2691 3339 sustentata
2722 3285 2781 3338 in
2826 3285 3094 3355 presenti
3141 3291 3339 3340 contra
3390 3289 3860 3357 perturbationes

2159 3374 2479 3428 mundanas
2509 3373 2766 3444 quiescit,
2797 3379 2852 3428 et
2880 3375 3306 3445 quodammodo
3335 3391 3464 3430 cum
3496 3392 3563 3430 eo
3608 3379 3856 3444 dormit;

2157 3467 2208 3516 et
2237 3462 2498 3517 dextera:
2533 3462 2588 3516 id
2615 3467 2698 3516 est
2753 3463 2945 3517 futura
2999 3462 3172 3531 bona,
3222 3463 3278 3517 id
3336 3470 3421 3519 est
3476 3467 3651 3535 plena
3683 3467 3860 3539 ipsius

2155 3550 2319 3617 visio,
2366 3551 2771 3620 amplexabitur
2807 3567 2908 3618 me,
2942 3551 2999 3606 id
3050 3556 3152 3615 est,
3196 3552 3274 3606 ita
3309 3553 3565 3624 undique
3608 3556 3861 3612 circum-

2156 3639 2331 3705 dabit,
2365 3645 2428 3694 ut
2447 3641 2638 3694 nullus
2667 3640 2836 3695 turbo
2878 3640 3120 3695 miseriae
3152 3641 3330 3711 possit
3371 3641 3756 3706 intervenire.

2225 3730 2386 3783 Vens.
2441 3730 2492 3784 4.
2539 3759 2608 3769 --
2657 3729 2870 3798 Adjuro
2917 3745 3029 3784 vos.
3085 3730 3337 3784 Audiens
3391 3747 3640 3801 sponsus
3703 3734 3862 3789 illam

2153 3817 2418 3872 ultimam
2450 3818 2776 3886 Ecclesiam,
2811 3823 2866 3872 et
2895 3819 2954 3872 in
2984 3819 3273 3890 lprmsenti
3328 3819 3471 3874 velle
3502 3821 3786 3892 dormire,
3809 3831 3863 3879 et

2155 3907 2499 3979 quandoque
2550 3907 2940 3980 requiescere;
2989 3914 3045 3962 et
3098 3909 3296 3964 videns
3327 3911 3537 3964 multos
3577 3914 3755 3983 gigni
3795 3915 3862 3969 ab

2155 3996 2420 4065 Ecclesia,
2460 3996 2560 4067 qui
2617 3997 2756 4050 alios
2804 3997 3185 4067 perturbant;
3221 3997 3488 4052 admonet
3539 4000 3703 4068 illos,
3750 4009 3862 4058 uta

2153 4084 2677 4157 perturbationibus
2706 4085 3000 4140 desistant.
3034 4087 3213 4141 Donec
3269 4091 3394 4156 ipsa
3452 4089 3600 4144 velit.
3640 4092 3856 4159 Donec,

2152 4175 2449 4245 completis
2479 4173 2685 4228 divino:
2707 4174 2995 4228 servitutis
3041 4174 3348 4246 obsequiis,
3403 4175 3525 4246 ipsa
3583 4179 3660 4234 ad
3693 4181 3860 4251 fcom-

2152 4278 2388 4317 munem
2412 4262 2598 4316 redire
2628 4277 2822 4316 curam
2854 4264 3122 4316 humanae
3168 4262 3493 4334 fragilitatis
3541 4271 3857 4324 necessita-

2148 4352 2303 4406 tibus
2335 4351 2628 4406 admonita
2647 4351 2982 4405 consentiat.

2219 4441 2378 4494 νεεδ.
2405 4442 2455 4494 5.
2481 4470 2549 4479 -
2579 4443 2705 4507 Quz
2732 4445 2810 4495 est
2847 4443 2957 4494 ista
2986 4439 3014 4493 ξ’
3042 4439 3239 4495 Iudaea
3290 4439 3351 4494 in
3404 4446 3626 4499 tantam
3656 4451 3853 4518 sponsi

2150 4529 2331 4600 agniti
2371 4528 2701 4583 charitatem
2752 4529 3174 4598 exardescente,
3224 4531 3452 4600 gentilis
3503 4533 3851 4593 admirando

2149 4622 2204 4672 et
2244 4618 2692 4688 congratulando
2737 4618 2916 4672 dicit:
2964 4619 3094 4685 Quae
3135 4623 3213 4674 est
3237 4621 3346 4673 ista
3373 4621 3402 4675 ?
3461 4623 3579 4677 Sub
3631 4628 3848 4681 arbore.

2149 4706 2459 4762 Gentilibus
2489 4707 2905 4762 admirantibus
2961 4707 3286 4777 respondet,
3322 4709 3436 4774 ille,
3490 4711 3589 4782 qui
3625 4722 3722 4770 est
3751 4733 3854 4787 pax

2149 4797 2363 4859 nostra,
2396 4791 2496 4863 qui
2522 4792 2655 4846 fecit
2691 4797 2934 4863 utraque
2963 4808 3147 4846 unum
3176 4809 3189 4847 :
3236 4799 3292 4847 et
3321 4795 3592 4849 admonet
3645 4800 3857 4854 memi-

2149 4881 2297 4935 nisse
2328 4880 2546 4951 gratias,
2580 4896 2684 4952 per
2712 4897 2884 4952 quam
2924 4880 3046 4951 ipsa
3074 4893 3271 4952 erepta
3326 4889 3428 4947 est,
3485 4891 3540 4938 et
3602 4888 3858 4944 aliorum

2148 4967 2505 5039 congaudere
2527 4967 2716 5023 saluti.
2769 4969 3060 5024 Suscilavi.
3103 4969 3260 5033 Quod
3293 4969 3401 5024 fuit
3444 4972 3688 5029 effectus
3733 4993 3855 5029 ma-

2148 5073 2278 5128 gnae
2307 5057 2694 5128 benignitatis,
2729 5058 2864 5129 quia
2894 5057 2953 5112 in
2985 5058 3082 5112 illa
3134 5059 3338 5113 arbore
3399 5061 3643 5118 interius
3675 5081 3856 5120 excae-

2148 5151 2271 5199 cata
2299 5145 2407 5199 fuit
2440 5150 2622 5200 mater
2650 5151 2768 5212 tua,
2797 5163 2864 5199 ex
2899 5163 3011 5217 quo
3041 5147 3183 5201 dixit
3213 5164 3226 5201 :
3257 5149 3494 5216 Sanguis
3523 5152 3642 5220 ejus
3694 5168 3860 5223 Super

2145 5249 2260 5300 nos,
2291 5240 2340 5288 et
2369 5250 2530 5304 super
2558 5236 2697 5303 ﬁlios
2723 5242 2931 5290 nostros
2953 5237 3173 5302 (Matth.
3219 5239 3413 5306 xxvii).

2218 5321 2378 5375 Vens.
2403 5323 2454 5375 6.
2489 5351 2558 5362 —-
2582 5322 2727 5376 Pone
2747 5339 2844 5377 me.
2879 5322 3152 5377 Ponimus
3208 5322 3497 5379 Christum
3550 5330 3616 5379 ut
3671 5332 3858 5396 signa

2145 5410 2325 5464 culum
2356 5425 2519 5480 super
2547 5426 2650 5477 cor,
2673 5427 2882 5466 cumea
2915 5427 3043 5482 qua:
3064 5411 3226 5480 dixit,
3257 5410 3334 5466 ita
3356 5412 3649 5481 discimus,
3688 5417 3856 5488 quasi

2147 5498 2355 5554 divinae
2382 5500 2657 5554 veraciter
2713 5500 2824 5556 sint
2883 5501 3056 5556 verba
3098 5501 3417 5572 sapientiae.
3471 5502 3751 5562 Solemus
3777 5508 3854 5562 si-
