4074 6186
247 280 380 331 1163

1144 276 1397 334 GLOSSA
1437 277 1840 334 ORDINARIA.
1889 304 1947 318 —-
1991 278 2334 333 CANTICUM
2377 278 2839 335 CANTICORUM.

3605 288 3736 337 titiﬁ

240 413 420 467 gnum
450 396 679 468 aliquod
712 396 913 467 digito,
944 396 1029 450 vel
1064 397 1297 452 brachio
1337 397 1633 468 alligatum
1690 398 1929 453 circum-
1962 401 2007 453 A
2050 399 2449 453 haereticorum
2529 400 2901 471 sophismata,
2960 402 3058 456 sed
3122 406 3315 456 tamen
3379 402 3737 475 simplicitate

238 488 409 551 ferre,
446 502 558 557 quo
588 486 1005 540 admoneamur
1034 484 1187 539 illius
1240 486 1344 552 rei,
1378 486 1537 556 cujus
1585 487 1936 557 frequentio-

239 592 359 630 rem
389 578 599 630 babere
623 576 884 631 volumus
906 575 1268 629 memoriam.
1298 575 1593 642 Ponimus,
1621 578 1684 629 ut
1708 576 1936 646 signum

240 682 416 735 super
460 664 781 729 brachium,
841 680 969 718 cum
1017 680 1083 717 ea
1130 680 1259 735 quae
1314 664 1446 718 fecit
1502 664 1581 717 ita
1629 665 1825 718 audire
1884 670 1938 718 et

240 752 404 824 sequi
474 753 788 818 studemus,
837 752 997 823 quasi
1042 769 1189 806 verre
1221 752 1334 806 sint
1391 754 1647 824 exempla
1693 754 1933 808 virtutis.

242 844 387 908 Quia
414 844 576 909 fortis
604 847 681 895 est
729 846 789 895 ut
835 856 977 896 mors
1032 842 1264 895 dilectio.
1321 844 1453 897 Post
1510 843 1937 914 corruptionem

246 931 466 998 matris,
492 936 623 1002 apte
656 930 955 1001 subjungit
977 931 1046 985 de
1078 930 1401 998 dilectione,
1438 935 1499 985 ut
1532 948 1649 986 non
1704 948 1767 986 ex
1825 949 1939 986 me-

243 1020 368 1073 ritis
425 1020 759 1075 ostendatur
807 1020 937 1074 data
970 1019 1249 1075 Ecclesiae.
1288 1022 1352 1073 Ut
1380 1036 1541 1075 mors.
1575 1021 1731 1075 Sicut
1784 1038 1938 1075 mors

241 1113 471 1177 separat
530 1109 782 1162 animam
815 1126 846 1163 a
875 1124 1141 1179 corpore,
1182 1109 1260 1163 sic
1291 1126 1449 1164 amor
1481 1111 1579 1165 Dei
1635 1126 1667 1164 a
1710 1115 1933 1182 tempo-

241 1198 448 1251 ralium
480 1213 693 1251 amore.
724 1201 874 1253 Dura
898 1200 1038 1252 sicut
1097 1197 1364 1264 infernus,
1424 1203 1529 1253 etc.
1582 1198 1726 1263 Quia
1766 1198 1937 1252 nullis

241 1285 496 1339 hostium
552 1286 906 1340 testamentis
934 1304 965 1340 a
1012 1292 1222 1341 nostrze
1255 1287 1453 1341 salutis
1492 1303 1627 1342 cura
1685 1287 1936 1342 revocari

237 1375 469 1445 potuit:
502 1374 649 1429 sicut
670 1374 930 1430 infernus
959 1375 1131 1430 nullis
1188 1376 1534 1431 miserorum
1588 1376 1934 1431 cruciatibus

241 1464 560 1532 mitigatur,
614 1481 717 1518 nec
772 1464 1126 1519 aseveritate
1156 1481 1273 1518 sua:
1305 1465 1603 1519 sententiae
1658 1468 1932 1520 mutatur.

243 1553 482 1617 Quando
515 1552 796 1607 austerior
825 1553 1200 1624 comparatio,
1233 1570 1299 1608 eo
1328 1554 1514 1607 acrior
1544 1555 1781 1608 zelantis
1834 1571 1938 1607 nos

248 1640 473 1695 Domini
533 1644 967 1696 commendatur
1015 1642 1267 1696 atfectus.
1325 1644 1623 1713 Lampades
1674 1644 1809 1712 ejus.
1878 1644 1935 1697 Id

243 1738 330 1785 est
360 1731 529 1784 corda
572 1730 853 1795 ﬁdelium,
887 1730 944 1785 in
980 1732 1188 1801 quibus
1216 1731 1443 1785 dilectio
1475 1733 1819 1797 continetur,
1873 1737 1939 1785 ut

241 1820 304 1873 in
335 1836 480 1881 vase,
517 1825 652 1873 sunt
694 1822 838 1887 ignis
868 1836 880 1873 :
937 1819 1073 1890 quia
1102 1820 1443 1873 intrinsecus
1474 1819 1693 1874 fervent
1726 1820 1824 1874 Dei
1883 1825 1939 1874 et

238 1908 486 1979 proximi
519 1908 843 1962 dilectione.
880 1908 1023 1963 Sunt
1056 1908 1224 1961 etiam
1254 1911 1494 1977 ﬂamma,
1527 1908 1659 1979 quia
1690 1909 1938 1963 exterius

242 1999 435 2052 lucent
464 1998 734 2067 operibus
769 1998 1035 2068 justitiae.
1088 1998 1182 2051 Ila:
1234 1998 1529 2069 lampades
1561 2015 1675 2053 non
1734 1998 1937 2053 exstin-

240 2091 499 2156 guuntur
525 2086 582 2140 in
616 2087 861 2140 adventu
893 2086 1108 2157 sponsi.

313 2176 484 2228 Vens.
518 2180 569 2228 7.
600 2204 669 2215 —
702 2176 875 2245 Aqua:
920 2176 1117 2239 multa},
1166 2179 1269 2229 etc.
1331 2175 1475 2240 Quia
1533 2175 1757 2242 domus,
1808 2191 1936 2246 qua:

239 2280 413 2333 supra
446 2270 667 2334 petram
700 2264 991 2318 charitatis
1017 2264 1256 2318 fundata
1284 2270 1387 2330 est,
1422 2264 1773 2318 irruentibus
1826 2265 1934 2319 Ilu-

238 2352 493 2406 minibus
525 2370 641 2407 non
689 2359 876 2424 potest
919 2353 1141 2407 cadere.
1172 2354 1451 2408 Flumina.
1505 2354 1933 2421 Tentationum,

235 2457 368 2512 quae
390 2442 474 2494 vel
510 2440 811 2495 visibiliter
838 2442 921 2494 vel
957 2440 1318 2494 invisibiliter
1338 2444 1561 2494 tentant
1587 2441 1759 2494 corda
1790 2440 1932 2494 ﬁde-

237 2528 402 2581 lium.
440 2527 499 2582 Si
520 2527 749 2582 dederit.
793 2527 934 2591 Quia
968 2526 1063 2580 ubi
1097 2527 1349 2581 abundat
1381 2544 1542 2581 amor
1560 2534 1931 2592 alternorum,

236 2631 374 2668 mox
430 2615 944 2687 vilescitlpossessio
1002 2615 1340 2680 labentium,
1418 2624 1571 2671 recte
1647 2616 1930 2684 subditur,

236 2706 303 2759 Si
340 2704 550 2759 dederit
598 2706 766 2759 homo.
822 2705 1102 2776 Apostoli,
1148 2710 1204 2758 et
1255 2704 1353 2758 alii
1413 2704 1614 2774 sancti,
1668 2704 1932 2758 omnibus

233 2793 507 2854 dimissis,
540 2794 683 2848 nihil
732 2794 834 2847 visi
867 2798 1000 2848 sunt
1056 2793 1160 2847 sibi
1220 2793 1554 2865 perdidisse,
1621 2793 1932 2847 dummodo

232 2898 371 2934 vera
400 2881 544 2935 bona
578 2888 817 2953 possunt
847 2882 1074 2946 habere,
1105 2881 1258 2935 unde
1290 2882 1499 2936 Paulus
1560 2898 1573 2936 :
1610 2881 1805 2935 Omnia
1836 2882 1930 2937 de-

1981 1680 2019 1733 Β

2050 490 2203 558 ﬁdei,
2231 490 2443 544 intrare
2472 490 2794 545 volentibus
2824 490 2883 545 in
2915 491 3057 545 atria
3094 493 3295 562 patrie
3318 493 3578 560 cmlestis,
3630 511 3736 566 po-

2048 583 2169 631 tens
2203 579 2450 649 pandere
2484 584 2693 633 rectam
2724 581 2872 634 viam
2910 581 3297 651 prazdicando,
3355 588 3410 636 et
3475 584 3738 653 parvulos

2046 667 2360 721 imbuendo
2396 684 2407 721 :
2440 684 2828 738 proponamus
2868 667 2918 722 ei
2960 668 3452 723 immarcessibilia
3479 671 3739 741 priorum

2044 755 2300 810 virorum
2334 757 2613 827 exempla,
2668 748 2875 827 quibus
2906 774 3069 812 suum
3105 759 3309 812 melius
3354 758 3594 829 impleat
3652 760 3736 813 of-

2044 842 2262 899 ﬁcium.

2118 934 2279 987 Vens.
2322 934 2402 987 l0.
2434 964 2502 973 —
2533 935 2644 1000 Ego
2674 948 2881 988 murus.
2910 934 3034 988 Iam
3075 934 3328 1005 loquitur
3356 934 3738 988 communiter

2044 1022 2113 1076 de
2145 1027 2265 1075 tota
2296 1021 2541 1075 Ecclesia
2566 1039 2632 1075 ex
2663 1023 3052 1088 apostolorum
3084 1023 3456 1077 fundamento
3489 1023 3733 1093 incepta,

2046 1110 2182 1179 quia
2213 1115 2418 1164 extunc
2456 1110 2692 1164 fuerunt
2750 1111 2926 1164 ubera
2983 1111 3042 1163 in
3099 1110 3361 1177 Ecclesia,
3419 1127 3599 1181 usque
3667 1111 3739 1165 ad

2048 1197 2357 1251 novissima
2414 1203 2699 1269 tempora.
2763 1202 2875 1266 Ego
2920 1215 3124 1253 murus.
3189 1200 3442 1253 Audiens
3492 1198 3738 1253 Ecclesia

2046 1284 2167 1339 htBC
2187 1286 2444 1351 consilia,
2469 1288 2557 1341 vel
2586 1287 2871 1356 promissa
2901 1288 2986 1341 sui
3028 1287 3445 1358 Redemptoris,
3472 1287 3594 1358 jam
3621 1303 3735 1341 non

2046 1375 2191 1428 alter
2215 1375 2460 1429 alterum
2492 1380 2795 1447 exspectat,
2830 1376 2927 1431 sed
2960 1376 3200 1447 quisque
3235 1392 3335 1447 pro
3398 1392 3457 1429 se
3505 1391 3738 1447 respon-

2048 1463 2144 1517 det
2196 1480 2331 1517 voce
2359 1464 2579 1517 devota.
2613 1467 2699 1518 Em
2733 1480 2856 1533 quo.
2883 1466 3011 1518 Hrec
3041 1465 3234 1519 omnia
3261 1481 3377 1519 non
3424 1481 3456 1519 a
3486 1481 3577 1519 me
3627 1465 3735 1519 ha-

2046 1552 2180 1606 bere
2204 1554 2388 1623 potui,
2449 1554 2542 1607 sed
2584 1570 2648 1608 ex
2681 1570 2794 1624 quo
2828 1554 2969 1608 mihi
3000 1554 3216 1608 donum
3263 1571 3380 1608 sua:
3408 1556 3581 1625 pacis,
3635 1570 3737 1625 per

2048 1642 2285 1696 verbum
2320 1659 2437 1696 suae
2474 1642 2952 1696 reconciliationis
2982 1642 3220 1713 largitus
3266 1647 3365 1697 est.
3431 1643 3600 1709 Quasi
3636 1658 3737 1712 pa-

2046 1746 2155 1784 cem
2201 1733 2492 1800 repericns.
2530 1732 2684 1785 Bene
2715 1730 2839 1785 dico
2868 1747 3063 1802 pacem
3127 1732 3442 1802 reperiens,
3492 1732 3628 1802 quia
3674 1731 3734 1786 in

2047 1835 2114 1873 ea
2140 1835 2297 1890 pace,
2330 1836 2503 1890 quam
2537 1818 2675 1887 dixi,
2713 1819 2822 1873 fuit
2847 1821 3071 1888 paciﬁca
3102 1819 3322 1875 Christo
3367 1820 3533 1874 vinea
3563 1820 3733 1874 insti-

2046 1912 2166 1962 tuta
2199 1923 2212 1961 :
2250 1924 2380 1979 quae
2402 1909 2539 1962 olim
2562 1925 2595 1962 a
2628 1909 2754 1977 lege
2776 1913 2833 1962 et
2870 1908 3168 1979 prophetis
3193 1913 3272 1962 est
3325 1908 3731 1979 prrenuntiata.

2044 1997 2181 2061 Quae
2202 2014 2309 2069 pax
2340 2013 2455 2052 non
2486 2013 2661 2051 unam
2681 2002 2904 2051 tantum
2942 2000 3174 2067 gentem
3211 1996 3545 2051 Judaaorum
3599 2012 3733 2051 con-

2042 2086 2205 2155 tinet,
2241 2086 2339 2141 sed
2365 2086 2539 2140 habet
2567 2086 2778 2140 multos
2830 2086 3078 2155 populos
3107 2085 3176 2139 de
3218 2089 3339 2139 toto
3371 2085 3587 2140 mundo
3620 2085 3735 2140 col-

2044 2176 2237 2242 lectos,
2271 2190 2387 2229 non
2406 2174 2693 2245 aliquibus
2716 2173 3016 2227 hominum
3039 2173 3280 2240 meritis,
3302 2173 3400 2228 sed
3422 2173 3546 2230 sola
3574 2189 3735 2245 pace,

2042 2280 2214 2335 quam
2270 2266 2422 2318 inter
2482 2264 2661 2317 Deum
2716 2261 3012 2317 hominem
3066 2262 3250 2316 facere
3310 2262 3513 2317 venit:
3576 2263 3737 2333 cujus

2040 2352 2245 2419 vineae,
2283 2353 2417 2423 quia
2446 2351 2684 2406 Domino
2714 2367 2850 2405 cura
2881 2355 2984 2416 est,
3016 2354 3073 2405 et
3096 2350 3232 2421 quia
3257 2350 3399 2405 utile
3440 2355 3525 2405 est
3554 2350 3738 2405 homi-

2041 2441 2231 2509 nibus,
2269 2445 2328 2495 ut
2358 2442 2480 2512 ejus
2508 2440 2813 2511 participes
2838 2440 2999 2507 ﬁant,
3031 2443 3185 2494 recte
3237 2439 3518 2494 subditur.

2119 2531 2271 2585 Vens.
2340 2533 2423 2585 lt.
2480 2560 2547 2570 —
2610 2528 2863 2583 Tradidit
2911 2544 3027 2583 eam
3076 2527 3405 2583 custodibus.
3466 2527 3736 2599 Sequitur

2043 2635 2145 2673 vox
2213 2619 2393 2690 ipsius
2452 2619 2695 2690 paciﬁci,
2750 2636 2879 2691 qua:
2938 2620 3206 2688 ostendit,
3238 2623 3511 2691 quantam
3537 2634 3732 2673 curam

2043 2707 2249 2762 habeat
2291 2708 2361 2763 de
2409 2708 2514 2762 hac
2545 2708 2726 2770 vinea,
2761 2713 2818 2762 et
2853 2708 2994 2780 quid
3025 2724 3125 2762 sua
3166 2707 3624 2779 relinquentibus
3673 2707 3733 2761 in

2042 2803 2321 2851 aeternum
2353 2802 2669 2866 conservet,
2696 2801 2752 2852 et
2781 2797 2918 2869 quid
2951 2796 3256 2869 singularis
3288 2795 3513 2868 praemii
3543 2795 3732 2851 docto-

2045 2886 2202 2940 ribus
2232 2887 2355 2956 ejus
2386 2887 2668 2957 disponat.

235 2972 496 3024 trimenta
516 2970 756 3025 arbitror
784 2976 842 3025 ut
871 2975 1128 3037 stercora,
1155 2976 1214 3024 ut
1254 2970 1536 3025 Christum
1586 2972 1931 3039 lucri/‘aciam
1962 2966 2002 3022 C
2110 2975 2270 3029 Vens.
2314 2977 2392 3029 12.
2420 3004 2489 3015 —
2528 2976 2677 3030 Mille
2706 2976 2788 3029 tui
2813 2973 3053 3045 pacifici.
3105 2972 3360 3028 Pretium
3416 2972 3730 3043 perfectum

242 3059 473 3128 (Philip.
508 3062 609 3130 in).

310 3148 477 3202 Vens.
512 3151 564 3203 8.
596 3179 663 3186 —
710 3149 873 3203 Soror
900 3152 1105 3212 nostra,
1159 3151 1265 3200 etc.
1326 3147 1368 3202 Ο
1427 3164 1525 3201 vos
1574 3147 1821 3203 ministri
1878 3153 1934 3202 et

237 3236 664 3290 commilitones
696 3236 829 3297 mei.
865 3252 1010 3289 nova
1040 3241 1121 3289 est
1147 3236 1268 3289 base
1320 3235 1564 3290 Ecclesia
1621 3241 1678 3291 et
1733 3241 1932 3292 tenera

234 3327 309 3379 ad
373 3343 579 3380 novam
652 3325 1016 3379 dilectionem
1075 3325 1462 3379 retinendam.
1522 3327 1690 3381 Soror
1743 3331 1929 3381 nostra

230 3430 431 3483 parva.
493 3414 758 3482 Ecclesia,
798 3419 1108 3484 antequam
1162 3418 1375 3468 crescat
1426 3430 1527 3485 per
1574 3414 1931 3469 incrementa

232 3502 534 3569 virtutum,
569 3502 814 3557 inﬁrmis
870 3502 1220 3557 auditoribus
1273 3519 1388 3557 non
1435 3508 1625 3573 potest
1673 3504 1928 3574 prabere

231 3592 414 3646 ubera
444 3591 908 3662 praedicationis;
953 3592 1148 3646 adulta
1180 3591 1405 3658 dicitur,
1465 3592 1695 3663 quando
1752 3593 1925 3648 verbo

231 3681 337 3734 Dei
365 3681 651 3751 copulata,
680 3685 874 3735 sancto
906 3682 1125 3751 repleta
1158 3680 1391 3751 Spiritu,
1428 3697 1529 3751 per
1566 3681 1924 3751 praedicatio-

228 3769 326 3823 nis
353 3768 759 3838 {ministerium
807 3769 866 3823 in
918 3769 1171 3823 ﬁliorum
1234 3769 1603 3839 conceptione
1659 3770 1923 3838 foedatur,

229 3874 381 3929 quos
429 3858 775 3913 exhortando
811 3858 1078 3928 parturit,
1130 3858 1510 3912 convertendo
1553 3859 1720 3929 parit.
1784 3859 1927 3925 Quid

226 3949 497 4014 faciemus
518 3949 709 4013 sorori,
755 3951 860 4001 etc.
895 3948 972 4000 Ac
994 3946 1063 3999 sit
1091 3952 1284 4017 aperte
1346 3946 1495 4001 dicat
1529 3964 1540 4001 :
1576 3949 1753 4001 Parva
1804 3948 1927 4019 qui-

228 4034 365 4090 dem
410 4051 650 4089 numero
695 4039 778 4089 est
837 4034 1081 4088 Ecclesia
1131 4035 1408 4104 gentium,
1461 4039 1517 4089 et
1567 4036 1814 4091 necdum
1855 4037 1926 4091 ad

224 4122 598 4178 subeundum
644 4122 804 4176 verbi
866 4122 1249 4176 ministerium
1293 4122 1521 4177 sufﬁcit.
1578 4123 1721 4188 Quid
1786 4140 1923 4195 ergo

221 4212 337 4266 tibi
367 4211 605 4278 videtur,
659 4229 692 4266 o
744 4212 1066 4282 Synagoga,
1102 4228 1240 4282 erga
1288 4228 1484 4266 curam
1534 4213 1678 4283 ejus,
1711 4213 1924 4267 sororis

221 4299 499 4353 videlicet
550 4306 782 4366 nostrae,
830 4317 950 4354 esse
983 4300 1308 4355 faciendum
1346 4305 1603 4371 tempore
1638 4302 1761 4369 illo,
1811 4319 1924 4374 quo

214 4388 390 4443 illam
426 4404 526 4459 per
581 4389 871 4459 apostolos
913 4406 1091 4454 meos,
1139 4390 1643 4460 apostolorumque
1704 4406 1923 4444 succes-

215 4494 392 4534 sores
424 4477 640 4548 alloqui
668 4480 929 4549 coepero?
958 4480 1158 4533 Utrum
1209 4477 1373 4549 quasi
1403 4479 1655 4550 parvulas
1718 4480 1922 4546 adhuc,

211 4580 412 4639 parva
450 4563 533 4618 illi
593 4570 942 4618 secretorum
983 4566 1300 4620 caelestium
1352 4582 1556 4620 arcana
1599 4564 1923 4620 committa-

214 4671 383 4720 mus,
423 4668 495 4706 an
520 4653 641 4722 jam
676 4652 952 4724 majorem
975 4670 1100 4707 eam
1122 4670 1225 4724 per
1249 4658 1561 4725 augmenta
1598 4654 1921 4720 reddamus,

210 4746 516 4814 quatenus
543 4739 688 4794 bene
716 4740 1044 4811 proﬁciens,
1076 4742 1480 4812 perfectiorum
1521 4742 1696 4813 possit
1747 4757 1921 4813 capax

212 4846 353 4886 esse
402 4829 730 4883 virtutum?
756 4829 860 4883 Cui
880 4830 1107 4899 tacenti,
1131 4835 1187 4885 et
1220 4830 1358 4901 quid
1388 4830 1511 4901 ipse
1550 4830 1685 4885 velit
1735 4830 1925 4901 potius

208 4917 598 4985 auscultanti,
657 4918 928 4973 continuo
978 4919 1113 4990 quid
1153 4918 1281 4974 ﬁeri
1330 4920 1523 4974 deceat
1591 4918 1792 4990 aperit,
1847 4918 1924 4974 ita

207 5006 539 5075 subjiciens
573 5023 585 5060 :

297 5097 463 5150 Vsus.
496 5098 547 5150 9.
594 5096 750 5152 —Si
792 5110 978 5151 murus
1030 5100 1129 5164 est,
1164 5100 1270 5152 etc.
1332 5096 1388 5152 Si
1434 5096 1699 5151 inventus
1754 5095 1927 5151 fuerit

203 5185 461 5257 aliquis,
506 5184 605 5256 qui
633 5184 704 5239 ab
739 5184 1159 5239 incursionibus
1190 5184 1502 5239 errantium
1554 5184 1734 5255 possit
1786 5185 1925 5239 alios

204 5273 564 5339 defendere,
620 5273 795 5327 armis
842 5274 1118 5344 nequitias
1172 5274 1395 5328 fortiter
1441 5273 1777 5339 resistendo,
1838 5273 1926 5328 vel

201 5368 455 5422 natura:
510 5361 746 5432 ingenio
793 5362 1068 5424 munitus,
1104 5361 1193 5415 vel
1251 5361 1645 5433 philosophica
1692 5360 1928 5415 scientia

198 5452 540 5513 imbutus:
602 5450 811 5504 divinis
873 5450 1177 5521 Scripturis
1229 5467 1361 5504 eum
1412 5450 1808 5505 informemus.
1867 5452 1929 5507 Si

200 5542 450 5601 ostium.
488 5538 697 5611 Siquis
724 5543 950 5593 estnon
981 5539 1122 5594 adeo
1178 5537 1432 5593 imbutus
1485 5539 1552 5593 ad
1602 5539 1928 5609 repellenda

2040 3062 2317 3134 quidquid
2348 3063 2539 3117 habet.
2582 3065 2690 3118 Per
2719 3064 2863 3118 mille
2907 3063 3208 3134 perfectio;
3265 3077 3369 3129 per
3426 3066 3727 3128 argentum,

2041 3167 2211 3205 omne
2244 3152 2600 3206 mundanum
2631 3151 2904 3223 accipitur
2937 3168 2950 3206 :
2982 3151 3134 3223 quod
3163 3150 3395 3223 quidem
3423 3150 3731 3221 aliquando

2038 3256 2279 3311 parvum
2310 3245 2393 3295 est
2422 3240 2482 3295 in
2512 3246 2586 3309 te,
2638 3241 2734 3295 sed
2760 3257 3034 3312 magnum
3065 3239 3585 3306 devotione.-Mille,
3620 3244 3725 3293 etc.

2038 3329 2248 3384 Eadem
2295 3330 2567 3400 perfectio
2614 3346 2740 3401 quae
2798 3346 2902 3400 per
2943 3330 3088 3384 mille
3120 3328 3493 3398 signiﬁcatur,
3555 3328 3729 3382 etiam

2036 3434 2140 3489 per
2198 3423 2407 3472 centum
2465 3422 2715 3484 notatur,
2778 3418 2913 3489 quia
2961 3422 3201 3488 uterque
3258 3432 3536 3471 numerus
3591 3431 3729 3487 per-

2036 3506 2238 3575 fectus,
2298 3512 2355 3562 et
2382 3507 2535 3562 idem
2599 3507 2748 3560 valet
2778 3507 3012 3574 ducenti,
3047 3521 3221 3577 quam
3248 3506 3295 3559 si
3352 3505 3567 3559 diceret
3614 3505 3727 3559 duo

2036 3594 2238 3649 millia.
2273 3596 2442 3663 Mille,
2488 3599 2594 3649 etc.
2629 3595 2785 3649 Idem
2810 3599 2895 3649 est
2923 3597 3164 3663 argentei
3198 3598 3253 3648 et
3288 3593 3513 3664 paciﬁci
3542 3610 3554 3647 :
3592 3594 3730 3665 quia

2034 3683 2281 3753 pecunia
2328 3699 2429 3754 pro
2465 3684 2579 3737 Deo
2628 3685 2881 3754 erogata,
2930 3698 3129 3752 pacem
3160 3681 3309 3735 inter
3338 3683 3520 3737 Deum
3550 3685 3605 3737 et
3629 3682 3727 3737 ho-

2037 3772 2249 3826 minem
2274 3770 2556 3825 conciliat.

2106 3861 2265 3913 Vens.
2298 3862 2380 3913 l3.
2417 3888 2480 3899 —
2525 3859 2650 3925 Quae
2696 3858 2910 3912 habitas
2962 3859 3020 3911 in
3073 3857 3261 3910 hortis.
3314 3856 3578 3922 Ecclesia,
3635 3858 3723 3912 vel

2028 3936 2306 4019 quaslibet
2353 3946 2538 4001 ﬁdelis
2569 3946 2779 4013 anima,
2810 3945 2870 3999 in
2910 3944 3090 3999 hortis
3120 3944 3363 4009 habitat;
3423 3961 3552 4016 quas
3603 3944 3721 4014 jam

2035 4035 2318 4090 viriditate
2350 4034 2471 4105 spei
2499 4034 2785 4089 bonorum
2844 4048 3084 4104 operum
3142 4038 3229 4087 est
3278 4034 3511 4103 repleta.
3568 4032 3723 4088 Sicca

1992 4124 1995 4127 “
2036 4125 2250 4196 quippe
2276 4129 2362 4178 est
2400 4140 2525 4195 spes
2559 4123 2729 4193 hujus
2760 4121 2980 4190 mundi,
3018 4120 3155 4192 quia
3210 4120 3420 4188 omnia,
3456 4137 3584 4192 quin
3633 4121 3725 4176 hic

1952 4256 1994 4309 D

2035 4215 2321 4278 amantur,
2375 4228 2503 4266 cum
2559 4211 2921 4266 festinatione
2966 4214 3265 4264 arescunt:
3336 4210 3463 4275 Quae
3497 4225 3622 4276 ergo
3665 4213 3724 4265 in

2034 4304 2203 4357 hortis
2238 4301 2471 4370 habitat,
2501 4304 2725 4371 oportet
2762 4306 2826 4354 ut
2880 4314 3156 4371 sponsum
3204 4314 3380 4353 vocem
3425 4313 3581 4353 suam
3630 4315 3725 4353 au-

2033 4390 2152 4445 dire
2178 4392 2373 4458 faciat,
2407 4388 2461 4443 id
2489 4394 2574 4444 est
2602 4389 2663 4443 in
2682 4393 2906 4443 tantum
2934 4388 3087 4443 bona
3112 4387 3531 4458 praedicationis
3562 4387 3724 4441 emit-

2032 4482 2116 4533 tat
2166 4478 2226 4532 in
2294 4482 2577 4548 quantum
2613 4475 2711 4531 ille
2761 4477 3097 4543 delectatur,
3157 4491 3328 4547 quem
3406 4475 3720 4541 desiderat;

2033 4566 2169 4638 quia
2198 4567 2362 4620 amici
2387 4566 2715 4635 auscultant,
2744 4564 3010 4620 videlicet
3040 4579 3238 4618 omnes
3268 4564 3449 4629 electi,
3499 4563 3599 4634 qui
3660 4570 3725 4618 ut

2032 4655 2104 4710 ad
2144 4656 2430 4709 caelestem
2474 4654 2719 4725 patriam
2750 4653 3108 4719 reviviscant,
3150 4652 3321 4707 verba
3347 4652 3476 4706 vita:
3524 4652 3724 4707 audire

2032 4743 2375 4798 desiderant.
2412 4743 2540 4807 Qum
2579 4742 2813 4797 habitas.
2880 4742 2942 4795 Et
2994 4740 3460 4813 quandoquidem
3500 4740 3725 4795 unicui-

2032 4848 2145 4903 que
2168 4832 2320 4902 apud
2351 4846 2441 4885 me
2493 4834 2813 4885 reservatur
2862 4847 2966 4901 pro
3010 4828 3230 4884 meritis
3288 4827 3614 4900 praemium,
3672 4834 3727 4884 et

2032 4920 2241 4991 duplex
2290 4918 2589 4974 retributio
2620 4919 2950 4974 doctoribus
2983 4935 2996 4975 :
3031 4934 3167 4989 ergo
3200 4919 3337 4973 dum
3385 4918 3543 4973 adest
3586 4924 3729 4973 tem-

2031 5025 2139 5080 pus
2171 5007 2451 5074 merendi,
2483 5007 2621 5062 dum
2655 5007 2917 5062 differtur
2955 5007 3074 5061 dies
3095 5005 3393 5078 nuptialis,
3441 5011 3724 5077 quantum

2033 5098 2183 5151 valet
2212 5096 2630 5168 unusquisque,
2662 5096 2721 5150 in
2749 5096 2973 5150 cultura
3010 5094 3180 5165 hujus
3220 5094 3402 5148 vineae
3430 5093 3719 5165 persistat.

2035 5188 2232 5241 Amici.
2268 5185 2331 5239 Id
2392 5188 2477 5238 est
2521 5184 2728 5255 angeli,
2779 5200 2925 5256 quos
2969 5183 3260 5254 adjutores
3292 5182 3394 5237 tibi
3450 5182 3614 5249 dedi;
3671 5187 3730 5237 et

2036 5274 2268 5345 spiritus
2292 5273 2604 5345 justorum,
2640 5274 2737 5344 qui
2781 5273 2902 5343 jam
2931 5288 3061 5326 cum
3129 5272 3243 5325 Deo
3298 5274 3452 5337 sunt,
3509 5276 3565 5325 et
3621 5286 3725 5342 pro

2036 5362 2305 5418 fratribus
2339 5365 2522 5415 orant.
2560 5364 2663 5415 Fac
2693 5378 2775 5416 mc
2820 5361 3032 5415 audire.
3072 5359 3300 5429 Exigoa
3351 5364 3407 5414 te
3455 5363 3519 5414 ut
3568 5359 3727 5413 habi-

2035 5456 2143 5521 tes,
2180 5450 2338 5504 nullo
2388 5450 2637 5505 tumultu
2673 5450 3017 5516 discessura;
3077 5454 3273 5520 postea
3328 5448 3500 5503 etiam
3560 5446 3730 5518 exigo

2038 5544 2103 5594 ut
2132 5555 2328 5593 vocem
2356 5542 2515 5593 tuam
2549 5554 2641 5594 me
2669 5538 2866 5594 audire
2898 5538 3093 5592 facias.
