4074 6186
418 300 554 354 1167

1043 294 1435 350 WALAFRIDI
1473 293 1720 349 STRABI
1761 295 1953 350 FULD.
1997 292 2167 349 MON.
2205 293 2357 350 OPP.
2399 293 2574 348 PARS
2610 293 2653 348 I.
2695 320 2764 331 -—
2801 288 3253 347 THEOLOGICA.

3781 292 3902 345 1168

487 422 649 476 Vens.
712 421 795 476 14.
855 450 924 459 -—
999 420 1160 486 Fuge,
1223 417 1430 472 dilecte.
1487 418 1763 471 Annuens
1840 415 2102 484 Ecclesia,
2135 416 2181 468 A
2221 415 2424 487 spiritu
2455 413 2812 486 prophetico,
2840 417 3144 485 postquam
3186 415 3429 468 mortem
3462 415 3518 466 et
3548 412 3902 467 resurrectio-

416 510 764 582 respondet:
823 507 1088 573 Quandiu
1129 505 1234 572 vis,
1271 507 1464 560 abesto
1498 523 1511 560 :
1546 505 1713 560 differ
1740 506 2108 577 praesentiam

414 605 604 666 tuam;
638 615 742 669 ego
775 613 871 668 spe
894 595 1209 667 longanimi
1235 594 1512 666 quidquid
1538 595 1899 666 praeceperis,
1923 594 2109 666 patiar

413 690 500 742 vel
523 687 745 743 faciam.
780 687 951 754 Fuge,
985 685 1193 739 dilecte.
1229 685 1354 738 Non
1387 684 1637 754 optando
1674 683 1944 754 loquitur,
1980 683 2108 753 quis

420 777 572 832 enim
601 780 828 846 oportet
852 791 1005 836 eum,
1034 789 1207 844 quem
1249 773 1458 842 diligit,
1493 771 1732 843 fugere?
1760 771 1856 826 sed
1884 788 2108 826 memor

418 881 531 918 suae
596 863 959 929 conditionis,
1014 863 1169 916 illius
1226 861 1508 914 voluntati
1582 859 1885 914 consentit.
1940 863 2104 927 Fuge,

414 951 629 1005 dilecte.
667 950 835 1014 Quasi
870 951 990 1004 :Tu
1043 949 1300 1020 quidem,
1357 947 1455 1018 qui
1499 963 1566 1002 ex
1619 963 1789 1001 carne
1854 962 2106 1017 compre-

415 1038 718 1094 hensibilis
748 1039 930 1092 factus
964 1054 1042 1104 es,
1079 1053 1143 1090 ex
1171 1035 1465 1090 divinitate
1514 1041 1612 1090 tua
1663 1034 2105 1104 intelligentiam

411 1129 594 1184 nostri
618 1145 818 1183 sensus
846 1128 1074 1195 excede,
1116 1131 1172 1181 et
1213 1127 1274 1180 in
1329 1127 1510 1196 teipso
1561 1124 1724 1178 nobis
1779 1123 2103 1194 incompre-

411 1216 709 1272 hensibilis
766 1232 1060 1290 permane.
1121 1217 1235 1270 Hoc
1309 1215 1516 1268 clamat
1563 1211 1808 1268 Ecclesia
1857 1213 2102 1267 Domino

2214 521 2348 558 nem
2378 504 2602 559 Domini
2634 503 3140 573 ascensionemque
3187 500 3496 572 descripsit.
3535 503 3755 572 Fugere
3807 517 3902 555 nos

2215 593 2443 653 dicitur.
2498 592 2729 664 quando
2786 593 2843 646 id
2901 591 3050 663 quod
3102 590 3390 645 reminisci
3446 590 3736 658 volumus,
3796 607 3901 645 non

2212 681 2491 736 occurrit:
2555 680 2784 752 quando
2819 680 2874 734 id
2925 680 3080 750 quod
3138 679 3399 733 volumus
3447 679 3728 733 memoria
3793 696 3897 734 non

2212 774 2492 824 tenemus.
2543 769 2883 823 Assimilare.
2947 770 3029 822 Ita
3087 768 3244 838 fuge,
3292 773 3359 822 ut
3414 768 3763 821 creberrime
3809 785 3902 839 per

2213 859 2454 929 gratiam
2510 857 2969 928 compunctionis
3001 857 3254 911 fidelium
3297 857 3566 911 cordibus
3593 873 3899 927 appareas;

2214 947 2314 1017 qui
2345 951 2478 999 sunt
2504 951 2706 1000 montes
2746 950 3069 1009 aromatum,
3126 945 3260 1016 quia
3314 944 3592 1015 despectis
3643 943 3902 996 omnibus

2213 1035 2639 1106 cupiditatibus,
2702 1039 2759 1089 et
2817 1034 3074 1106 purgatis
3133 1033 3304 1097 vitiis,
3339 1049 3531 1087 amore
3592 1032 3902 1086 caelestium

2212 1127 2500 1190 tenentur,
2530 1128 2586 1177 et
2610 1123 2890 1177 virtutum
2937 1122 3112 1177 odore
3135 1122 3412 1193 fragrant,
3437 1127 3495 1176 et
3541 1121 3729 1176 bonus
3760 1120 3896 1174 odor

2215 1211 2423 1267 Christi
2449 1217 2604 1266 sunt.

1685 1436 1985 1515 LIBER
2046 1435 2632 1514 SAPlENTI/E.

1052 1669 1438 1725 PROLOGUS.

475 1796 641 1850 Liber
677 1795 984 1866 Sapientiae
1007 1796 1160 1866 apud
1195 1795 1460 1848 Hebraeos
1489 1809 1776 1864 nusquam
1798 1796 1898 1849 est.
1937 1794 2093 1848 Unde

409 1889 468 1938 et
496 1885 616 1954 ipse
655 1886 831 1954 stylus
877 1885 1129 1938 Graecam
1188 1883 1369 1951 magis
1409 1882 1793 1954 eloquentiam
1854 1881 2092 1936 redolet.

406 1974 566 2028 Hunc
617 1972 800 2027 Judaei
833 1972 1088 2026 Philonis
1117 1988 1238 2025 esse
1269 1972 1577 2026 afﬁrmant.
1609 1971 1716 2034 Qui
1736 1970 1977 2041 proinde
2008 1969 2099 2024 Sa-

403 2061 638 2132 pientia
669 2061 1022 2127 nominatur,
1055 2061 1191 2132 quia
1221 2061 1279 2114 in
1315 2077 1381 2114 eo
1412 2059 1620 2114 Christi
1661 2059 1960 2127 adventus,
1995 2058 2092 2130 qui

403 2154 489 2204 est
518 2149 800 2221 sapientia
856 2149 1038 2204 Patris
1067 2155 1122 2204 et
1165 2147 1354 2220 passio
1413 2147 1873 2220 ejus,evidenter
1912 2147 2098 2218 expri-

403 2238 600 2294 mitur.

971 2342 1195 2398 CAPUT
1234 2342 1524 2397 PRIMUM.

471 2467 638 2520 Vens.
703 2469 752 2520 1.
803 2496 870 2506 -
928 2467 1153 2532 Diligite
1181 2467 1484 2536 justitiam,
1525 2469 1630 2520 etc.
1686 2465 1842 2532 (ΗΑΒ.
1886 2467 1945 2519 in
1995 2465 2090 2520 lib.

399 2553 560 2623 Sap.,
597 2558 740 2608 tom.
777 2554 874 2625 III)
907 2555 1065 2608 Hunc
1089 2554 1298 2608 librum
1334 2555 1711 2624 Hieronymus
1741 2554 1943 2608 asserit
1974 2570 2094 2608 non

403 2658 436 2696 a
467 2641 792 2704 Salomone,
837 2647 967 2709 etc.,
1026 2658 1194 2711 usque
1242 2643 1316 2697 ad
1363 2645 1585 2711 Diligite
1633 2645 1934 2712 Justitiam,
1983 2647 2089 2696 etc.

407 2733 644 2785 Terram.
713 2731 975 2799 Carnem,
1029 2731 1243 2785 scilicet
1323 2731 1565 2786 discrete
1627 2731 1964 2801 reprimitis,
2021 2747 2093 2786 ne

401 2817 693 2889 superbiat
747 2824 946 2872 contra
997 2817 1280 2888 spiritum.
1315 2818 1531 2882 Quasi:
1583 2821 1826 2873 Primum
1873 2821 2094 2888 quaerite

400 2921 623 2974 regnum
674 2909 768 2961 Dei
827 2907 1039 2976 (Matth.
1076 2906 1171 2977 ιιι),
1207 2912 1311 2960 etc.
1372 2909 1435 2961 In
1464 2908 1833 2976 simplicitate.
1895 2907 1956 2960 Id
2009 2911 2094 2962 est

399 2993 680 3050 voluntati
722 2994 876 3048 illius
899 3012 994 3049 vos
1017 2995 1277 3065 subjicite
1320 3012 1332 3049 :
1381 3002 1436 3049 et
1466 2995 1734 3049 mandata
1778 2995 2088 3063 custodite;

399 3081 562 3153 quasi
617 3082 793 3136 dicat:
844 3083 950 3147 Qui
991 3100 1106 3137 non
1164 3084 1503 3154 intelligitis,
1554 3083 1731 3137 nolite
1784 3085 2090 3154 reprehen-

400 3169 552 3234 dere,
587 3170 722 3240 quia
744 3174 956 3224 secreta
988 3169 1089 3224 Dei
1116 3187 1228 3224 non
1257 3176 1496 3240 possunt
1550 3171 1806 3225 humana
1869 3173 2090 3226 ratione

402 3258 810 3329 comprehendi
865 3259 998 3329 quia
1044 3259 1650 3330 incomprehensibilia
1699 3265 1833 3314 sunt
1875 3260 2093 3331 judicia

403 3345 542 3415 ejus,
581 3351 638 3399 et
663 3344 1083 3414 investigabiles
1116 3346 1219 3400 vite
1249 3346 1369 3416 ejus
1399 3347 1569 3416 (Rom.
1601 3347 1698 3418 ιι).

473 3434 639 3486 Vens.
673 3433 725 3486 4.
755 3433 1109 3498 —Quoniam
1164 3437 1221 3487 in
1263 3435 1598 3501 malwolam,
1649 3438 1754 3488 etc.
1786 3434 1849 3489 Id
1907 3439 1992 3490 est
2031 3435 2092 3490 in

403 3519 638 3574 animali
671 3520 928 3585 homine,
950 3520 1110 3590 juxta
1143 3521 1282 3574 illud
1314 3537 1326 3574 :
1368 3523 1637 3576 Animalis
1668 3523 1818 3578 homo
1847 3539 1952 3579 non
1973 3541 2094 3595 per-

401 3609 536 3676 cipit
560 3608 605 3678 (Ι
649 3608 766 3664 Cor.
801 3613 883 3677 ιι),
919 3613 1032 3662 etc.
1076 3611 1138 3662 Et
1168 3609 1293 3663 ideo
1326 3627 1443 3664 non
1503 3611 1644 3666 dixit
1694 3613 1980 3682 spiritum,
2032 3613 2088 3668 id

401 3702 487 3751 est
516 3698 770 3750 animam
826 3696 1204 3767 spiritualem.
1266 3698 1454 3768 (ΗΑΒ.)
1493 3699 1718 3754 Frustra
1773 3700 1881 3754 sibi
1935 3701 2092 3756 blan-

400 3785 637 3840 diuntur
685 3785 1030 3857 philosophi,
1088 3793 1144 3840 et
1173 3787 1448 3852 haeretici,
1504 3793 1559 3841 et
1606 3787 1731 3842 falsi
1760 3789 2088 3844 Christiani.

399 3873 518 3928 Soli
547 3875 701 3929 enim
728 3875 943 3930 mundo
998 3874 1167 3930 corde
1197 3875 1534 3947 sapientiam
1565 3877 1666 3931 Dei
1701 3882 1938 3948 possunt
1965 3895 2092 3949 per-

399 3978 608 4034 cipere.

469 4053 637 4106 Vens.
668 4056 812 4108 6.—
855 4054 1145 4120 Benignus.
1191 4053 1397 4108 Contra
1439 4054 1567 4107 illos
1624 4052 1936 4120 invehitur,
1990 4055 2091 4126 qui

399 4141 766 4211 cogitationes
821 4141 999 4195 bonas
1027 4147 1080 4195 et
1136 4143 1314 4196 malas
1344 4142 1542 4196 dicunt
1571 4159 1604 4195 a
1644 4144 1756 4196 Deo
1813 4142 2086 4209 immitti;

399 4245 528 4283 cum
579 4230 723 4283 Deus
762 4231 898 4284 velit
937 4247 1134 4284 omnes
1187 4231 1369 4284 salvos
1399 4230 1524 4284 ﬁeri
1580 4231 1857 4296 homines,
1921 4236 1976 4286 et
2014 4232 2085 4286 ad
2117 4269 2160 4323 Β

399 4317 791 4387 cognitionem
839 4317 1090 4373 veritatis
1123 4321 1336 4374 venire.
1400 4320 1523 4390 Ipse
1581 4321 1735 4374 enim
1792 4321 2082 4376 neminem

397 4410 599 4471 tentat,
626 4411 688 4459 ut
736 4406 1004 4475 decipiat,
1059 4408 1156 4461 sed
1217 4413 1277 4460 ut
1317 4408 1540 4477 probet,
1589 4409 1782 4463 unde:
1839 4412 2091 4464 Tentavit

398 4495 547 4548 Deus
575 4495 858 4548 Abraham
882 4496 1035 4564 (Gen.
1075 4495 1242 4563 nn);
1276 4500 1352 4561 et,
1389 4496 1574 4550 Proba
1614 4513 1694 4551 me
1722 4502 1774 4552 et
1817 4502 1964 4551 tenta
2010 4515 2091 4553 me

400 4581 568 4650 (Psal.
603 4582 752 4653 xxv).
785 4589 890 4637 etc.
921 4584 1318 4654 Unusquisque
1347 4590 1532 4638 autem
1591 4590 1844 4640 tentatur
1869 4601 1902 4638 a
1950 4602 2085 4640 con-

397 4670 745 4741 cupiscentia
782 4688 903 4735 sua,
946 4679 1002 4727 et
1031 4673 1186 4743 justo
1225 4673 1323 4727 Dei
1356 4672 1575 4743 judicio
1609 4674 1964 4744 permittitur
2003 4691 2088 4729 ca-

397 4757 553 4820 dere,
585 4757 680 4829 qui
712 4759 938 4830 spiritui
960 4759 1210 4813 veritatis
1242 4761 1425 4814 noluit
1455 4761 1700 4816 obedire.

467 4847 640 4901 Vens.
693 4851 744 4900 7.
798 4877 866 4887 -—
913 4850 981 4902 Et
1039 4849 1133 4904 hoc
1190 4849 1336 4920 quod
1364 4851 1594 4903 continet
1627 4852 1824 4904 omnia.
1884 4850 1948 4904 Id
2003 4855 2088 4904 est

396 4934 658 5006 Spiritus,
693 4936 827 5007 quia
854 4937 1046 4990 omnia
1071 4938 1353 5007 gubernat
1371 4944 1428 4992 et
1449 4937 1612 5008 regit.
1634 4939 1752 5003 Vel,
1776 4938 1874 5009 qui
1905 4939 2086 4993 attin-

394 5025 536 5095 gita
569 5025 680 5078 line
713 5041 893 5096 usque
936 5025 1002 5080 ad
1045 5026 1241 5092 tinem,
1291 5029 1573 5082 scientiam
1621 5026 1778 5081 habet
1802 5029 1968 5095 vocis,
2026 5027 2084 5082 id

395 5118 498 5183 est,
529 5112 974 5183 intelligentiam
1005 5114 1427 5185 Scripturarum
1460 5119 1692 5186 praestat
1718 5115 2074 5174 hominibus.

393 5202 513 5267 Vel,
545 5202 690 5272 quod
719 5204 952 5257 continet
1006 5205 1204 5270 omnia,
1262 5203 1318 5257 id
1369 5207 1474 5269 est,
1528 5203 1701 5257 homo
1732 5203 1831 5275 qui
1879 5220 2081 5258 conve-

394 5290 645 5344 nientem
672 5289 844 5344 habet
884 5306 1013 5344 cum
1048 5290 1207 5345 omni
1251 5295 1528 5346 creatura.
1587 5291 1876 5346 Scientiam
1926 5292 2085 5346 habet

393 5380 556 5444 vocis,
586 5377 641 5431 id
673 5383 760 5433 est
810 5378 1163 5434 diversarum
1215 5367 1539 5450 linguarum
1590 5379 1805 5450 Spiritu
1867 5384 2077 5446 sancto,

393 5464 492 5536 qui
544 5465 700 5521 dedit
729 5469 997 5538 apostolis
1052 5467 1211 5540 loqui
1238 5467 1477 5523 diversis
1525 5468 1738 5539 linguis
1796 5469 2081 5539 magualia

394 5551 509 5607 Dei.
547 5553 647 5609 Vel
677 5555 824 5622 quod
852 5558 1083 5611 continet
1107 5558 1309 5625 omnia,
1341 5555 1396 5611 id
1429 5560 1512 5611 est
1542 5556 1786 5627 Spiritus
1830 5564 2077 5617 sanctus,

2127 1667 2167 1721 Β
2206 1666 2298 1738 qui
2355 1663 2549 1719 omnia
2605 1663 2786 1734 replet
2814 1679 2916 1716 sua
2948 1661 3212 1725 essentia,
3244 1664 3523 1717 scientiam
3553 1659 3712 1714 habet
3740 1662 3904 1726 vocis,

2208 1755 2268 1808 id
2321 1753 2482 1808 Verbi
2545 1752 2666 1821 Dei,
2733 1753 2793 1806 id
2856 1757 2943 1806 est
3001 1752 3255 1822 ejusdem
3323 1756 3408 1804 est
3464 1750 3722 1804 scientiae
3780 1766 3906 1803 cum

2204 1842 2552 1898 Verbo.Vel.
2596 1843 2691 1896 hoc
2737 1841 2881 1910 quod
2914 1842 3147 1895 continet
3200 1841 3402 1906 omnia,
3451 1838 3509 1893 id
3571 1844 3658 1892 est
3716 1838 3902 1892 Eccle-

2207 1932 2372 1996 siam,
2395 1931 2455 1984 in
2496 1946 2609 2001 qua
2638 1932 2738 1983 alii
2777 1930 2944 1982 datur
2963 1943 3133 1984 sermo
3153 1931 3410 1990 scientiae,
3439 1935 3541 1981 etc.
3565 1927 3754 1995 (ΗΑΒ.)
3795 1926 3899 1990 Qui

2205 2020 2262 2074 in
2293 2019 2578 2090 principio
2620 2019 2901 2086 ferebatur
2929 2033 3090 2087 super
3130 2032 3324 2086 aquas,
3371 2021 3428 2070 et
3476 2017 3775 2086 majestate
3809 2031 3909 2068 sua

2205 2125 2439 2163 omnem
2474 2113 2791 2162 creaturam
2823 2107 3026 2176 implet
3054 2109 3110 2159 et
3139 2106 3410 2159 continet.

2275 2198 2450 2252 Vens.
2511 2198 2562 2250 8.
2611 2226 2679 2234 —
2735 2197 2961 2264 Propter
3007 2195 3122 2248 hoc.
3176 2194 3359 2264 (ΗΑΒ.)
3406 2192 3563 2248 Sicut
3603 2191 3772 2246 electi
3813 2192 3906 2246 do-

2204 2301 2345 2341 num
2374 2285 2622 2339 scientiae
2655 2290 2713 2338 et
2743 2283 2969 2354 pietatis
2999 2299 3103 2352 per
3131 2282 3405 2352 Spiritum
3449 2281 3742 2351 accipiunt
3773 2298 3788 2334 :
3825 2281 3900 2334 sic

2207 2373 2457 2444 reprobi,
2494 2372 2761 2443 superbia
2787 2387 2888 2425 sua
2920 2371 3127 2437 inﬂati,
3168 2385 3423 2424 errorem
3488 2385 3655 2423 suum
3719 2370 3906 2440 impu-

2212 2463 2415 2517 denter
2443 2461 2778 2532 proferunt;
2814 2460 3090 2530 quoniam
3125 2458 3391 2529 spiritum
3427 2458 3525 2512 Dei
3566 2459 3754 2512 celare
3794 2475 3908 2512 non

2209 2555 2464 2623 possunt,
2529 2565 2634 2603 nec
2679 2549 2896 2619 justam
2954 2563 3179 2618 paenam
3233 2547 3528 2601 evadunt:
3572 2547 3709 2618 quia
3757 2547 3907 2601 sicut

2205 2639 2355 2694 oculi
2386 2638 2612 2693 Domini
2664 2653 2836 2707 super
2881 2636 3064 2707 justos
3113 2641 3167 2689 et
3216 2651 3381 2689 aures
3419 2637 3541 2705 ejus
3592 2636 3653 2689 in
3705 2652 3906 2707 preces

2210 2744 2434 2794 eorum,
2469 2727 2546 2780 ita
2574 2726 2762 2780 vultus
2793 2724 3021 2780 Domini
3047 2740 3218 2794 super
3245 2724 3514 2778 facientes
3537 2725 3707 2778 mala.

2273 2818 2444 2871 Vens.
2527 2819 2612 2870 11.
2683 2845 2752 2853 -
2805 2813 3079 2871 Custodile
3130 2829 3277 2881 ergo.
3341 2813 3513 2881 (Ras)
3564 2813 3908 2867 Perniciosa:

2205 2910 2337 2961 sunt
2369 2903 2857 2959 murmurationes
2887 2907 2944 2955 et
2987 2901 3386 2966 detractiones,
3440 2901 3590 2954 unde
3624 2916 3639 2953 :
3696 2902 3907 2956 Susur-

2201 3008 2356 3049 rones
2388 2995 2528 3047 enim
2559 2997 2608 3046 et
2637 2992 2964 3046 detractores
3005 2992 3107 3044 Deo
3137 2995 3265 3044 sunt
3291 2989 3515 3044 odibiles
3565 2989 3766 3059 (Rom.
3827 2991 3862 3060 ι)
3887 3010 3902 3059 ;

2203 3082 2386 3137 unde:
2421 3084 2529 3149 Qui
2555 3081 2794 3135 detrahit
2823 3081 2993 3135 alicui
3025 3081 3126 3146 rei,
3158 3081 3217 3133 in
3278 3082 3527 3141 futurum
3579 3093 3634 3132 se
3690 3079 3908 3145 obligat

2201 3173 2382 3238 (Prov.
2435 3171 2570 3236 xm).
2632 3168 2700 3224 Os
2732 3169 2878 3237 quod
2918 3169 3194 3222 mentitur.
3229 3167 3350 3237 (10.)
3385 3168 3478 3221 Est
3535 3167 3904 3221 mendacium

2199 3259 2424 3315 levioris
2453 3259 2658 3329 culpae,
2705 3262 2834 3323 etc.,
2878 3272 3044 3325 usque
3075 3255 3150 3310 ad
3215 3261 3271 3310 et
3319 3257 3506 3327 ipsum
3537 3257 3760 3310 bonum
3824 3271 3909 3310 re

2203 3353 2488 3403 munerat.

2273 3438 2434 3490 Vens.
2476 3438 2556 3490 l2.
2590 3465 2658 3475 —
2691 3436 2864 3490 Nolite
2886 3435 3080 3491 zelare.
3145 3433 3269 3505 (In.)
3327 3433 3713 3499 Enumeravit,
3769 3450 3906 3505 qua!

2201 3534 2333 3581 sunt
2354 3524 2573 3579 homini
2601 3525 2788 3589 noxia,
2813 3531 2942 3590 etc.,
2975 3539 3142 3592 usque
3165 3523 3239 3578 ad
3259 3523 3354 3577 sed
3383 3523 3573 3593 potius
3599 3539 3663 3576 ex
3717 3523 3897 3577 vitio.

2275 3616 2434 3669 Vens.
2491 3616 2575 3668 16.
2623 3645 2688 3653 -
2743 3616 2812 3668 Et
2870 3615 3199 3681 sponsiones.
3263 3612 3652 3668 Percussimus
3709 3611 3905 3666 foedus

2201 3721 2328 3759 cum
2353 3709 2560 3771 morte,
2589 3708 2795 3757 etcum
2821 3701 3044 3756 inferno
3074 3701 3312 3756 fecimus
3337 3706 3592 3772 pactum.

2875 3878 3100 3932 CAPUT
3141 3878 3212 3932 II.

2272 4056 2432 4110 Vens.
2482 4058 2531 4110 1.
2564 4085 2632 4094 -
2677 4056 2944 4110 Dixerunt
3001 4057 3160 4108 enim.
3217 4052 3412 4121 (ΗΑΒ.)
3461 4054 3574 4106 Vox
3629 4053 3902 4124 perdito-

2199 4159 2347 4209 rum,
2371 4148 2501 4211 etc.,
2533 4159 2702 4214 usque
2731 4143 2805 4198 ad
2835 4149 2890 4198 et
2912 4143 2972 4197 in
3003 4143 3254 4197 nihilum
3288 4143 3636 4214 redigemur.

2269 4233 2432 4286 Vens.
2491 4235 2543 4286 2.
2601 4261 2670 4272 -ο
2727 4232 2987 4298 Quoniam
3033 4233 3232 4298 fumus.
3283 4230 3420 4285 Vere
3461 4230 3601 4284 nihil
3651 4231 3898 4295 erimus,

2201 4321 2336 4392 quia
2378 4323 2562 4388 fumus
2611 4325 2661 4375 et
2687 4322 2851 4390 flatus
2893 4324 2970 4374 est
3001 4322 3059 4373 in
3087 4319 3314 4374 naribus
3335 4320 3557 4383 nostris,
3605 4318 3661 4372 id
3694 4324 3804 4382 est,
3841 4319 3900 4372 in

2199 4425 2434 4480 corpore
2460 4413 2674 4478 nostro,
2714 4409 2768 4463 id
2789 4413 2872 4463 est
2891 4423 3098 4479 corpus
3132 4415 3395 4462 nostrum
3429 4407 3586 4462 fumo
3617 4412 3676 4461 et
3729 4407 3898 4461 tlatui

2199 4503 2582 4574 comparatur,
2653 4497 2755 4568 qui
2813 4497 2984 4551 simul
3035 4497 3303 4551 oriuntur
3359 4502 3414 4550 et
3461 4496 3764 4550 deficiunt.
3829 4499 3898 4550 Et

2198 4603 2368 4643 sermo
2396 4587 2650 4641 scintilla.
2685 4585 2742 4640 Id
2785 4591 2869 4639 est
2919 4585 3109 4640 anima
3156 4584 3560 4655 comparabilis
3604 4585 3893 4648 scintillae,

2198 4692 2326 4747 quae
2358 4675 2550 4729 statim
2574 4675 2638 4728 ﬁt
2667 4674 3026 4744 nihil,sermo
3074 4674 3218 4740 dico,
3251 4674 3308 4728 id
3366 4681 3468 4738 est,
3521 4673 3736 4727 anima.
3806 4673 3898 4728 Ad

2195 4763 2632 4820 commovendum
2687 4779 2777 4818 cor
2852 4768 3114 4817 nostrum.
3181 4763 3237 4816 ld
3270 4767 3355 4816 est
3395 4767 3618 4832 vegetat
3658 4778 3891 4833 corpus.

2201 4854 2265 4908 Et
2289 4853 2443 4924 quod
2477 4853 2555 4906 ita
2575 4853 2647 4906 sit
2677 4853 3106 4922 exponendum,
3167 4851 3374 4922 probat
3425 4851 3704 4906 subdens.
3753 4853 3896 4918 Quia

2195 4941 2494 4994 exstinctus
2515 4941 2675 5008 cinis,
2698 4944 2753 4993 et
2789 4944 2932 5010 post,
2965 4941 3191 5008 spiritus
3223 4938 3586 5008 diffundetur.

2266 5026 2428 5080 Vens.
2468 5027 2551 5080 I0.
2586 5056 2647 5067 --
2682 5026 3065 5096 Opprimamus
3117 5027 3311 5097 (ΗΑΒ.)
3369 5027 3730 5083 Generaliter
3758 5045 3892 5100 per-

2194 5113 2380 5169 tinent
2410 5115 2529 5169 haec
2573 5114 2643 5168 ad
2678 5131 2793 5181 eos,
2857 5119 2986 5182 etc.,
3044 5130 3212 5183 usque
3267 5115 3341 5169 ad
3388 5132 3492 5170 nec
3536 5115 3650 5186 ipsi
3718 5117 3890 5190 capiti

2194 5207 2415 5274 parent,
2449 5203 2545 5256 sed
2569 5203 2984 5272 blasphemant,
3016 5209 3073 5257 et
3103 5213 3370 5273 arguunt.

2263 5292 2426 5344 Vens.
2463 5295 2547 5345 17.
2588 5321 2658 5331 -
2714 5291 3023 5346 Videamus.
3061 5291 3246 5363 (ΗΑΒ.)
3275 5291 3495 5346 Similia
3536 5293 3598 5347 in
3627 5295 3885 5368 Evange—

2192 5379 2270 5434 lio
2303 5379 2592 5444 dicuntur,
2624 5379 2720 5434 ubi
2741 5379 3045 5450 pontifices
3070 5387 3127 5434 et
3156 5380 3430 5435 Pharismi
3460 5383 3772 5438 consilium
3807 5386 3883 5437 in-

2190 5467 2399 5535 ierunt,
2434 5468 2728 5540 quomodo
2765 5469 2958 5523 Jesum
2991 5469 3160 5523 morti
3183 5469 3508 5524 traderent:
3543 5475 3599 5525 et
3626 5471 3691 5526 in
3725 5488 3882 5528 cruce

2191 5556 2377 5627 posito
2400 5556 2738 5625 illudebant,
2773 5557 3023 5613 dicentes
3057 5559 3247 5614 :Alios
3304 5560 3482 5613 salvos
3533 5561 3691 5630 fecit,
3745 5565 3877 5632 seip-
