4074 6186
204 299 222 349 1
244 300 340 349 169

1287 292 1541 348 GLOSSA
1579 290 1986 349 ORDINARIA.
2031 321 2100 333 --
2141 293 2271 347 LIB.
2314 291 2712 348 8ΑΡ1ΕΝΤΙΑΞ.

3571 294 3703 344 ΗῙΟ

199 432 322 472 sum
359 420 538 470 autem
574 419 678 469 etc.
740 415 801 471 Si
829 416 946 471 Rem
977 415 1155 469 Israel
1195 418 1292 483 est,
1329 413 1618 469 descendat
1646 431 1787 469 nunc
1843 415 1909 469 de
1937 417 1983 469 A
2095 417 2254 471 Vens.
2294 420 2377 471 19.
2410 447 2477 456 -
2513 418 2828 485 Disrumpet
2856 416 2976 469 illos
2998 417 3211 483 inﬂatos
3250 415 3365 469 sine
3406 430 3545 481 voce,
3574 416 3708 486 quia

200 522 354 561 cruce
382 504 607 573 (Matth.
639 504 831 571 xxv"),
864 508 966 556 etc.

270 595 436 649 Vens.
490 596 586 648 20.
654 622 723 632 —-
767 594 937 647 Morte
999 592 1341 659 turpissima.
1407 591 1606 659 Cruce,
1661 591 1896 659 scilicet,

198 699 329 755 quae
362 699 541 754 usque
572 681 641 735 ad
672 682 993 751 passionem
1024 679 1230 735 Christi
1286 695 1457 749 pmna
1499 696 1731 734 reorum
1763 681 1898 750 fuit,

198 789 357 826 nunc
382 777 663 841 tropaeum
698 776 781 823 est
808 769 1079 823 victorias.

271 862 433 915 Vens.
469 863 557 914 23.
592 889 657 899 —
692 860 959 924 Quoniam
991 860 1146 912 Deus.
1182 856 1241 910 Id
1276 860 1381 922 est,
1414 872 1531 910 non
1562 860 1667 922 est,
1700 860 1900 911 auctor

201 950 485 1003 malorum
520 950 700 1014 Deus;
758 947 825 1000 ad
860 945 1351 1000 immortalitatem
1385 944 1537 999 enim
1569 945 1745 999 crevit
1780 946 1890 999 ho-

200 1037 442 1104 minem,
488 1035 587 1107 qui
632 1034 927 1089 diabolicae
960 1032 1319 1086 consentiens
1349 1032 1726 1104 suggestioni,
1753 1048 1900 1087 mor-

197 1125 274 1179 tis
304 1124 602 1178 sententia:
628 1124 916 1194 subjectus
943 1127 1044 1177 est.

876 1248 1101 1303 CAPUT
1131 1246 1224 1300 ΙΙΙ.

270 1358 441 1411 Vens.
512 1359 561 1410 1.
616 1386 685 1395 -
728 1356 1004 1409 Justorum
1068 1356 1247 1406 autem
1311 1353 1525 1405 anima.
1596 1348 1899 1421 (Rnn.)1n

196 1445 377 1517 priori
409 1444 594 1515 capite
640 1444 972 1514 iniquorum
1005 1441 1285 1495 sententia
1314 1456 1578 1511 expressa
1626 1444 1729 1505 est,
1763 1444 1895 1503 etc.,

192 1550 366 1603 usque
395 1533 468 1587 ad
520 1532 717 1586 unde:
769 1534 1012 1586 Pretiosa
1053 1532 1112 1583 in
1160 1532 1441 1597 conspectu
1490 1528 1716 1581 Domini
1753 1542 1896 1582 mors

194 1628 507 1677 sanctorum
540 1622 657 1690 ejus
684 1620 845 1689 (Psal.
879 1623 1021 1685 cxv).

2013 511 2185 560 erunt
2229 505 2689 559 inexcusabiles:
2734 506 2869 573 quia
2926 520 3044 559 cum
3095 505 3462 570 cognovissent
3517 506 3706 571 Deum,

2010 610 2116 648 non
2162 596 2301 649 sicut
2358 598 2522 649 Deum
2551 595 3013 662 gloriﬁcaverunt,
3073 599 3169 645 aut
3199 593 3408 659 gratias
3458 599 3699 660 egerunt,

2009 683 2105 737 sed
2133 690 2465 737 evanuerunt
2506 685 2565 737 in
2598 685 2789 752 pravis
2817 681 3234 751 cogitationibus
3285 682 3398 734 suis
3431 680 3600 752 (Rom.
3634 684 3700 752 1.)

2703 807 2927 861 CAPUT
2954 807 3015 861 V.

2078 913 2242 966 Vens.
2280 915 2398 968 1-7.
2429 940 2497 952 -
2523 914 2686 973 Tunc,
2724 916 2829 966 etc.
2865 914 3085 967 Lassati
3110 928 3314 980 sumus,
3358 919 3461 970 etc.
3510 914 3696 981 (Han)

2010 1000 2224 1055 Lassati
2265 1004 2398 1053 sunt
2426 999 2779 1071 philosophi,
2813 1006 2943 1066 etc.,
2977 1016 3145 1069 usque
3188 1003 3263 1056 ad
3316 1003 3469 1056 unde
3501 1002 3697 1056 dicunt

2008 1090 2292 1155 dolentes,
2326 1089 2475 1155 Quid
2502 1089 2656 1143 nobis
2676 1091 2889 1158 profuit
2913 1090 3210 1157 superbia?

2078 1180 2237 1232 Vens.
2270 1180 2423 1232 9-12.
2460 1208 2525 1216 —
2587 1180 2870 1247 Tanquam
2920 1179 3131 1232 umbra.
3170 1180 3185 1248 (
3220 1181 3383 1247 ΗΑΒ.)
3429 1180 3534 1233 Per
3580 1193 3701 1231 um-

2010 1268 2180 1327 bram,
2220 1266 2566 1320 oblivionem
2606 1267 2833 1331 mentis,
2886 1272 3015 1330 etc.,
3059 1283 3228 1335 usque
3282 1268 3356 1321 ad
3405 1283 3533 1338 qua:
3564 1282 3706 1336 prae-

2008 1355 2219 1409 cedunt
2276 1370 2535 1408 occasum
2593 1354 2722 1408 vitae
2780 1355 3169 1425 corruptibilis
3216 1355 3340 1425 (Ιυ.)
3373 1358 3478 1409 Per
3533 1370 3703 1418 avem,

2008 1443 2420 1506 excellentiam,
2474 1448 2604 1509 etc.,
2664 1459 2832 1511 usque
2883 1444 2957 1497 ad
3011 1450 3303 1513 gementes
3361 1445 3517 1498 nulla
3572 1459 3705 1497 voce

2006 1531 2409 1586 consolationis
2446 1532 2870 1585 relevabuntur.
3458 1550 3461 1551 '

2077 1622 2240 1675 Vens.
2288 1621 2370 1674 14.
2431 1649 2502 1659 -
2550 1620 2709 1673 Talia
2760 1620 3019 1673 dixerunt
3086 1621 3146 1673 in
3197 1622 3410 1686 inferno
3463 1619 3522 1672 hi
3587 1622 3699 1689 qui.

266 1711 423 1764 νεεδ.
479 1714 529 1763 7.
572 1738 639 1748 —
680 1708 963 1761 Scintillae.
1008 1703 1266 1761 Scintilla
1310 1704 1424 1758 duo
1476 1702 1634 1771 facit,
1680 1702 1895 1757 scilicet
1921 1695 1965 1752 Β
2004 1709 2203 1765 Adhuc
2233 1713 2482 1778 quatuor
2534 1708 2747 1779 species
2777 1708 2914 1761 alias
2946 1708 3277 1773 introducit,
3314 1708 3521 1779 quibus
3552 1709 3697 1763 δῖοι..

194 1804 382 1853 mutat
419 1798 527 1851 cito
557 1796 985 1861 arundinetum,
1020 1799 1075 1848 et
1104 1793 1373 1847 vindicat.

268 1889 438 1941 Vens.
492 1889 544 1941 8.
603 1917 673 1926 —
730 1887 799 1940 Et
851 1886 1103 1952 regnabit
1149 1884 1422 1937 Dominus.
1482 1881 1620 1936 Cum
1683 1896 1797 1951 quo
1840 1883 1897 1934 et

194 1976 457 2031 membra
488 1974 827 2045 regnabunt.
863 1974 1021 2027 Unde
1052 1972 1112 2025 in
1146 1972 1377 2025 Daniele
1406 1985 1419 2023 :
1444 1972 1685 2036 Regnum
1715 1975 1766 2022 et
1795 1984 1894 2037 po-

194 2069 382 2128 testas,
416 2070 465 2118 et
515 2062 832 2130 magnitudo
862 2063 1039 2130 regni,
1073 2076 1192 2128 qua:
1238 2064 1314 2113 est
1361 2074 1522 2127 super
1551 2059 1755 2122 caelum,
1789 2058 1892 2111 da-

196 2155 344 2206 bitur
369 2153 566 2221 populo
588 2157 895 2206 sanctorum
924 2151 1200 2203 Altissimi
1227 2149 1397 2217 (Dan.
1422 2146 1537 2213 vn).

270 2242 435 2296 Vens.
469 2244 550 2295 11.
580 2270 648 2281 --
697 2241 1056 2309 Sapientiam.
1094 2236 1291 2307 (ΗΑΒ.)
1350 2238 1595 2290 Possunt
1641 2234 1897 2289 haeretici

192 2330 258 2384 in
289 2332 394 2384 hac
440 2328 723 2383 sententia
765 2328 976 2392 notari,
1008 2333 1141 2393 etc.,
1182 2342 1351 2394 usque
1374 2325 1448 2379 ad
1478 2324 1573 2377 sed
1608 2324 1893 2393 operatio-

190 2434 329 2473 nem
360 2418 739 2489 reproborum
793 2416 1195 2471 maledictione
1247 2422 1462 2469 aeterna
1494 2413 1732 2483 dignum
1773 2428 1895 2468 esse

191 2506 465 2563 ostendit.

270 2597 430 2651 Vens.
466 2599 549 2651 13.
607 2626 675 2635 -
710 2596 973 2663 Quoniam
1019 2595 1175 2661 felix.
1239 2592 1363 2662 (10.)
1396 2593 1585 2647 Potest
1612 2590 1673 2645 in
1721 2591 1898 2645 sterili

195 2690 255 2740 et
280 2685 339 2739 in
370 2686 611 2755 spadone
638 2684 927 2755 virginum
951 2684 1089 2737 ordo
1130 2681 1397 2751 intelligi,
1430 2686 1563 2747 etc.,
1622 2694 1791 2748 usque
1819 2678 1893 2732 ad

190 2776 254 2829 in
283 2775 573 2829 voluntate
604 2774 805 2841 animi,
846 2788 962 2826 non
992 2770 1328 2825 delibilitate
1364 2768 1640 2839 corporis.

266 2865 426 2917 Vens.
485 2866 567 2918 18.
619 2894 687 2902 —
746 2864 808 2916 In
853 2862 941 2915 die
989 2861 1305 2929 agnitionis.
1382 2858 1445 2911 Id
1493 2862 1596 2921 est,
1664 2855 1888 2926 judicii,

192 2952 426 3023 quando
458 2951 621 3005 electi
651 2968 683 3005 a
706 2950 895 3020 judice
926 2966 1030 3003 suo
1062 2947 1259 3019 agniti,
1298 2946 1366 3001 ad
1420 2962 1660 3017 regnum
1707 2945 1887 3016 possi-
1921 2984 1963 3039 Ο

188 3041 448 3096 dendum
499 3040 921 3105 invitabuntur;
957 3036 1093 3091 mali
1124 3040 1312 3089 autem
1346 3036 1501 3088 nulla
1538 3050 1635 3105 spe
1668 3038 1892 3087 restau-

194 3128 435 3183 rationis
461 3128 926 3193 consolabuntur,
988 3126 1082 3179 sed
1130 3124 1192 3177 in
1223 3130 1503 3177 aeternum
1542 3122 1832 3177 cruciandi
1864 3138 1897 3175 a

191 3223 499 3289 conspectu
538 3216 749 3270 summi
778 3214 931 3286 regis
950 3214 1325 3285 expellentur,

872 3322 1098 3377 CAPUT
1128 3320 1216 3374 IV.

263 3431 426 3485 Vens.
472 3434 519 3484 1.
556 3460 624 3469 —
667 3430 709 3485 Ο
749 3444 912 3498 quam
956 3428 1191 3498 pulchra
1233 3430 1330 3493 est,
1376 3428 1481 3480 etc.
1517 3425 1709 3491 (Rea)
1742 3422 1895 3477 Vitu-

189 3518 401 3591 peratis
442 3523 498 3572 et
559 3516 842 3572 haereticis
896 3520 953 3570 et
985 3514 1359 3569 schismaticis
1408 3513 1603 3567 laudat
1651 3512 1893 3567 catholi-

184 3625 302 3670 cos,
334 3612 463 3672 etc.,
500 3622 668 3675 usque
697 3607 771 3660 ad
801 3610 859 3660 et
886 3605 1015 3660 ideo
1046 3604 1127 3659 ait
1158 3621 1170 3658 ε
1207 3604 1337 3660 Cum
1367 3604 1634 3665 claritate.
1669 3606 1775 3656 etc.

258 3698 423 3750 Vens.
458 3698 510 3749 2.
567 3726 632 3736 —
691 3696 977 3750 Praemium
1029 3696 1269 3761 vincens,
1329 3691 1639 3747 Praemium
1698 3690 1893 3745 datum

186 3802 297 3856 pro
323 3783 635 3839 certamine
665 3783 1018 3849 transitoria,
1054 3782 1208 3853 quod
1258 3780 1442 3852 majus
1498 3784 1581 3834 est
1618 3778 1733 3833 illis
1763 3794 1891 3833 cer-

189 3873 509 3929 taminibus
538 3878 594 3927 et
623 3872 1135 3944 persecutionibus.

266 3963 428 4017 Vens.
481 3966 531 4017 3.
582 3992 650 4002 —
692 3963 993 4029 Multigena
1061 3963 1240 4014 autem
1282 3956 1594 4027 impiorum.
1631 3956 1894 4010 Alterna-

188 4051 300 4107 tim
350 4052 421 4105 de
468 4050 761 4105 catholicis
803 4056 859 4103 et
922 4047 1201 4104 haereticis
1247 4046 1521 4117 loquitur,
1563 4048 1627 4098 ut
1682 4044 1890 4097 horum

186 4140 543 4195 laudabilem
609 4138 969 4210 sapientiam,
1004 4138 1235 4191 illorum
1296 4132 1727 4204 vituperabilem
1787 4130 1890 4183 de-

184 4233 476 4284 monstret
521 4228 853 4283 versutiam.
910 4228 1297 4282 Plantationes.
1334 4222 1621 4289 Quoniam
1683 4224 1888 4292 μόσχος
1930 4268 1972 4321 D

185 4318 406 4383 Graece,
462 4317 678 4371 vitulus
742 4317 941 4371 Latine
966 4315 1217 4370 dicitur:
1284 4314 1623 4385 μου-χεύματα
1653 4309 1889 4379 quidam

182 4422 308 4460 non
338 4404 747 4459 intellexerunt
772 4420 891 4458 esse
921 4404 1327 4473 plantationes,
1363 4406 1418 4454 et
1444 4401 1772 4454 vitulamina
1802 4397 1893 4450 in-

177 4493 496 4561 terpretati
529 4496 661 4546 sunt
691 4508 704 4545 :
739 4491 839 4561 qui
870 4507 1029 4544 error
1070 4495 1188 4543 tam
1245 4489 1455 4542 multos
1486 4486 1709 4539 codices
1740 4500 1896 4555 prae-

180 4581 513 4649 occupavit,
552 4585 614 4634 ut
645 4579 733 4633 vix
764 4578 1090 4633 inveniatur
1120 4578 1284 4631 aliter
1311 4575 1609 4645 scriptum.

263 4670 440 4724 Vens.
503 4674 553 4723 '7.
587 4698 655 4708 —
710 4670 916 4729 Justus,
959 4671 1063 4721 etc.
1127 4666 1319 4736 (Rm)
1366 4666 1507 4720 Cum
1565 4661 1798 4717 dixisset
1826 4660 1895 4715 de

182 4758 481 4814 malorum
520 4756 781 4823 interitu,
807 4762 933 4819 etc.,
970 4770 1144 4824 usque
1168 4755 1242 4809 ad
1286 4753 1369 4808 illi
1399 4753 1468 4807 de
1500 4751 1612 4805 vita
1637 4750 1705 4805 ad
1741 4766 1895 4804 mor-

179 4853 312 4903 tem
348 4852 639 4900 aeternam.

264 4935 432 4989 Vens.
494 4936 575 4988 10.
618 4962 687 4975 -
718 4935 939 4989 Placens
995 4934 1116 4986 Deo.
1178 4927 1365 4998 (ΗΑΒ.)
1403 4928 1526 4981 Non
1585 4925 1713 4980 ideo
1745 4924 1898 4978 tollit

179 5027 366 5090 Deus,
400 5028 543 5089 etc.,
577 5038 745 5092 usque
796 5022 871 5075 ad
905 5020 1056 5074 unde
1109 5021 1328 5085 Petrus,
1381 5019 1540 5073 Novit
1583 5017 1725 5069 Deus
1777 5017 1894 5083 pios

176 5115 255 5170 de
290 5113 585 5166 tentatione
617 5113 842 5180 eripere.
884 5111 1101 5180 iniquos
1150 5123 1272 5162 vero
1296 5109 1354 5161 in
1384 5106 1523 5160 diem
1546 5104 1750 5174 judicii
1779 5119 1894 5157 cru-

170 5200 414 5261 ciandos
446 5215 719 5254 reservare
744 5199 790 5270 (1
822 5201 963 5253 Petr.
996 5199 1058 5267 L).

259 5290 424 5342 Vens.
481 5291 563 5342 12.
620 5290 946 5343 Fascinatio.
1010 5286 1141 5355 (10.)
1203 5284 1445 5339 Notatur
1499 5282 1606 5338 hac
1661 5285 1896 5335 senten—

171 5379 293 5442 tia,
333 5382 461 5439 etc.,
495 5392 666 5445 usque
696 5377 771 5431 ad
803 5378 951 5431 Deus
981 5374 1136 5429 enim
1188 5389 1283 5427 eos
1312 5389 1346 5426 a
1402 5372 1681 5427 malorum
1711 5369 1896 5425 socie-

172 5471 311 5525 tate
344 5464 649 5537 separavit,
696 5470 761 5519 ut
816 5463 1163 5519 absconderet
1193 5477 1277 5518 eos
1307 5464 1367 5516 in
1401 5460 1713 5516 abscondito
1731 5460 1898 5527 faciei

176 5572 309 5616 suae
339 5571 376 5609 a
411 5556 812 5609 conturbatione
834 5554 1107 5608 hominum
1148 5551 1314 5623 (Psal.
1355 5550 1504 5620 xxx).

2006 1803 2122 1853 tam
2173 1814 2331 1868 spem
2389 1796 2723 1867 iniquorum
2804 1796 3177 1861 demonstrat,
3263 1814 3375 1868 qua
3448 1812 3700 1867 praesen-

2006 1887 2087 1942 tia
2107 1902 2377 1940 mensura
2403 1890 2627 1939 tantum
2653 1889 2876 1956 putant,
2903 1886 2987 1937 vel
3018 1885 3255 1939 evadere
3276 1902 3334 1939 se
3358 1886 3697 1955 impunitos.

2076 1977 2237 2030 Vens.
2299 1978 2383 2029 l5.
2444 2004 2512 2015 —
2572 1976 2792 2041 Lanugo
2844 1979 2942 2038 est,
3000 1990 3118 2043 quae
3174 1990 3208 2027 a
3261 1978 3415 2028 vento
3475 1975 3699 2028 tollitur.

2006 2066 2144 2130 Quir.
2195 2080 2258 2118 ex
2311 2063 2451 2117 ﬂore
2484 2062 2790 2117 herbarum
2826 2063 3078 2116 marcido
3120 2062 3327 2127 oriens,
3361 2062 3544 2115 carnis
3584 2062 3704 2116 fra-

2006 2154 2287 2224 gilitatem
2345 2150 2630 2222 exprimit,
2696 2167 2825 2222 quas
2874 2168 2907 2204 a
2961 2155 3129 2204 vento
3188 2150 3567 2221 aegritudinis,
3615 2152 3702 2205 vel

2005 2242 2267 2296 molestia
2292 2239 2549 2311 corporis
2603 2238 2713 2293 cito
2743 2239 2997 2304 tolletur,
3054 2240 3185 2307 quia
3237 2242 3408 2293 omnis
3464 2255 3588 2294 caro
3617 2242 3700 2306 fe-

2003 2346 2153 2385 num.
2194 2332 2265 2385 Et
2304 2334 2565 2399 tanquam
2594 2343 2788 2398 spuma
2844 2329 3085 2395 gracilis.
3144 2330 3359 2397 Spuma
3416 2344 3483 2381 ex
3536 2327 3700 2397 aquis

2004 2419 2155 2474 edita
2207 2434 2381 2489 super
2435 2433 2643 2489 aquam
2698 2421 2911 2470 enatat.
2973 2416 3069 2469 Hic
3118 2421 3204 2470 est
3248 2415 3535 2485 appetitus
3590 2413 3699 2467 hu-

2004 2507 2162 2562 mani
2220 2506 2447 2573 favoris,
2506 2510 2558 2559 et
2610 2506 2907 2575 jactantiaa
2938 2502 3206 2575 vulgaris,
3266 2519 3393 2574 quae
3447 2502 3700 2573 procella

2001 2595 2336 2650 tentationis
2392 2596 2477 2649 vel
2537 2594 2887 2648 discussione
2935 2593 3135 2664 judicii
3209 2591 3553 2659 dissolvitur,
3608 2592 3696 2646 vel

2002 2684 2370 2755 dispergitur,
2405 2682 2464 2738 id
2495 2687 2579 2737 est
2607 2698 2781 2752 quam
2817 2698 2957 2735 vana
2982 2681 3091 2735 fuit
3114 2680 3409 2751 probatur.

2072 2773 2235 2825 Vens.
2302 2774 2384 2826 16.
2448 2800 2517 2811 -
2569 2772 2714 2825 Justi
2765 2774 2942 2823 autem
2996 2771 3055 2822 in
3134 2773 3453 2838 perpetuum
3516 2770 3698 2821 vivent

2000 2861 2198 2929 (ΗΑΒ.)
2239 2862 2375 2915 Post
2400 2864 2762 2930 peccatorum
2821 2873 3039 2928 poenas,
3093 2862 3224 2925 etc.,
3269 2872 3437 2924 usque
3494 2856 3568 2911 ad
3600 2856 3699 2910 Dei

2000 2948 2287 3018 fruentur,
2322 2948 2377 3001 in
2410 2964 2523 3018 quo
2555 2952 2730 3001 totam
2762 2961 2924 3000 suam
2959 2961 3117 3015 spem
3151 2950 3486 3016 posuerunt.

2085 3039 2239 3092 Vens.
2306 3038 2389 3091 18.
2445 3066 2514 3075 -
2572 3038 2819 3104 Accipiet
2847 3040 3205 3089 armaturam.
3256 3034 3702 3103 (Ran.)Creator

2005 3127 2289 3189 omnium,
2338 3130 2465 3192 etc.,
2497 3140 2667 3193 usque
2714 3125 2788 3178 ad
2816 3140 2945 3177 cum
2971 3122 3232 3177 resistere
3280 3138 3398 3175 non
3450 3123 3693 3176 valeant.

2076 3216 2234 3270 Vens.
2266 3217 2353 3268 22.
2386 3244 2453 3253 —
2481 3214 2561 3268 Et
2608 3213 2683 3267 ad
2727 3217 2927 3266 certum
2971 3214 3159 3267 locum.
3202 3212 3553 3281 Quacunque
3594 3226 3695 3265 ne-

2003 3318 2157 3355 cesse
2185 3304 2341 3357 “est:
2403 3317 2520 3355 non
2572 3301 2725 3355 enim
2770 3306 2958 3371 potest
3012 3316 3132 3355 esse
3191 3300 3512 3369 confusum,
3543 3299 3693 3371 quod

2002 3395 2089 3444 est
2119 3390 2313 3445 divina
2340 3390 2622 3461 sapientia
2643 3389 2988 3443 ordinatum.

2074 3480 2233 3533 Vens.
2294 3481 2381 3534 23.
2438 3510 2507 3518 -
2556 3482 2626 3533 Et
2688 3480 2935 3547 ﬂumina,
2977 3478 3034 3531 id
3091 3480 3176 3530 est
3231 3475 3696 3546 persecutionum

2001 3568 2438 3634 commotiones,
2465 3568 2809 3637 plerumque
2838 3566 2993 3620 enim
3044 3565 3213 3619 corda
3236 3581 3543 3635 pravorum
3568 3580 3697 3634 quae

2001 3657 2333 3726 praedicatio
2363 3671 2477 3710 non
2495 3655 2734 3720 emollit,
2759 3655 3051 3723 flagellum
3078 3652 3433 3707 collectionis
3462 3652 3693 3723 frangit.

2674 3760 2900 3814 CAPUT
2930 3760 3017 3813 VI.

2070 3868 2261 3921 Melior
2315 3870 2394 3920 est
2446 3866 2737 3934 sapientia,
2796 3869 2899 3918 etc.
2961 3861 3143 3934 (Han)
3206 3864 3391 3918 Monet
3447 3867 3696 3917 rectores

2002 3953 2281 4020 Ecclesia),
2314 3957 2447 4022 etc.,
2478 3969 2647 4023 usque
2672 3953 2747 4007 ad
2790 3969 2908 4006 non
2966 3952 3153 4005 solum
3213 3968 3407 4023 opera,
3441 3952 3541 4006 sed
3595 3968 3695 4006 co-

2001 4043 2289 4116 gnitiones
2314 4046 2372 4096 et
2391 4042 2711 4096 voluntates
2735 4040 3039 4112 judicabit.

2074 4134 2233 4186 Vens.
2264 4136 2324 4184 '7.
2385 4160 2453 4170 —
2495 4132 2706 4197 Exiguo
2736 4132 2877 4183 enim
2931 4129 3242 4183 conceditur
3288 4116 3690 4184 misericordia.

2002 4220 2097 4274 His
2152 4219 2385 4285 scilicet,
2438 4218 2538 4290 qui
2569 4235 2672 4289 per
2703 4218 3111 4288 ignorantiam,
3164 4218 3251 4271 vel
3300 4216 3691 4287 fragilitatem,

2003 4311 2089 4364 vel
2121 4308 2517 4362 necessitatem
2550 4311 2947 4377 peccaverunt,
2976 4311 3031 4360 et
3087 4305 3294 4361 humili
3356 4304 3696 4376 paenitentia

2000 4400 2351 4455 deleverunt.
2385 4399 2625 4453 Potentes
2663 4403 2843 4451 autem
2887 4394 3324 4467 potenter,'etc.,
3367 4393 3489 4464 qui,
3544 4393 3694 4447 scili-

2001 4487 2391 4554 cet,mandata
2426 4486 2525 4541 Dei
2555 4485 2997 4549 contemnendo,
3048 4484 3241 4555 gravia
3272 4488 3507 4554 peccata
3537 4498 3692 4537 com-

2004 4578 2304 4641 miserunt,
2338 4592 2440 4631 nec
2484 4576 2893 4647 pmnituerunt.
2944 4575 3100 4629 Sicut
3148 4574 3303 4628 enim
3344 4572 3696 4644 potentiores

2002 4666 2236 4721 fuerunt
2264 4664 2325 4719 in
2376 4664 2691 4735 impietate,
2742 4664 2984 4718 fortiora
3012 4662 3380 4716 sustinebunt
3410 4665 3698 4715 tormenta

2005 4756 2304 4825 gehennae.
2358 4755 2601 4822 (Amen)
2680 4753 2999 4818 Quamnam
3082 4751 3154 4805 ob
3231 4766 3482 4816 causam,
3565 4753 3694 4815 etc.,

2003 4858 2171 4911 usque
2190 4842 2264 4896 ad
2312 4846 2399 4897 cui
2429 4848 2606 4897 autem
2636 4844 2883 4907 multum,
2928 4841 3156 4894 multum
3195 4854 3405 4909 quoque
3451 4839 3699 4906 exigetur

2004 4931 2071 4985 ab
2102 4947 2180 4985 eo.

2074 5019 2235 5089 Vens.
2263 5021 2310 5073 8.
2374 5047 2442 5061 —
2471 5020 2590 5074 Non
2619 5020 2759 5072 enim
2810 5017 3088 5071 subtrahet
3115 5029 3423 5085 personam.
3482 5013 3641 5068 Unde
3681 5030 3694 5067 :

2005 5110 2123 5162 Non
2172 5111 2249 5161 est
2313 5122 2666 5175 personarum
2718 5111 2964 5173 acceptor
3027 5108 3187 5169 Deus,
3272 5116 3701 5170 unumquemque

1998 5196 2167 5265 juxta
2195 5197 2315 5248 vias
2345 5209 2472 5248 suas
2495 5194 2713 5263 judicat
2760 5193 2905 5261 (Act.
2935 5193 3017 5261 ι).

2074 5283 2213 5337 Vens
2249 5284 2330 5336 10.
2377 5309 2442 5321 --
2502 5282 2595 5337 Ad
2652 5296 2743 5336 vos
2799 5296 2924 5348 ergo
2980 5295 3148 5347 reges,
3201 5282 3305 5333 etc.
3364 5276 3548 5332 Finito
3578 5292 3698 5331 ser-

2004 5386 2173 5424 mone
2230 5370 2301 5424 ad
2359 5374 2644 5441 potentes,
2691 5372 2746 5423 et
2815 5384 3016 5422 eorum
3101 5366 3314 5422 duritia
3364 5364 3523 5420 duris
3580 5380 3699 5419 ser-

2003 5458 2271 5513 monibus
2303 5457 2631 5529 increpata;
2662 5457 2731 5511 ad
2766 5462 3015 5511 rectores
3066 5452 3323 5509 Ecclesia
3353 5452 3699 5508 exhortatio-

2002 5563 2139 5603 nem
2159 5547 2455 5611 convertit,
2488 5551 2545 5601 et
2574 5545 2914 5617 sapientiam
2945 5544 3106 5599 miris
3127 5543 3433 5615 praeconiis
3456 5541 3700 5610 extollit,
3759 5596 3764 5600 .
