4018 6176
355 322 480 372 1171

422 441 585 495 Vens.
647 441 731 493 12.
775 467 846 481 -—
893 438 1133 505 Ditigite,
1190 438 1318 501 etc.,
1369 438 1418 489 et
1466 435 1732 488 habebitis
1789 435 2040 504 discipli-
2074 438 2116 490 Α

349 545 497 584 nam.
548 527 656 591 Qui
710 526 900 595 diligit
953 523 1316 594 sapientiam,
1385 527 1573 577 servat
1654 523 1714 576 in
1793 522 2047 576 moribus

351 617 734 688 disciplinam.
781 616 902 669 Non
952 612 1107 667 enirn
1163 616 1319 666 amat
1385 611 1746 682 sapientiam,
1801 611 1902 682 qui
1930 627 2048 665 non

351 711 535 761 servat
571 703 952 774 disciplinam.
999 702 1157 756 Unde
1192 719 1204 756 :
1234 701 1296 756 Si
1347 700 1586 768 diligitis
1633 715 1736 770 me,
1784 701 2049 755 mandata

351 811 469 850 mea
493 798 701 849 ser-vate
727 794 897 863 (Joan.
923 795 1052 860 xw).

424 883 584 936 Vens.
629 881 710 934 14.
743 909 816 920 -
863 881 1206 948 Ρνεεοοοιῳαι
1233 879 1328 946 qui
1365 893 1420 932 se
1455 877 1854 946 concupiscunt.
1916 877 2050 932 Gra-

353 969 425 1024 tis
449 985 508 1023 se
561 969 825 1023 offerens.
885 968 1008 1038 Ipse
1057 965 1213 1020 enim
1259 971 1344 1020 est
1395 968 1510 1032 via,
1563 969 1786 1032 veritas,
1834 969 1885 1019 et
1933 967 2052 1019 vita

352 1057 525 1127 (Joan.
560 1059 721 1126 xw):
768 1071 870 1127 per
899 1055 1083 1126 ipsam
1127 1055 1263 1124 itur,
1311 1054 1370 1108 in
1426 1053 1614 1126 ipsum
1655 1053 1930 1122 tenditur,
1977 1054 2048 1108 ad

350 1147 543 1218 ipsum
573 1145 851 1217 pervenit.

426 1235 584 1288 Vnus.
637 1235 718 1288 l5.
770 1263 836 1271 —
869 1232 1210 1286 Assidentem
1259 1231 1433 1298 illam,
1484 1236 1589 1284 etc.
1627 1231 1864 1300 Semper
1894 1245 2052 1302 para-

353 1327 470 1376 tam
503 1320 716 1376 scilicet
753 1320 1037 1385 auxiliari,
1073 1321 1224 1374 unde
1252 1335 1265 1374 :
1297 1322 1429 1375 Ecce
1458 1336 1581 1386 ergo
1609 1324 1689 1374 sto
1733 1320 1806 1373 ad
1832 1320 2052 1384 ostium,

354 1415 405 1465 et
457 1411 638 1480 pulso,
697 1411 898 1477 siquis
964 1411 1237 1478 aperuerit
1293 1410 1449 1475 mihi,
1509 1409 1740 1462 introibo
1797 1409 1872 1462 ad
1934 1423 2053 1462 eum

353 1503 403 1553 et
441 1498 654 1552 cantabo
713 1511 831 1550 cum
888 1497 1000 1562 illo,
1050 1501 1100 1551 et
1159 1500 1272 1565 ipse
1325 1512 1528 1551 mecum
1580 1496 1770 1566 (Apoc.
1829 1499 1931 1563 111).
1989 1495 2052 1549 In

355 1587 629 1657 praesenti
661 1585 1006 1639 studendum
1037 1589 1120 1639 est
1149 1585 1470 1656 sapientiae,
1499 1589 1554 1638 et
1584 1584 1899 1639 secundum
1924 1598 2054 1637 nor-

357 1689 512 1727 mam
552 1672 866 1743 disciplina:
897 1673 1020 1740 ejus
1049 1673 1374 1727 vivendum.

426 1763 589 1817 Vnus.
615 1765 702 1816 '22.
730 1792 797 1800 —-
817 1763 883 1815 Si
911 1778 1036 1830 ergo
1060 1761 1418 1816 detectamini.
1446 1761 1629 1833 (ΗΑΒ.)
1653 1763 1834 1832 Reges
1854 1762 2052 1816 admo-

357 1853 474 1917 net,
507 1855 639 1919 etc.,
664 1865 834 1918 usque
851 1849 926 1904 ad
944 1850 1106 1919 regni
1136 1850 1379 1904 caelestis
1401 1867 1674 1904 coronam
1696 1856 2050 1922 assequetur.

435 1941 596 1994 Vens.
653 1943 740 1992 25.
792 1967 860 1977 —
914 1940 1098 2007 Neque
1161 1954 1280 1992 cum
1313 1938 1526 1993 invidia
1557 1940 1866 1994 tabescente.
1902 1941 2054 1994 Invi-

360 2027 453 2082 dia
486 2043 600 2081 non
647 2025 1031 2080 communicat
1077 2026 1395 2097 sapientiae,
1453 2026 1587 2097 quia
1634 2043 1736 2098 per
1781 2027 2056 2082 invidiam

361 2115 574 2172 diaboli
595 2115 855 2170 introivit
882 2131 1038 2170 mors
1071 2115 1132 2170 in
1167 2117 1465 2185 mundum,
1500 2122 1556 2172 et
1585 2134 1687 2188 per
1716 2120 2056 2190 sapientiam

365 2205 643 2260 liberatur
662 2203 732 2258 ab
764 2220 829 2258 ea
856 2220 1037 2275 genus
1060 2205 1398 2260 humanum.

433 2294 594 2348 Vens.
645 2294 732 2346 27.
787 2321 856 2334 —
905 2295 1049 2358 Ergo
1097 2296 1345 2363 accipite.
1402 2294 1588 2364 (ΗΑΒ.)
1624 2296 1931 2350 Ostensura
1975 2313 2061 2350 sa-

366 2380 602 2451 pientia,
647 2385 777 2449 etc.,
839 2396 1007 2450 usque
1083 2381 1159 2435 ad
1211 2381 1579 2451 perfectiores
1611 2387 1667 2436 et
1712 2382 1953 2437 sanativi
2007 2388 2064 2438 et

369 2471 567 2524 vitales
596 2485 718 2523 esse
742 2469 1030 2524 dicuntur.

1024 2612 1246 2666 CAPUT
1290 2612 1399 2666 VII.

441 2737 595 2790 Vens.
629 2738 717 2789 23.
743 2737 990 2791 -—Nemo
1023 2737 1165 2790 enim
1199 2751 1267 2789 ea:
1308 2736 1544 2808 regibus.
1587 2737 1782 2806 (ΗΑΒ.)
1810 2737 2070 2792 Ostendit

369 2825 523 2896 quod
571 2825 759 2878 omnis
819 2825 1012 2890 homo,
1048 2829 1177 2892 etc.,
1231 2840 1397 2893 usque
1443 2826 1518 2880 ad
1569 2825 1716 2880 sicut
1787 2823 2068 2898 perfectus

372 2914 538 2978 Deus,
573 2912 654 2966 ita
675 2917 731 2966 et
760 2912 1046 2982 perfectus
1076 2912 1270 2978 homo,
1303 2917 1385 2966 est
1415 2915 1574 2968 Jesus
1613 2914 1886 2969 Christus.

441 3001 601 3056 Vnus.
646 3002 696 3056 9.
752 3029 826 3042 -—
875 3003 982 3057 Nec
1009 3004 1342 3072 comparavi,
1377 3007 1507 3069 etc.,
1567 3003 1769 3058 Unde:
1833 3005 2066 3058 Inventa
2098 3008 2138 3063 C

373 3105 488 3143 una
512 3089 763 3159 pretiosa
808 3088 1134 3159 margarita,
1170 3089 1365 3144 vendit
1393 3091 1606 3159 omnia,
1635 3096 1691 3145 et
1739 3092 1876 3146 emit
1922 3109 2070 3148 eam.

375 3176 484 3242 Qui
533 3175 686 3230 enim
729 3177 1015 3232 caelestem
1067 3177 1408 3248 sapientiam
1486 3179 1762 3233 veraciter
1835 3179 2072 3241 invenit,

375 3264 434 3319 id
487 3269 572 3318 est
630 3265 870 3319 verbum
947 3263 1066 3332 Dei,
1123 3265 1362 3335 despicit
1429 3266 1624 3320 omnia
1687 3267 2077 3323 emolumenta

373 3351 672 3422 praesentis
702 3351 851 3418 vitae,
911 3351 1362 3422 philosophiam,
1425 3354 1837 3424 eloquentiam,
1898 3362 1956 3410 et
1989 3357 2075 3411 di-

376 3439 524 3494 vinre
551 3438 820 3493 theoricaz
850 3455 1047 3493 vacare
1079 3440 1391 3495 contendit.

453 3527 618 3580 Vens.
683 3530 766 3581 11.
807 3555 876 3567 -
913 3529 1204 3594 Venerunt,
1246 3533 1351 3582 etc.
1401 3527 1605 3598 (ΗΑΒ.)
1656 3531 1766 3584 Hoc
1815 3536 2081 3601 expertus

383 3614 678 3679 Salomon,
710 3618 841 3681 etc.,
872 3629 1040 3685 usque
1069 3615 1144 3669 ad
1172 3615 1326 3670 unde
1382 3621 1440 3670 et
1482 3617 1591 3685 sol,
1645 3618 1780 3688 quia
1836 3620 1990 3674 solus
2020 3620 2082 3676 in

381 3703 473 3757 die
504 3702 652 3757 inter
679 3708 829 3758 astra
854 3703 1058 3768 luceat,
1093 3703 1171 3758 sic
1194 3704 1548 3760 nominatur.

321 3777 330 3797 ⁸
457 3791 612 3846 Vens.
645 3795 726 3846 15.
761 3821 828 3833 -
858 3795 996 3862 Ipsae
1033 3796 1317 3862 sapientiae
1371 3794 1505 3848 dum.
1538 3796 1725 3863 (ΗΑΒ.)
1779 3797 1923 3852 Deus
1978 3800 2081 3853 Pa-

382 3887 469 3935 ter
494 3880 774 3934 incarnati
808 3880 953 3949 Filii,
994 3882 1088 3937 cui
1143 3883 1298 3938 dedit
1341 3899 1572 3938 omnem
1622 3890 1964 3955 potestatem
2024 3888 2084 3942 in

382 3955 522 4024 coelo
553 3973 608 4022 et
641 3969 701 4022 in
733 3974 902 4025 terra.

455 4058 614 4113 Vens.
665 4062 746 4112 l7.
797 4087 869 4098 —
916 4060 1046 4128 Ipse
1073 4061 1218 4113 enim
1266 4059 1457 4130 (ΗΑΒ.)
1505 4061 1578 4114 De
1611 4061 1916 4116 Salomone
1949 4063 2086 4118 dicit

382 4146 690 4216 Scriptura,
743 4147 890 4201 Deus
943 4147 1120 4213 dedit,
1180 4153 1307 4214 etc.,
1354 4163 1522 4217 usque
1568 4151 1641 4204 ad
1691 4150 1813 4220 ipse
1839 4152 1992 4206 enim
2025 4152 2064 4207 il

383 4233 627 4287 luminat
657 4249 886 4288 omnem
919 4235 1214 4289 hominem
1255 4236 1576 4291 venientem
1625 4237 1684 4292 in
1715 4239 1867 4293 hunc
1914 4256 2082 4295 mun-

385 4321 545 4385 dum,
597 4337 752 4389 quem
819 4324 916 4390 qui
975 4326 1240 4392 sequitur,
1292 4341 1398 4379 non
1446 4325 1688 4380 ambul-1t
1750 4329 1808 4380 in
1858 4331 2084 4385 tenebris

387 4409 560 4479 (Joan.
601 4411 632 4478 1)

456 4498 622 4552 Vnus.
657 4499 836 4552 22-24.
864 4528 931 4538 —
964 4501 1061 4554 Est
1090 4502 1230 4554 enim
1254 4503 1310 4553 in
1330 4501 1430 4554 illa
1459 4503 1688 4570 spiritus
1717 4505 2086 4573 intelligentiae

381 4589 621 4649 sanctus,
654 4591 760 4639 etc.
788 4586 973 4657 (ΒΑΗ.)
1004 4587 1072 4642 Ut
1094 4588 1264 4641 Isaias
1289 4589 1554 4658 ostendit,
1579 4591 1773 4644 omnia
1789 4592 1939 4647 dona
1967 4595 2086 4666 Spi-

387 4671 530 4726 ritus
560 4673 740 4727 sancti
756 4673 816 4727 in
841 4674 1200 4730 humanitate
1229 4675 1533 4732 Salvatoris
1571 4679 1838 4747 existunt,
1872 4681 1934 4736 in
1967 4700 2081 4755 quo

383 4765 521 4814 sunt
544 4776 746 4815 omnes
773 4761 1028 4818 thesauri
1051 4764 1344 4835 sapientiae
1375 4769 1431 4819 et
1460 4765 1708 4821 scientiae
1745 4768 2082 4840 absconditi,

383 4851 440 4900 et
492 4847 792 4917 plenitudo
852 4849 1192 4918 Divinitatis,
1248 4852 1340 4906 c‘ui
1371 4869 1489 4907 non
1515 4853 1682 4908 datur
1715 4856 1949 4925 spiritus
2011 4859 2078 4913 ad

384 4951 736 4990 mensuram.
771 4938 895 5007 (In.)
952 4938 1195 5009 Spiritus
1224 4940 1324 5011 qui
1354 4941 1554 5013 implet
1606 4944 1819 5012 omnia,
1855 4946 2083 5001 mobilis

383 5022 555 5078 simul
596 5029 654 5078 et
701 5024 922 5080 stabilis
955 5025 1181 5082 dicitur.
1230 5029 1397 5083 Homo
1427 5029 1581 5084 enim
1619 5030 1828 5102 ubique
1859 5031 2081 5086 discur-

386 5115 482 5182 rit,
513 5113 727 5185 ubique
747 5113 974 5169 obviam
1000 5116 1177 5184 venit,
1212 5122 1269 5171 et
1298 5123 1550 5188 repente,
1610 5119 1706 5174 ubi
1760 5136 1874 5175 non
1899 5121 2082 5175 credi-

383 5206 500 5267 tur,
554 5201 864 5256 invenitur.
934 5193 1313 5274 Omnipotens
1362 5221 1499 5277 ergo
1543 5206 1810 5278 Spiritus,
1870 5209 2082 5280 ubique

380 5305 635 5359 praesens
665 5289 940 5359 signetur,
983 5291 1226 5358 stabilis,
1261 5292 1432 5348 simul
1463 5299 1520 5348 et
1576 5296 1805 5350 mobilis
1851 5296 2077 5352 dicitur.

381 5376 503 5441 (11).)
539 5376 696 5430 Unde
741 5393 754 5431 :
788 5379 1058 5449 Splendor
1103 5381 1290 5449 gloria:
1332 5387 1382 5436 et
1400 5382 1593 5452 ﬁgura
1616 5384 1933 5440 substantiae
1964 5386 2080 5454 ejus

381 5463 532 5532 (IIeb.
563 5465 623 5534 1),
653 5481 860 5536 regens
895 5468 1089 5522 omnia
1115 5469 1308 5535 verbo,
1361 5475 1491 5537 etc.,
1525 5487 1692 5541 usque
1738 5473 1813 5526 ad
1847 5473 1906 5527 in
1933 5478 2079 5528 tem-

382 5565 520 5623 pore
554 5550 799 5606 Verbum
825 5571 955 5608 caro
988 5555 1199 5611 factum
1241 5562 1349 5627 est,
1405 5563 1461 5612 et
1493 5559 1770 5614 habitavit
1799 5560 1859 5615 in
1889 5562 2076 5618 nobis.

986 312 1377 368 WALAFRIDI
1417 313 1665 367 S'l‘RABl
1705 313 1899 368 FULD.
1944 311 2105 368 MON.
2148 312 2299 368 OPP.
2343 312 2518 366 PARS
2555 312 2596 366 Ι.
2638 341 2706 350 -——
2745 310 3202 366 THEOLOGICA.

3715 315 3826 366 H72

2804 489 3026 544 CAPUT
3069 489 3206 543 Vlll.

2227 615 2383 669 Vsus.
2423 616 2468 668 1.
2502 644 2532 652 -
2555 645 2568 652 -
2600 614 2844 682 Attingit
2873 629 2907 667 a
2923 613 3056 682 ﬁne.
3091 612 3152 667 Id
3184 615 3267 666 est
3287 629 3318 666 a
3347 611 3630 684 principio
3657 613 3828 667 mundi

2160 719 2340 774 usque
2370 702 2440 756 ad
2471 701 2784 756 adventum
2813 701 3045 767 Christi,
3068 701 3314 755 miriﬁca
3339 717 3513 772 opera
3544 705 3602 755 et
3635 702 3829 756 sincera

2160 790 2486 844 testimonia
2516 805 2618 860 per
2651 791 2816 840 \‘vtus
2847 790 3276 843 Testamentum
3307 789 3529 842 fortiter
3558 790 3770 854 asserit,
3790 798 3832 843 et

2160 879 2229 934 ab
2249 878 2640 932 incarnatione
2679 878 2844 930 Vcibi
2905 893 3082 948 usque
3111 877 3178 930 ad
3212 878 3385 931 tinem
3422 877 3628 931 mundi
3675 879 3833 932 suavi-

2158 973 2334 1022 tatem
2368 967 2656 1038 Evangelii
2710 967 2958 1038 exponit.
2999 968 3048 1022 Α
3087 969 3192 1035 ﬁne
3221 983 3358 1038 ergo
3393 983 3561 1037 usque
3595 967 3668 1021 ad
3695 967 3834 1038 ﬁnem

2158 1059 2378 1124 fortiter
2395 1058 2681 1126 pertingit,
2703 1055 2838 1126 quia
2864 1055 3078 1126 ubique
3099 1056 3348 1126 perfecte
3370 1057 3487 1126 agit
3518 1072 3532 1110 :
3555 1056 3686 1110 ﬁnis
3703 1056 3838 1110 enim

2160 1145 2566 1216 perfectionem
2599 1145 2901 1215 signiﬁcat.

2236 1235 2397 1288 Vnus.
2432 1236 2483 1287 3.
2516 1263 2584 1272 —
2614 1234 2890 1302 Glortﬁcat
2942 1233 3372 1300 contubernium,
3407 1233 3460 1286 id
3490 1237 3595 1298 est,
3646 1249 3841 1304 reprae-

2164 1326 2350 1378 sentat
2385 1325 2793 1390 generositatem
2833 1322 3002 1389 illius,
3050 1321 3264 1376 scilicet
3306 1322 3509 1388 Patris,
3543 1321 3648 1392 qui
3686 1329 3764 1376 est
3797 1323 3842 1376 ei

2162 1416 2483 1466 coaeternus
2512 1415 2570 1463 et
2596 1409 3055 1481 coomnipotens,
3108 1411 3197 1463 vel
3228 1411 3435 1480 partim
3455 1411 3524 1464 de
3553 1411 3841 1481 temporali

2163 1500 2476 1567 nativitate,
2512 1499 2720 1569 partim
2751 1499 2820 1553 de
2869 1503 3083 1552 aeterna
3112 1503 3298 1568 potest
3327 1498 3459 1569 legi.
3515 1499 3697 1553 Habet
3737 1516 3845 1554 con-

2165 1590 2470 1644 tubernium
2501 1591 2615 1645 Dei.
2665 1589 2720 1642 Id
2755 1593 2859 1654 est,
2912 1588 3353 1652 humanitatem,
3415 1587 3472 1640 in
3507 1604 3623 1658 qua
3653 1587 3848 1641 habitat

2167 1681 2334 1746 Deus,
2368 1679 2467 1749 qui
2490 1684 2576 1732 est
2599 1676 2876 1748 sapientia
2902 1676 3107 1731 Patris.
3144 1677 3240 1730 Vel
3269 1677 3541 1745 gtoriﬁcat
3595 1679 3845 1741 genorosi-

2167 1771 2329 1820 tatem
2361 1767 2531 1832 ittius,
2588 1765 2646 1820 id
2699 1770 2782 1820 est
2816 1765 2915 1819 Dei
2945 1763 3148 1832 Patris,
3178 1764 3234 1818 id
3268 1769 3352 1817 est
3379 1764 3641 1834 ejusdem
3670 1781 3846 1818 esseu—

2165 1855 2258 1909 tiaa
2289 1860 2376 1908 est
2422 1871 2552 1908 cum
2610 1856 2774 1910 Patre
2831 1854 2901 1908 ab
2959 1859 3174 1908 aeterno
3231 1853 3426 1923 genita
3480 1852 3540 1905 in
3599 1857 3843 1924 tempore

2164 1944 2234 1998 de
2255 1948 2456 1998 matre.

2241 2033 2398 2087 Vsus.
2441 2033 2494 2086 4.
2526 2061 2595 2070 —-
2626 2032 2856 2085 Doctria:
2888 2031 3030 2084 enim
3083 2033 3162 2084 est
3207 2030 3530 2100 disciplinae.
3572 2031 3652 2084 De
3684 2029 3850 2100 pleni-

2166 2121 2366 2176 tudine
2398 2119 2522 2190 ejus
2552 2135 2755 2174 omnes
2812 2117 3134 2190 accepimus
3163 2133 3176 2172 :
3209 2134 3313 2189 per
3367 2134 3538 2189 quem
3585 2119 3766 2189 gratia
3806 2123 3852 2172 et

2166 2209 2376 2262 veritas
2425 2209 2572 2262 facta
2601 2211 2706 2273 est,
2763 2206 2818 2262 id
2850 2212 2934 2261 est
2990 2206 3254 2262 revelata.
3321 2208 3492 2261 Deum
3534 2222 3685 2260 nemo
3715 2206 3842 2260 vidit

2167 2313 2426 2366 unquam,
2487 2296 2580 2350 sed
2601 2298 2793 2360 Filius,
2834 2297 2930 2364 qui
2959 2301 3036 2350 est
3079 2297 3139 2350 in
3167 2295 3293 2349 sinu
3318 2297 3524 2361 Patris,
3557 2298 3681 2365 ipse
3706 2311 3848 2349 enar-

2169 2389 2317 2440 ravit
2338 2388 2492 2449 (Joan
2539 2391 2602 2453 1).

2242 2476 2402 2529 Vens.
2450 2479 2500 2528 7.
2553 2504 2620 2514 —
2668 2476 2737 2529 Et
2768 2473 2974 2528 labores
3025 2474 3210 2542 hujus.
3255 2472 3408 2526 Nihil
3437 2471 3594 2527 enim
3628 2471 3852 2527 desidio.

2173 2579 2299 2616 sum
2333 2562 2393 2616 in
2440 2562 2708 2633 operibus
2747 2561 2889 2632 ejus.
2937 2561 3304 2632 Quaecunque
3352 2565 3487 2614 sunt
3529 2577 3688 2627 vera,
3719 2576 3853 2632 qua:-

2174 2667 2419 2724 cumque
2442 2651 2669 2722 pudica,
2695 2650 3246 2722 quaecunquejusta,
3269 2649 3412 2720 agit,
3429 2651 3729 2720 etagenda
3757 2650 3859 2703 suis

2176 2739 2497 2794 committit.
2533 2741 2889 2796 Sobrietatem
2932 2741 3072 2793 enim
3099 2743 3149 2792 et
3177 2740 3526 2808 sapientiam.
3550 2740 3736 2808 (ΗΑΒ.)
3765 2737 3860 2802 Qui

2176 2833 2505 2900 temperans
2532 2832 2635 2895 est,
2677 2833 2808 2896 etc.,
2860 2843 3028 2897 usque
3067 2827 3140 2881 ad
3191 2832 3249 2881 et
3293 2827 3452 2881 dedit
3496 2827 3658 2882 illam
3707 2826 3860 2882 Jacob

2179 2934 2358 2991 puero
2391 2934 2512 2971 suo.

2250 3009 2407 3061 Vens.
2440 3010 2521 3061 ll.
2550 3036 2619 3047 —
2675 3005 3049 3060 Admirabitis.
3085 3006 3286 3059 Partus
3327 3003 3575 3076 Virginis
3612 3005 3866 3058 omnibus

2182 3093 2692 3162 fuitadmiraudus,
2709 3093 2914 3165 quiain
2929 3109 3052 3148 resu
3064 3092 3399 3146 rrectionem
3419 3099 3474 3146 et
3491 3092 3723 3147 ruinam
3738 3093 3867 3147 mul-

2183 3188 2370 3238 torum
2407 3183 2644 3246 exstitit,
2669 3182 2768 3253 qui
2797 3187 2906 3236 stat
2938 3182 2997 3236 in
3025 3182 3254 3253 signum
3305 3181 3676 3253 populorum,
3711 3199 3869 3252 super

2183 3288 2355 3341 quem
2383 3271 2761 3326 continebunt
2790 3286 2953 3341 reges
2985 3288 3047 3325 os
3099 3286 3290 3340 suum,
3326 3270 3514 3341 ipsum
3546 3277 3751 3341 gentes
3780 3271 3869 3324 de-

2184 3361 2589 3432 precabuntur.

2255 3450 2413 3504 Vens.
2477 3450 2559 3503 16.
2593 3478 2661 3487 —
2701 3449 2918 3502 Intrans
2976 3450 3032 3502 in
3064 3447 3299 3503 domum.
3355 3448 3542 3519 (ΗΑΒ.)
3573 3449 3708 3503 Post
3736 3465 3874 3520 prae.-

2185 3536 2545 3601 dicationem,
2578 3540 2706 3607 post
2732 3535 2920 3606 operis
2950 3535 3228 3603 laborem,
3283 3535 3492 3606 quibus
3524 3537 3877 3592 auditoribus

2187 3625 2369 3680 sancti
2391 3624 2655 3678 solatium
2687 3624 2948 3694 praebent
2979 3623 3048 3677 ad
3075 3639 3133 3676 se
3164 3623 3468 3678 redeuntes
3497 3624 3716 3679 divinae
3747 3641 3878 3678 con-

2188 3712 2552 3784 templationi
2584 3717 2803 3779 vacant,
2841 3711 2936 3766 ubi
2967 3727 3237 3784 supernae
3280 3712 3602 3768 dulcedinis
3634 3714 3876 3785 quietem

2188 3801 2492 3856 inveniunt
2557 3802 2663 3868 (lo.
2724 3817 2791 3855 ex
2838 3801 3016 3868 Greg.)
3066 3801 3400 3872 Corporales
3464 3801 3711 3869 deliciae,
3760 3808 3878 3865 etc.,

2189 3904 2358 3959 usque
2385 3889 2460 3943 ad
2493 3889 2642 3943 unde
2675 3889 2847 3944 David
2884 3905 2896 3943 :
2927 3890 3150 3946 Gustata
3177 3895 3228 3944 et
3256 3889 3430 3944 uidete
3459 3893 3723 3960 quoniam
3760 3907 3880 3946 sua-

2189 3981 2270 4033 vis
2319 3977 2488 4048 (Psal.
2548 3981 2754 4045 xxxm),
2814 3982 2919 4032 etc.
2979 3978 3184 4048 (0310.)
3231 3979 3340 4043 Qui
3405 3979 3590 4049 aperit
3650 3996 3716 4034 os
3771 3995 3882 4034 mu-

2192 4070 2338 4132 tum,
2371 4071 2502 4130 etc.,
2537 4081 2704 4135 usque
2730 4066 2803 4120 ad
2827 4066 3051 4136 justitia
3082 4072 3276 4121 autem
3307 4068 3458 4139 quod
3480 4067 3882 4123 distributoret

2186 4154 2363 4224 judex
2390 4155 2728 4208 meritorum
2753 4155 2843 4209 sit.

2270 4243 2427 4297 Vens.
2466 4245 2550 4296 l9.
2602 4273 2670 4283 —
2732 4245 2870 4298 Puer
2913 4247 3111 4311 autem,
3144 4247 3275 4312 etc.,
3312 4243 3492 4316 (ΗΑΒ.)
3520 4244 3806 4301 Salomon
3832 4245 3881 4299 in

2197 4329 2441 4400 pueritia
2470 4331 2856 4401 postulaverat
2889 4348 2922 4385 a
2952 4331 3067 4385 Deo
3118 4332 3480 4402 sapientiam,
3535 4339 3594 4388 et
3656 4341 3722 4389 ut
3753 4341 3886 4389 recte

2185 4418 2470 4488 judicaret
2503 4419 2800 4489 populum,
2834 4423 2890 4473 et
2919 4418 3268 4475 discerneret
3299 4421 3446 4476 inter
3467 4421 3691 4478 bonum
3722 4429 3778 4478 et
3807 4439 3883 4476 ma

2193 4507 2314 4560 lum
2343 4521 2356 4559 :
2393 4506 2571 4560 factus
2627 4512 2710 4560 est
2743 4523 2878 4576 ergo
2909 4507 3387 4578 sapientissimus,
3420 4514 3476 4562 et
3507 4511 3742 4566 videtur
3770 4527 3880 4565 sor-

2193 4592 2332 4646 titus
2363 4593 2616 4647 animam
2676 4594 2909 4660 bonam,
2966 4594 3167 4650 habuit
3213 4613 3309 4650 cor
3340 4597 3566 4666 sapiens
3620 4605 3682 4654 et
3731 4599 3880 4653 intel-

2191 4681 2394 4750 ligens.
2424 4681 2530 4735 Sed
2557 4683 2844 4752 quomodo
2873 4683 3138 4738 convenit
3176 4684 3226 4738 ei
3270 4687 3418 4755 quod
3449 4685 3668 4741 dicitur
3703 4704 3716 4742 :

2264 4770 2422 4824 Vens.
2455 4772 2545 4824 20.
2579 4801 2644 4809 —
2681 4772 2816 4825 Veni
2843 4771 2916 4825 ad
2960 4787 3152 4842 corpus
3209 4775 3704 4843 incoinquinatum,
3767 4779 3881 4835 etc.,

2190 4873 2320 4911 cum
2358 4857 2659 4912 mulierem
2689 4858 3075 4930 alienigenam
3135 4861 3430 4928 amaverit,
3472 4867 3528 4916 et
3566 4863 3724 4918 idola
3754 4860 3878 4917 radio

2191 4947 2486 5000 licavcrit?
2509 4947 2746 5000 Videtur
2774 4963 2909 5019 ergo
2942 4949 3124 5019 magis
3175 4951 3478 5004 convenire
3508 4953 3735 5022 populo
3765 4968 3877 5004 san-

2189 5037 2411 5086 ctorum
2444 5033 2543 5104 qui
2573 5034 2634 5088 in
2662 5033 2945 5106 baptismo
2977 5042 3345 5106 regeneratus
3385 5044 3489 5104 est,
3524 5043 3582 5092 et
3625 5039 3744 5093 fide
3773 5038 3875 5094 Sal-

2188 5121 2693 5192 vatorisimbutus,
2718 5123 3020 5194 pueritiam
3063 5125 3272 5178 indolis
3313 5142 3430 5179 suae
3458 5125 3648 5191 boum,
3685 5129 3877 5182 etsim-

2187 5209 2352 5281 plicis
2378 5209 2718 5265 innocentiae
2753 5213 3091 5282 perceperit,
3123 5217 3179 5265 et
3219 5214 3436 5268 cunctis
3475 5216 3683 5269 studiis
3706 5221 3876 5270 certa-

2188 5299 2332 5352 verit
2358 5299 2657 5368 pervenire
2689 5300 2755 5354 ad
2790 5300 3014 5354 culmen
3041 5301 3314 5355 virtutum
3349 5317 3362 5355 :
3399 5303 3546 5356 unde
3575 5307 3839 5375 sequitur
3866 5319 3874 5353 :

2186 5389 2256 5440 Et
2283 5401 2402 5440 cum
2440 5400 2604 5440 essem
2634 5389 2808 5455 magis
2857 5389 3042 5453 bonus,
3103 5393 3207 5442 etc.
3270 5390 3440 5443 Pater
3493 5405 3610 5443 non
3663 5391 3874 5461 judicat

2189 5490 2561 5546 quemquam,
2601 5476 2700 5530 sed
2745 5493 2914 5530 omne
2937 5476 3221 5547 judicium
3276 5477 3435 5532 dedit
3485 5478 3646 5533 Filio.
3707 5481 3876 5548 Hujus

2190 5564 2448 5618 membra
2475 5564 2606 5619 {acti
2647 5570 2775 5618 sunt
2803 5564 3094 5620 imitantes
3112 5582 3265 5620 eum.
3743 5583 3746 5587 '
