4074 6186
255 292 384 344 1173

912 414 1137 467 CAPUT
1182 414 1264 467 ΙΧ.

320 521 478 574 νεεδ.
533 524 585 575 ‘l.
632 550 697 561 —
734 523 810 574 Tu
856 527 1032 573 autem
1086 521 1310 588 elegisti,
1363 522 1467 572 etc.
1513 517 1700 589 (ΗΑΒ.)
1748 519 1943 585 David,

243 610 382 680 quia
416 610 521 674 vir,
568 614 699 674 etc.,
752 623 922 677 usque
966 608 1041 662 ad
1093 608 1270 662 virtus
1301 617 1358 663 et
1406 608 1685 679 sapientia
1742 608 1861 673 Dei,
1892 612 1947 662 et

247 698 440 768 imago
484 698 580 753 Dei
604 697 923 752 invisibilis.

340 788 500 840 Vens.
538 790 619 842 l3.
666 817 733 826 —
769 788 904 850 Quis
925 788 1065 839 enim
1093 786 1387 840 hominum.
1417 785 1747 840 Admiratur
1770 785 1945 839 excel-

248 876 482 929 lentiam
521 877 639 930 Dei.
671 876 871 940 Quasi:
908 876 949 931 Ο
982 876 1216 929 altitudo
1245 875 1571 929 divitiarum
1591 876 1873 943 sapientia:
1896 878 1945 928 et

246 967 484 1019 scientiae
518 968 633 1019 Dei!
674 966 850 1032 (Rom.
874 968 982 1031 χι.)
1012 965 1096 1027 Et,
1127 964 1260 1028 Quis
1292 966 1439 1018 novit
1466 978 1677 1018 sensum
1704 964 1943 1025 Domini,

247 1059 346 1107 aut
373 1057 496 1123 quis
526 1054 872 1107 consiliarius
916 1054 1031 1121 ejus
1060 1054 1219 1118 fuit?
1245 1051 1374 1123 (lsa.
1406 1060 1523 1114 XL.)

320 1145 480 1198 Vens.
532 1148 608 1198 l7.
645 1175 711 1183 —
742 1142 970 1197 Sensum
1026 1148 1230 1197 autem.
1288 1143 1464 1196 Nemo
1495 1141 1595 1196 scit
1637 1158 1767 1213 quae
1798 1140 1947 1195 fiunt

245 1231 304 1285 in
353 1232 521 1285 corde
552 1231 801 1285 hominis
839 1231 946 1284 nisi
975 1231 1210 1300 spiritus
1255 1231 1522 1295 hominis,
1556 1235 1612 1284 et
1641 1246 1811 1284 nemo
1844 1244 1945 1281 no-

245 1319 325 1373 vit
350 1337 478 1390 quaa
525 1325 657 1374 sunt
704 1320 803 1374 Dei
869 1319 976 1372 nisi
1006 1319 1248 1390 Spiritus
1307 1319 1425 1373 Dei.
1481 1319 1723 1390 Spiritus
1754 1321 1945 1371 autem

245 1409 442 1462 omnia
473 1414 780 1479 scrutatur,
832 1408 1004 1462 etiam
1044 1408 1327 1479 profunda
1386 1408 1483 1462 Dei
1531 1408 1631 1479 qui
1662 1406 1946 1461 illuminat

243 1497 417 1551 corda
449 1503 795 1553 sanctorum.

939 1622 1161 1678 CAPUT
1192 1624 1251 1677 Χ.

318 1746 484 1800 Vaas.
524 1750 571 1801 1.
614 1777 682 1786 -
715 1749 835 1802 Hac
882 1748 1056 1815 illum,
1112 1749 1209 1818 qui
1258 1748 1494 1816 primus.
1552 1746 1741 1815 (ΗΑΒ.)
1772 1743 1936 1799 Boni-

246 1839 363 1889 tate
398 1836 498 1890 Dei
549 1834 768 1906 primus
824 1836 994 1890 homo
1024 1841 1265 1902 creatus,
1301 1836 1358 1889 in
1415 1835 1676 1906 paradiso
1704 1834 1941 1898 locatus,

247 1924 467 1977 cunctis
494 1924 882 1978 animantibus
941 1927 1236 1997 praelatus:
1299 1940 1402 1995 per
1430 1923 1944 1993 transgressionem

248 2012 524 2078 mandati,
572 2012 631 2066 in
680 2013 923 2067 miseriis
984 2014 1153 2083 hujus
1201 2013 1390 2067 saeculi
1447 2012 1698 2081 dejectus
1738 2018 1855 2077 est;
1891 2016 1946 2064 et

1974 1697 2015 1751 Β

248 2116 355 2170 per
397 2102 492 2155 Dei
518 2101 880 2170 sapientiam,
905 2102 958 2156 id
983 2107 1068 2156 est
1107 2102 1412 2168 Christum,
1467 2104 1781 2172 reparatus,
1819 2117 1946 2154 ma—

248 2204 431 2259 gnum
467 2188 692 2259 pietatis
722 2189 929 2243 divina?
958 2189 1231 2243 indicium
1263 2196 1364 2243 est.

324 2277 482 2332 Vens.
508 2280 558 2331 3.
593 2309 661 2317 ——-
702 2279 946 2347 Injustus
1001 2282 1061 2333 in
1112 2281 1219 2332 ira.
1271 2279 1341 2333 Ut
1393 2277 1549 2344 Cain,
1583 2276 1683 2349 qui
1713 2278 1944 2331 fratrem

247 2382 365 2420 non
390 2366 545 2436 juste
589 2368 858 2436 peremit,
917 2367 1079 2438 cujus
1106 2366 1316 2437 piaculi
1370 2366 1615 2421 vindicta
1644 2367 1705 2420 in
1734 2366 1947 2421 diluvio

247 2455 438 2507 soluta
472 2457 575 2514 est.
602 2458 658 2508 et
714 2455 1007 2525 generatio
1040 2456 1177 2510 Cain
1206 2455 1417 2511 deleta:
1461 2458 1554 2510 sed
1586 2456 1685 2509 Dei
1713 2454 1947 2525 sapien-

244 2543 327 2597 tia
361 2545 496 2609 Noe,
531 2544 600 2598 de
631 2543 807 2614 stirpe
863 2546 1020 2610 Setb,
1077 2546 1148 2600 ad
1179 2544 1599 2616 reparationem
1631 2544 1787 2599 orbis
1813 2559 1944 2597 cum

250 2632 387 2687 tiliis
409 2634 523 2686 suis
548 2633 609 2686 in
629 2650 758 2687 arca
788 2634 1049 2688 servavit.

320 2721 483 2773 Vens.
598 2751 668 2761 —
700 2723 823 2776 Hac
853 2727 904 2776 et
935 2725 991 2775 in
1012 2737 1267 2777 consensu
1293 2722 1578 2793 superbia,
1617 2726 1721 2776 etc.
1760 2721 1944 2790 (ΗΑΒ.)

249 2807 525 2861 Diabolus
579 2824 683 2879 per
716 2809 1064 2881 superbiam,
1114 2815 1240 2877 etc.,
1285 2827 1452 2879 usque
1517 2810 1591 2864 ad
1654 2811 1949 2864 humilitas

248 2896 459 2950 Christi
488 2897 776 2951 adunavit.

1267 288 1519 344 GLOSSA
1559 289 1959 344 ORDINARIA.
2003 316 2073 329 —
2114 288 2242 343 LIB.
2293 287 2709 344 8ΑΡ1ΕΝΤ1ίΕ.

1974 414 2018 465 Α
2059 413 2284 483 Mystice
2323 412 2614 482 Sapientia
2678 412 2775 466 Dei
2810 419 3087 484 martyres
3141 416 3210 470 de
3262 417 3754 487 persecutionibus

3625 300 3753 352 1174

2055 502 2285 572 eripuit,
2344 508 2401 556 et
2446 502 2714 556 exaltavit
2771 502 2829 555 in
2888 519 3065 571 regno
3120 505 3355 559 coalesti.
3420 507 3575 560 Unde
3622 524 3752 561 cum

2055 591 2277 645 Christo
2302 590 2521 645 venturi
2555 598 2689 644 sunt
2712 592 2931 661 judices
2970 593 3216 647 hostium
3242 610 3498 649 suorum.

2128 681 2285 734 Vsas.
2326 683 2403 733 15.
2437 711 2506 720 --
2557 682 2679 734 Hzec
2729 682 2986 749 populum
3032 682 3264 749 justum.
3325 684 3508 753 (ΗΑΒ.)
3562 684 3749 753 Mysii-

2054 784 2133 822 ce.
2162 768 2389 822 Liberat
2443 769 2587 821 Deus
2636 768 2843 821 electos
2873 785 3007 822 suos
3034 786 3067 822 a
3099 772 3586 839 persecutoribus,
3620 778 3749 834 etc.,

2055 873 2220 927 usque
2246 857 2321 910 ad
2349 857 2419 911 ad
2482 857 2716 926 praemia
2749 857 2933 927 regni,
2995 859 3091 913 ubi
3143 865 3422 930 perpetuo
3449 860 3751 915 decantant

2052 944 2252 999 laudes
2280 943 2572 998 liberatori
2599 961 2719 998 suo.

2126 1033 2286 1087 Vens.
2337 1035 2421 1086 21.
2454 1062 2523 1072 -
2573 1035 2838 1097 Quoniam
2890 1037 3178 1103 sapientia,
3209 1039 3312 1088 etc.
3363 1035 3493 1090 Sine
3523 1036 3747 1106 sapien-

2052 1121 2131 1176 tia
2165 1122 2265 1176 Dei
2295 1137 2396 1175 nec
2425 1121 2677 1175 humana
2705 1137 2864 1175 mens
2889 1123 3104 1193 aliquid
3150 1124 3319 1194 digne
3340 1125 3611 1195 cogitare,
3646 1142 3750 1179 nec

2054 1227 2117 1264 os
2141 1210 2395 1280 proferre
2426 1214 2637 1279 potest:
2673 1210 2743 1264 ab
2800 1209 2925 1279 ipso
2956 1227 3091 1281 ergo
3142 1217 3199 1265 et
3228 1212 3511 1283 sapientia
3534 1218 3586 1267 et
3625 1214 3748 1267 elo-

2054 1300 2288 1370 quentia
2310 1299 2556 1369 petenda
2584 1302 2688 1353 est.

2742 1442 2966 1496 CAPUT
3005 1441 3091 1495 Χῐ.

2126 1568 2282 1621 Vens.
2346 1569 2392 1620 1.
2457 1595 2522 1606 --
2576 1568 2784 1619 Dixerit
2841 1581 3022 1633 opera,
3068 1570 3181 1620 etc.
3255 1568 3433 1635 (ΗΑΒ.)
3497 1569 3746 1636 Populus

2053 1655 2405 1712 Christianus
2435 1669 2537 1723 per
2588 1652 2874 1707 desertum
2924 1654 3092 1723 hujus
3141 1655 3339 1710 mundi
3388 1655 3744 1725 prophetiam

2053 1744 2331 1814 sequitur,
2391 1748 2457 1797 ut
2508 1741 2800 1812 perveniat
2844 1742 2916 1796 ad
2957 1743 3196 1812 patriam
3250 1744 3414 1814 regni
3472 1744 3741 1810 caelestis;

2054 1833 2207 1886 unde
2268 1833 2503 1885 Petrus:
2563 1831 2831 1885 Habemus
2880 1832 3253 1899 propheticum
3293 1848 3601 1896 sermonem,
3657 1836 3747 1887 cui

2055 1922 2180 1975 bene
2232 1922 2419 1986 facitis
2450 1918 2785 1973 attendentes
2838 1923 2999 1987 quasi
3028 1920 3258 1974 lucerna:
3296 1923 3492 1975 lucenti
3523 1924 3577 1974 in
3609 1924 3742 1975 cali-

2053 2012 2238 2078 ginoso
2259 2011 2368 2063 loco
2399 2008 2471 2077 (ll
2494 2009 2636 2061 Petr.
2662 2010 2726 2075 ι),
2764 2013 2868 2060 etc.

2127 2100 2286 2152 Vens.
2334 2100 2490 2152 4.-
2538 2099 2609 2150 De
2655 2101 2814 2165 petra
2852 2098 3143 2165 altissima,
3200 2102 3304 2153 etc.
3342 2101 3509 2153 Petra
3553 2104 3743 2152 autem

2055 2193 2175 2242 erat
2229 2186 2500 2250 Christus,
2561 2184 2661 2255 qui
2708 2185 2865 2255 virga
2896 2186 3078 2238 crucis
3109 2202 3430 2256 percussus,
3469 2203 3597 2257 quae
3627 2190 3748 2239 erat

2054 2278 2112 2331 in
2147 2276 2431 2339 manibus,
2480 2274 2534 2327 id
2562 2280 2643 2328 est
2673 2272 2731 2327 in
2766 2274 3062 2344 scripturis
3118 2276 3552 2344 prophetarum,
3604 2275 3749 2328 fudit

2057 2382 2263 2439 aquam
2289 2364 2490 2418 vivam.
3509 2414 3533 2433 ο

2126 2457 2289 2509 Vens.
2324 2457 2374 2508 5.
2436 2483 2503 2492 -
2534 2453 2634 2506 Per
2692 2466 2809 2520 quae
2838 2454 2978 2504 enim
3016 2466 3224 2520 poenas,
3256 2454 3361 2505 etc.
3417 2451 3596 2519 (ΗΑΒ.)
3637 2451 3747 2504 Me-

2056 2538 2292 2593 moratis
2348 2538 2660 2605 beneﬁciis,
2716 2543 2845 2602 etc.,
2906 2555 3073 2608 usque
3100 2540 3173 2593 ad
3211 2540 3327 2593 sive
3355 2556 3491 2609 ergo
3526 2538 3747 2609 patian-

2055 2632 2170 2692 tur,
2202 2627 2319 2681 sive
2348 2643 2481 2692 non,
2506 2627 2691 2697 gloria
2720 2631 2803 2680 est
2828 2627 2929 2681 eis.

2128 2717 2287 2770 VERS.
2342 2719 2420 2770 10.
2473 2745 2541 2755 -
2580 2716 2711 2772 Cum
2756 2716 2898 2769 enim
2956 2718 3163 2770 tentati.
3226 2718 3405 2786 (ΗΑΒ.)
3472 2714 3752 2769 lsraelitas

2056 2808 2353 2875 peccantes
2372 2803 2559 2874 dignis
2602 2804 2789 2874 plagis
2837 2804 3113 2874 corripuit
3173 2805 3342 2871 Deus,
3393 2809 3450 2859 et
3483 2804 3755 2874 pmniten-

2057 2898 2141 2947 tes
2186 2894 2504 2946 consolatus
2533 2897 2636 2959 est,
2665 2892 2956 2963 [Egyptios
3000 2898 3057 2947 et
3092 2893 3446 2947 Chananaaos
3477 2898 3753 2963 tanquam

328 2986 484 3037 Vens.
545 2989 594 3039 6.
652 3015 721 3026 —
778 2989 897 3041 Haec
939 2988 1171 3055 justum,
1215 2992 1321 3041 etc.
1382 2986 1522 3041 llinc
1583 2988 1781 3040 Petrus
1829 2985 1944 3039 ait:
1978 2985 2018 3039 C
2056 2981 2444 3035 misericordia
2490 2982 2758 3051 indignos
2814 2980 3228 3035 exterminavit.
3290 2985 3592 3046 Tormenta,
3643 2985 3751 3037 etc.

250 3073 549 3127 Civitatem
613 3074 959 3129 Sodomorum
1006 3079 1055 3128 et
1118 3076 1577 3130 Gomorrha’orum
1624 3079 1680 3129 in
1723 3076 1949 3128 cinerem

247 3162 507 3230 redigens
568 3165 833 3216 eversione
879 3162 1196 3231 damnavit;
1246 3165 1553 3232 exemplum
1611 3178 1791 3218 eorum
1856 3165 1954 3232 qui

252 3253 417 3319 impie
445 3253 626 3305 acturi
672 3256 797 3305 sunt
842 3266 1069 3320 ponens,
1128 3256 1179 3306 et
1200 3252 1412 3321 justum
1456 3254 1547 3306 Lot
1577 3267 1888 3320 oppressum
1916 3267 1950 3304 α

248 3339 610 3405 nefandorum
663 3340 903 3408 injuriis,
947 3356 1009 3394 ac
1063 3340 1345 3394 luxuriosa
1399 3342 1793 3394 conversatione
1841 3343 1947 3394 eri-

245 3431 477 3499 puit(ll
500 3430 641 3483 Petr.
692 3428 770 3495 ιι),
808 3432 911 3482 etc.
976 3430 1126 3483 Uxor
1196 3429 1295 3483 Lot
1326 3434 1475 3483 retro
1529 3429 1857 3499 respiciens,
1890 3430 1950 3482 iu

247 3523 498 3572 statuam
555 3516 688 3570 salis
745 3532 1016 3570 conversa
1065 3521 1168 3584 est,
1204 3534 1274 3571 ne
1305 3517 1404 3588 qui
1436 3534 1538 3588 per
1575 3517 1819 3587 gratiam
1852 3518 1949 3572 Dei

245 3607 317 3661 ad
366 3607 538 3659 vitam
573 3605 754 3659 vocati
786 3621 1003 3672 sumus,
1037 3611 1287 3660 veterem
1328 3605 1621 3660 hominem
1677 3606 1951 3676 respicia-

247 3710 397 3760 mus,
434 3693 622 3747 media
652 3693 738 3746 via
771 3698 1148 3747 remanentes.
1206 3694 1271 3746 In
1329 3698 1570 3747 statuam
1629 3694 1761 3748 salis
1794 3708 1953 3746 versa

249 3782 393 3837 alios
424 3783 570 3846 salit,
635 3783 813 3836 unde:
873 3784 1196 3837 Mementote
1234 3784 1421 3835 umoris
1469 3784 1563 3836 Lot
1589 3784 1740 3845 (Luc.
1794 3781 1951 3848 xvn),

252 3887 328 3924 ne
361 3869 575 3923 scilicet
606 3877 881 3941 tanquam
913 3869 1055 3923 fatui
1091 3870 1471 3940 negligamus,
1510 3869 1609 3923 sed
1641 3868 1953 3939 prudenter

255 3974 581 4012 caveamus.

331 4048 492 4100 Vens.
529 4049 580 4101 8.
622 4077 691 4085 —
731 4048 1075 4116 Sapientiam
1122 4049 1281 4111 enim,
1316 4051 1419 4100 etc.
1454 4049 1574 4101 Hac
1603 4051 1800 4113 autem,
1835 4051 1945 4103 etc.

255 4136 433 4190 Iacob
506 4135 733 4206 fugiens
789 4137 929 4189 Esau
1001 4137 1232 4189 fratrem
1292 4152 1458 4189 suum
1515 4135 1671 4189 venit
1726 4135 1796 4189 ad
1855 4137 1955 4189 La-

2060 3074 2105 3125 Α
2127 3071 2443 3136 Pharaone,
2473 3070 2800 3141 ubicunque
2839 3069 3053 3124 scilicet
3081 3076 3285 3125 essent.
3322 3072 3438 3139 Vel,
3473 3087 3588 3124 non
3638 3075 3753 3124 tam

2060 3159 2118 3213 hi
2139 3175 2282 3231 quos
2312 3158 2582 3212 Israelita:
2634 3157 2847 3212 recenti
2892 3159 3051 3213 clade
3078 3174 3180 3228 per
3218 3160 3471 3227 singulas
3501 3158 3755 3212 civitates

2060 3252 2448 3318 peremerunt,
2503 3246 2685 3317 puniti
2745 3251 2911 3312 sunt;
2949 3248 3044 3300 sed
3106 3251 3162 3300 et
3216 3264 3416 3300 omnes
3451 3247 3755 3302 Chananaei

2061 3343 2356 3399 audientes
2408 3341 2704 3395 victoriam
2759 3342 2959 3413 populi
3016 3341 3146 3408 Dei;
3208 3343 3357 3397 unde
3389 3343 3543 3398 Raab
3582 3343 3751 3397 dicit:

2061 3436 2229 3488 lrruit
2251 3435 2308 3486 in
2336 3447 2430 3486 nos
2484 3436 2656 3485 terror
2682 3436 2857 3485 vester
2911 3432 3049 3500 (Jos.
3088 3432 3167 3497 ιι).
3221 3435 3326 3485 etc.
3392 3431 3619 3502 Mystice
3652 3448 3756 3485 au-

2062 3521 2413 3584 tem,Judaei,
2448 3520 2545 3591 qui
2576 3520 3030 3575 incarnationem
3066 3520 3193 3575 Filii
3227 3520 3348 3588 Dei,
3378 3523 3433 3574 et
3479 3520 3758 3591 praedica—

2061 3609 2277 3663 tionem
2331 3609 2735 3679 despiciebant,
2776 3608 2987 3679 ubique
3030 3613 3312 3661 terrarum
3344 3608 3491 3679 vagi,
3543 3612 3597 3660 et
3625 3623 3759 3677 pro-

2065 3697 2183 3767 fugi
2230 3697 2399 3750 variis
2438 3696 2694 3752 cladibus
2749 3696 3104 3765 affliguntur.
3140 3697 3388 3750 Gentiles
3432 3712 3562 3749 vero
3584 3696 3653 3749 ad
3685 3695 3759 3749 ﬁ-

2063 3785 2193 3839 dem
2224 3784 2499 3850 conversi,
2524 3790 2583 3838 et
2610 3783 2987 3853 suscipientes
3011 3787 3314 3852 paternam
3345 3782 3760 3837 correctionem

2064 3888 2096 3926 a
2129 3873 2228 3927 Dei
2258 3871 2645 3926 misericordia
2703 3887 2818 3925 non
2873 3871 3178 3925 recedunt:
3209 3877 3271 3925 ut
3298 3872 3397 3943 qui
3456 3871 3683 3925 fuerant
3702 3871 3761 3924 in

2065 3961 2269 4032 capite,
2308 3960 2419 4013 sint
2446 3959 2505 4013 in
2527 3961 2726 4025 cauda,
2764 3964 2821 4013 et
2858 3976 2888 4013 e
2927 3976 3222 4013 converso.

2139 4052 2303 4103 Vens.
2343 4051 2425 4103 13.
2458 4079 2526 4088 -
2558 4049 2797 4118 Duplex,
2853 4052 2957 4102 etc.
3016 4048 3445 4102 Praeteritorum
3481 4049 3763 4102 malorum

2069 4137 2386 4191 recordatio
2432 4153 2547 4189 non
2596 4137 2896 4203 minuitur,
2940 4141 2998 4191 et
3055 4136 3423 4207 praesentium
3456 4141 3765 4207 tempestas

260 4224 379 4278 han
402 4225 745 4278 avunculum
772 4240 962 4293 suum,
994 4231 1048 4278 et
1078 4224 1136 4278 in
1169 4224 1374 4277 itinere
1404 4239 1505 4293 per
1557 4223 1845 4277 somnium
1868 4224 1956 4277 vi-
2001 4267 2042 4321 Β
2072 4231 2330 4297 augetur.
2394 4226 2550 4280 Unde
2580 4242 2683 4279 nec
2714 4226 2930 4280 habent
2975 4242 3134 4296 spem
3166 4224 3427 4290 remedii,
3466 4226 3600 4295 quia
3646 4242 3763 4295 pce-

262 4313 351 4367 dit
381 4313 589 4365 scalam
632 4318 901 4379 erectam,
962 4318 1018 4367 et
1072 4315 1304 4383 angelos
1364 4311 1460 4365 Dei
1508 4312 1874 4366 ascendentes
1904 4317 1962 4365 et

260 4400 696 4464 descendentes,
729 4406 784 4454 et
812 4401 999 4471 ipsum
1022 4401 1327 4455 Dominum
1359 4400 1622 4454 innixum
1673 4400 1837 4453 scalae
1870 4400 1956 4453 di-

258 4493 511 4552 centem,
546 4488 680 4542 sibi:
715 4488 839 4557 Ego
878 4504 997 4543 sum
1056 4491 1201 4544 Deus
1257 4490 1537 4544 Abraham
1564 4490 1748 4557 patris
1782 4491 1880 4553 tui,
1914 4493 1962 4542 et

261 4580 405 4631 Deus
449 4576 649 4641 Isaac;
705 4581 904 4630 terram
956 4580 1013 4630 in
1066 4595 1177 4647 qua
1235 4579 1437 4632 dormis
1468 4578 1608 4631 dabo
1658 4578 1776 4645 tibi,
1821 4582 1869 4631 et
1890 4593 1965 4632 se-

258 4666 407 4719 mini
436 4669 525 4717 tuo
547 4666 705 4730 (Gen.
752 4664 961 4733 xxvni).
1018 4666 1261 4721 Veniens
1290 4672 1482 4721 autem
1540 4667 1598 4719 in
1650 4667 1964 4736 Mesopota-

261 4754 446 4808 miam
480 4752 633 4808 Liam
667 4758 724 4807 et
765 4754 974 4809 Rachel
998 4754 1175 4821 duxit,
1204 4772 1307 4826 pro
1347 4756 1557 4827 quibus
1612 4771 1745 4810 oves
1779 4755 1967 4810 Laban

263 4842 371 4896 diu
401 4841 574 4911 pavit.
631 4842 737 4906 Qui
766 4858 898 4897 eum
938 4844 1199 4898 mercede
1250 4860 1351 4898 sua
1409 4844 1801 4897 fraudulenter
1850 4843 1967 4913 pri-

261 4946 400 4985 vare
454 4931 647 4986 voluit.
707 4933 811 4987 Sed
885 4949 987 5003 per
1036 4933 1379 5004 sapientiam
1442 4932 1539 4988 Dei
1586 4933 1841 5002 privatus
1887 4936 1971 4986 est

264 5018 483 5082 Laban.
540 5025 596 5073 et
644 5022 817 5075 Jacob
856 5021 1090 5088 ditatus,
1149 5037 1276 5075 cum
1310 5020 1506 5074 multis
1547 5020 1752 5089 opibus
1781 5020 1968 5073 rediit.

267 5107 506 5176 Mystice
535 5124 666 5161 vero
713 5110 833 5163 haec
864 5110 933 5163 ad
963 5115 1240 5180 martyres
1288 5110 1598 5180 pertinent,
1631 5125 1775 5179 quos
1806 5108 1973 5162 Chri-

265 5196 346 5250 sti
394 5194 781 5251 misericordia
838 5214 869 5251 a
906 5199 1370 5268 persecutoribus
1421 5197 1702 5263 liberavit,
1747 5198 1975 5250 confor-

269 5294 407 5340 tans
439 5299 536 5338 eos
565 5284 747 5354 gratia
803 5286 1047 5357 Spiritus
1079 5287 1258 5341 sancti
1288 5293 1345 5342 et
1373 5304 1471 5359 spe
1512 5288 1722 5340 futurae
1766 5301 1977 5339 merce-

267 5374 367 5429 dis
391 5368 413 5439 ;'
440 5375 494 5426 et
516 5373 744 5428 tandem
774 5374 936 5428 victis
966 5375 1245 5444 hostibus,
1290 5377 1357 5430 ad
1402 5391 1646 5445 regnum
1703 5376 1977 5429 cmlorum

266 5461 565 5536 perduxit,
599 5462 670 5516 ad
702 5464 929 5518 laudem
953 5470 1011 5520 et
1029 5464 1271 5534 gloriam
1293 5465 1538 5518 nominis
1582 5464 1689 5517 sui.

354 5550 515 5605 Vens.
572 5554 654 5605 l3.
701 5580 769 5593 —
820 5554 938 5607 Hac
994 5553 1277 5608 venditum
1324 5554 1555 5622 justum,
1613 5559 1720 5607 etc.
1790 5553 1979 5623 (ΗΑΒ.)

2072 4316 2370 4371 nitentium
2442 4315 2791 4380 simulantes,
2867 4332 2983 4369 non
3040 4316 3273 4368 student
3332 4315 3764 4383 emendationi;

2073 4405 2257 4459 unde:
2290 4406 2431 4457 Cum
2457 4404 2720 4458 occideret
2743 4419 2846 4471 eos,
2878 4405 3188 4472 quaerebant
3217 4419 3355 4469 eum,
3387 4407 3437 4456 et
3462 4403 3767 4456 dilexerunt

2074 4509 2192 4547 eum
2232 4494 2395 4563 (Psal.
2420 4496 2637 4558 Lxxvn),
2671 4497 2778 4546 etc.

2146 4580 2305 4648 Yi-sas.
2360 4583 2442 4634 15.
2475 4608 2542 4621 --
2602 4582 2722 4635 Non
2776 4581 3034 4634 similiter
3054 4582 3245 4647 justis,
3303 4586 3407 4635 etc.
3459 4578 3603 4643 Quia
3652 4593 3769 4631 non

2076 4667 2339 4723 similiter
2387 4672 2644 4738 peccant.
2704 4667 2924 4739 Septies
2972 4669 3125 4722 enim
3158 4669 3306 4723 cadit
3330 4670 3537 4741 justus,
3572 4671 3627 4722 et
3682 4683 3769 4720 re-

2076 4756 2290 4828 surgit:
2348 4756 2560 4826 impius
2611 4760 2823 4821 autem,
2885 4772 3015 4810 cum
3071 4756 3129 4810 in
3164 4757 3512 4828 profundum
3552 4754 3775 4810 venerit

2078 4846 2380 4912 malorum,
2417 4844 2751 4899 contemnit.

2153 4936 2310 4988 VERS.
2358 4937 2440 4989 t6.
2496 4965 2564 4974 »-—
2604 4935 2756 5000 Quod
2803 4935 3029 5004 quidam
3084 4940 3348 5001 errantes,
3413 4938 3516 4987 etc.
3579 4934 3771 5005 (Rau)

2083 5022 2329 5091 Dignum
2386 5023 2509 5088 fuit,
2577 5026 2710 5084 etc.,
2770 5039 2938 5091 usque
3007 5024 3081 5076 ad
3138 5028 3258 5077 tota
3314 5023 3468 5077 enim
3532 5022 3773 5074 intentio

2083 5115 2167 5163 est
2197 5126 2397 5163 eorum
2444 5126 2623 5179 genus
2667 5111 2986 5165 humanum
3035 5112 3322 5182 persequi,
3356 5115 3410 5164 et
3440 5110 3690 5164 cruciare
3718 5109 3773 5162 id

2085 5198 2348 5252 omnibus
2380 5199 2587 5254 modis.

2158 5288 2317 5340 Vens.
2369 5290 2463 5341 2|.
2522 5318 2589 5327 —-
2631 5288 2737 5344 Sed
2789 5290 2970 5342 omnia
3009 5290 3068 5341 in
3113 5302 3384 5352 mensura,
3440 5290 3544 5340 etc.
3589 5288 3778 5355 (ΗΑΒ.)

2088 5374 2230 5439 Quia
2284 5375 2476 5428 omnia
2523 5377 2837 5435 secundum
2902 5376 3222 5444 veritatem,
3294 5380 3434 5441 etc.,
3495 5390 3664 5445 usque
3709 5375 3783 5427 ad

2089 5464 2324 5527 Quando
2372 5464 2855 5519 illuminabuntur
2908 5464 3239 5519 abscondita
3287 5464 3674 5529 tenebrarum,
3728 5467 3784 5517 et

2093 5552 2498 5607 revelabuntur
2526 5553 2761 5607 consilia
2781 5553 3059 5607 cordium.
