4018 6176
324 289 460 342 1175

978 284 1372 340 WALAFRIDI
1410 285 1663 341 STRABI
1703 287 1901 342 FULD.
1943 286 2105 342 MON.
2143 283 2299 342 OPP.
2345 285 2518 340 PARS
2555 284 2597 338 Ι.
2637 312 2708 323 --·
2747 283 3204 342 THEOLOGICA.

3705 291 3834 342 1176

391 409 559 463 Vens.
591 410 681 464 23.
716 437 782 448 —-
837 409 1161 464 Momentum
1208 413 1443 478 staterae,
1502 414 1611 464 etc.
1643 409 1842 465 Simile
1881 409 2020 465 dicit
2044 410 2093 465 Α
2128 409 2596 465 Mutabunturztu
2621 412 2798 462 autem
2812 409 2946 477 ipse,
2970 422 3042 476 es,
3057 413 3108 464 et
3131 410 3266 462 anni
3281 412 3364 463 tui
3387 408 3558 480 (Psal.
3592 408 3692 480 ει),
3729 417 3832 466 etc.

323 496 532 551 Isaias:
565 499 698 552 Ecce
746 502 926 564 gentes
967 499 1108 552 sicut
1155 498 1308 552 stilla
1362 499 1555 562 situla,
1603 503 1653 552 et
1691 501 1851 568 quasi
1905 514 2016 553 mo-

323 591 562 640 mentum
615 590 831 640 statera
884 590 1148 654 reputatae
1203 591 1330 640 sunt
1378 587 1508 655 (Isa.
1564 589 1684 655 XL);
1715 589 1836 642 vult
1863 588 2016 642 enim

321 672 592 744 intelligi,
625 673 776 743 quod
809 689 988 741 mens,
1015 679 1074 728 et
1105 674 1272 741 ratio,
1305 679 1364 730 et
1405 692 1605 730 sensus
1633 676 1884 743 Domini,
1917 692 2020 746 per

325 778 497 834 quem
529 761 724 816 omnia
745 761 891 816 facta
923 766 1075 829 sunt,
1111 768 1168 818 et
1199 765 1321 818 sine
1354 780 1470 836 quo
1500 765 1712 820 factum
1742 770 1827 820 est
1857 765 2018 830 nihil,

322 851 421 905 ille
441 850 513 903 sit
533 850 604 903 de
630 866 745 921 quo
777 850 987 906 dicitur
1011 868 1025 906 :
1066 853 1237 908 Verbo
1268 856 1484 908 Domini
1511 856 1629 910 caeli
1654 854 1868 925 firmati
1895 859 2021 909 sunt

324 939 492 1005 (Psal.
526 941 722 1008 χχχιι),
765 944 871 994 etc.
931 941 1121 996 Omnes
1147 947 1328 1010 gentes
1359 959 1477 1012 quae
1523 959 1630 998 non
1663 947 2022 1016 cognoverunt

325 1031 617 1081 creatorem
645 1041 824 1094 suum,
847 1029 917 1081 ad
947 1030 1440 1100 comparationem
1473 1031 1574 1085 Dei
1603 1034 1764 1102 quasi
1778 1032 1930 1086 stilla
1951 1034 2023 1086 si—

327 1114 453 1168 ταιω
498 1118 646 1184 sunt,
701 1119 752 1169 et
782 1118 943 1184 quasi
991 1124 1312 1174 momentum
1371 1124 1589 1174 staterae
1646 1121 1801 1191 quod
1827 1121 2022 1174 leviter

328 1202 667 1269 declinatur,
691 1208 740 1257 et
763 1206 902 1259 sicut
921 1210 1078 1272 gutta
1097 1209 1239 1261 roris
1259 1208 1568 1262 antelucani
1587 1208 1737 1279 (Sap.
1771 1207 1868 1278 x1),
1891 1224 2020 1278 quae

325 1289 515 1361 primo
543 1293 777 1360 aspectu
806 1291 942 1344 solis
994 1291 1254 1347 siccatur.
1315 1294 1410 1347 Vel
1442 1293 1586 1348 sicut
1616 1293 1805 1348 situla:
1850 1294 2019 1359 stilla,

329 1380 376 1434 si
403 1379 532 1434 ﬂuit
563 1397 596 1434 a
617 1385 879 1450 portante
926 1382 1259 1452 despicitur,
1293 1382 1378 1435 vel
1410 1382 1750 1453 negligitur:
1784 1383 1864 1436 ita
1892 1398 2023 1453 gen-

329 1468 477 1523 tium
500 1469 808 1524 multitudo
833 1470 1047 1524 ccelesti
1081 1470 1393 1541 splendori,
1419 1471 1683 1541 supernis
1712 1471 2016 1540 mysteriis,

333 1564 387 1610 et
418 1558 760 1629 angelorum
809 1559 1165 1613 multitudini
1193 1565 1544 1629 comparata,
1575 1575 1679 1630 pro
1702 1559 1884 1613 nihilo
1916 1559 2021 1612 du-

330 1644 498 1699 citur.

407 1734 564 1787 Vens.
606 1736 695 1789 '25.
745 1764 815 1774 —
847 1735 1056 1803 Diligis
1104 1738 1264 1803 enim,
1325 1740 1434 1791 etc.
1485 1737 1678 1790 Bonus
1730 1736 1939 1808 opifex,
1973 1741 2029 1791 et

331 1836 476 1892 opus
506 1837 674 1876 suum
723 1822 912 1893 diligit
965 1829 1021 1877 et
1066 1823 1250 1894 regit:
1304 1829 1361 1878 et
1390 1824 1437 1878 si
1495 1826 1667 1880 homo
1715 1825 2028 1897 aliquando

331 1913 546 1978 peccat,
602 1909 844 1964 sustinet
897 1911 958 1964 in
1009 1912 1191 1966 multa
1241 1913 1539 1982 patientia,
1593 1917 1650 1967 et
1695 1929 1798 1984 per
1852 1913 2029 1984 paeni-

331 1997 570 2050 tentiam
629 1997 689 2050 in
737 1999 942 2053 melius
967 2004 1266 2055 convertit.
1307 2001 1464 2055 Unde
1499 2018 1511 2054 :
1542 2000 1720 2056 Solem
1755 2017 1912 2056 suum
1932 2004 2028 2066 fa-

333 2085 407 2138 cit
449 2087 586 2139 oriri
623 2101 790 2155 super
844 2087 1004 2142 bonos
1032 2093 1082 2143 et
1113 2091 1304 2157 malos,
1362 2094 1414 2143 et
1460 2091 1606 2160 pluit
1644 2106 1807 2160 super
1850 2093 2030 2160 justos

331 2176 383 2226 et
430 2173 662 2240 injustas
720 2173 952 2244 (Matth.
1008 2176 1106 2245 v);
1155 2176 1580 2246 impmnitentes
1635 2183 1829 2232 autem
1872 2178 2031 2248 justo

327 2259 546 2330 judicio
603 2261 986 2317 damnantur:
1027 2263 1218 2318 Justus
1273 2265 1414 2319 enim
1467 2266 1747 2332 Dominus,
1803 2271 1853 2320 et
1902 2267 2029 2335 jus-

336 2350 490 2403 titias
523 2348 722 2436 dilexit
737 2352 902 2417 (Psal.
926 2350 1002 2420 x).

991 2491 1216 2546 CAPUT
1261 2491 1373 2548 XII.

408 2614 453 2666 Ο
481 2613 651 2680 Quam
708 2613 874 2669 bonus
899 2619 951 2669 et
975 2618 1184 2682 suavis,
1233 2621 1341 2670 etc.
1383 2619 1492 2672 Per
1521 2632 1618 2672 eos
1649 2634 1794 2689 quos
1824 2619 2033 2689 reples,

334 2702 420 2756 vel
460 2717 565 2772 per
593 2701 738 2756 alios
769 2719 911 2774 quos
942 2705 1216 2772 volueris;
1251 2705 1439 2760 unde:
1483 2706 1584 2762 ille
1639 2711 1830 2775 arguet
1873 2724 2031 2763 mun-

338 2789 468 2844 dum
491 2790 557 2845 de
579 2800 818 2861 peccato,
849 2792 978 2847 etde
997 2793 1244 2862 justitia,
1269 2799 1318 2849 et
1349 2795 1415 2849 de
1427 2795 1640 2863 judicio
1672 2797 1863 2864 (Joan.
1893 2799 2031 2866 xvi).

409 2880 569 2935 Vens.
641 2883 699 2936 3.
773 2910 843 2923 —
906 2883 1032 2938 Illos
1089 2888 1228 2938 enim
1295 2889 1553 2954 antiquos
1619 2885 2032 2940 inhabitatores.

2131 498 2198 552 Et
2226 497 2396 551 alibi:
2444 499 2559 564 Ego
2605 511 2725 551 sum
2767 498 2926 562 Deus,
2979 501 3169 564 etnon
3217 502 3396 552 mutor
3423 499 3584 567 (Mal.
3626 497 3741 568 ιιι).
3779 501 3836 554 Et

2129 585 2302 639 alibi:
2337 586 2506 654 Apud
2564 600 2721 654 quem
2751 599 2858 639 non
2903 589 2983 639 est
3011 589 3397 641 transmutatio
3452 590 3590 654 (Jac.
3623 589 3696 656 1),
3734 595 3832 645 etc.

2129 672 2384 727 Docuisti
2433 676 2626 726 autem
2674 671 2955 742 populum
2986 676 3191 727 tuum:
3247 690 3350 744 per
3380 674 3624 730 miriﬁca
3663 693 3835 746 opera

2131 761 2232 815 Dei
2291 760 2655 814 instruuntur
2699 759 2914 827 ﬁdeles,
2976 777 3047 816 ne
3100 762 3516 833 complicentur
3571 764 3830 834 iniquis;

2131 849 2229 904 sed
2289 850 2556 904 studeant
2585 866 2644 902 se
2693 849 3176 904 incontaminatos
3206 867 3429 905 servare
3480 853 3832 920 conﬁtendo,

2131 942 2187 991 et
2215 937 2495 1008 sperando
2527 937 2588 992 in
2625 939 2890 1006 Domino,
2918 943 2974 992 et
2993 954 3110 993 non
3139 941 3435 1010 negligant
3475 941 3850 1011 paenitentiae

2129 1031 2376 1096 tempus.

2202 1115 2381 1170 Vens.
2431 1115 2514 1168 15.
2545 1142 2618 1155 -
2645 1114 2775 1171 Cum
2806 1129 2950 1182 ergo,
2986 1119 3092 1170 etc.
3147 1115 3348 1170 Unde:
3382 1119 3558 1172 Multa
3611 1117 3839 1184 ﬂagella

2128 1204 2443 1271 peccatoris,
2493 1209 2798 1272 sperantem
2852 1210 3031 1258 autem
3085 1207 3143 1258 in
3193 1207 3415 1260 Domino
3460 1207 3843 1261 misericordia

2131 1290 2491 1344 circumdabit
2546 1292 2711 1362 (Psal.
2772 1293 2948 1364 xxxi).
3002 1292 3204 1362 Magna
3255 1293 3521 1346 distantia
3571 1298 3660 1346 est
3691 1293 3843 1346 inter

2125 1377 2407 1448 judicium
2428 1379 2741 1432 electorum
2755 1384 2811 1434 et
2834 1380 3235 1450 reproborum.
3267 1381 3393 1434 lllos
3409 1381 3693 1434 Dominus
3718 1396 3840 1434 cor-

2132 1465 2290 1535 ripit,
2303 1471 2367 1518 ut
2389 1467 2693 1534 emendet;
2721 1467 3076 1537 hisuperbizn
3091 1472 3146 1520 et
3160 1467 3412 1538 perﬁdiae
3427 1485 3628 1538 pugnas
3643 1469 3838 1534 luunt,

2130 1559 2194 1608 ut
2243 1559 2437 1606 contra
2497 1555 2919 1609 dominatorem
2953 1555 3212 1610 omnium
3262 1574 3321 1610 se
3365 1573 3692 1628 repugnare
3724 1573 3841 1610 non

2133 1657 2297 1712 posse
2321 1648 2688 1711 cognoscant.
2739 1642 2891 1698 Felix
2911 1643 3088 1714 judex
3138 1643 3240 1714 qni
3273 1645 3548 1714 pietatem
3580 1649 3640 1698 et
3670 1644 3840 1698 boni-

2137 1735 2313 1784 tatem
2360 1729 2448 1784 sui
2511 1729 2722 1799 judicis
2787 1748 3014 1802 semper
3060 1731 3313 1803 inspicit.
3367 1733 3648 1787 Iudicium
3699 1736 3844 1787 enim

2136 1820 2250 1872 sine
2302 1819 2676 1873 misericordia
2728 1821 2815 1874 illi
2873 1822 2971 1890 qui
3021 1836 3129 1875 non
3201 1821 3333 1888 fecit
3403 1821 3844 1876 misericordiam

2139 1907 2269 1975 (Jac.
2305 1906 2382 1969 ιι).

2213 1995 2371 2048 Vens.
2401 1996 2488 2049 23.
2535 2023 2603 2036 -
2631 1997 2927 2057 Insensate,
2962 2000 3091 2064 etc.,
3123 2001 3186 2050 ut
3234 1997 3335 2068 qui
3368 1997 3642 2052 nolebant
3672 1998 3844 2052 Crea-

2138 2087 2324 2136 torem
2351 2099 2658 2154 agnoscere
2679 2091 2737 2140 et
2759 2086 3064 2156 honorare,
3097 2087 3272 2157 digne
3301 2087 3498 2141 traditi
3543 2087 3605 2141 in
3635 2103 3847 2156 repro-

2139 2171 2276 2226 bum
2329 2188 2582 2238 sensum,
2656 2173 2925 2244 facerent,
2979 2191 3045 2229 ea
3115 2191 3244 2247 quae
3292 2191 3408 2230 non
3467 2177 3840 2237 conveniunt,

2140 2261 2502 2315 contumeliis
2554 2262 2868 2318 efﬁcientes
2919 2279 3157 2333 corpora
3208 2281 3309 2318 sua
3357 2264 3419 2318 in
3476 2263 3840 2334 semetipsis:

2143 2352 2287 2416 Quia
2345 2355 2804 2406 commutaverunt
2851 2353 3135 2406 veritatem
3188 2355 3283 2407 Dei
3317 2355 3378 2407 in
3405 2351 3773 2418 mendacium,
3796 2356 3844 2405 et

2140 2445 2442 2497 servierunt
2471 2445 2732 2495 creaturae
2761 2442 2942 2509 potius
2964 2457 3129 2510 quam
3151 2442 3396 2498 Creatori
3419 2441 3593 2511 (Rom.
3619 2441 3682 2511 1).

2216 2532 2374 2585 Vens.
2424 2533 2514 2585 26.
2571 2559 2633 2570 -—
2672 2531 2779 2594 Qui
2823 2533 3002 2584 autem
3029 2530 3306 2598 ludibriis,
3359 2535 3467 2584 etc.
3500 2529 3562 2583 Id
3595 2534 3708 2595 est,
3738 2527 3840 2600 qui

2143 2634 2177 2672 a
2224 2621 2338 2674 Deo
2369 2617 2642 2690 ﬂagellati
2671 2634 2786 2672 non
2821 2624 2953 2672 sunt
2981 2619 3243 2684 correcti,
3291 2619 3643 2689 condignam
3673 2619 3844 2673 dam-

2143 2707 2433 2762 nationem
2489 2707 2708 2778 experti
2763 2712 2925 2760 sunt:
2978 2707 3050 2760 ad
3111 2707 3219 2760 hoc
3265 2707 3503 2778 corripit
3561 2708 3733 2773 Deus,
3785 2709 3846 2757 ut

2144 2797 2428 2852 emendet.
2477 2797 2584 2861 Qui
2613 2801 2804 2850 autem
2834 2795 3092 2866 ingratus
3122 2801 3180 2850 et
3227 2796 3537 2866 impatiens
3571 2809 3842 2848 murmu-

2142 2890 2253 2951 rat,
2279 2885 2349 2939 de
2368 2885 2675 2955 temporali
2694 2889 2980 2938 tormento
3008 2884 3235 2938 ducitur
3259 2885 3325 2938 ad
3351 2890 3658 2938 aeternum.

339 2969 514 3039 (ΗΑΒ.)
548 2970 926 3026 Historialiter
975 2972 1131 3039 dicit,
1165 2977 1294 3038 etc.,
1351 2988 1519 3043 usque
1555 2973 1631 3027 ad
1659 2973 1895 3028 virtutes
1925 2975 2026 3028 ad-
2068 2973 2110 3028 C
2218 2973 2377 3026 Vens.
2437 2975 2526 3026 2‘7.
2585 3001 2654 3011 —
2683 2973 2747 3026 In
2793 2972 2878 3024 his
2910 2972 3071 3040 enim,
3127 2975 3256 3038 etc.,
3311 2969 3501 3040 (ΗΔΒ.)
3541 2969 3846 3025 Gentilitas

329 3055 568 3126 juvante
587 3058 800 3130 Spiritu
826 3065 1040 3126 sancto,
1073 3061 1240 3114 utiles
1265 3060 1480 3115 fructus
1512 3061 1765 3116 afferent.

411 3150 571 3202 Vens.
610 3151 692 3203 l2.
749 3177 822 3190 —
859 3151 991 3219 Quis
1035 3151 1176 3204 enim
1240 3149 1401 3218 dicet,
1460 3153 1568 3204 etc.
1601 3149 1795 3222 (ΗΑΒ.)
1852 3151 2036 3207 Mani-

339 3237 484 3291 festa
511 3236 731 3291 ratione
761 3236 1031 3304 ostendit,
1075 3237 1229 3308 quod
1260 3253 1379 3290 non
1412 3241 1497 3292 est
1525 3239 2035 3294 contradicendum

339 3324 616 3390 Creatori,
671 3324 722 3377 si
779 3330 1098 3378 creaturam
1157 3341 1320 3380 suam
1379 3327 1692 3380 secundum
1739 3329 2035 3398 propriam

340 3412 596 3483 disponit
622 3413 976 3467 voluntatem
1000 3429 1014 3466 :
1051 3413 1185 3484 quia
1214 3413 1274 3467 in
1297 3415 1587 3468 voluntate
1617 3415 1739 3484 ejus
1766 3415 2036 3472 universa

343 3505 477 3555 sunt
505 3500 710 3570 posita,
743 3504 800 3554 et
827 3515 946 3554 non
990 3505 1074 3554 est
1133 3501 1234 3571 qui
1280 3501 1461 3572 possit
1489 3501 1754 3558 resistere
1793 3503 1864 3558 ei.
1906 3507 2032 3561 Jus-

344 3593 429 3644 tus
473 3591 634 3644 estin
683 3587 929 3644 omnibus
973 3591 1080 3644 viis
1109 3591 1221 3644 suis
1253 3589 1428 3661 (Psal.
1487 3592 1696 3661 cxmv);
1754 3593 1904 3647 unde
1946 3609 2034 3648 se-

343 3676 560 3747 quitur,
591 3678 733 3732 Cum
756 3693 882 3745 ergo
910 3680 987 3731 sis
997 3679 1182 3746 justus
1205 3678 1380 3747 (Rom.
1417 3679 1516 3749 1x),
1543 3684 1648 3734 etc.

417 3765 578 3818 Vens.
621 3767 706 3819 16.
756 3794 830 3808 -
875 3767 1064 3822 Virtus
1087 3769 1250 3837 enim,
1291 3772 1397 3822 etc.
1431 3767 1576 3832 Quia
1596 3768 1878 3840 judicium
1909 3771 2034 3842 Dei,

343 3854 457 3910 sive
507 3855 568 3910 in
614 3855 965 3911 correctione
1014 3857 1348 3925 electorum,
1407 3858 1524 3914 sive
1549 3859 1612 3913 in
1665 3860 2035 3916 damnatione

342 3945 648 4009 malorum,
702 3960 943 4000 summa:
998 3946 1282 4016 mquitatis
1333 3946 1608 4017 perfectio
1657 3955 1774 4003 est:
1817 3956 1876 4004 et
1903 3951 2033 4006 ideo

341 4048 448 4104 per
491 4032 808 4087 bonitatem
857 4049 1020 4087 suam
1048 4033 1146 4088 diu
1177 4034 1494 4090 differendo
1541 4037 1838 4107 suspendit
1882 4039 2034 4108 judi-

342 4121 520 4190 cium,
549 4126 614 4176 ut
657 4122 850 4192 plures
885 4122 1113 4188 habeat,
1168 4124 1376 4194 quibus
1420 4124 1621 4180 reddat
1666 4126 2030 4183 beneﬁcium.

2144 3060 2282 3116 dum
2333 3059 2503 3114 idolis
2577 3058 2877 3124 serviebat,
2939 3065 3068 3128 etc.,
3131 3074 3299 3128 usque
3354 3060 3430 3114 ad
3511 3058 3850 3113 incorrectis

2144 3153 2419 3203 aeternam
2439 3163 2668 3218 poenam
2685 3146 2916 3217 inﬂigit.

2781 3289 3006 3343 CAPUT
3057 3288 3194 3343 XIII.

2213 3415 2376 3469 Vens.
2440 3415 2489 3467 1.
2521 3443 2590 3452 -
2621 3413 2880 3468 Scientia.
2931 3412 3127 3466 Timor
3153 3411 3368 3465 scilicet
3411 3414 3470 3465 et
3490 3413 3842 3468 reverentia.

2146 3503 2346 3557 Unde:
2399 3502 2538 3556 Ecce
2595 3501 2771 3555 timor
2819 3499 3067 3568 Domini,
3125 3499 3244 3571 ipse
3287 3503 3372 3554 est
3425 3499 3734 3570 sapientia,
3789 3506 3849 3556 et

2143 3591 2410 3645 recedere
2440 3607 2473 3644 a
2523 3591 2675 3644 malo
2723 3588 3130 3659 tntelligentia.
3169 3589 3400 3643 Recedit
3425 3589 3582 3643 enim
3608 3605 3642 3642 a
3667 3591 3848 3659 malo,

2143 3680 2244 3751 qui
2295 3678 2511 3734 recedit
2557 3694 2592 3732 a
2643 3679 2866 3732 cultura
2929 3677 3248 3732 idolorum:
3295 3678 3473 3731 Deum
3521 3678 3710 3743 timet,
3742 3680 3848 3749 qui

2143 3768 2410 3822 mandata
2441 3767 2564 3838 ejus
2620 3766 2895 3821 custodit:
2931 3766 3067 3836 quia
3095 3768 3319 3821 Initium
3361 3769 3646 3835 sapientia
3682 3770 3849 3822 timor

2143 3859 2375 3912 Domini.
2436 3857 2740 3910 Intellectus
2815 3856 2980 3910 bonus
3037 3856 3282 3909 omnibus
3331 3855 3664 3922 facientibus
3722 3872 3848 3911 eum

2144 3945 2311 4018 (Psal.
2363 3946 2464 4011 cx).
2516 3947 2590 3998 De
2643 3944 2726 3998 his
2781 3943 3070 4013 operibus,
3129 3943 3343 3998 scilicet
3398 3942 3679 4011 hominis,
3741 3962 3844 4016 po-

2143 4038 2377 4089 tuerunt
2405 4048 2746 4101 cognoscere
2765 4032 2980 4086 bonum
3012 4032 3288 4086 artiﬁcem
3339 4031 3439 4102 qui
3468 4033 3708 4102 proprie
3738 4041 3843 4100 est,

2143 4123 2279 4194 quia
2332 4121 2730 4188 immutabilis,
2784 4127 2842 4175 et
2873 4126 3109 4191 semper
3155 4121 3326 4187 idem,
3393 4136 3624 4191 semper
3669 4121 3734 4176 in
3785 4138 3846 4176 se

341 4208 580 4272 Quando
619 4210 775 4263 enim
823 4214 1082 4264 creatura
1136 4225 1195 4265 se
1226 4212 1398 4282 erigit
1453 4219 1650 4268 contra
1707 4215 2031 4271 Creatorem
2075 4250 2118 4303 Ι)
2151 4226 2409 4278 manenS.
2446 4209 2595 4280 regit
2623 4209 2839 4263 omnia.
2871 4208 3188 4263 VaniSSimn
3212 4225 3346 4280 ergo
3387 4208 3606 4263 vanilas
3652 4211 3844 4265 homi-

339 4296 492 4366 justa
539 4297 779 4366 punitur
834 4297 1103 4364 vindicta,
1139 4302 1204 4352 ut
1251 4313 1308 4353 se
1347 4299 1677 4356 inferiorem
1711 4311 2032 4374 cognoscat.

342 4385 584 4439 Possunt
641 4384 765 4438 haec
819 4385 888 4439 ad
949 4385 1272 4456 passionem
1332 4387 1539 4442 Christi
1585 4390 1810 4460 referri,
1863 4408 2036 4462 quem

346 4473 510 4526 Pater
537 4489 643 4544 pro
674 4472 840 4528 nobis
868 4473 929 4528 in
957 4479 1202 4528 mortem
1224 4475 1476 4544 tradidit,
1502 4478 1575 4542 fet
1612 4493 1766 4544 eum,
1799 4480 1898 4550 qui
1923 4497 2037 4536 non

341 4565 579 4616 noverat
621 4566 937 4631 peccatum,
995 4578 1099 4633 pro
1157 4562 1321 4617 nobis
1379 4569 1676 4633 peccatum
1731 4566 1894 4622 fecit:
1937 4570 2037 4639 qui

341 4649 453 4704 nisi
483 4649 798 4704 indebitam
837 4656 1086 4705 mortem
1126 4651 1457 4723 susciperet,
1491 4669 1608 4707 non
1639 4670 1746 4709 nos
1789 4673 1822 4710 a
1847 4656 2039 4712 debita

342 4743 528 4793 morte
574 4737 864 4794 liberaret.
915 4741 1082 4795 Pater
1110 4757 1247 4812 ergo
1278 4741 1466 4812 justus
1511 4743 1734 4813 justum
1766 4745 2032 4815 puniens,

336 4827 488 4898 juste
518 4827 713 4882 omnia
742 4828 1021 4900 disponit.
1068 4830 1442 4901 Omnipotens
1475 4833 1621 4885 Deus
1650 4848 1779 4886 cum
1811 4849 2036 4908 summa

341 4916 756 4987 tranquillitate
780 4917 1001 4988 judicat
1017 4918 1248 4974 omnia:
1289 4919 1531 4973 humani
1569 4924 1762 4974 tamen
1801 4921 2036 4977 affectus

342 5008 402 5059 et
427 5005 705 5072 membra,
763 5006 816 5060 ei
844 5006 1060 5078 tropica
1113 5007 1398 5062 locutione
1427 5008 1810 5078 ascribuntur,
1858 5015 1920 5064 ut
1946 5027 2034 5065 se-

341 5095 592 5150 cundum
622 5095 993 5166 capacitatem
1026 5101 1277 5150 nostram
1335 5096 1768 5152 conformentur
1805 5098 2034 5169 eloquia

343 5183 552 5238 divina.
596 5183 890 5254 Leguntur
938 5184 1091 5238 enim
1122 5185 1180 5237 in
1221 5184 1557 5255 Scripturis:
1591 5185 1743 5240 oculi
1781 5187 2028 5254 Domini,

341 5287 528 5339 aures,
569 5289 796 5340 manus,
864 5289 946 5339 os,
989 5273 1182 5343 pedes,
1239 5272 1344 5340 ira,
1380 5274 1560 5340 furor,
1592 5280 1650 5329 et
1676 5275 2026 5346 hujusmodi,

342 5374 475 5414 cum
532 5359 772 5432 simplex
827 5367 1035 5416 natura
1078 5377 1375 5432 nunquam
1406 5361 1648 5432 recipiat
1673 5363 2024 5429 varietatem,

340 5463 447 5504 nec
473 5463 607 5502 vera
653 5449 841 5504 unitas
893 5449 1252 5505 divisionem.
1311 5449 1644 5522 Multiplicia
1686 5467 1822 5506 vero
1850 5456 1909 5506 et
1938 5451 2026 5506 di-

342 5555 508 5595 versa
537 5555 686 5594 unus
723 5545 781 5594 et
805 5539 958 5595 idem
998 5546 1302 5611 operatur:
1339 5541 1536 5598 Unde:
1569 5541 1816 5596 Mutabis
1841 5557 1948 5607 eos,
1977 5545 2029 5594 ct

2150 4315 2312 4365 num,
2360 4299 2460 4369 qui
2488 4315 2592 4368 pro
2643 4300 2909 4352 Creatore
2955 4306 3242 4351 creaturas
3273 4301 3638 4351 venerantur.
3665 4301 3847 4368 Neque

2146 4388 2418 4458 operibus.
2465 4387 2578 4442 Alii
2626 4387 2819 4457 ignem
2866 4387 3150 4451 colebant,
3193 4402 3365 4457 quem
3398 4387 3717 4441 Vulcanum
3750 4405 3846 4442 vo-

2145 4477 2352 4531 cabant
2383 4476 2518 4543 ;alii
2566 4476 2839 4530 aetherem
2865 4475 2953 4529 vel
2989 4491 3199 4540 aerem,
3231 4491 3404 4545 quem
3435 4475 3633 4529 Jovem
3672 4483 3734 4530 et
3757 4479 3846 4532 luo

2147 4581 2359 4620 nonem
2389 4565 2680 4632 dicebant;
2737 4564 2833 4618 alii
2863 4563 3100 4618 nimiam
3146 4579 3379 4634 aquam,
3425 4563 3484 4616 id
3504 4567 3590 4616 est
3619 4565 3844 4636 Neptu-

2144 4670 2282 4709 num
2304 4673 2325 4720 ;
2356 4653 2453 4708 alii
2481 4670 2686 4724 gyrum
2712 4652 3028 4719 stellarum,
3077 4650 3176 4722 qui
3227 4651 3462 4705 diversis
3490 4651 3700 4722 ﬁguris
3733 4654 3844 4708 ani-

2146 4745 2404 4810 malium,
2465 4741 2776 4812 positiones
2827 4745 2883 4795 et
2934 4755 3166 4794 cursum
3205 4739 3628 4795 distribuebant
3658 4749 3841 4796 astro-

2143 4847 2310 4897 rum;
2351 4831 2451 4885 alii
2487 4832 2690 4896 solem,
2747 4845 2918 4902 quem
2964 4829 3240 4883 Phoebum
3270 4828 3590 4895 vocabant;
3621 4830 3726 4884 alii
3757 4832 3842 4885 lu-

2144 4937 2302 4988 nam,
2328 4921 2385 4974 id
2416 4923 2521 4988 est,
2558 4919 2816 4974 Dianam.
2861 4918 3043 4986 (ΗΑΒ.)
3076 4917 3388 4987 Dupliciter
3417 4925 3674 4988 peccant,
3713 4926 3840 4985 etc.,

2141 5025 2310 5078 usque
2334 5010 2407 5064 ad
2428 5008 2488 5062 in
2517 5008 2726 5079 quibus
2755 5006 3035 5076 cupiditas
3055 5006 3305 5060 hominis
3334 5007 3663 5062 damnatur.

2213 5099 2370 5152 Vens.
2399 5101 2450 5152 6.
2479 5126 2550 5136 —
2590 5097 2696 5151 Sed
2751 5101 2947 5158 tamen,
3007 5100 3117 5148 etc.
3160 5094 3302 5148 Hinc
3356 5095 3565 5148 Paulus
3596 5094 3709 5151 ait:
3743 5098 3837 5152 Re-

2138 5185 2351 5239 velatur
2373 5187 2514 5240 enim
2539 5187 2628 5239 ira
2661 5185 2764 5238 Dei
2792 5184 2858 5238 de
2898 5184 3021 5238 caelo
3059 5198 3222 5253 super
3278 5198 3483 5237 omnem
3504 5184 3836 5252 impietatem

2136 5289 2340 5343 eorum,
2380 5275 2478 5342 qui
2517 5275 2797 5328 veritatem
2848 5274 2942 5326 Dei
2961 5275 3021 5326 in
3072 5273 3351 5341 injustitia
3387 5272 3670 5338 detinent;
3713 5278 3836 5344 quia

2138 5363 2284 5432 quod
2299 5367 2482 5417 notum
2508 5366 2587 5417 est
2608 5363 2730 5430 Dei,
2752 5363 3101 5428 manifestum
3122 5366 3200 5415 est
3227 5363 3286 5414 in
3307 5361 3416 5416 illis
3444 5360 3617 5430 (Rom.
3634 5365 3699 5429 ι),
3734 5371 3833 5417 etc.

2137 5451 2349 5506 Notitia
2381 5451 2480 5505 Dei
2533 5467 2600 5505 ex
2651 5450 2852 5505 mundi
2903 5449 3117 5504 fabrica
3165 5450 3499 5521 percipitur.
3564 5450 3634 5506 Ut
3685 5452 3836 5506 enim

2141 5541 2288 5594 Deus
2373 5539 2673 5594 invisibilis
2770 5555 2836 5593 ex
2917 5538 3298 5595 invisibilihus
3378 5546 3834 5608 cognosceretur,
