4018 6176
213 273 349 324 11⁸77

1236 271 1488 329 GLOSSA
1526 274 1927 331 OHDINABIA.
1960 304 2028 318 --
2070 276 2201 332 LIB.
2244 273 2655 333 SAPIENTIJE.

3579 280 3715 333 H78

208 407 362 462 opus
392 391 461 447 ab
491 406 560 447 eo
589 392 803 447 factum
837 396 937 459 est,
1000 392 1151 464 quod
1185 393 1447 465 opiﬁcem
1486 396 1919 466 imanifestaret,
1951 401 1997 455 A
2035 415 2193 454 crum
2229 398 2516 471 baptismi.
2557 400 2623 453 Ut
2674 398 2818 453 sicut
2872 399 2993 471 ipse
3053 400 3365 455 resurrexit
3394 416 3427 454 a
3486 402 3723 456 mortuis

209 486 278 534 ut
308 482 458 535 Deus
486 481 744 535 omnium
797 481 1239 552 intelligeretur,
1284 484 1385 554 qui
1432 484 1541 539 hoc
1578 486 1728 553 fecit,
1764 488 1920 559 quod

210 585 332 623 non
364 577 603 639 possunt
672 570 789 624 alii.
854 570 960 625 Sed
1017 587 1137 625 cum
1192 575 1579 641 cognovissent,
1623 592 1729 630 non
1783 579 1920 631 sicut

210 662 385 713 Deum
426 660 884 726 gloriﬁcaverunt,
933 660 1028 715 sed
1055 668 1388 717 evanuerunt
1416 664 1475 716 in
1503 666 1919 731 cogitationibus

212 750 336 802 suis
367 747 550 817 (ΗΑΒ.)

297 836 456 888 Vens.
494 837 578 888 10.
630 864 699 875 -
727 837 1003 903 Infelices,
1048 841 1153 892 etc.
1222 839 1328 903 Qui
1388 840 1602 895 scilicet
1635 844 1776 897 Deos
1810 844 1921 898 ho-

212 928 449 988 norant,
482 929 545 976 ut
572 940 776 977 aurum
810 926 989 978 oculis
1013 926 1297 992 hauriant,
1360 934 1416 983 et
1471 930 1715 984 nitorem
1776 933 1919 987 levi—

210 1012 337 1081 gati
369 1012 673 1066 marmoris
724 1013 812 1067 vel
858 1014 1067 1081 eboris,
1116 1020 1214 1069 aut
1258 1016 1514 1088 insignes
1568 1021 1812 1088 gemmis
1864 1027 1922 1077 et

213 1102 509 1155 coloribus
533 1107 752 1155 vestes:
787 1108 842 1155 et
872 1104 1103 1172 quando
1163 1106 1455 1159 ornatiora
1495 1112 1628 1160 sunt
1678 1108 1915 1176 templa,

211 1195 274 1243 et
297 1190 626 1260 pulchriora
654 1190 979 1258 simulacra,
1009 1195 1167 1245 tanto
1200 1192 1329 1261 plus
1360 1194 1675 1264 majestatis
1707 1196 1921 1248 habent

213 1280 307 1332 vel
334 1278 545 1333 habere
576 1279 863 1333 dicuntur.
898 1279 1121 1349 Religio
1180 1296 1318 1351 ergo
1355 1288 1459 1349 est,
1520 1285 1606 1337 vel
1648 1284 1915 1350 creditur,

214 1369 370 1438 quod
412 1368 697 1438 cupiditas
730 1368 985 1421 humana
1014 1368 1276 1423 miratur.

290 1457 453 1509 VERS.
512 1459 595 1509 ll.
631 1486 697 1496 ——
757 1459 869 1510 Aut
908 1460 959 1510 si
985 1460 1108 1525 quis
1152 1460 1380 1524 arti/em.
1445 1460 1625 1529 (ΗΑΒ.)
1683 1462 1920 1515 Insultat

214 1541 499 1611 sapientia
531 1543 635 1605 his,
673 1547 805 1605 etc.,
835 1559 1003 1612 usque
1052 1545 1126 1599 ad
1157 1547 1391 1613 Quorum
1446 1550 1582 1603 Deus
1610 1554 1793 1603 uenter
1817 1554 1913 1617 est,

212 1630 269 1682 'et
295 1630 475 1695 gloria
499 1631 561 1682 in
579 1632 892 1697 confusione
916 1646 1097 1686 eorum
1127 1634 1359 1702 (Philip.
1402 1638 1503 1700 iu).

861 1776 1086 1829 CAPUT
1147 1777 1281 1831 XIV.

288 1899 459 1952 Vens.
496 1902 543 1952 l.
578 1930 643 1939 —
674 1902 875 1955 lterum
904 1902 1047 1955 alius
1097 1904 1384 1971 navigare,
1444 1909 1549 1958 etc.
1608 1906 1736 1959 Hinc
1776 1922 1919 1977 quo-

214 2003 333 2058 que
360 1992 552 2041 contra
602 1988 979 2042 idololatriam
1029 1989 1317 2046 dicuntur.
1370 1993 1608 2046 Maxima
1639 1995 1791 2048 enim
1827 2012 1923 2049 ve-

214 2076 412 2129 cordia
442 2081 544 2141 est,
573 2082 637 2130 ut
667 2077 835 2130 homo
892 2079 957 2131 ad
992 2078 1303 2149 imaginem
1340 2081 1436 2134 Dei
1488 2081 1694 2149 editus,
1748 2085 1921 2137 ratio-

217 2165 471 2218 nabilem
520 2165 591 2218 ab
651 2165 775 2235 ipso
830 2166 1045 2220 habens
1091 2168 1374 2237 animum,
1427 2186 1540 2240 quo
1585 2172 1925 2242 excogitavit

220 2254 517 2322 quomodo
574 2254 845 2308 transiret
918 2254 1143 2323 ﬂuctus,
1215 2272 1415 2309 navem
1496 2258 1777 2312 fabricatis
1836 2276 1921 2313 se-

218 2341 477 2396 cundum
507 2342 646 2395 artis
698 2358 815 2397 sua:
873 2343 1160 2412 peritiam,
1195 2360 1309 2398 non
1362 2346 1602 2401 honoret
1632 2347 1793 2401 illum
1825 2349 1924 2420 qui

219 2430 372 2485 hanc
402 2429 509 2483 sibi
537 2430 697 2484 dedit
753 2430 1072 2500 scientiam,
1130 2438 1187 2486 et
1220 2432 1442 2487 invocet
1495 2434 1734 2503 idolum,
1769 2436 1921 2507 quod

220 2518 400 2573 simili
430 2523 549 2572 arte
605 2523 663 2572 et
719 2520 925 2588 majori
960 2520 1205 2574 vanitate
1252 2522 1537 2576 formavit.
1582 2523 1723 2578 Cum
1769 2524 1920 2578 enim

214 2607 501 2676 majorsit
555 2606 653 2677 qui
705 2606 838 2660 fecit
893 2623 1067 2678 quam
1113 2610 1263 2679 quod
1305 2611 1387 2677 ﬁt,
1432 2610 1709 2664 facturam
1760 2627 1921 2664 suam

216 2696 458 2749 adorare
489 2695 737 2749 insanire
768 2700 867 2750 est.
902 2696 953 2752 Α
994 2697 1108 2750 Deo
1138 2698 1446 2763 navigandi
1499 2715 1697 2752 cursus
1726 2705 1924 2769 peten-

215 2783 345 2849 dus,
382 2800 412 2836 a
444 2799 558 2853 quo
590 2784 803 2854 navigii
854 2786 1215 2855 praeparatio.
1267 2786 1526 2840 [heretici
1575 2793 1787 2855 autem,
1825 2788 1924 2859 qui

213 2888 365 2925 vana
419 2871 646 2941 ﬁngunt
692 2872 995 2926 simulacra
1044 2889 1328 2935 errorum,
1382 2875 1510 2928 ideo
1552 2875 1610 2928 in
1660 2876 1925 2930 fluctibus

2030 503 2133 557 per
2161 488 2400 557 gloriam
2436 488 2636 554 Patris,
2674 487 2751 541 ita
2791 492 2845 541 et
2893 504 2997 541 nos
3026 488 3085 542 in
3140 488 3394 543 novitate
3434 489 3564 544 vitae
3596 480 3745 545 am-l

2029 576 2296 630 bnlemus
2331 593 2478 647 aqua
2510 577 2957 647 regenerationis
2998 577 3196 632 abluti.
3236 578 3373 631 Hinc
3402 579 3676 632 Jeremias
3710 595 3723 631 :

2028 666 2243 719 Stultus
2298 668 2478 730 factus
2499 671 2576 719 est
2630 669 2801 719 omnis
2857 666 3009 719 homo
3037 682 3071 718 a
3098 666 3324 720 scientia
3365 682 3488 734 sua,
3533 670 3724 735 confu-

2028 768 2119 807 sus
2150 758 2227 807 est
2255 757 2435 820 factor
2459 756 2517 807 in
2547 756 2787 822 sculptili
2816 773 2832 809 :
2864 756 2995 823 quia
3034 755 3270 807 mendas:
3300 758 3557 823 con/lator
3584 757 3723 825 ejus,

2027 858 2120 897 nec
2148 847 2225 897 est
2253 846 2482 912 spiritus
2509 846 2563 896 in
2584 846 2679 897 eis.
2737 845 2887 897 Vana
2938 845 3075 896 enim
3107 848 3232 896 sunt
3261 860 3443 911 opera,
3474 849 3525 897 et
3555 844 3727 910 digna

2026 934 2143 986 risu
2172 938 2221 985 et
2244 936 2299 985 in
2329 939 2559 1000 tempore
2596 934 2927 985 uisitationis
2956 932 3210 1000 peribunt
3257 931 3467 999 (Jerem.
3502 932 3574 999 x).

2098 1022 2258 1075 Vens.
2293 1023 2343 1075 8.
2378 1050 2446 1059 —
2476 1022 2545 1075 Et
2573 1022 2666 1087 qui
2710 1022 2840 1085 fecit
2872 1020 3030 1074 illud.
3068 1020 3451 1073 Simulacrum
3506 1026 3563 1073 et
3592 1020 3717 1073 cul-

2026 1113 2155 1163 tura
2185 1109 2459 1162 falsorum
2486 1110 2740 1162 deorum.
2780 1108 3044 1161 Diabolus
3074 1107 3227 1161 enim
3261 1107 3391 1159 inde
3426 1106 3720 1175 punietur,

2028 1197 2181 1268 quod
2209 1197 2315 1250 sibi
2345 1197 2602 1250 divinum
2634 1196 2912 1249 honorem
2965 1200 3201 1263 usurpat
3237 1215 3253 1261 -,
3307 1201 3364 1248 et
3393 1195 3588 1258 homo,
3624 1194 3724 1264 qui

2026 1302 2128 1355 pro
2159 1287 2423 1341 Creatore
2473 1292 2792 1338 creaturam
2824 1284 3085 1337 honorat.
3124 1283 3367 1353 Lignum
3398 1299 3530 1336 vero
3570 1299 3722 1353 saepe

2028 1374 2317 1428 hominem
2349 1373 2651 1444 signiﬁcat.
2692 1372 3025 1426 Benedictus
3046 1388 3181 1439 ergo
3212 1373 3409 1439 homo,
3443 1372 3540 1442 qui
3576 1372 3694 1426 veri

2029 1466 2200 1517 tatem
2228 1463 2360 1516 dicit
2392 1470 2447 1517 et
2480 1463 2631 1515 facit.
2678 1462 2982 1515 Haereticus
3032 1468 3244 1523 autem,
3301 1460 3401 1531 qui
3449 1460 3725 1529 ﬁgmenta

2028 1569 2127 1604 sua
2160 1553 2312 1617 colit,
2371 1552 2708 1604 maledictus
2762 1558 2865 1616 est,
2924 1554 2979 1604 et
3032 1550 3340 1621 perditioni
3388 1549 3634 1618 deditus,
3667 1553 3723 1603 et

2029 1656 2192 1712 Opus,
2225 1640 2281 1694 id
2310 1645 2409 1703 est,
2438 1641 2698 1693 doctrina
2727 1640 2870 1710 ejus.

2102 1731 2258 1783 Vens.
2294 1733 2382 1784 lt.
2423 1759 2491 1770 —
2540 1732 2765 1798 Propter
2817 1731 2930 1783 hoc.
2993 1730 3117 1782 Non
3172 1732 3255 1782 est
3309 1728 3721 1796 ignoscendum

2030 1817 2221 1883 idolis,
2252 1819 2339 1872 vel
2372 1834 2571 1871 eorum
2614 1817 3109 1879 inhabitatoribus,
3169 1816 3228 1870 id
3281 1821 3387 1882 est,
3448 1815 3722 1869 daemoni-

2031 1908 2156 1973 bus,
2183 1906 2319 1977 quia
2350 1907 2610 1960 homines
2634 1906 2705 1959 ad
2760 1906 3069 1974 imaginem
3131 1904 3229 1959 Dei
3271 1904 3445 1958 factos
3498 1904 3565 1956 ab
3601 1902 3724 1972 ipso

2029 1994 2351 2061 retrahunt,
2382 2000 2439 2046 et
2468 1994 2527 2046 in
2583 1992 2794 2046 erroris
2845 1993 3163 2062 muscipula
3215 1992 3568 2044 subvertant.
3603 1990 3725 2042 Hae-

2029 2082 2188 2135 retici
2222 2098 2474 2152 quoque,
2518 2082 2616 2152 qui
2648 2082 2908 2135 homines
2935 2082 3228 2147 seducunt,
3263 2078 3580 2133 districtum
3612 2092 3727 2130 non

2030 2172 2269 2224 evadent
2291 2171 2595 2239 judicium.

2102 2260 2260 2312 Vens.
2298 2261 2380 2313 l2.
2416 2287 2483 2298 —
2531 2260 2774 2312 Initium.
2836 2257 3152 2312 Pessimum
3206 2256 3363 2310 enim
3424 2272 3604 2326 genus
3635 2258 3724 2307 est

2028 2346 2439 2414 fornicationis,
2475 2364 2589 2417 quo
2622 2348 2812 2400 anima
2835 2346 3049 2400 recedit
3079 2363 3108 2399 a
3144 2346 3277 2412 Deo,
3332 2350 3388 2398 et
3417 2344 3732 2398 fornicatur

2029 2452 2158 2489 cum
2194 2436 2381 2501 idolis,
2410 2438 2498 2489 vel
2528 2435 2703 2489 divini
2763 2434 3047 2504 dogmatis
3092 2434 3387 2487 veritatem
3431 2431 3724 2502 relinquit,

2030 2530 2087 2578 et
2130 2525 2389 2596 sequitur
2444 2524 2749 2579 falsitatem
2790 2524 3071 2578 haeretica!
3126 2521 3441 2593 pravitatis,
3476 2521 3563 2573 vel
3595 2520 3727 2589 opi-

2029 2614 2238 2668 nionis.
2284 2614 2421 2667 Hinc
2451 2613 2659 2667 Paulus
2707 2613 3003 2667 avaritiam
3058 2612 3345 2665 idolorum
3392 2608 3726 2663 servitutem

2032 2704 2299 2773 appellat.
2334 2703 2489 2758 Unde
2532 2707 2769 2769 constat,
2814 2717 3044 2755 omnem
3080 2701 3286 2754 malam
3332 2697 3735 2768 concupiscens

2031 2794 2169 2845 tiam
2200 2791 2632 2845 fornicationem
2662 2790 2869 2855 vocari,
2930 2806 3041 2860 qua
3081 2788 3272 2842 anima
3330 2786 3525 2840 relicta
3565 2802 3730 2856 supe-

2032 2880 2172 2934 riori
2228 2881 2352 2951 lege
2401 2880 2737 2933 inferiorum
2803 2880 3114 2949 voluptate,
3163 2876 3320 2947 turpi
3386 2880 3725 2929 naturarum

212 2959 408 3014 saeculi
458 2965 720 3030 pereunt,
778 2961 912 3030 quia
960 2977 1160 3014 navem
1218 2963 1479 3016 Ecclesiae
1534 2964 1912 3034 reliquerunt,
1953 2973 1992 3029 c
2025 2969 2189 3040 quasi
2261 2970 2543 3033 mercede,
2597 2973 2882 3039 prostrata
2939 2968 3022 3021 vel
3102 2966 3407 3037 prostituta
3460 2980 3722 3018 corrum-

214 3054 269 3101 et
302 3048 747 3117 gubernatorem
785 3049 983 3113 Deum,

287 3140 447 3194 Vens.
483 3140 534 3193 3.
576 3169 644 3179 —
684 3140 947 3206 Quoniam
1000 3140 1222 3196 dedisti.
1280 3140 1564 3195 lsraelitas
1612 3158 1715 3212 per
1762 3158 1920 3198 mare

213 3228 477 3283 Rubrum
507 3227 652 3282 sicco
683 3229 921 3300 vestigio
945 3230 1195 3284 traduxit
1247 3230 1344 3284 Dei
1388 3231 1660 3301 potentia,
1696 3234 1753 3285 et
1788 3233 1918 3286 Jor-

215 3315 382 3371 danis
419 3332 596 3387 aquas
640 3317 851 3385 divisit,
884 3322 947 3371 ut
998 3323 1279 3373 terrorem
1324 3318 1605 3373 incuteret
1654 3320 1920 3389 gentibus

217 3406 685 3471 exterminandis,
718 3406 981 3460 ﬁdelibus
1028 3423 1259 3477 quoque
1291 3406 1439 3460 inter
1490 3409 1680 3461 steculi
1714 3409 1921 3463 ﬂuctus

218 3499 276 3548 et
300 3494 746 3564 persecutiones,
772 3500 1058 3565 praeparat
1086 3495 1347 3548 semitam
1392 3496 1521 3548 fidei
1567 3501 1624 3550 et
1653 3503 1922 3550 constan-

217 3582 337 3647 tiae,
386 3587 453 3636 ut
514 3587 807 3636 transeant
858 3584 1042 3650 illaesi,
1104 3600 1209 3637 nec
1264 3589 1349 3637 est
1404 3584 1645 3638 humani
1730 3585 1920 3639 solatii

217 3688 386 3741 opus,
422 3671 521 3725 ubi
572 3672 719 3725 Deus
763 3672 1011 3727 ostendit
1065 3673 1361 3727 mirabiles
1408 3672 1640 3727 effectus
1697 3674 1919 3728 virtutis

216 3776 359 3814 εοεε.

292 3849 468 3903 Vitas.
502 3851 553 3902 5.
585 3876 659 3889 —
684 3847 796 3905 Sed
839 3852 901 3902 ut
930 3863 1037 3902 non
1090 3853 1281 3916 essent,
1334 3854 1441 3903 etc.
1477 3849 1710 3903 Creator
1764 3848 1921 3903 dedit

215 3936 516 3991 scientiam
540 3942 810 3991 creatura:
839 3953 979 4002 suas,
1034 3953 1149 4008 qua
1204 3938 1313 3993 sibi
1369 3938 1429 3991 in
1468 3938 1737 4008 praesenti
1782 3953 1916 3991 con-

215 4027 451 4091 suleret,
482 4030 546 4079 ut
574 4026 699 4096 ejus
729 4024 1007 4079 voluntati
1041 4026 1372 4079 deserviret.
1405 4026 1559 4080 Unde
1582 4026 1695 4079 Noe
1729 4041 1918 4079 arcam

211 4115 401 4169 facere
420 4114 612 4182 jussit,
627 4115 685 4167 in
719 4130 833 4185 qua
863 4113 984 4185 ipse
1006 4120 1061 4167 et
1092 4114 1397 4184 progenies
1425 4115 1548 4185 ejus
1582 4115 1916 4183 salvaretur,

213 4209 274 4259 et
306 4207 512 4257 caetera
538 4202 854 4256 animantia
894 4204 964 4256 ad
1001 4202 1479 4257 restaurationem
1539 4203 1694 4257 orbis
1726 4219 1911 4257 reser-

213 4297 507 4358 varentur,
542 4306 672 4344 cum
718 4305 900 4360 genus
953 4291 1270 4344 humanum
1325 4307 1427 4361 pro
1476 4290 1779 4361 iniquitate
1810 4309 1914 4345 sua

211 4380 435 4435 diluvio
467 4380 754 4433 deleretur
781 4395 795 4445 ;
838 4380 991 4433 unde
1026 4381 1261 4433 Petrus:
1296 4382 1357 4434 In
1387 4395 1496 4447 qua
1530 4382 1716 4449 pauci,
1748 4381 1809 4433 id
1838 4386 1915 4435 est

208 4474 328 4524 octo
357 4471 554 4522 animae
579 4468 743 4521 salvae
769 4468 931 4531 facta
967 4472 1093 4520 sunt
1148 4482 1247 4535 per
1274 4482 1475 4535 aquam
1510 4482 1523 4519 :
1555 4467 1700 4534 quod
1750 4472 1799 4521 et
1819 4484 1914 4523 nos

209 4573 357 4613 nunc
384 4558 583 4611 similis
596 4559 785 4623 forma
814 4558 991 4610 salvos
1016 4558 1145 4623 fecit
1172 4556 1443 4625 baptisma
1462 4557 1636 4626 (Petr.
1664 4558 1767 4625 ui),
1803 4563 1907 4612 etc.

209 4652 359 4701 Area
412 4644 481 4699 de
532 4644 703 4715 lignis
764 4643 1024 4714 levigatis
1093 4650 1434 4711 constructa,
1500 4646 1801 4699 Ecclesiam
1834 4646 1914 4699 si-

211 4733 468 4807 gniﬁcat,
526 4748 657 4803 qua:
711 4732 776 4786 fit
835 4733 905 4786 de
952 4733 1279 4786 collectione
1335 4733 1613 4801 ﬁdelium,
1671 4735 1912 4791 artiﬁcio

209 4821 682 4894 praedicatorum.
714 4820 905 4887 Pauci,
957 4820 1011 4874 id
1044 4826 1146 4886 est,
1200 4827 1325 4875 octo
1365 4822 1573 4875 animas
1602 4823 1769 4877 salvas
1824 4824 1911 4877 fa-

208 4918 318 4968 ctm
349 4918 484 4966 sunt
511 4928 614 4981 per
633 4926 842 4981 aquam
888 4911 1104 4964 mundo
1136 4916 1410 4979 pereunte
1444 4927 1457 4963 :
1487 4911 1621 4981 quia
1653 4912 1723 4964 ad
1755 4927 1909 4966 com-

204 5002 568 5075 parationem
620 5000 999 5071 reproborum
1051 5014 1260 5070 parvus
1318 5013 1595 5050 numerus
1656 5002 1741 5051 est
1796 4999 1910 5051 ele-

202 5096 451 5145 ctorum.
511 5089 683 5143 Pauci
730 5088 884 5142 enim
931 5087 1194 5159 suntqui
1224 5086 1374 5139 viam
1430 5085 1559 5139 vita:
1588 5085 1907 5140 inveniunt.

199 5182 371 5249 Aqua
397 5177 597 5231 diluvii
646 5182 806 5231 extra
862 5176 1076 5247 positos
1132 5176 1355 5243 occidit,
1390 5174 1523 5245 quia
1576 5174 1910 5229 haereticum

198 5269 341 5325 licet
390 5267 696 5321 habentem
742 5266 1013 5337 baptismi
1070 5270 1513 5329 sacramentum,
1574 5264 1697 5336 ipse
1747 5281 1910 5336 aqum

109 5362 131 5379 ’
198 5358 554 5423 demergunt
583 5354 650 5409 ad
683 5355 917 5422 inferos,
950 5371 1081 5426 quae
1110 5370 1297 5409 arcam
1339 5355 1671 5408 levaverunt
1702 5354 1772 5408 ad
1803 5370 1911 5409 c03-

202 5447 310 5501 los.
346 5442 683 5498 Octonarins
712 5460 943 5515 quoque
973 5443 1256 5515 significat
1283 5442 1607 5510 Ecclesiam,
1664 5443 1818 5514 quod
1848 5443 1908 5497 in

205 5536 568 5589 sacramento
626 5532 938 5588 Dominicaa
986 5532 1416 5588 resurrectionis
1461 5532 1707 5603 percipit
1763 5533 1907 5586 lava-

2028 3058 2208 3129 pitur.

2102 3148 2261 3201 Vaas.
2317 3148 2401 3199 15.
2435 3174 2504 3185 -—
2563 3147 2677 3200 Non
2736 3147 2896 3211 enim,
2946 3149 3053 3197 etc.
3111 3142 3411 3212 Disperdat
3469 3141 3726 3197 Dominus

2026 3232 2282 3287 universa
2329 3234 2475 3287 labia
2528 3234 2737 3298 dolosa,
2771 3237 2822 3286 et
2876 3247 3051 3286 omnes
3111 3233 3208 3300 qui
3256 3231 3549 3298 loquuntur
3580 3243 3727 3283 men-

2028 3323 2249 3378 dacium
2286 3324 2453 3391 (Psal.
2522 3320 2618 3391 x1).
2677 3322 2814 3375 Hinc
2847 3320 3158 3376 Jeremias:
3196 3321 3314 3383 Dii,
3348 3320 3444 3387 qui
3496 3318 3647 3371 caelos
3679 3320 3729 3370 et

2030 3416 2230 3466 terram
2250 3428 2355 3466 non
2381 3414 2646 3478 fecerunt,
2704 3416 2926 3478 pereant
2954 3409 3019 3461 de
3077 3412 3223 3461 terra
3280 3408 3406 3477 (Jer.
3440 3404 3535 3474 x1),
3569 3410 3674 3458 etc.
3712 3420 3726 3469 ;

2029 3500 2212 3569 (Lacr.
2238 3505 2279 3555 t.
2314 3501 2377 3570 l).
2412 3502 2651 3569 Propter
2691 3500 2989 3553 hominum
3051 3496 3375 3565 stultitiam,
3408 3500 3731 3563 etc.,usque

2027 3590 2103 3643 ad
2157 3590 2379 3643 divinos
2444 3590 2687 3642 honores
2746 3587 3079 3657 parentibus
3137 3586 3489 3651 detulerunt,
3542 3584 3729 3638 defer-

2026 3678 2192 3748 rique
2218 3678 2537 3747 jusserunt.

2098 3767 2255 3819 Vens.
2301 3768 2387 3818 21.
2418 3793 2486 3802 -
2541 3762 3046 3817 Incommunicabile
3100 3775 3308 3815 nomen.
3348 3759 3729 3813 lncommuni-

2026 3853 2205 3907 cabile
2265 3852 2365 3906 Dei
2413 3850 2623 3904 scilicet
2670 3849 3077 3918 omnipotentis
3145 3864 3394 3917 nomen;
3428 3848 3526 3917 qui
3575 3850 3727 3901 solus

2027 3946 2112 3995 est
2141 3938 2754 4010 incomprehensibilis,
2790 3936 3113 3990 insensibili
3144 3942 3201 3990 et
3253 3936 3443 4005 fragili
3472 3934 3726 3988 materias

2025 4029 2113 4081 vel
2144 4028 2381 4097 imagini
2412 4027 2819 4091 ascripserunt.

2098 4117 2256 4169 Vens.
2288 4118 2375 4169 23.
2409 4143 2478 4155 —
2519 4116 2631 4169 Aut
2665 4116 2807 4167 enim
2854 4114 2991 4182 ﬁlios
3042 4127 3183 4167 suos.
3237 4111 3391 4166 Sicut
3439 4111 3499 4164 in
3555 4109 3727 4163 sacris

2026 4203 2275 4269 Saturni,
2308 4203 2400 4256 cui
2432 4209 2668 4272 propter
2696 4202 2890 4255 odium
2916 4201 3089 4268 Jovis,
3120 4202 3241 4256 sine
3293 4205 3547 4269 respectu
3603 4199 3724 4269 pie-

2027 4293 2159 4346 tatis
2183 4293 2449 4361 parvulus
2479 4307 2609 4344 suos
2639 4290 3034 4358 immolabant,
3094 4296 3148 4343 et
3182 4290 3429 4343 Bellonae
3480 4286 3586 4357 ipsi
3637 4304 3723 4338 sa-

2025 4381 2277 4435 cerdotes
2307 4380 2537 4450 proprio
2568 4380 2847 4449 sanguine
2894 4379 3304 4433 sacriﬁcabant.
3357 4378 3515 4431 Unde
3546 4375 3725 4440 Quin-

2026 4469 2295 4522 tilianus:
2354 4468 2532 4532 lstud,
2565 4468 2777 4539 inquit,
2815 4469 2861 4521 si
2913 4469 3065 4539 cogit
3097 4469 3241 4522 Deus
3292 4466 3469 4520 iratus
3501 4471 3626 4519 est:
3670 4469 3724 4517 et

2025 4557 2070 4610 si
2135 4558 2314 4609 iratus
2366 4562 2468 4621 est,
2523 4573 2637 4611 non
2693 4564 2947 4628 acceptat
3009 4556 3285 4610 sacriﬁcia
3342 4560 3549 4608 vestra.
3606 4556 3726 4607 Aut

2022 4646 2248 4700 obscura
2267 4644 2559 4709 sacri/icio.
2593 4645 2831 4700 Sicutin
2892 4645 3062 4698 sacris
3112 4644 3277 4698 Isidis
3338 4641 3633 4713 Egyptian,
3668 4647 3723 4695 et

2024 4734 2244 4790 Cereris
2292 4734 2569 4788 Eleusina:
2628 4734 2928 4787 faciebant.
2986 4734 3125 4787 Nam
3195 4732 3341 4786 sicut
3420 4731 3499 4785 ibi
3550 4730 3727 4785 Osiris

2025 4825 2250 4895 planctu
2281 4822 2480 4876 matris
2518 4822 2849 4893 inquiritur,
2882 4822 2957 4875 ita
2990 4822 3081 4875 hic
3127 4822 3197 4875 ad
3226 4820 3505 4874 incestum
3533 4819 3723 4889 patrui

2022 4913 2278 4967 Plutonis
2310 4912 2767 4975 matrimonium,
2802 4918 2961 4981 rapta
2995 4911 3352 4980 Proserpina.
3378 4910 3557 4973 Quam
3586 4910 3724 4980 quia

2020 5001 2237 5056 facibus
2269 5018 2334 5055 ex
2376 5001 2544 5055 IEtna
2574 4999 2840 5066 accensis,
2887 5003 3159 5070 quiesisse
3193 5001 3355 5054 Ceres
3413 4999 3472 5051 in
3531 4999 3723 5053 Sicilia

2022 5090 2249 5156 dicitur,
2308 5090 2437 5143 ideo
2494 5105 2646 5142 sacra
2702 5090 2824 5156 ejus
2863 5089 3190 5142 ardentium
3237 5088 3513 5142 taedarum
3541 5091 3724 5156 jacta-

2019 5178 2176 5234 tione
2207 5179 2660 5233 celebrabantur.
2724 5177 2998 5231 Similiter
3028 5178 3086 5230 in
3122 5178 3292 5231 sacris
3325 5178 3512 5232 Liberi
3542 5176 3722 5247 patris

2020 5267 2334 5331 insaniunt,
2376 5273 2434 5321 et
2466 5281 2691 5335 magna:
2718 5266 2934 5328 matris,
2987 5266 3085 5319 ubi
3138 5266 3208 5320 ad
3240 5267 3563 5336 exemplum
3587 5266 3725 5320 deo-

2020 5373 2149 5411 rum
2177 5355 2295 5426 (qui
2327 5357 2386 5408 in
2436 5354 2741 5408 festivitate
2773 5354 2979 5417 satiati,
3016 5358 3239 5409 noctem
3271 5355 3496 5409 luxibus
3540 5359 3718 5409 totam

2021 5443 2325 5512 duxerunt)
2375 5443 2601 5497 ludunt.
2634 5441 2779 5507 Quia
2824 5458 2927 5512 per
2966 5442 3265 5499 libidinem
3315 5448 3370 5499 et
3400 5443 3715 5503 immundi-

2018 5533 2158 5588 tiam
2180 5531 2288 5585 diis
2309 5531 2428 5586 suis
2452 5532 2676 5604 placere
2708 5532 3005 5607 putabant.
