  <div class='ocr_page' id='page_1' title='image "/cluster/home/n/w/nwhite01/storage/ocr_20150623/113/hvd.32044054759782/596.png"; bbox 0 0 4074 6186; ppageno 0'>
   <div class='ocr_carea' id='block_1_1' title="bbox 225 334 351 385">
    <p class='ocr_par' dir='ltr' id='par_1_1' title="bbox 225 334 351 385">
     <span class='ocr_line' id='line_1_1' title="bbox 225 334 351 385; baseline 0.008 -1"><span class='ocrx_word' id='word_1_1' title='bbox 225 334 351 385; x_wconf 89' lang='grc'>1181</span> 
     </span>
    </p>
   </div>
   <div class='ocr_carea' id='block_1_2' title="bbox 1273 331 2689 387">
    <p class='ocr_par' dir='ltr' id='par_1_2' title="bbox 1273 331 2689 387">
     <span class='ocr_line' id='line_1_2' title="bbox 1273 331 2689 387; baseline 0.001 -1"><span class='ocrx_word' id='word_1_2' title='bbox 1273 332 1524 387; x_wconf 77' lang='lat' dir='ltr'>GLOSSA</span> <span class='ocrx_word' id='word_1_3' title='bbox 1563 331 1961 387; x_wconf 72' lang='grc' dir='ltr'>ΟΗυΙΝΑΗΙΑ.</span> <span class='ocrx_word' id='word_1_4' title='bbox 2003 363 2069 371; x_wconf 90' lang='grc'><strong>-</strong></span> <span class='ocrx_word' id='word_1_5' title='bbox 2114 334 2233 386; x_wconf 70' lang='lat' dir='ltr'>LIII.</span> <span class='ocrx_word' id='word_1_6' title='bbox 2279 333 2689 387; x_wconf 63' lang='lat' dir='ltr'>SAI‘IENTIAC.</span> 
     </span>
    </p>
   </div>
   <div class='ocr_carea' id='block_1_3' title="bbox 3596 341 3725 392">
    <p class='ocr_par' dir='ltr' id='par_1_3' title="bbox 3596 341 3725 392">
     <span class='ocr_line' id='line_1_3' title="bbox 3596 341 3725 392; baseline 0 0"><span class='ocrx_word' id='word_1_7' title='bbox 3596 341 3725 392; x_wconf 76' lang='lat'><strong>118?.</strong></span> 
     </span>
    </p>
   </div>
   <div class='ocr_carea' id='block_1_4' title="bbox 217 454 3721 531">
    <p class='ocr_par' dir='ltr' id='par_1_4' title="bbox 217 454 3721 531">
     <span class='ocr_line' id='line_1_4' title="bbox 217 454 3721 531; baseline 0.002 -23"><span class='ocrx_word' id='word_1_8' title='bbox 217 458 669 523; x_wconf 81' lang='lat' dir='ltr'>murmurantes,</span> <span class='ocrx_word' id='word_1_9' title='bbox 704 457 766 508; x_wconf 92' lang='lat' dir='ltr'>ut</span> <span class='ocrx_word' id='word_1_10' title='bbox 791 454 1325 526; x_wconf 89' lang='lat' dir='ltr'>cognoscantimpii</span> <span class='ocrx_word' id='word_1_11' title='bbox 1353 455 1507 527; x_wconf 83' lang='lat' dir='ltr'>quod</span> <span class='ocrx_word' id='word_1_12' title='bbox 1546 456 1732 510; x_wconf 85' lang='lat' dir='ltr'>omnis</span> <span class='ocrx_word' id='word_1_13' title='bbox 1762 471 1918 510; x_wconf 86' lang='lat' dir='ltr'>crea-</span> <span class='ocrx_word' id='word_1_14' title='bbox 1952 458 1998 510; x_wconf 81' lang='grc' dir='ltr'>Α</span> <span class='ocrx_word' id='word_1_15' title='bbox 2037 473 2095 510; x_wconf 90' lang='lat' dir='ltr'>se</span> <span class='ocrx_word' id='word_1_16' title='bbox 2127 454 2349 510; x_wconf 75' lang='lat' dir='ltr'>extollit</span> <span class='ocrx_word' id='word_1_17' title='bbox 2379 456 2704 525; x_wconf 89' lang='lat' dir='ltr'>cogitando,</span> <span class='ocrx_word' id='word_1_18' title='bbox 2738 473 2867 511; x_wconf 90' lang='lat' dir='ltr'>cum</span> <span class='ocrx_word' id='word_1_19' title='bbox 2902 474 3066 530; x_wconf 87' lang='lat' dir='ltr'>posse</span> <span class='ocrx_word' id='word_1_20' title='bbox 3095 475 3151 512; x_wconf 91' lang='lat' dir='ltr'>se</span> <span class='ocrx_word' id='word_1_21' title='bbox 3186 463 3397 530; x_wconf 80' lang='lat' dir='ltr'>sperat,</span> <span class='ocrx_word' id='word_1_22' title='bbox 3445 460 3598 531; x_wconf 86' lang='lat' dir='ltr'>quod</span> <span class='ocrx_word' id='word_1_23' title='bbox 3635 462 3721 515; x_wconf 83' lang='lat' dir='ltr'>ef-</span> 
     </span>
    </p>
   </div>
   <div class='ocr_carea' id='block_1_5' title="bbox 217 542 1542 613">
    <p class='ocr_par' dir='ltr' id='par_1_5' title="bbox 217 542 1542 613">
     <span class='ocr_line' id='line_1_5' title="bbox 217 542 1542 613; baseline 0 -17"><span class='ocrx_word' id='word_1_24' title='bbox 217 548 348 597; x_wconf 89' lang='lat' dir='ltr'>tura</span> <span class='ocrx_word' id='word_1_25' title='bbox 374 549 574 612; x_wconf 89' lang='lat' dir='ltr'>parata</span> <span class='ocrx_word' id='word_1_26' title='bbox 605 546 690 597; x_wconf 90' lang='lat' dir='ltr'>est</span> <span class='ocrx_word' id='word_1_27' title='bbox 720 542 915 596; x_wconf 86' lang='lat' dir='ltr'>ulcisci</span> <span class='ocrx_word' id='word_1_28' title='bbox 937 544 1209 613; x_wconf 90' lang='lat' dir='ltr'>injuriam</span> <span class='ocrx_word' id='word_1_29' title='bbox 1244 544 1542 599; x_wconf 80' lang='lat' dir='ltr'>Creatoris.</span> 
     </span>
    </p>
   </div>
   <div class='ocr_carea' id='block_1_6' title="bbox 291 632 1919 703">
    <p class='ocr_par' dir='ltr' id='par_1_6' title="bbox 291 632 1919 703">
     <span class='ocr_line' id='line_1_6' title="bbox 291 632 1919 703; baseline 0.003 -21"><span class='ocrx_word' id='word_1_30' title='bbox 291 632 462 686; x_wconf 74' lang='lat' dir='ltr'>Vsus.</span> <span class='ocrx_word' id='word_1_31' title='bbox 496 634 581 685; x_wconf 81' lang='lat'>20.</span> <span class='ocrx_word' id='word_1_32' title='bbox 647 634 849 686; x_wconf 88' lang='lat' dir='ltr'>—-Pro</span> <span class='ocrx_word' id='word_1_33' title='bbox 900 633 1114 700; x_wconf 77' lang='lat' dir='ltr'>quibus,</span> <span class='ocrx_word' id='word_1_34' title='bbox 1172 638 1277 686; x_wconf 91' lang='lat' dir='ltr'>etc.</span> <span class='ocrx_word' id='word_1_35' title='bbox 1336 634 1519 703; x_wconf 74' lang='grc' dir='ltr'>(ΗΑΒ.)</span> <span class='ocrx_word' id='word_1_36' title='bbox 1582 635 1644 687; x_wconf 90' lang='lat' dir='ltr'>In</span> <span class='ocrx_word' id='word_1_37' title='bbox 1698 633 1919 687; x_wconf 89' lang='lat' dir='ltr'>deserto</span> 
     </span>
    </p>
   </div>
   <div class='ocr_carea' id='block_1_7' title="bbox 2028 545 3721 617">
    <p class='ocr_par' dir='ltr' id='par_1_7' title="bbox 2028 545 3721 617">
     <span class='ocr_line' id='line_1_7' title="bbox 2028 545 3721 617; baseline 0.002 -18"><span class='ocrx_word' id='word_1_38' title='bbox 2028 545 2197 600; x_wconf 86' lang='lat' dir='ltr'>ﬁcere</span> <span class='ocrx_word' id='word_1_39' title='bbox 2227 562 2341 599; x_wconf 92' lang='lat' dir='ltr'>non</span> <span class='ocrx_word' id='word_1_40' title='bbox 2402 549 2586 615; x_wconf 81' lang='lat' dir='ltr'>potest</span> <span class='ocrx_word' id='word_1_41' title='bbox 2642 547 2728 599; x_wconf 89' lang='lat' dir='ltr'>vel</span> <span class='ocrx_word' id='word_1_42' title='bbox 2770 547 2984 617; x_wconf 86' lang='lat' dir='ltr'>possit:</span> <span class='ocrx_word' id='word_1_43' title='bbox 3029 553 3084 601; x_wconf 88' lang='lat' dir='ltr'>et</span> <span class='ocrx_word' id='word_1_44' title='bbox 3123 548 3257 602; x_wconf 92' lang='lat' dir='ltr'>dum</span> <span class='ocrx_word' id='word_1_45' title='bbox 3304 548 3480 602; x_wconf 88' lang='lat' dir='ltr'>virtus</span> <span class='ocrx_word' id='word_1_46' title='bbox 3531 550 3721 603; x_wconf 88' lang='lat' dir='ltr'>minor</span> 
     </span>
    </p>
   </div>
   <div class='ocr_carea' id='block_1_8' title="bbox 2029 633 3719 707">
    <p class='ocr_par' dir='ltr' id='par_1_8' title="bbox 2029 633 3719 707">
     <span class='ocr_line' id='line_1_8' title="bbox 2029 633 3719 707; baseline 0.003 -20"><span class='ocrx_word' id='word_1_47' title='bbox 2029 637 2132 701; x_wconf 89' lang='lat' dir='ltr'>est,</span> <span class='ocrx_word' id='word_1_48' title='bbox 2163 634 2427 688; x_wconf 85' lang='lat' dir='ltr'>valetudo</span> <span class='ocrx_word' id='word_1_49' title='bbox 2457 650 2649 688; x_wconf 91' lang='lat' dir='ltr'>rerum</span> <span class='ocrx_word' id='word_1_50' title='bbox 2676 633 2842 705; x_wconf 81' lang='lat' dir='ltr'>&#39;quas</span> <span class='ocrx_word' id='word_1_51' title='bbox 2890 636 3238 690; x_wconf 80' lang='lat' dir='ltr'>extrinsecus</span> <span class='ocrx_word' id='word_1_52' title='bbox 3294 638 3529 707; x_wconf 87' lang='lat' dir='ltr'>patitur,</span> <span class='ocrx_word' id='word_1_53' title='bbox 3598 655 3719 692; x_wconf 87' lang='lat' dir='ltr'>ma-</span> 
     </span>
    </p>
   </div>
   <div class='ocr_carea' id='block_1_9' title="bbox 220 720 3722 794">
    <p class='ocr_par' dir='ltr' id='par_1_9' title="bbox 220 720 3722 794">
     <span class='ocr_line' id='line_1_9' title="bbox 220 720 3722 794; baseline 0.001 -19"><span class='ocrx_word' id='word_1_54' title='bbox 220 721 420 775; x_wconf 84' lang='lat' dir='ltr'>datum</span> <span class='ocrx_word' id='word_1_55' title='bbox 455 725 539 774; x_wconf 88' lang='lat' dir='ltr'>est</span> <span class='ocrx_word' id='word_1_56' title='bbox 570 737 781 775; x_wconf 89' lang='lat' dir='ltr'>manna</span> <span class='ocrx_word' id='word_1_57' title='bbox 810 720 941 775; x_wconf 86' lang='lat' dir='ltr'>ﬁliis</span> <span class='ocrx_word' id='word_1_58' title='bbox 992 722 1185 786; x_wconf 83' lang='lat' dir='ltr'>Israel,</span> <span class='ocrx_word' id='word_1_59' title='bbox 1231 727 1363 783; x_wconf 90' lang='lat' dir='ltr'>etc.,</span> <span class='ocrx_word' id='word_1_60' title='bbox 1398 737 1566 789; x_wconf 87' lang='lat' dir='ltr'>usque</span> <span class='ocrx_word' id='word_1_61' title='bbox 1618 721 1692 775; x_wconf 85' lang='lat' dir='ltr'>ad</span> <span class='ocrx_word' id='word_1_62' title='bbox 1747 723 1920 777; x_wconf 84' lang='lat' dir='ltr'>Multa</span> <span class='ocrx_word' id='word_1_63' title='bbox 2022 723 2211 792; x_wconf 87' lang='lat' dir='ltr'>jorem</span> <span class='ocrx_word' id='word_1_64' title='bbox 2240 728 2403 793; x_wconf 81' lang='lat' dir='ltr'>putat</span> <span class='ocrx_word' id='word_1_65' title='bbox 2431 738 2551 776; x_wconf 89' lang='lat' dir='ltr'>esse</span> <span class='ocrx_word' id='word_1_66' title='bbox 2602 724 2941 793; x_wconf 83' lang='lat' dir='ltr'>potentiam,</span> <span class='ocrx_word' id='word_1_67' title='bbox 2998 724 3103 778; x_wconf 89' lang='lat' dir='ltr'>hoc</span> <span class='ocrx_word' id='word_1_68' title='bbox 3160 723 3215 777; x_wconf 90' lang='lat' dir='ltr'>in</span> <span class='ocrx_word' id='word_1_69' title='bbox 3257 727 3722 794; x_wconf 83' lang='lat' dir='ltr'>persecutoribus</span> 
     </span>
    </p>
   </div>
   <div class='ocr_carea' id='block_1_10' title="bbox 219 811 1919 878">
    <p class='ocr_par' dir='ltr' id='par_1_10' title="bbox 219 811 1919 878">
     <span class='ocr_line' id='line_1_10' title="bbox 219 811 1919 878; baseline 0.001 -16"><span class='ocrx_word' id='word_1_70' title='bbox 219 811 440 877; x_wconf 80' lang='lat' dir='ltr'>ﬂagella</span> <span class='ocrx_word' id='word_1_71' title='bbox 462 812 780 878; x_wconf 78' lang='lat' dir='ltr'>peccatoris,</span> <span class='ocrx_word' id='word_1_72' title='bbox 814 812 1118 878; x_wconf 85' lang='lat' dir='ltr'>sperantem</span> <span class='ocrx_word' id='word_1_73' title='bbox 1165 815 1341 864; x_wconf 85' lang='lat' dir='ltr'>autem</span> <span class='ocrx_word' id='word_1_74' title='bbox 1374 813 1430 863; x_wconf 91' lang='lat' dir='ltr'>in</span> <span class='ocrx_word' id='word_1_75' title='bbox 1487 812 1709 865; x_wconf 85' lang='lat' dir='ltr'>Domino</span> <span class='ocrx_word' id='word_1_76' title='bbox 1760 812 1919 865; x_wconf 86' lang='lat' dir='ltr'>mise-</span> 
     </span>
    </p>
   </div>
   <div class='ocr_carea' id='block_1_11' title="bbox 222 899 1258 969">
    <p class='ocr_par' dir='ltr' id='par_1_11' title="bbox 222 899 1258 969">
     <span class='ocr_line' id='line_1_11' title="bbox 222 899 1258 969; baseline 0.001 -18"><span class='ocrx_word' id='word_1_77' title='bbox 222 899 467 952; x_wconf 81' lang='lat' dir='ltr'>ricordia</span> <span class='ocrx_word' id='word_1_78' title='bbox 488 899 853 953; x_wconf 80' lang='lat' dir='ltr'>circumdabit</span> <span class='ocrx_word' id='word_1_79' title='bbox 883 900 1054 967; x_wconf 83' lang='lat' dir='ltr'>(Psal.</span> <span class='ocrx_word' id='word_1_80' title='bbox 1091 899 1258 969; x_wconf 69' lang='lat' dir='ltr'>xxxi).</span> 
     </span>
    </p>
   </div>
   <div class='ocr_carea' id='block_1_12' title="bbox 296 988 1920 1058">
    <p class='ocr_par' dir='ltr' id='par_1_12' title="bbox 296 988 1920 1058">
     <span class='ocr_line' id='line_1_12' title="bbox 296 988 1920 1058; baseline 0.001 -19"><span class='ocrx_word' id='word_1_81' title='bbox 296 988 456 1041; x_wconf 74' lang='lat' dir='ltr'>Vsus.</span> <span class='ocrx_word' id='word_1_82' title='bbox 510 990 695 1041; x_wconf 75' lang='lat'>‘25.—</span> <span class='ocrx_word' id='word_1_83' title='bbox 748 991 1011 1043; x_wconf 85' lang='lat' dir='ltr'>Creatura</span> <span class='ocrx_word' id='word_1_84' title='bbox 1049 991 1210 1053; x_wconf 87' lang='lat' dir='ltr'>enim,</span> <span class='ocrx_word' id='word_1_85' title='bbox 1245 993 1350 1041; x_wconf 88' lang='lat' dir='ltr'>etc.</span> <span class='ocrx_word' id='word_1_86' title='bbox 1413 988 1597 1058; x_wconf 74' lang='grc' dir='ltr'>(ΗΑΒ.)</span> <span class='ocrx_word' id='word_1_87' title='bbox 1657 988 1920 1042; x_wconf 86' lang='lat' dir='ltr'>Confun-</span> 
     </span>
    </p>
   </div>
   <div class='ocr_carea' id='block_1_13' title="bbox 226 1076 1924 1147">
    <p class='ocr_par' dir='ltr' id='par_1_13' title="bbox 226 1076 1924 1147">
     <span class='ocr_line' id='line_1_13' title="bbox 226 1076 1924 1147; baseline 0 -18"><span class='ocrx_word' id='word_1_88' title='bbox 226 1076 441 1129; x_wconf 88' lang='lat' dir='ltr'>dantur</span> <span class='ocrx_word' id='word_1_89' title='bbox 470 1076 561 1129; x_wconf 82' lang='lat' dir='ltr'>hic</span> <span class='ocrx_word' id='word_1_90' title='bbox 592 1084 915 1146; x_wconf 89' lang='lat' dir='ltr'>peccatores</span> <span class='ocrx_word' id='word_1_91' title='bbox 945 1096 956 1131; x_wconf 93' lang='lat'>:</span> <span class='ocrx_word' id='word_1_92' title='bbox 990 1077 1087 1147; x_wconf 88' lang='lat' dir='ltr'>qui</span> <span class='ocrx_word' id='word_1_93' title='bbox 1121 1093 1250 1130; x_wconf 91' lang='lat' dir='ltr'>cum</span> <span class='ocrx_word' id='word_1_94' title='bbox 1282 1083 1500 1131; x_wconf 65' lang='lat' dir='ltr'>caeteras</span> <span class='ocrx_word' id='word_1_95' title='bbox 1532 1082 1806 1131; x_wconf 67' lang='lat' dir='ltr'>creatura:</span> <span class='ocrx_word' id='word_1_96' title='bbox 1836 1077 1924 1130; x_wconf 89' lang='lat' dir='ltr'>fa-</span> 
     </span>
    </p>
   </div>
   <div class='ocr_carea' id='block_1_14' title="bbox 226 1165 1921 1236">
    <p class='ocr_par' dir='ltr' id='par_1_14' title="bbox 226 1165 1921 1236">
     <span class='ocr_line' id='line_1_14' title="bbox 226 1165 1921 1236; baseline -0.001 -17"><span class='ocrx_word' id='word_1_97' title='bbox 226 1166 369 1219; x_wconf 90' lang='lat' dir='ltr'>ctori</span> <span class='ocrx_word' id='word_1_98' title='bbox 397 1182 499 1218; x_wconf 88' lang='lat' dir='ltr'>suo</span> <span class='ocrx_word' id='word_1_99' title='bbox 520 1165 862 1231; x_wconf 80' lang='lat' dir='ltr'>deserviant,</span> <span class='ocrx_word' id='word_1_100' title='bbox 899 1166 1006 1235; x_wconf 85' lang='lat' dir='ltr'>ipsi</span> <span class='ocrx_word' id='word_1_101' title='bbox 1046 1172 1391 1236; x_wconf 89' lang='lat' dir='ltr'>repugnant.</span> <span class='ocrx_word' id='word_1_102' title='bbox 1447 1167 1601 1220; x_wconf 88' lang='lat' dir='ltr'>Unde</span> <span class='ocrx_word' id='word_1_103' title='bbox 1633 1172 1921 1220; x_wconf 87' lang='lat' dir='ltr'>creatura-</span> 
     </span>
    </p>
   </div>
   <div class='ocr_carea' id='block_1_15' title="bbox 231 1254 1924 1325">
    <p class='ocr_par' dir='ltr' id='par_1_15' title="bbox 231 1254 1924 1325">
     <span class='ocr_line' id='line_1_15' title="bbox 231 1254 1924 1325; baseline 0.001 -19"><span class='ocrx_word' id='word_1_104' title='bbox 231 1271 358 1307; x_wconf 88' lang='lat' dir='ltr'>rum</span> <span class='ocrx_word' id='word_1_105' title='bbox 394 1254 654 1307; x_wconf 90' lang='lat' dir='ltr'>omnium</span> <span class='ocrx_word' id='word_1_106' title='bbox 686 1255 991 1308; x_wconf 89' lang='lat' dir='ltr'>concordia</span> <span class='ocrx_word' id='word_1_107' title='bbox 1013 1254 1376 1324; x_wconf 77' lang='lat' dir='ltr'>ﬂagellantur</span> <span class='ocrx_word' id='word_1_108' title='bbox 1406 1272 1418 1309; x_wconf 90' lang='lat'>:</span> <span class='ocrx_word' id='word_1_109' title='bbox 1444 1260 1500 1309; x_wconf 89' lang='lat' dir='ltr'>et</span> <span class='ocrx_word' id='word_1_110' title='bbox 1528 1255 1573 1308; x_wconf 88' lang='lat' dir='ltr'>si</span> <span class='ocrx_word' id='word_1_111' title='bbox 1605 1271 1721 1309; x_wconf 89' lang='lat' dir='ltr'>non</span> <span class='ocrx_word' id='word_1_112' title='bbox 1745 1254 1924 1325; x_wconf 87' lang='lat' dir='ltr'>poeni-</span> 
     </span>
    </p>
   </div>
   <div class='ocr_carea' id='block_1_16' title="bbox 228 1342 1925 1412">
    <p class='ocr_par' dir='ltr' id='par_1_16' title="bbox 228 1342 1925 1412">
     <span class='ocr_line' id='line_1_16' title="bbox 228 1342 1925 1412; baseline 0 -16"><span class='ocrx_word' id='word_1_113' title='bbox 228 1343 466 1409; x_wconf 84' lang='lat' dir='ltr'>tuerint,</span> <span class='ocrx_word' id='word_1_114' title='bbox 520 1348 796 1412; x_wconf 88' lang='lat' dir='ltr'>perpetuo</span> <span class='ocrx_word' id='word_1_115' title='bbox 854 1342 1295 1411; x_wconf 87' lang='lat' dir='ltr'>cruciabuntur;</span> <span class='ocrx_word' id='word_1_116' title='bbox 1348 1343 1513 1398; x_wconf 90' lang='lat' dir='ltr'>bonis</span> <span class='ocrx_word' id='word_1_117' title='bbox 1544 1348 1735 1397; x_wconf 88' lang='lat' dir='ltr'>autem</span> <span class='ocrx_word' id='word_1_118' title='bbox 1793 1358 1925 1396; x_wconf 88' lang='lat' dir='ltr'>vera</span> 
     </span>
    </p>
   </div>
   <div class='ocr_carea' id='block_1_17' title="bbox 227 1431 825 1500">
    <p class='ocr_par' dir='ltr' id='par_1_17' title="bbox 227 1431 825 1500">
     <span class='ocr_line' id='line_1_17' title="bbox 227 1431 825 1500; baseline 0 -17"><span class='ocrx_word' id='word_1_119' title='bbox 227 1431 382 1484; x_wconf 89' lang='lat' dir='ltr'>bona</span> <span class='ocrx_word' id='word_1_120' title='bbox 413 1435 825 1500; x_wconf 71' lang='lat' dir='ltr'>praeparantur.</span> 
     </span>
    </p>
   </div>
   <div class='ocr_carea' id='block_1_18' title="bbox 302 1519 1926 1591">
    <p class='ocr_par' dir='ltr' id='par_1_18' title="bbox 302 1519 1926 1591">
     <span class='ocr_line' id='line_1_18' title="bbox 302 1519 1926 1591; baseline 0.002 -20"><span class='ocrx_word' id='word_1_121' title='bbox 302 1521 463 1573; x_wconf 73' lang='lat' dir='ltr'>Vens.</span> <span class='ocrx_word' id='word_1_122' title='bbox 500 1522 585 1573; x_wconf 76' lang='lat'>25.</span> <span class='ocrx_word' id='word_1_123' title='bbox 623 1550 692 1559; x_wconf 93' lang='lat'><strong><em>—</em></strong></span> <span class='ocrx_word' id='word_1_124' title='bbox 738 1522 965 1589; x_wconf 85' lang='lat' dir='ltr'>Propter</span> <span class='ocrx_word' id='word_1_125' title='bbox 1021 1521 1132 1585; x_wconf 81' lang='lat' dir='ltr'>hoc,</span> <span class='ocrx_word' id='word_1_126' title='bbox 1203 1524 1309 1574; x_wconf 90' lang='lat' dir='ltr'>etc.</span> <span class='ocrx_word' id='word_1_127' title='bbox 1351 1520 1535 1591; x_wconf 70' lang='grc' dir='ltr'>(ΗΑΒ.)</span> <span class='ocrx_word' id='word_1_128' title='bbox 1587 1519 1738 1575; x_wconf 90' lang='lat' dir='ltr'>Pluit</span> <span class='ocrx_word' id='word_1_129' title='bbox 1780 1521 1926 1575; x_wconf 88' lang='lat' dir='ltr'>Deus</span> 
     </span>
    </p>
   </div>
   <div class='ocr_carea' id='block_1_19' title="bbox 229 1608 1923 1682">
    <p class='ocr_par' dir='ltr' id='par_1_19' title="bbox 229 1608 1923 1682">
     <span class='ocr_line' id='line_1_19' title="bbox 229 1608 1923 1682; baseline 0.001 -20"><span class='ocrx_word' id='word_1_130' title='bbox 229 1624 445 1662; x_wconf 80' lang='lat' dir='ltr'>manna</span> <span class='ocrx_word' id='word_1_131' title='bbox 475 1608 542 1662; x_wconf 89' lang='lat' dir='ltr'>de</span> <span class='ocrx_word' id='word_1_132' title='bbox 583 1610 744 1674; x_wconf 71' lang='lat' dir='ltr'>cmlo,</span> <span class='ocrx_word' id='word_1_133' title='bbox 778 1614 910 1677; x_wconf 88' lang='lat' dir='ltr'>etc.,</span> <span class='ocrx_word' id='word_1_134' title='bbox 942 1625 1109 1679; x_wconf 86' lang='lat' dir='ltr'>usque</span> <span class='ocrx_word' id='word_1_135' title='bbox 1155 1610 1229 1664; x_wconf 85' lang='lat' dir='ltr'>ad</span> <span class='ocrx_word' id='word_1_136' title='bbox 1253 1615 1527 1681; x_wconf 88' lang='lat' dir='ltr'>tanquam</span> <span class='ocrx_word' id='word_1_137' title='bbox 1586 1611 1923 1682; x_wconf 69' lang='lat' dir='ltr'>praevarica-</span> 
     </span>
    </p>
   </div>
   <div class='ocr_carea' id='block_1_20' title="bbox 231 1696 1143 1767">
    <p class='ocr_par' dir='ltr' id='par_1_20' title="bbox 231 1696 1143 1767">
     <span class='ocr_line' id='line_1_20' title="bbox 231 1696 1143 1767; baseline -0.001 -15"><span class='ocrx_word' id='word_1_138' title='bbox 231 1702 328 1752; x_wconf 90' lang='lat' dir='ltr'>tor</span> <span class='ocrx_word' id='word_1_139' title='bbox 351 1696 488 1767; x_wconf 81' lang='lat' dir='ltr'>legis</span> <span class='ocrx_word' id='word_1_140' title='bbox 510 1697 570 1750; x_wconf 92' lang='lat' dir='ltr'>in</span> <span class='ocrx_word' id='word_1_141' title='bbox 600 1702 881 1750; x_wconf 65' lang='lat' dir='ltr'>aeternum</span> <span class='ocrx_word' id='word_1_142' title='bbox 913 1697 1143 1767; x_wconf 83' lang='lat' dir='ltr'>peribit.</span> 
     </span>
    </p>
   </div>
   <div class='ocr_carea' id='block_1_21' title="bbox 303 1786 1925 1858">
    <p class='ocr_par' dir='ltr' id='par_1_21' title="bbox 303 1786 1925 1858">
     <span class='ocr_line' id='line_1_21' title="bbox 303 1786 1925 1858; baseline 0.002 -21"><span class='ocrx_word' id='word_1_143' title='bbox 303 1788 595 1840; x_wconf 75' lang='lat' dir='ltr'>Vens.28.</span> <span class='ocrx_word' id='word_1_144' title='bbox 634 1817 697 1826; x_wconf 93' lang='lat'>——</span> <span class='ocrx_word' id='word_1_145' title='bbox 760 1788 824 1841; x_wconf 84' lang='lat' dir='ltr'>Ut</span> <span class='ocrx_word' id='word_1_146' title='bbox 880 1790 1064 1841; x_wconf 87' lang='lat' dir='ltr'>notum</span> <span class='ocrx_word' id='word_1_147' title='bbox 1116 1786 1380 1851; x_wconf 88' lang='lat' dir='ltr'>omnibus,</span> <span class='ocrx_word' id='word_1_148' title='bbox 1407 1791 1511 1840; x_wconf 87' lang='lat' dir='ltr'>etc.</span> <span class='ocrx_word' id='word_1_149' title='bbox 1566 1787 1751 1858; x_wconf 71' lang='grc' dir='ltr'>(ΗΑΒ.)</span> <span class='ocrx_word' id='word_1_150' title='bbox 1815 1790 1925 1842; x_wconf 89' lang='lat' dir='ltr'>Iste</span> 
     </span>
    </p>
   </div>
   <div class='ocr_carea' id='block_1_22' title="bbox 232 1874 1929 1946">
    <p class='ocr_par' dir='ltr' id='par_1_22' title="bbox 232 1874 1929 1946">
     <span class='ocr_line' id='line_1_22' title="bbox 232 1874 1929 1946; baseline 0.001 -18"><span class='ocrx_word' id='word_1_151' title='bbox 232 1874 394 1929; x_wconf 89' lang='lat' dir='ltr'>cibus</span> <span class='ocrx_word' id='word_1_152' title='bbox 419 1874 790 1929; x_wconf 88' lang='lat' dir='ltr'>historialiter</span> <span class='ocrx_word' id='word_1_153' title='bbox 821 1876 1107 1946; x_wconf 88' lang='lat' dir='ltr'>pascebat,</span> <span class='ocrx_word' id='word_1_154' title='bbox 1149 1881 1277 1942; x_wconf 87' lang='lat' dir='ltr'>etc.,</span> <span class='ocrx_word' id='word_1_155' title='bbox 1312 1891 1477 1944; x_wconf 86' lang='lat' dir='ltr'>usque</span> <span class='ocrx_word' id='word_1_156' title='bbox 1511 1875 1584 1929; x_wconf 86' lang='lat' dir='ltr'>ad</span> <span class='ocrx_word' id='word_1_157' title='bbox 1618 1876 1686 1930; x_wconf 91' lang='lat' dir='ltr'>ad</span> <span class='ocrx_word' id='word_1_158' title='bbox 1738 1882 1929 1931; x_wconf 91' lang='lat' dir='ltr'>ortum</span> 
     </span>
    </p>
   </div>
   <div class='ocr_carea' id='block_1_23' title="bbox 231 1962 1924 2031">
    <p class='ocr_par' dir='ltr' id='par_1_23' title="bbox 231 1962 1924 2031">
     <span class='ocr_line' id='line_1_23' title="bbox 231 1962 1924 2031; baseline 0.003 -16"><span class='ocrx_word' id='word_1_159' title='bbox 231 1980 367 2017; x_wconf 88' lang='lat' dir='ltr'>vero</span> <span class='ocrx_word' id='word_1_160' title='bbox 419 1964 569 2031; x_wconf 91' lang='lat' dir='ltr'>solis,</span> <span class='ocrx_word' id='word_1_161' title='bbox 626 1962 679 2017; x_wconf 91' lang='lat' dir='ltr'>id</span> <span class='ocrx_word' id='word_1_162' title='bbox 727 1969 829 2029; x_wconf 88' lang='lat' dir='ltr'>est,</span> <span class='ocrx_word' id='word_1_163' title='bbox 879 1964 1084 2018; x_wconf 84' lang='lat' dir='ltr'>Christi</span> <span class='ocrx_word' id='word_1_164' title='bbox 1144 1964 1434 2018; x_wconf 87' lang='lat' dir='ltr'>dicamus:</span> <span class='ocrx_word' id='word_1_165' title='bbox 1498 1965 1737 2020; x_wconf 82' lang='lat' dir='ltr'>Verbum</span> <span class='ocrx_word' id='word_1_166' title='bbox 1800 1982 1924 2021; x_wconf 87' lang='lat' dir='ltr'>caro</span> 
     </span>
    </p>
   </div>
   <div class='ocr_carea' id='block_1_24' title="bbox 232 2052 1237 2119">
    <p class='ocr_par' dir='ltr' id='par_1_24' title="bbox 232 2052 1237 2119">
     <span class='ocr_line' id='line_1_24' title="bbox 232 2052 1237 2119; baseline 0.001 -13"><span class='ocrx_word' id='word_1_167' title='bbox 232 2054 445 2119; x_wconf 86' lang='lat' dir='ltr'>factum</span> <span class='ocrx_word' id='word_1_168' title='bbox 467 2056 565 2118; x_wconf 87' lang='lat' dir='ltr'>est,</span> <span class='ocrx_word' id='word_1_169' title='bbox 598 2056 648 2105; x_wconf 81' lang='lat' dir='ltr'>et</span> <span class='ocrx_word' id='word_1_170' title='bbox 677 2052 948 2107; x_wconf 82' lang='lat' dir='ltr'>habitavit</span> <span class='ocrx_word' id='word_1_171' title='bbox 981 2056 1035 2105; x_wconf 89' lang='lat' dir='ltr'>in</span> <span class='ocrx_word' id='word_1_172' title='bbox 1064 2054 1237 2107; x_wconf 87' lang='lat' dir='ltr'>nobis.</span> 
     </span>
    </p>
   </div>
   <div class='ocr_carea' id='block_1_25' title="bbox 877 2194 1293 2249">
    <p class='ocr_par' dir='ltr' id='par_1_25' title="bbox 877 2194 1293 2249">
     <span class='ocr_line' id='line_1_25' title="bbox 877 2194 1293 2249; baseline 0.002 -2"><span class='ocrx_word' id='word_1_173' title='bbox 877 2194 1101 2249; x_wconf 82' lang='lat' dir='ltr'>CAPUT</span> <span class='ocrx_word' id='word_1_174' title='bbox 1135 2194 1293 2248; x_wconf 80' lang='lat' dir='ltr'>XVII.</span> 
     </span>
    </p>
   </div>
   <div class='ocr_carea' id='block_1_26' title="bbox 312 2318 1934 2389">
    <p class='ocr_par' dir='ltr' id='par_1_26' title="bbox 312 2318 1934 2389">
     <span class='ocr_line' id='line_1_26' title="bbox 312 2318 1934 2389; baseline 0.004 -21"><span class='ocrx_word' id='word_1_175' title='bbox 312 2318 470 2372; x_wconf 75' lang='lat' dir='ltr'>Vens.</span> <span class='ocrx_word' id='word_1_176' title='bbox 510 2320 557 2371; x_wconf 96' lang='grc'>1.</span> <span class='ocrx_word' id='word_1_177' title='bbox 591 2348 658 2357; x_wconf 91' lang='lat'>—-</span> <span class='ocrx_word' id='word_1_178' title='bbox 710 2319 913 2385; x_wconf 85' lang='lat' dir='ltr'>Magna</span> <span class='ocrx_word' id='word_1_179' title='bbox 962 2320 1120 2371; x_wconf 86' lang='lat' dir='ltr'>enim.</span> <span class='ocrx_word' id='word_1_180' title='bbox 1182 2318 1371 2389; x_wconf 71' lang='grc' dir='ltr'>(ΗΑΒ.)</span> <span class='ocrx_word' id='word_1_181' title='bbox 1428 2319 1671 2389; x_wconf 81' lang='lat' dir='ltr'>Mystice.</span> <span class='ocrx_word' id='word_1_182' title='bbox 1726 2321 1934 2375; x_wconf 86' lang='lat' dir='ltr'>Omnes</span> 
     </span>
    </p>
   </div>
   <div class='ocr_carea' id='block_1_27' title="bbox 240 2405 1933 2475">
    <p class='ocr_par' dir='ltr' id='par_1_27' title="bbox 240 2405 1933 2475">
     <span class='ocr_line' id='line_1_27' title="bbox 240 2405 1933 2475; baseline 0.002 -17"><span class='ocrx_word' id='word_1_183' title='bbox 240 2410 635 2475; x_wconf 84' lang='lat' dir='ltr'>persecutores</span> <span class='ocrx_word' id='word_1_184' title='bbox 668 2405 927 2459; x_wconf 67' lang='lat' dir='ltr'>Ecclesiae</span> <span class='ocrx_word' id='word_1_185' title='bbox 976 2406 1206 2469; x_wconf 83' lang='lat' dir='ltr'>Christi,</span> <span class='ocrx_word' id='word_1_186' title='bbox 1237 2408 1516 2460; x_wconf 88' lang='lat' dir='ltr'>scelerum</span> <span class='ocrx_word' id='word_1_187' title='bbox 1569 2424 1805 2461; x_wconf 90' lang='lat' dir='ltr'>suorum</span> <span class='ocrx_word' id='word_1_188' title='bbox 1852 2415 1933 2462; x_wconf 84' lang='lat' dir='ltr'>tc-</span> 
     </span>
    </p>
   </div>
   <div class='ocr_carea' id='block_1_28' title="bbox 244 2492 1938 2566">
    <p class='ocr_par' dir='ltr' id='par_1_28' title="bbox 244 2492 1938 2566">
     <span class='ocr_line' id='line_1_28' title="bbox 244 2492 1938 2566; baseline 0.003 -21"><span class='ocrx_word' id='word_1_189' title='bbox 244 2492 453 2546; x_wconf 86' lang='lat' dir='ltr'>nebras</span> <span class='ocrx_word' id='word_1_190' title='bbox 477 2492 795 2563; x_wconf 88' lang='lat' dir='ltr'>patiuntur,</span> <span class='ocrx_word' id='word_1_191' title='bbox 830 2509 934 2546; x_wconf 88' lang='lat' dir='ltr'>nec</span> <span class='ocrx_word' id='word_1_192' title='bbox 973 2510 1232 2564; x_wconf 88' lang='lat' dir='ltr'>unquam</span> <span class='ocrx_word' id='word_1_193' title='bbox 1290 2496 1471 2548; x_wconf 89' lang='lat' dir='ltr'>securi</span> <span class='ocrx_word' id='word_1_194' title='bbox 1532 2512 1652 2549; x_wconf 88' lang='lat' dir='ltr'>esse</span> <span class='ocrx_word' id='word_1_195' title='bbox 1699 2503 1938 2566; x_wconf 86' lang='lat' dir='ltr'>possunt</span> 
     </span>
    </p>
   </div>
   <div class='ocr_carea' id='block_1_29' title="bbox 242 2583 1934 2655">
    <p class='ocr_par' dir='ltr' id='par_1_29' title="bbox 242 2583 1934 2655">
     <span class='ocr_line' id='line_1_29' title="bbox 242 2583 1934 2655; baseline 0.003 -22"><span class='ocrx_word' id='word_1_196' title='bbox 242 2596 389 2651; x_wconf 90' lang='lat' dir='ltr'>quos</span> <span class='ocrx_word' id='word_1_197' title='bbox 420 2586 621 2635; x_wconf 89' lang='lat' dir='ltr'>vexant</span> <span class='ocrx_word' id='word_1_198' title='bbox 659 2586 907 2635; x_wconf 89' lang='lat' dir='ltr'>rectores</span> <span class='ocrx_word' id='word_1_199' title='bbox 955 2583 1324 2636; x_wconf 85' lang='lat' dir='ltr'>tenebrarum</span> <span class='ocrx_word' id='word_1_200' title='bbox 1380 2584 1583 2637; x_wconf 85' lang='lat' dir='ltr'>harum</span> <span class='ocrx_word' id='word_1_201' title='bbox 1643 2601 1822 2655; x_wconf 87' lang='lat' dir='ltr'>usque</span> <span class='ocrx_word' id='word_1_202' title='bbox 1865 2586 1934 2638; x_wconf 89' lang='lat' dir='ltr'>ad</span> 
     </span>
    </p>
   </div>
   <div class='ocr_carea' id='block_1_30' title="bbox 242 2668 1934 2735">
    <p class='ocr_par' dir='ltr' id='par_1_30' title="bbox 242 2668 1934 2735">
     <span class='ocr_line' id='line_1_30' title="bbox 242 2668 1934 2735; baseline 0.002 -12"><span class='ocrx_word' id='word_1_203' title='bbox 242 2668 554 2723; x_wconf 80' lang='lat' dir='ltr'>exteriores</span> <span class='ocrx_word' id='word_1_204' title='bbox 585 2669 869 2735; x_wconf 86' lang='lat' dir='ltr'>tenebras,</span> <span class='ocrx_word' id='word_1_205' title='bbox 915 2670 1012 2725; x_wconf 90' lang='lat' dir='ltr'>ubi</span> <span class='ocrx_word' id='word_1_206' title='bbox 1038 2671 1145 2724; x_wconf 88' lang='lat' dir='ltr'>erit</span> <span class='ocrx_word' id='word_1_207' title='bbox 1194 2673 1361 2725; x_wconf 85' lang='lat' dir='ltr'>tletus</span> <span class='ocrx_word' id='word_1_208' title='bbox 1420 2682 1477 2726; x_wconf 88' lang='lat' dir='ltr'>et</span> <span class='ocrx_word' id='word_1_209' title='bbox 1533 2672 1742 2726; x_wconf 88' lang='lat' dir='ltr'>stridor</span> <span class='ocrx_word' id='word_1_210' title='bbox 1797 2673 1934 2727; x_wconf 91' lang='lat' dir='ltr'>den-</span> 
     </span>
    </p>
   </div>
   <div class='ocr_carea' id='block_1_31' title="bbox 243 2758 1933 2828">
    <p class='ocr_par' dir='ltr' id='par_1_31' title="bbox 243 2758 1933 2828">
     <span class='ocr_line' id='line_1_31' title="bbox 243 2758 1933 2828; baseline 0.003 -18"><span class='ocrx_word' id='word_1_211' title='bbox 243 2758 601 2824; x_wconf 88' lang='lat' dir='ltr'>tium;unde</span> <span class='ocrx_word' id='word_1_212' title='bbox 636 2775 648 2811; x_wconf 89' lang='lat'>:</span> <span class='ocrx_word' id='word_1_213' title='bbox 691 2759 875 2813; x_wconf 88' lang='lat' dir='ltr'>Omnis</span> <span class='ocrx_word' id='word_1_214' title='bbox 904 2762 1001 2828; x_wconf 91' lang='lat' dir='ltr'>qui</span> <span class='ocrx_word' id='word_1_215' title='bbox 1050 2761 1187 2813; x_wconf 86' lang='lat' dir='ltr'>male</span> <span class='ocrx_word' id='word_1_216' title='bbox 1226 2764 1364 2826; x_wconf 79' lang='lat' dir='ltr'>agit,</span> <span class='ocrx_word' id='word_1_217' title='bbox 1417 2761 1531 2813; x_wconf 82' lang='lat' dir='ltr'>odit</span> <span class='ocrx_word' id='word_1_218' title='bbox 1550 2762 1721 2814; x_wconf 61' lang='lat' dir='ltr'>lucem</span> <span class='ocrx_word' id='word_1_219' title='bbox 1764 2763 1933 2827; x_wconf 87' lang='lat' dir='ltr'>(Joan.</span> 
     </span>
    </p>
   </div>
   <div class='ocr_carea' id='block_1_32' title="bbox 246 2846 1936 2916">
    <p class='ocr_par' dir='ltr' id='par_1_32' title="bbox 246 2846 1936 2916">
     <span class='ocr_line' id='line_1_32' title="bbox 246 2846 1936 2916; baseline 0.001 -17"><span class='ocrx_word' id='word_1_220' title='bbox 246 2850 349 2912; x_wconf 90' lang='grc' dir='ltr'>ιιι),</span> <span class='ocrx_word' id='word_1_221' title='bbox 420 2852 528 2899; x_wconf 86' lang='lat' dir='ltr'>etc.</span> <span class='ocrx_word' id='word_1_222' title='bbox 582 2846 722 2900; x_wconf 81' lang='lat' dir='ltr'>Hinc</span> <span class='ocrx_word' id='word_1_223' title='bbox 779 2848 1032 2901; x_wconf 88' lang='lat' dir='ltr'>Paulus:</span> <span class='ocrx_word' id='word_1_224' title='bbox 1099 2849 1285 2902; x_wconf 87' lang='lat' dir='ltr'>Eratis</span> <span class='ocrx_word' id='word_1_225' title='bbox 1348 2849 1649 2916; x_wconf 80' lang='lat' dir='ltr'>aliquando</span> <span class='ocrx_word' id='word_1_226' title='bbox 1693 2850 1936 2911; x_wconf 73' lang='lat' dir='ltr'>tenebrae,</span> 
     </span>
    </p>
   </div>
   <div class='ocr_carea' id='block_1_33' title="bbox 244 2936 1536 3004">
    <p class='ocr_par' dir='ltr' id='par_1_33' title="bbox 244 2936 1536 3004">
     <span class='ocr_line' id='line_1_33' title="bbox 244 2936 1536 3004; baseline 0.002 -17"><span class='ocrx_word' id='word_1_227' title='bbox 244 2950 387 2988; x_wconf 88' lang='lat' dir='ltr'>nunc</span> <span class='ocrx_word' id='word_1_228' title='bbox 416 2941 593 2988; x_wconf 89' lang='lat' dir='ltr'>autem</span> <span class='ocrx_word' id='word_1_229' title='bbox 615 2936 713 2989; x_wconf 73' lang='lat' dir='ltr'>tua:</span> <span class='ocrx_word' id='word_1_230' title='bbox 735 2937 792 2988; x_wconf 85' lang='lat' dir='ltr'>in</span> <span class='ocrx_word' id='word_1_231' title='bbox 827 2938 1045 2989; x_wconf 88' lang='lat' dir='ltr'>Domino</span> <span class='ocrx_word' id='word_1_232' title='bbox 1073 2938 1291 3004; x_wconf 70' lang='lat' dir='ltr'>(Ep/res.</span> <span class='ocrx_word' id='word_1_233' title='bbox 1328 2937 1398 3003; x_wconf 91' lang='lat' dir='ltr'>v),</span> <span class='ocrx_word' id='word_1_234' title='bbox 1428 2942 1536 2990; x_wconf 89' lang='lat' dir='ltr'>etc.</span> 
     </span>
    </p>
   </div>
   <div class='ocr_carea' id='block_1_34' title="bbox 2030 811 3720 883">
    <p class='ocr_par' dir='ltr' id='par_1_34' title="bbox 2030 811 3720 883">
     <span class='ocr_line' id='line_1_34' title="bbox 2030 811 3720 883; baseline 0.002 -18"><span class='ocrx_word' id='word_1_235' title='bbox 2030 811 2283 865; x_wconf 88' lang='lat' dir='ltr'>ﬁdelium</span> <span class='ocrx_word' id='word_1_236' title='bbox 2335 811 2665 881; x_wconf 85' lang='lat' dir='ltr'>frequenter</span> <span class='ocrx_word' id='word_1_237' title='bbox 2715 813 2903 865; x_wconf 80' lang='lat' dir='ltr'>evenit</span> <span class='ocrx_word' id='word_1_238' title='bbox 2973 812 3073 883; x_wconf 85' lang='lat' dir='ltr'>qui</span> <span class='ocrx_word' id='word_1_239' title='bbox 3120 828 3177 866; x_wconf 90' lang='lat' dir='ltr'>se</span> <span class='ocrx_word' id='word_1_240' title='bbox 3249 818 3512 883; x_wconf 88' lang='lat' dir='ltr'>potentes</span> <span class='ocrx_word' id='word_1_241' title='bbox 3570 816 3720 869; x_wconf 65' lang='lat' dir='ltr'>aesti-</span> 
     </span>
    </p>
   </div>
   <div class='ocr_carea' id='block_1_35' title="bbox 2030 901 3721 971">
    <p class='ocr_par' dir='ltr' id='par_1_35' title="bbox 2030 901 3721 971">
     <span class='ocr_line' id='line_1_35' title="bbox 2030 901 3721 971; baseline 0.001 -18"><span class='ocrx_word' id='word_1_242' title='bbox 2030 905 2209 965; x_wconf 85' lang='lat' dir='ltr'>mant,</span> <span class='ocrx_word' id='word_1_243' title='bbox 2243 916 2371 953; x_wconf 87' lang='lat' dir='ltr'>cum</span> <span class='ocrx_word' id='word_1_244' title='bbox 2408 906 2632 953; x_wconf 87' lang='lat' dir='ltr'>sanctos</span> <span class='ocrx_word' id='word_1_245' title='bbox 2689 902 2963 967; x_wconf 88' lang='lat' dir='ltr'>cruciant,</span> <span class='ocrx_word' id='word_1_246' title='bbox 3021 901 3275 971; x_wconf 84' lang='lat' dir='ltr'>potentia</span> <span class='ocrx_word' id='word_1_247' title='bbox 3320 918 3521 955; x_wconf 89' lang='lat' dir='ltr'>eorum</span> <span class='ocrx_word' id='word_1_248' title='bbox 3572 902 3721 971; x_wconf 85' lang='lat' dir='ltr'>victi,</span> 
     </span>
    </p>
   </div>
   <div class='ocr_carea' id='block_1_36' title="bbox 2032 988 3723 1060">
    <p class='ocr_par' dir='ltr' id='par_1_36' title="bbox 2032 988 3723 1060">
     <span class='ocr_line' id='line_1_36' title="bbox 2032 988 3723 1060; baseline 0.001 -18"><span class='ocrx_word' id='word_1_249' title='bbox 2032 988 2237 1042; x_wconf 89' lang='lat' dir='ltr'>mentis</span> <span class='ocrx_word' id='word_1_250' title='bbox 2258 989 2520 1058; x_wconf 87' lang='lat' dir='ltr'>angustia</span> <span class='ocrx_word' id='word_1_251' title='bbox 2554 989 2875 1043; x_wconf 84' lang='lat' dir='ltr'>contristati</span> <span class='ocrx_word' id='word_1_252' title='bbox 2901 995 3254 1058; x_wconf 87' lang='lat' dir='ltr'>cognoscunt</span> <span class='ocrx_word' id='word_1_253' title='bbox 3283 1007 3341 1043; x_wconf 92' lang='lat' dir='ltr'>se</span> <span class='ocrx_word' id='word_1_254' title='bbox 3387 1006 3504 1043; x_wconf 90' lang='lat' dir='ltr'>non</span> <span class='ocrx_word' id='word_1_255' title='bbox 3561 1007 3723 1060; x_wconf 84' lang='lat' dir='ltr'>posse</span> 
     </span>
    </p>
   </div>
   <div class='ocr_carea' id='block_1_37' title="bbox 2033 1078 3722 1149">
    <p class='ocr_par' dir='ltr' id='par_1_37' title="bbox 2033 1078 3722 1149">
     <span class='ocr_line' id='line_1_37' title="bbox 2033 1078 3722 1149; baseline 0.001 -18"><span class='ocrx_word' id='word_1_256' title='bbox 2033 1078 2187 1149; x_wconf 92' lang='lat' dir='ltr'>quod</span> <span class='ocrx_word' id='word_1_257' title='bbox 2218 1078 2525 1149; x_wconf 82' lang='lat' dir='ltr'>cupiebant</span> <span class='ocrx_word' id='word_1_258' title='bbox 2559 1084 2613 1132; x_wconf 91' lang='lat' dir='ltr'>et</span> <span class='ocrx_word' id='word_1_259' title='bbox 2655 1078 2931 1146; x_wconf 80' lang='lat' dir='ltr'>majorem</span> <span class='ocrx_word' id='word_1_260' title='bbox 2984 1094 3103 1131; x_wconf 89' lang='lat' dir='ltr'>esse</span> <span class='ocrx_word' id='word_1_261' title='bbox 3162 1078 3560 1132; x_wconf 79' lang='lat' dir='ltr'>fortitudinem</span> <span class='ocrx_word' id='word_1_262' title='bbox 3625 1078 3722 1132; x_wconf 85' lang='lat' dir='ltr'>Dei</span> 
     </span>
    </p>
   </div>
   <div class='ocr_carea' id='block_1_38' title="bbox 2034 1166 2993 1236">
    <p class='ocr_par' dir='ltr' id='par_1_38' title="bbox 2034 1166 2993 1236">
     <span class='ocr_line' id='line_1_38' title="bbox 2034 1166 2993 1236; baseline 0.001 -17"><span class='ocrx_word' id='word_1_263' title='bbox 2034 1166 2131 1236; x_wconf 88' lang='lat' dir='ltr'>qui</span> <span class='ocrx_word' id='word_1_264' title='bbox 2158 1167 2235 1219; x_wconf 90' lang='lat' dir='ltr'>sic</span> <span class='ocrx_word' id='word_1_265' title='bbox 2270 1166 2442 1220; x_wconf 77' lang='lat' dir='ltr'>vincit</span> <span class='ocrx_word' id='word_1_266' title='bbox 2462 1167 2519 1220; x_wconf 91' lang='lat' dir='ltr'>in</span> <span class='ocrx_word' id='word_1_267' title='bbox 2546 1167 2827 1220; x_wconf 88' lang='lat' dir='ltr'>militibus</span> <span class='ocrx_word' id='word_1_268' title='bbox 2858 1167 2993 1220; x_wconf 91' lang='lat' dir='ltr'>suis.</span> 
     </span>
    </p>
   </div>
   <div class='ocr_carea' id='block_1_39' title="bbox 2106 1254 3723 1326">
    <p class='ocr_par' dir='ltr' id='par_1_39' title="bbox 2106 1254 3723 1326">
     <span class='ocr_line' id='line_1_39' title="bbox 2106 1254 3723 1326; baseline 0.001 -19"><span class='ocrx_word' id='word_1_269' title='bbox 2106 1256 2269 1309; x_wconf 72' lang='lat' dir='ltr'>Vens.</span> <span class='ocrx_word' id='word_1_270' title='bbox 2310 1258 2390 1309; x_wconf 87' lang='grc'>13.</span> <span class='ocrx_word' id='word_1_271' title='bbox 2452 1285 2508 1294; x_wconf 88' lang='grc'><strong>-</strong></span> <span class='ocrx_word' id='word_1_272' title='bbox 2567 1257 2656 1309; x_wconf 83' lang='lat' dir='ltr'>Illi</span> <span class='ocrx_word' id='word_1_273' title='bbox 2706 1260 2904 1321; x_wconf 87' lang='lat' dir='ltr'>autem,</span> <span class='ocrx_word' id='word_1_274' title='bbox 2929 1259 3035 1308; x_wconf 90' lang='lat' dir='ltr'>etc.</span> <span class='ocrx_word' id='word_1_275' title='bbox 3082 1254 3262 1325; x_wconf 76' lang='grc' dir='ltr'>(ΗΑΒ.)</span> <span class='ocrx_word' id='word_1_276' title='bbox 3304 1254 3553 1326; x_wconf 65' lang='grc' dir='ltr'>Εεγίιῐίἱ</span> <span class='ocrx_word' id='word_1_277' title='bbox 3614 1255 3723 1308; x_wconf 78' lang='lat' dir='ltr'>sci-</span> 
     </span>
    </p>
   </div>
   <div class='ocr_carea' id='block_1_40' title="bbox 2037 1343 3724 1415">
    <p class='ocr_par' dir='ltr' id='par_1_40' title="bbox 2037 1343 3724 1415">
     <span class='ocr_line' id='line_1_40' title="bbox 2037 1343 3724 1415; baseline 0 -18"><span class='ocrx_word' id='word_1_278' title='bbox 2037 1343 2165 1397; x_wconf 87' lang='lat' dir='ltr'>licet</span> <span class='ocrx_word' id='word_1_279' title='bbox 2198 1344 2433 1398; x_wconf 88' lang='lat' dir='ltr'>horrore</span> <span class='ocrx_word' id='word_1_280' title='bbox 2488 1344 2853 1397; x_wconf 88' lang='lat' dir='ltr'>tenebrarum</span> <span class='ocrx_word' id='word_1_281' title='bbox 2886 1343 3241 1412; x_wconf 81' lang='lat' dir='ltr'>circumdati,</span> <span class='ocrx_word' id='word_1_282' title='bbox 3276 1348 3402 1409; x_wconf 89' lang='lat' dir='ltr'>etc.,</span> <span class='ocrx_word' id='word_1_283' title='bbox 3436 1359 3604 1415; x_wconf 87' lang='lat' dir='ltr'>usque</span> <span class='ocrx_word' id='word_1_284' title='bbox 3650 1344 3724 1397; x_wconf 88' lang='lat' dir='ltr'>ad</span> 
     </span>
    </p>
   </div>
   <div class='ocr_carea' id='block_1_41' title="bbox 2036 1432 3139 1503">
    <p class='ocr_par' dir='ltr' id='par_1_41' title="bbox 2036 1432 3139 1503">
     <span class='ocr_line' id='line_1_41' title="bbox 2036 1432 3139 1503; baseline 0 -17"><span class='ocrx_word' id='word_1_285' title='bbox 2036 1436 2307 1503; x_wconf 87' lang='lat' dir='ltr'>tauquam</span> <span class='ocrx_word' id='word_1_286' title='bbox 2334 1432 2709 1503; x_wconf 85' lang='lat' dir='ltr'>periculosum</span> <span class='ocrx_word' id='word_1_287' title='bbox 2737 1432 3139 1486; x_wconf 84' lang='lat' dir='ltr'>formidabant.</span> 
     </span>
    </p>
   </div>
   <div class='ocr_carea' id='block_1_42' title="bbox 2108 1520 3726 1591">
    <p class='ocr_par' dir='ltr' id='par_1_42' title="bbox 2108 1520 3726 1591">
     <span class='ocr_line' id='line_1_42' title="bbox 2108 1520 3726 1591; baseline 0.001 -18"><span class='ocrx_word' id='word_1_288' title='bbox 2108 1522 2271 1574; x_wconf 69' lang='lat' dir='ltr'>Vens.</span> <span class='ocrx_word' id='word_1_289' title='bbox 2348 1523 2428 1575; x_wconf 86' lang='lat' dir='ltr'>l9.</span> <span class='ocrx_word' id='word_1_290' title='bbox 2489 1552 2555 1559; x_wconf 94' lang='lat'><strong><em>—</em></strong></span> <span class='ocrx_word' id='word_1_291' title='bbox 2608 1521 2790 1576; x_wconf 85' lang='lat' dir='ltr'>Omnis</span> <span class='ocrx_word' id='word_1_292' title='bbox 2858 1524 2997 1575; x_wconf 87' lang='lat' dir='ltr'>enim</span> <span class='ocrx_word' id='word_1_293' title='bbox 3073 1522 3236 1575; x_wconf 83' lang='lat' dir='ltr'>orbis.</span> <span class='ocrx_word' id='word_1_294' title='bbox 3296 1520 3509 1585; x_wconf 88' lang='lat' dir='ltr'>Quasi:</span> <span class='ocrx_word' id='word_1_295' title='bbox 3563 1521 3726 1591; x_wconf 89' lang='lat' dir='ltr'>impii</span> 
     </span>
    </p>
   </div>
   <div class='ocr_carea' id='block_1_43' title="bbox 2037 1608 3727 1680">
    <p class='ocr_par' dir='ltr' id='par_1_43' title="bbox 2037 1608 3727 1680">
     <span class='ocr_line' id='line_1_43' title="bbox 2037 1608 3727 1680; baseline 0.001 -19"><span class='ocrx_word' id='word_1_296' title='bbox 2037 1615 2199 1662; x_wconf 89' lang='lat' dir='ltr'>erant</span> <span class='ocrx_word' id='word_1_297' title='bbox 2255 1608 2316 1661; x_wconf 90' lang='lat' dir='ltr'>in</span> <span class='ocrx_word' id='word_1_298' title='bbox 2357 1608 2627 1675; x_wconf 85' lang='lat' dir='ltr'>tenebris,</span> <span class='ocrx_word' id='word_1_299' title='bbox 2693 1609 2794 1663; x_wconf 91' lang='lat' dir='ltr'>sed</span> <span class='ocrx_word' id='word_1_300' title='bbox 2855 1610 3181 1680; x_wconf 89' lang='lat' dir='ltr'>ubicunque</span> <span class='ocrx_word' id='word_1_301' title='bbox 3240 1610 3576 1664; x_wconf 77' lang='lat' dir='ltr'>habitabant</span> <span class='ocrx_word' id='word_1_302' title='bbox 3624 1610 3727 1663; x_wconf 78' lang='lat' dir='ltr'>ﬁlii</span> 
     </span>
    </p>
   </div>
   <div class='ocr_carea' id='block_1_44' title="bbox 2037 1698 2531 1763">
    <p class='ocr_par' dir='ltr' id='par_1_44' title="bbox 2037 1698 2531 1763">
     <span class='ocr_line' id='line_1_44' title="bbox 2037 1698 2531 1763; baseline 0 -12"><span class='ocrx_word' id='word_1_303' title='bbox 2037 1698 2229 1763; x_wconf 87' lang='lat' dir='ltr'>Israel,</span> <span class='ocrx_word' id='word_1_304' title='bbox 2264 1698 2358 1751; x_wconf 85' lang='lat' dir='ltr'>lux</span> <span class='ocrx_word' id='word_1_305' title='bbox 2390 1702 2531 1751; x_wconf 88' lang='lat' dir='ltr'>erat.</span> 
     </span>
    </p>
   </div>
   <div class='ocr_carea' id='block_1_45' title="bbox 2113 1786 3730 1854">
    <p class='ocr_par' dir='ltr' id='par_1_45' title="bbox 2113 1786 3730 1854">
     <span class='ocr_line' id='line_1_45' title="bbox 2113 1786 3730 1854; baseline 0.003 -17"><span class='ocrx_word' id='word_1_306' title='bbox 2113 1786 2275 1841; x_wconf 77' lang='lat' dir='ltr'>Vens.</span> <span class='ocrx_word' id='word_1_307' title='bbox 2337 1790 2424 1841; x_wconf 77' lang='lat'>20.</span> <span class='ocrx_word' id='word_1_308' title='bbox 2468 1817 2535 1825; x_wconf 92' lang='lat'><strong><em>—</em></strong></span> <span class='ocrx_word' id='word_1_309' title='bbox 2587 1788 2769 1854; x_wconf 86' lang='lat' dir='ltr'>Imago</span> <span class='ocrx_word' id='word_1_310' title='bbox 2828 1786 3185 1841; x_wconf 82' lang='lat' dir='ltr'>tenebrarum.</span> <span class='ocrx_word' id='word_1_311' title='bbox 3247 1787 3539 1841; x_wconf 88' lang='lat' dir='ltr'>Graviores</span> <span class='ocrx_word' id='word_1_312' title='bbox 3597 1792 3730 1842; x_wconf 88' lang='lat' dir='ltr'>sunt</span> 
     </span>
    </p>
   </div>
   <div class='ocr_carea' id='block_1_46' title="bbox 2042 1875 3729 1945">
    <p class='ocr_par' dir='ltr' id='par_1_46' title="bbox 2042 1875 3729 1945">
     <span class='ocr_line' id='line_1_46' title="bbox 2042 1875 3729 1945; baseline 0.001 -17"><span class='ocrx_word' id='word_1_313' title='bbox 2042 1876 2297 1929; x_wconf 59' lang='lat' dir='ltr'>tenebrae</span> <span class='ocrx_word' id='word_1_314' title='bbox 2342 1875 2665 1945; x_wconf 89' lang='lat' dir='ltr'>spirituales</span> <span class='ocrx_word' id='word_1_315' title='bbox 2714 1875 3303 1945; x_wconf 87' lang='lat' dir='ltr'>corporalibus;quia</span> <span class='ocrx_word' id='word_1_316' title='bbox 3351 1875 3567 1929; x_wconf 91' lang='lat' dir='ltr'>ducunt</span> <span class='ocrx_word' id='word_1_317' title='bbox 3631 1878 3729 1929; x_wconf 81' lang='grc' dir='ltr'>1ιο-</span> 
     </span>
    </p>
   </div>
   <div class='ocr_carea' id='block_1_47' title="bbox 2041 1963 3728 2029">
    <p class='ocr_par' dir='ltr' id='par_1_47' title="bbox 2041 1963 3728 2029">
     <span class='ocr_line' id='line_1_47' title="bbox 2041 1963 3728 2029; baseline 0 -12"><span class='ocrx_word' id='word_1_318' title='bbox 2041 1964 2223 2017; x_wconf 88' lang='lat' dir='ltr'>mines</span> <span class='ocrx_word' id='word_1_319' title='bbox 2256 1964 2325 2017; x_wconf 88' lang='lat' dir='ltr'>ad</span> <span class='ocrx_word' id='word_1_320' title='bbox 2346 1963 2657 2017; x_wconf 84' lang='lat' dir='ltr'>exteriores</span> <span class='ocrx_word' id='word_1_321' title='bbox 2690 1963 2971 2029; x_wconf 88' lang='lat' dir='ltr'>tenebras,</span> <span class='ocrx_word' id='word_1_322' title='bbox 3007 1963 3101 2016; x_wconf 90' lang='lat' dir='ltr'>ubi</span> <span class='ocrx_word' id='word_1_323' title='bbox 3133 1963 3241 2015; x_wconf 90' lang='lat' dir='ltr'>erit</span> <span class='ocrx_word' id='word_1_324' title='bbox 3272 1965 3437 2017; x_wconf 75' lang='lat' dir='ltr'>fletus</span> <span class='ocrx_word' id='word_1_325' title='bbox 3486 1969 3543 2018; x_wconf 89' lang='lat' dir='ltr'>et</span> <span class='ocrx_word' id='word_1_326' title='bbox 3599 1964 3728 2017; x_wconf 86' lang='lat' dir='ltr'>stri-</span> 
     </span>
    </p>
   </div>
   <div class='ocr_carea' id='block_1_48' title="bbox 2046 2052 3729 2122">
    <p class='ocr_par' dir='ltr' id='par_1_48' title="bbox 2046 2052 3729 2122">
     <span class='ocr_line' id='line_1_48' title="bbox 2046 2052 3729 2122; baseline -0.001 -16"><span class='ocrx_word' id='word_1_327' title='bbox 2046 2053 2148 2107; x_wconf 91' lang='lat' dir='ltr'>dor</span> <span class='ocrx_word' id='word_1_328' title='bbox 2168 2052 2443 2119; x_wconf 91' lang='lat' dir='ltr'>dentium,</span> <span class='ocrx_word' id='word_1_329' title='bbox 2481 2067 2621 2121; x_wconf 89' lang='lat' dir='ltr'>quas</span> <span class='ocrx_word' id='word_1_330' title='bbox 2675 2052 2953 2122; x_wconf 50' lang='lat' dir='ltr'>{Egyptim</span> <span class='ocrx_word' id='word_1_331' title='bbox 2999 2052 3250 2105; x_wconf 70' lang='lat' dir='ltr'>tenebrae</span> <span class='ocrx_word' id='word_1_332' title='bbox 3297 2053 3564 2122; x_wconf 83' lang='lat' dir='ltr'>ligarant.</span> <span class='ocrx_word' id='word_1_333' title='bbox 3613 2054 3729 2106; x_wconf 87' lang='lat' dir='ltr'>Sic-</span> 
     </span>
    </p>
   </div>
   <div class='ocr_carea' id='block_1_49' title="bbox 2044 2140 3735 2210">
    <p class='ocr_par' dir='ltr' id='par_1_49' title="bbox 2044 2140 3735 2210">
     <span class='ocr_line' id='line_1_49' title="bbox 2044 2140 3735 2210; baseline -0.001 -15"><span class='ocrx_word' id='word_1_334' title='bbox 2044 2144 2108 2195; x_wconf 87' lang='lat' dir='ltr'>ut</span> <span class='ocrx_word' id='word_1_335' title='bbox 2133 2140 2286 2193; x_wconf 90' lang='lat' dir='ltr'>enim</span> <span class='ocrx_word' id='word_1_336' title='bbox 2320 2156 2561 2209; x_wconf 89' lang='lat' dir='ltr'>corpora</span> <span class='ocrx_word' id='word_1_337' title='bbox 2608 2140 2690 2194; x_wconf 88' lang='lat' dir='ltr'>ibi</span> <span class='ocrx_word' id='word_1_338' title='bbox 2724 2141 2878 2194; x_wconf 89' lang='lat' dir='ltr'>nullo</span> <span class='ocrx_word' id='word_1_339' title='bbox 2904 2140 3053 2194; x_wconf 91' lang='lat' dir='ltr'>bono</span> <span class='ocrx_word' id='word_1_340' title='bbox 3084 2141 3243 2210; x_wconf 90' lang='lat' dir='ltr'>operi</span> <span class='ocrx_word' id='word_1_341' title='bbox 3300 2141 3505 2194; x_wconf 87' lang='lat' dir='ltr'>utilia:</span> <span class='ocrx_word' id='word_1_342' title='bbox 3551 2141 3628 2194; x_wconf 87' lang='lat' dir='ltr'>ita</span> <span class='ocrx_word' id='word_1_343' title='bbox 3680 2144 3735 2193; x_wconf 90' lang='lat' dir='ltr'>et</span> 
     </span>
    </p>
   </div>
   <div class='ocr_carea' id='block_1_50' title="bbox 2044 2228 3733 2299">
    <p class='ocr_par' dir='ltr' id='par_1_50' title="bbox 2044 2228 3733 2299">
     <span class='ocr_line' id='line_1_50' title="bbox 2044 2228 3733 2299; baseline -0.001 -16"><span class='ocrx_word' id='word_1_344' title='bbox 2044 2228 2136 2283; x_wconf 90' lang='lat' dir='ltr'>hic</span> <span class='ocrx_word' id='word_1_345' title='bbox 2171 2228 2379 2283; x_wconf 61' lang='lat' dir='ltr'>animai</span> <span class='ocrx_word' id='word_1_346' title='bbox 2430 2229 2600 2283; x_wconf 88' lang='lat' dir='ltr'>simul</span> <span class='ocrx_word' id='word_1_347' title='bbox 2658 2233 2713 2283; x_wconf 90' lang='lat' dir='ltr'>et</span> <span class='ocrx_word' id='word_1_348' title='bbox 2769 2245 3010 2299; x_wconf 88' lang='lat' dir='ltr'>corpora</span> <span class='ocrx_word' id='word_1_349' title='bbox 3048 2233 3262 2282; x_wconf 67' lang='lat' dir='ltr'>aeterno</span> <span class='ocrx_word' id='word_1_350' title='bbox 3304 2245 3526 2283; x_wconf 86' lang='lat' dir='ltr'>carcere</span> <span class='ocrx_word' id='word_1_351' title='bbox 3573 2229 3733 2283; x_wconf 82' lang='lat' dir='ltr'>dam-</span> 
     </span>
    </p>
   </div>
   <div class='ocr_carea' id='block_1_51' title="bbox 2046 2317 3735 2388">
    <p class='ocr_par' dir='ltr' id='par_1_51' title="bbox 2046 2317 3735 2388">
     <span class='ocr_line' id='line_1_51' title="bbox 2046 2317 3735 2388; baseline -0.001 -16"><span class='ocrx_word' id='word_1_352' title='bbox 2046 2324 2290 2382; x_wconf 84' lang='lat' dir='ltr'>nantur;</span> <span class='ocrx_word' id='word_1_353' title='bbox 2347 2318 2445 2372; x_wconf 91' lang='lat' dir='ltr'>ubi</span> <span class='ocrx_word' id='word_1_354' title='bbox 2478 2334 2581 2372; x_wconf 91' lang='lat' dir='ltr'>nec</span> <span class='ocrx_word' id='word_1_355' title='bbox 2643 2317 2806 2383; x_wconf 87' lang='lat' dir='ltr'>ratio,</span> <span class='ocrx_word' id='word_1_356' title='bbox 2852 2334 2955 2371; x_wconf 90' lang='lat' dir='ltr'>nec</span> <span class='ocrx_word' id='word_1_357' title='bbox 3000 2318 3177 2386; x_wconf 84' lang='lat' dir='ltr'>locus,</span> <span class='ocrx_word' id='word_1_358' title='bbox 3232 2334 3335 2372; x_wconf 90' lang='lat' dir='ltr'>nec</span> <span class='ocrx_word' id='word_1_359' title='bbox 3370 2322 3593 2388; x_wconf 87' lang='lat' dir='ltr'>tempus</span> <span class='ocrx_word' id='word_1_360' title='bbox 3651 2324 3735 2372; x_wconf 86' lang='lat' dir='ltr'>est</span> 
     </span>
    </p>
   </div>
   <div class='ocr_carea' id='block_1_52' title="bbox 2048 2406 2342 2477">
    <p class='ocr_par' dir='ltr' id='par_1_52' title="bbox 2048 2406 2342 2477">
     <span class='ocr_line' id='line_1_52' title="bbox 2048 2406 2342 2477; baseline 0.003 -18"><span class='ocrx_word' id='word_1_361' title='bbox 2048 2406 2342 2477; x_wconf 89' lang='lat' dir='ltr'>operandi.</span> 
     </span>
    </p>
   </div>
   <div class='ocr_carea' id='block_1_53' title="bbox 2668 2477 3102 2531">
    <p class='ocr_par' dir='ltr' id='par_1_53' title="bbox 2668 2477 3102 2531">
     <span class='ocr_line' id='line_1_53' title="bbox 2668 2477 3102 2531; baseline -0.002 0"><span class='ocrx_word' id='word_1_362' title='bbox 2668 2478 2891 2531; x_wconf 74' lang='lat' dir='ltr'>CAPUT</span> <span class='ocrx_word' id='word_1_363' title='bbox 2920 2477 3102 2531; x_wconf 78' lang='lat' dir='ltr'>XVIII.</span> 
     </span>
    </p>
   </div>
   <div class='ocr_carea' id='block_1_54' title="bbox 2122 2580 3726 2652">
    <p class='ocr_par' dir='ltr' id='par_1_54' title="bbox 2122 2580 3726 2652">
     <span class='ocr_line' id='line_1_54' title="bbox 2122 2580 3726 2652; baseline -0.001 -18"><span class='ocrx_word' id='word_1_364' title='bbox 2122 2585 2279 2637; x_wconf 72' lang='lat' dir='ltr'>Vens.</span> <span class='ocrx_word' id='word_1_365' title='bbox 2337 2588 2379 2637; x_wconf 90' lang='lat' dir='ltr'>t.</span> <span class='ocrx_word' id='word_1_366' title='bbox 2440 2612 2507 2622; x_wconf 88' lang='lat'><strong>—</strong></span> <span class='ocrx_word' id='word_1_367' title='bbox 2566 2584 2781 2638; x_wconf 84' lang='lat' dir='ltr'>Sanctis</span> <span class='ocrx_word' id='word_1_368' title='bbox 2821 2589 2997 2638; x_wconf 88' lang='lat' dir='ltr'>autem</span> <span class='ocrx_word' id='word_1_369' title='bbox 3048 2586 3173 2636; x_wconf 84' lang='lat' dir='ltr'>tuis.</span> <span class='ocrx_word' id='word_1_370' title='bbox 3220 2582 3398 2652; x_wconf 66' lang='grc' dir='ltr'>(ΗΑΒ.)</span> <span class='ocrx_word' id='word_1_371' title='bbox 3454 2580 3726 2635; x_wconf 69' lang='grc' dir='ltr'>Ιδτειθιίιιε</span> 
     </span>
    </p>
   </div>
   <div class='ocr_carea' id='block_1_55' title="bbox 2045 2670 3730 2749">
    <p class='ocr_par' dir='ltr' id='par_1_55' title="bbox 2045 2670 3730 2749">
     <span class='ocr_line' id='line_1_55' title="bbox 2045 2670 3730 2749; baseline -0.002 -23"><span class='ocrx_word' id='word_1_372' title='bbox 2045 2672 2103 2726; x_wconf 89' lang='lat' dir='ltr'>in</span> <span class='ocrx_word' id='word_1_373' title='bbox 2132 2674 2388 2742; x_wconf 65' lang='lat' dir='ltr'>rEgypto,</span> <span class='ocrx_word' id='word_1_374' title='bbox 2421 2677 2553 2740; x_wconf 89' lang='lat' dir='ltr'>etc.,</span> <span class='ocrx_word' id='word_1_375' title='bbox 2602 2688 2768 2741; x_wconf 86' lang='lat' dir='ltr'>usque</span> <span class='ocrx_word' id='word_1_376' title='bbox 2798 2672 2872 2725; x_wconf 80' lang='lat' dir='ltr'>ad</span> <span class='ocrx_word' id='word_1_377' title='bbox 2902 2671 2961 2724; x_wconf 92' lang='lat' dir='ltr'>in</span> <span class='ocrx_word' id='word_1_378' title='bbox 2994 2671 3284 2749; x_wconf 82' lang='lat' dir='ltr'>prosperis</span> <span class='ocrx_word' id='word_1_379' title='bbox 3316 2676 3374 2724; x_wconf 92' lang='lat' dir='ltr'>et</span> <span class='ocrx_word' id='word_1_380' title='bbox 3418 2671 3477 2724; x_wconf 91' lang='lat' dir='ltr'>in</span> <span class='ocrx_word' id='word_1_381' title='bbox 3529 2670 3730 2723; x_wconf 87' lang='lat' dir='ltr'>adver-</span> 
     </span>
    </p>
   </div>
   <div class='ocr_carea' id='block_1_56' title="bbox 2052 2760 2414 2831">
    <p class='ocr_par' dir='ltr' id='par_1_56' title="bbox 2052 2760 2414 2831">
     <span class='ocr_line' id='line_1_56' title="bbox 2052 2760 2414 2831; baseline -0.003 -18"><span class='ocrx_word' id='word_1_382' title='bbox 2052 2762 2126 2813; x_wconf 90' lang='lat' dir='ltr'>sis</span> <span class='ocrx_word' id='word_1_383' title='bbox 2146 2760 2414 2831; x_wconf 80' lang='lat' dir='ltr'>protegit.</span> 
     </span>
    </p>
   </div>
   <div class='ocr_carea' id='block_1_57' title="bbox 2120 2845 3737 2915">
    <p class='ocr_par' dir='ltr' id='par_1_57' title="bbox 2120 2845 3737 2915">
     <span class='ocr_line' id='line_1_57' title="bbox 2120 2845 3737 2915; baseline 0.001 -16"><span class='ocrx_word' id='word_1_384' title='bbox 2120 2849 2276 2901; x_wconf 79' lang='lat' dir='ltr'>Vens.</span> <span class='ocrx_word' id='word_1_385' title='bbox 2309 2855 2355 2899; x_wconf 74' lang='grc'>4.</span> <span class='ocrx_word' id='word_1_386' title='bbox 2392 2879 2459 2886; x_wconf 89' lang='grc'><strong><em>-</em></strong></span> <span class='ocrx_word' id='word_1_387' title='bbox 2486 2849 2649 2915; x_wconf 80' lang='lat' dir='ltr'>Digni</span> <span class='ocrx_word' id='word_1_388' title='bbox 2675 2847 2910 2915; x_wconf 83' lang='lat' dir='ltr'>quidem,</span> <span class='ocrx_word' id='word_1_389' title='bbox 2944 2852 3047 2900; x_wconf 91' lang='lat' dir='ltr'>etc.</span> <span class='ocrx_word' id='word_1_390' title='bbox 3082 2848 3265 2915; x_wconf 70' lang='grc' dir='ltr'>(ΗΑΒ.)</span> <span class='ocrx_word' id='word_1_391' title='bbox 3298 2845 3515 2900; x_wconf 87' lang='lat' dir='ltr'>Meritio</span> <span class='ocrx_word' id='word_1_392' title='bbox 3569 2847 3737 2915; x_wconf 52' lang='lat' dir='ltr'>{Egy-</span> 
     </span>
    </p>
   </div>
   <div class='ocr_carea' id='block_1_58' title="bbox 2050 2932 3739 3008">
    <p class='ocr_par' dir='ltr' id='par_1_58' title="bbox 2050 2932 3739 3008">
     <span class='ocr_line' id='line_1_58' title="bbox 2050 2932 3739 3008; baseline -0.004 -17"><span class='ocrx_word' id='word_1_393' title='bbox 2050 2937 2154 3008; x_wconf 92' lang='lat' dir='ltr'>ptii</span> <span class='ocrx_word' id='word_1_394' title='bbox 2185 2937 2548 2991; x_wconf 87' lang='lat' dir='ltr'>tenebrarum</span> <span class='ocrx_word' id='word_1_395' title='bbox 2582 2951 2809 3007; x_wconf 69' lang='lat' dir='ltr'>poenam</span> <span class='ocrx_word' id='word_1_396' title='bbox 2849 2934 3232 3006; x_wconf 88' lang='lat' dir='ltr'>patiebantur,</span> <span class='ocrx_word' id='word_1_397' title='bbox 3277 2939 3417 2998; x_wconf 88' lang='lat' dir='ltr'>etc.,</span> <span class='ocrx_word' id='word_1_398' title='bbox 3469 2948 3637 3002; x_wconf 88' lang='lat' dir='ltr'>usque</span> <span class='ocrx_word' id='word_1_399' title='bbox 3666 2932 3739 2985; x_wconf 82' lang='lat' dir='ltr'>ad</span> 
     </span>
    </p>
   </div>
   <div class='ocr_carea' id='block_1_59' title="bbox 320 3022 3742 3095">
    <p class='ocr_par' dir='ltr' id='par_1_59' title="bbox 320 3022 3742 3095">
     <span class='ocr_line' id='line_1_59' title="bbox 320 3022 3742 3095; baseline -0 -20"><span class='ocrx_word' id='word_1_400' title='bbox 320 3024 481 3076; x_wconf 74' lang='lat' dir='ltr'>Vens.</span> <span class='ocrx_word' id='word_1_401' title='bbox 512 3024 565 3078; x_wconf 75' lang='grc'>4.</span> <span class='ocrx_word' id='word_1_402' title='bbox 608 3052 663 3063; x_wconf 88' lang='grc'><strong><em>-</em></strong></span> <span class='ocrx_word' id='word_1_403' title='bbox 718 3026 900 3094; x_wconf 85' lang='lat' dir='ltr'>Neque</span> <span class='ocrx_word' id='word_1_404' title='bbox 941 3028 1107 3079; x_wconf 89' lang='lat' dir='ltr'>enim.</span> <span class='ocrx_word' id='word_1_405' title='bbox 1174 3025 1411 3095; x_wconf 86' lang='lat' dir='ltr'>Semper</span> <span class='ocrx_word' id='word_1_406' title='bbox 1467 3024 1621 3079; x_wconf 90' lang='lat' dir='ltr'>enim</span> <span class='ocrx_word' id='word_1_407' title='bbox 1677 3026 1939 3079; x_wconf 87' lang='lat' dir='ltr'>tenebras</span> <span class='ocrx_word' id='word_1_408' title='bbox 1972 3030 2012 3084; x_wconf 88' lang='lat' dir='ltr'>C</span> <span class='ocrx_word' id='word_1_409' title='bbox 2052 3026 2212 3095; x_wconf 86' lang='lat' dir='ltr'>cujus</span> <span class='ocrx_word' id='word_1_410' title='bbox 2245 3025 2495 3095; x_wconf 89' lang='lat' dir='ltr'>mysterii</span> <span class='ocrx_word' id='word_1_411' title='bbox 2531 3026 2673 3077; x_wconf 89' lang='lat' dir='ltr'>ratio</span> <span class='ocrx_word' id='word_1_412' title='bbox 2706 3025 2763 3077; x_wconf 91' lang='lat' dir='ltr'>in</span> <span class='ocrx_word' id='word_1_413' title='bbox 2795 3024 3045 3094; x_wconf 88' lang='lat' dir='ltr'>antiquis</span> <span class='ocrx_word' id='word_1_414' title='bbox 3086 3023 3341 3094; x_wconf 88' lang='lat' dir='ltr'>patribus</span> <span class='ocrx_word' id='word_1_415' title='bbox 3368 3022 3634 3093; x_wconf 81' lang='lat' dir='ltr'>ﬁgurata,</span> <span class='ocrx_word' id='word_1_416' title='bbox 3684 3026 3742 3074; x_wconf 87' lang='lat' dir='ltr'>et</span> 
     </span>
    </p>
   </div>
   <div class='ocr_carea' id='block_1_60' title="bbox 247 3110 1939 3182">
    <p class='ocr_par' dir='ltr' id='par_1_60' title="bbox 247 3110 1939 3182">
     <span class='ocr_line' id='line_1_60' title="bbox 247 3110 1939 3182; baseline 0.001 -19"><span class='ocrx_word' id='word_1_417' title='bbox 247 3110 557 3164; x_wconf 86' lang='lat' dir='ltr'>comitatur</span> <span class='ocrx_word' id='word_1_418' title='bbox 586 3110 834 3165; x_wconf 87' lang='lat' dir='ltr'>horror:</span> <span class='ocrx_word' id='word_1_419' title='bbox 880 3116 936 3164; x_wconf 88' lang='lat' dir='ltr'>et</span> <span class='ocrx_word' id='word_1_420' title='bbox 965 3116 1178 3182; x_wconf 90' lang='lat' dir='ltr'>quanto</span> <span class='ocrx_word' id='word_1_421' title='bbox 1226 3113 1418 3165; x_wconf 90' lang='lat' dir='ltr'>minus</span> <span class='ocrx_word' id='word_1_422' title='bbox 1465 3111 1735 3166; x_wconf 87' lang='lat' dir='ltr'>discernit</span> <span class='ocrx_word' id='word_1_423' title='bbox 1786 3113 1939 3182; x_wconf 89' lang='lat' dir='ltr'>quis,</span> 
     </span>
    </p>
   </div>
   <div class='ocr_carea' id='block_1_61' title="bbox 249 3198 1941 3271">
    <p class='ocr_par' dir='ltr' id='par_1_61' title="bbox 249 3198 1941 3271">
     <span class='ocr_line' id='line_1_61' title="bbox 249 3198 1941 3271; baseline 0.003 -22"><span class='ocrx_word' id='word_1_424' title='bbox 249 3214 379 3268; x_wconf 64' lang='lat' dir='ltr'>qua?</span> <span class='ocrx_word' id='word_1_425' title='bbox 401 3198 548 3252; x_wconf 86' lang='lat' dir='ltr'>circa</span> <span class='ocrx_word' id='word_1_426' title='bbox 572 3215 631 3251; x_wconf 89' lang='lat' dir='ltr'>se</span> <span class='ocrx_word' id='word_1_427' title='bbox 654 3204 806 3263; x_wconf 90' lang='lat' dir='ltr'>sunt,</span> <span class='ocrx_word' id='word_1_428' title='bbox 841 3203 996 3252; x_wconf 90' lang='lat' dir='ltr'>tanto</span> <span class='ocrx_word' id='word_1_429' title='bbox 1038 3199 1221 3270; x_wconf 90' lang='lat' dir='ltr'>magis</span> <span class='ocrx_word' id='word_1_430' title='bbox 1284 3200 1502 3267; x_wconf 85' lang='lat' dir='ltr'>metuit,</span> <span class='ocrx_word' id='word_1_431' title='bbox 1536 3200 1789 3271; x_wconf 90' lang='lat' dir='ltr'>undique</span> <span class='ocrx_word' id='word_1_432' title='bbox 1838 3201 1941 3254; x_wconf 91' lang='lat' dir='ltr'>ad-</span> 
     </span>
    </p>
   </div>
   <div class='ocr_carea' id='block_1_62' title="bbox 250 3288 1939 3359">
    <p class='ocr_par' dir='ltr' id='par_1_62' title="bbox 250 3288 1939 3359">
     <span class='ocr_line' id='line_1_62' title="bbox 250 3288 1939 3359; baseline 0.003 -22"><span class='ocrx_word' id='word_1_433' title='bbox 250 3303 411 3340; x_wconf 78' lang='lat' dir='ltr'>versa</span> <span class='ocrx_word' id='word_1_434' title='bbox 438 3288 712 3357; x_wconf 84' lang='lat' dir='ltr'>pavitans.</span> <span class='ocrx_word' id='word_1_435' title='bbox 775 3288 865 3343; x_wconf 89' lang='lat' dir='ltr'>Sic</span> <span class='ocrx_word' id='word_1_436' title='bbox 920 3288 1165 3359; x_wconf 67' lang='lat' dir='ltr'>:Egyptii</span> <span class='ocrx_word' id='word_1_437' title='bbox 1208 3289 1392 3343; x_wconf 90' lang='lat' dir='ltr'>triduo</span> <span class='ocrx_word' id='word_1_438' title='bbox 1451 3288 1725 3343; x_wconf 78' lang='lat' dir='ltr'>maximas</span> <span class='ocrx_word' id='word_1_439' title='bbox 1783 3294 1939 3343; x_wconf 89' lang='lat' dir='ltr'>tene-</span> 
     </span>
    </p>
   </div>
   <div class='ocr_carea' id='block_1_63' title="bbox 250 3375 1943 3448">
    <p class='ocr_par' dir='ltr' id='par_1_63' title="bbox 250 3375 1943 3448">
     <span class='ocr_line' id='line_1_63' title="bbox 250 3375 1943 3448; baseline 0.001 -19"><span class='ocrx_word' id='word_1_440' title='bbox 250 3376 379 3429; x_wconf 90' lang='lat' dir='ltr'>bras</span> <span class='ocrx_word' id='word_1_441' title='bbox 412 3375 796 3444; x_wconf 88' lang='lat' dir='ltr'>patiebantur,</span> <span class='ocrx_word' id='word_1_442' title='bbox 827 3393 967 3447; x_wconf 87' lang='lat' dir='ltr'>quas</span> <span class='ocrx_word' id='word_1_443' title='bbox 1000 3393 1103 3431; x_wconf 90' lang='lat' dir='ltr'>nec</span> <span class='ocrx_word' id='word_1_444' title='bbox 1139 3379 1244 3442; x_wconf 91' lang='lat' dir='ltr'>sol,</span> <span class='ocrx_word' id='word_1_445' title='bbox 1301 3394 1405 3432; x_wconf 90' lang='lat' dir='ltr'>nec</span> <span class='ocrx_word' id='word_1_446' title='bbox 1453 3378 1631 3431; x_wconf 61' lang='lat' dir='ltr'>stellae</span> <span class='ocrx_word' id='word_1_447' title='bbox 1678 3382 1943 3448; x_wconf 88' lang='lat' dir='ltr'>poterant</span> 
     </span>
    </p>
   </div>
   <div class='ocr_carea' id='block_1_64' title="bbox 250 3465 1942 3538">
    <p class='ocr_par' dir='ltr' id='par_1_64' title="bbox 250 3465 1942 3538">
     <span class='ocr_line' id='line_1_64' title="bbox 250 3465 1942 3538; baseline 0.001 -20"><span class='ocrx_word' id='word_1_448' title='bbox 250 3465 1322 3537; x_wconf 86' lang='lat' dir='ltr'>illuminare,etubicunquejacebant,</span> <span class='ocrx_word' id='word_1_449' title='bbox 1373 3466 1551 3520; x_wconf 89' lang='lat' dir='ltr'>nimio</span> <span class='ocrx_word' id='word_1_450' title='bbox 1594 3471 1811 3520; x_wconf 89' lang='lat' dir='ltr'>terrore</span> <span class='ocrx_word' id='word_1_451' title='bbox 1842 3482 1942 3538; x_wconf 89' lang='lat' dir='ltr'>pa-</span> 
     </span>
    </p>
   </div>
   <div class='ocr_carea' id='block_1_65' title="bbox 253 3554 1937 3625">
    <p class='ocr_par' dir='ltr' id='par_1_65' title="bbox 253 3554 1937 3625">
     <span class='ocr_line' id='line_1_65' title="bbox 253 3554 1937 3625; baseline 0.001 -20"><span class='ocrx_word' id='word_1_452' title='bbox 253 3554 491 3619; x_wconf 76' lang='lat' dir='ltr'>vebant;</span> <span class='ocrx_word' id='word_1_453' title='bbox 527 3554 681 3625; x_wconf 91' lang='lat' dir='ltr'>quod</span> <span class='ocrx_word' id='word_1_454' title='bbox 711 3560 905 3608; x_wconf 90' lang='lat' dir='ltr'>autem</span> <span class='ocrx_word' id='word_1_455' title='bbox 939 3554 1092 3608; x_wconf 89' lang='lat' dir='ltr'>dicit.</span> <span class='ocrx_word' id='word_1_456' title='bbox 1130 3557 1329 3610; x_wconf 81' lang='lat' dir='ltr'>Tristes</span> <span class='ocrx_word' id='word_1_457' title='bbox 1361 3571 1619 3625; x_wconf 70' lang='lat' dir='ltr'>personas</span> <span class='ocrx_word' id='word_1_458' title='bbox 1668 3571 1765 3609; x_wconf 91' lang='lat' dir='ltr'>eos</span> <span class='ocrx_word' id='word_1_459' title='bbox 1823 3560 1937 3609; x_wconf 87' lang='lat' dir='ltr'>ter-</span> 
     </span>
    </p>
   </div>
   <div class='ocr_carea' id='block_1_66' title="bbox 254 3642 1945 3714">
    <p class='ocr_par' dir='ltr' id='par_1_66' title="bbox 254 3642 1945 3714">
     <span class='ocr_line' id='line_1_66' title="bbox 254 3642 1945 3714; baseline 0.001 -19"><span class='ocrx_word' id='word_1_460' title='bbox 254 3642 455 3709; x_wconf 90' lang='lat' dir='ltr'>ruisse,</span> <span class='ocrx_word' id='word_1_461' title='bbox 488 3644 672 3713; x_wconf 87' lang='lat' dir='ltr'>potuit</span> <span class='ocrx_word' id='word_1_462' title='bbox 701 3643 849 3708; x_wconf 83' lang='lat' dir='ltr'>ﬁeri,</span> <span class='ocrx_word' id='word_1_463' title='bbox 878 3648 941 3697; x_wconf 87' lang='lat' dir='ltr'>ut</span> <span class='ocrx_word' id='word_1_464' title='bbox 966 3644 1257 3697; x_wconf 65' lang='lat' dir='ltr'>daamones</span> <span class='ocrx_word' id='word_1_465' title='bbox 1293 3643 1486 3713; x_wconf 89' lang='lat' dir='ltr'>aliqua</span> <span class='ocrx_word' id='word_1_466' title='bbox 1543 3644 1945 3714; x_wconf 85' lang='lat' dir='ltr'>phantasmata</span> 
     </span>
    </p>
   </div>
   <div class='ocr_carea' id='block_1_67' title="bbox 254 3728 1950 3802">
    <p class='ocr_par' dir='ltr' id='par_1_67' title="bbox 254 3728 1950 3802">
     <span class='ocr_line' id='line_1_67' title="bbox 254 3728 1950 3802; baseline 0.002 -20"><span class='ocrx_word' id='word_1_467' title='bbox 254 3728 603 3799; x_wconf 82' lang='lat' dir='ltr'>ingererent,</span> <span class='ocrx_word' id='word_1_468' title='bbox 638 3730 736 3802; x_wconf 89' lang='lat' dir='ltr'>qui</span> <span class='ocrx_word' id='word_1_469' title='bbox 768 3748 865 3785; x_wconf 89' lang='lat' dir='ltr'>eos</span> <span class='ocrx_word' id='word_1_470' title='bbox 890 3732 963 3785; x_wconf 87' lang='lat' dir='ltr'>ad</span> <span class='ocrx_word' id='word_1_471' title='bbox 988 3736 1365 3801; x_wconf 88' lang='lat' dir='ltr'>augmentum</span> <span class='ocrx_word' id='word_1_472' title='bbox 1415 3748 1714 3802; x_wconf 77' lang='lat' dir='ltr'>poenarum</span> <span class='ocrx_word' id='word_1_473' title='bbox 1766 3737 1950 3785; x_wconf 81' lang='lat' dir='ltr'>exter-</span> 
     </span>
    </p>
   </div>
   <div class='ocr_carea' id='block_1_68' title="bbox 255 3819 1945 3890">
    <p class='ocr_par' dir='ltr' id='par_1_68' title="bbox 255 3819 1945 3890">
     <span class='ocr_line' id='line_1_68' title="bbox 255 3819 1945 3890; baseline 0.001 -19"><span class='ocrx_word' id='word_1_474' title='bbox 255 3824 468 3872; x_wconf 90' lang='lat' dir='ltr'>rerent.</span> <span class='ocrx_word' id='word_1_475' title='bbox 507 3821 900 3873; x_wconf 88' lang='lat' dir='ltr'>Persecutores</span> <span class='ocrx_word' id='word_1_476' title='bbox 948 3835 1176 3890; x_wconf 91' lang='lat' dir='ltr'>quoque</span> <span class='ocrx_word' id='word_1_477' title='bbox 1206 3819 1340 3873; x_wconf 90' lang='lat' dir='ltr'>ﬁdei</span> <span class='ocrx_word' id='word_1_478' title='bbox 1400 3825 1455 3872; x_wconf 91' lang='lat' dir='ltr'>et</span> <span class='ocrx_word' id='word_1_479' title='bbox 1512 3820 1781 3886; x_wconf 88' lang='lat' dir='ltr'>veritatis,</span> <span class='ocrx_word' id='word_1_480' title='bbox 1844 3821 1945 3873; x_wconf 87' lang='lat' dir='ltr'>cir-</span> 
     </span>
    </p>
   </div>
   <div class='ocr_carea' id='block_1_69' title="bbox 255 3906 1948 3978">
    <p class='ocr_par' dir='ltr' id='par_1_69' title="bbox 255 3906 1948 3978">
     <span class='ocr_line' id='line_1_69' title="bbox 255 3906 1948 3978; baseline 0 -17"><span class='ocrx_word' id='word_1_481' title='bbox 255 3906 530 3961; x_wconf 87' lang='lat' dir='ltr'>cumdant</span> <span class='ocrx_word' id='word_1_482' title='bbox 556 3908 803 3961; x_wconf 65' lang='lat' dir='ltr'>tenebrae</span> <span class='ocrx_word' id='word_1_483' title='bbox 835 3914 1223 3978; x_wconf 87' lang='lat' dir='ltr'>peccatorum,</span> <span class='ocrx_word' id='word_1_484' title='bbox 1260 3907 1395 3978; x_wconf 85' lang='lat' dir='ltr'>quia</span> <span class='ocrx_word' id='word_1_485' title='bbox 1454 3907 1724 3976; x_wconf 88' lang='lat' dir='ltr'>ignorant</span> <span class='ocrx_word' id='word_1_486' title='bbox 1768 3909 1948 3962; x_wconf 87' lang='lat' dir='ltr'>solem</span> 
     </span>
    </p>
   </div>
   <div class='ocr_carea' id='block_1_70' title="bbox 248 3994 1951 4065">
    <p class='ocr_par' dir='ltr' id='par_1_70' title="bbox 248 3994 1951 4065">
     <span class='ocr_line' id='line_1_70' title="bbox 248 3994 1951 4065; baseline 0.001 -18"><span class='ocrx_word' id='word_1_487' title='bbox 248 3994 514 4065; x_wconf 68' lang='lat' dir='ltr'>justitize,</span> <span class='ocrx_word' id='word_1_488' title='bbox 544 4011 646 4049; x_wconf 89' lang='lat' dir='ltr'>nec</span> <span class='ocrx_word' id='word_1_489' title='bbox 699 3995 1101 4065; x_wconf 64' lang='lat' dir='ltr'>praedicatores</span> <span class='ocrx_word' id='word_1_490' title='bbox 1130 3995 1415 4048; x_wconf 88' lang='lat' dir='ltr'>illustrant</span> <span class='ocrx_word' id='word_1_491' title='bbox 1447 4012 1541 4049; x_wconf 88' lang='lat' dir='ltr'>eos</span> <span class='ocrx_word' id='word_1_492' title='bbox 1578 3996 1800 4065; x_wconf 80' lang='lat' dir='ltr'>fulgore</span> <span class='ocrx_word' id='word_1_493' title='bbox 1855 3996 1951 4049; x_wconf 87' lang='lat' dir='ltr'>do-</span> 
     </span>
    </p>
   </div>
   <div class='ocr_carea' id='block_1_71' title="bbox 258 4082 1949 4149">
    <p class='ocr_par' dir='ltr' id='par_1_71' title="bbox 258 4082 1949 4149">
     <span class='ocr_line' id='line_1_71' title="bbox 258 4082 1949 4149; baseline 0.001 -13"><span class='ocrx_word' id='word_1_494' title='bbox 258 4084 479 4137; x_wconf 69' lang='lat' dir='ltr'>ctrinae.</span> <span class='ocrx_word' id='word_1_495' title='bbox 514 4085 623 4137; x_wconf 86' lang='lat' dir='ltr'>Hos</span> <span class='ocrx_word' id='word_1_496' title='bbox 654 4084 825 4138; x_wconf 87' lang='lat' dir='ltr'>etiam</span> <span class='ocrx_word' id='word_1_497' title='bbox 852 4087 1057 4138; x_wconf 85' lang='lat' dir='ltr'>sonitus</span> <span class='ocrx_word' id='word_1_498' title='bbox 1117 4084 1458 4149; x_wconf 81' lang='lat' dir='ltr'>descendens,</span> <span class='ocrx_word' id='word_1_499' title='bbox 1490 4083 1547 4137; x_wconf 92' lang='lat' dir='ltr'>id</span> <span class='ocrx_word' id='word_1_500' title='bbox 1578 4088 1662 4137; x_wconf 90' lang='lat' dir='ltr'>est</span> <span class='ocrx_word' id='word_1_501' title='bbox 1711 4082 1949 4137; x_wconf 88' lang='lat' dir='ltr'>commi-</span> 
     </span>
    </p>
   </div>
   <div class='ocr_carea' id='block_1_72' title="bbox 260 4172 1951 4243">
    <p class='ocr_par' dir='ltr' id='par_1_72' title="bbox 260 4172 1951 4243">
     <span class='ocr_line' id='line_1_72' title="bbox 260 4172 1951 4243; baseline 0 -19"><span class='ocrx_word' id='word_1_502' title='bbox 260 4172 414 4225; x_wconf 84' lang='lat' dir='ltr'>natio</span> <span class='ocrx_word' id='word_1_503' title='bbox 445 4173 688 4226; x_wconf 72' lang='lat' dir='ltr'>ccelestis</span> <span class='ocrx_word' id='word_1_504' title='bbox 719 4173 1036 4243; x_wconf 86' lang='lat' dir='ltr'>perturbat,</span> <span class='ocrx_word' id='word_1_505' title='bbox 1099 4179 1153 4225; x_wconf 89' lang='lat' dir='ltr'>et</span> <span class='ocrx_word' id='word_1_506' title='bbox 1209 4188 1447 4241; x_wconf 68' lang='lat' dir='ltr'>personae</span> <span class='ocrx_word' id='word_1_507' title='bbox 1503 4174 1706 4238; x_wconf 81' lang='lat' dir='ltr'>tristes,</span> <span class='ocrx_word' id='word_1_508' title='bbox 1754 4172 1809 4226; x_wconf 94' lang='lat' dir='ltr'>id</span> <span class='ocrx_word' id='word_1_509' title='bbox 1868 4176 1951 4225; x_wconf 89' lang='lat' dir='ltr'>est</span> 
     </span>
    </p>
   </div>
   <div class='ocr_carea' id='block_1_73' title="bbox 256 4260 1941 4332">
    <p class='ocr_par' dir='ltr' id='par_1_73' title="bbox 256 4260 1941 4332">
     <span class='ocr_line' id='line_1_73' title="bbox 256 4260 1941 4332; baseline 0 -19"><span class='ocrx_word' id='word_1_510' title='bbox 256 4260 569 4325; x_wconf 69' lang='lat' dir='ltr'>diemones,</span> <span class='ocrx_word' id='word_1_511' title='bbox 601 4261 945 4332; x_wconf 89' lang='lat' dir='ltr'>quandoque</span> <span class='ocrx_word' id='word_1_512' title='bbox 984 4268 1139 4316; x_wconf 88' lang='lat' dir='ltr'>tortu</span> <span class='ocrx_word' id='word_1_513' title='bbox 1184 4261 1527 4326; x_wconf 86' lang='lat' dir='ltr'>terriﬁcant;</span> <span class='ocrx_word' id='word_1_514' title='bbox 1592 4278 1693 4315; x_wconf 92' lang='lat' dir='ltr'>nec</span> <span class='ocrx_word' id='word_1_515' title='bbox 1752 4266 1941 4314; x_wconf 90' lang='lat' dir='ltr'>tamen</span> 
     </span>
    </p>
   </div>
   <div class='ocr_carea' id='block_1_74' title="bbox 254 4350 1947 4422">
    <p class='ocr_par' dir='ltr' id='par_1_74' title="bbox 254 4350 1947 4422">
     <span class='ocr_line' id='line_1_74' title="bbox 254 4350 1947 4422; baseline 0.001 -21"><span class='ocrx_word' id='word_1_516' title='bbox 254 4350 745 4418; x_wconf 81' lang='lat' dir='ltr'>aguntt‘ructuose</span> <span class='ocrx_word' id='word_1_517' title='bbox 777 4350 1175 4420; x_wconf 80' lang='lat' dir='ltr'>paenitentiam</span> <span class='ocrx_word' id='word_1_518' title='bbox 1209 4366 1221 4403; x_wconf 91' lang='lat'>:</span> <span class='ocrx_word' id='word_1_519' title='bbox 1270 4351 1369 4404; x_wconf 91' lang='lat' dir='ltr'>sed</span> <span class='ocrx_word' id='word_1_520' title='bbox 1423 4350 1786 4422; x_wconf 89' lang='lat' dir='ltr'>desperantes</span> <span class='ocrx_word' id='word_1_521' title='bbox 1827 4350 1947 4403; x_wconf 83' lang='lat' dir='ltr'>the-</span> 
     </span>
    </p>
   </div>
   <div class='ocr_carea' id='block_1_75' title="bbox 256 4436 1326 4509">
    <p class='ocr_par' dir='ltr' id='par_1_75' title="bbox 256 4436 1326 4509">
     <span class='ocr_line' id='line_1_75' title="bbox 256 4436 1326 4509; baseline 0.003 -21"><span class='ocrx_word' id='word_1_522' title='bbox 256 4436 549 4491; x_wconf 88' lang='lat' dir='ltr'>saurizant</span> <span class='ocrx_word' id='word_1_523' title='bbox 578 4438 686 4492; x_wconf 91' lang='lat' dir='ltr'>sibi</span> <span class='ocrx_word' id='word_1_524' title='bbox 717 4438 863 4493; x_wconf 89' lang='lat' dir='ltr'>iram</span> <span class='ocrx_word' id='word_1_525' title='bbox 896 4439 955 4492; x_wconf 91' lang='lat' dir='ltr'>in</span> <span class='ocrx_word' id='word_1_526' title='bbox 987 4440 1078 4493; x_wconf 89' lang='lat' dir='ltr'>die</span> <span class='ocrx_word' id='word_1_527' title='bbox 1105 4439 1326 4509; x_wconf 86' lang='lat' dir='ltr'>judicii.</span> 
     </span>
    </p>
   </div>
   <div class='ocr_carea' id='block_1_76' title="bbox 333 4525 1950 4597">
    <p class='ocr_par' dir='ltr' id='par_1_76' title="bbox 333 4525 1950 4597">
     <span class='ocr_line' id='line_1_76' title="bbox 333 4525 1950 4597; baseline 0.001 -20"><span class='ocrx_word' id='word_1_528' title='bbox 333 4527 493 4581; x_wconf 73' lang='lat' dir='ltr'>Vens.</span> <span class='ocrx_word' id='word_1_529' title='bbox 552 4530 602 4580; x_wconf 85' lang='lat'>6.</span> <span class='ocrx_word' id='word_1_530' title='bbox 650 4558 713 4566; x_wconf 91' lang='lat'><strong>—</strong></span> <span class='ocrx_word' id='word_1_531' title='bbox 774 4530 951 4581; x_wconf 80' lang='lat' dir='ltr'>Timor</span> <span class='ocrx_word' id='word_1_532' title='bbox 996 4529 1206 4595; x_wconf 84' lang='lat' dir='ltr'>plenus.</span> <span class='ocrx_word' id='word_1_533' title='bbox 1267 4527 1411 4591; x_wconf 86' lang='lat' dir='ltr'>Quia</span> <span class='ocrx_word' id='word_1_534' title='bbox 1457 4525 1710 4597; x_wconf 90' lang='lat' dir='ltr'>undique</span> <span class='ocrx_word' id='word_1_535' title='bbox 1755 4542 1950 4595; x_wconf 79' lang='lat' dir='ltr'>poenas</span> 
     </span>
    </p>
   </div>
   <div class='ocr_carea' id='block_1_77' title="bbox 253 4614 1947 4686">
    <p class='ocr_par' dir='ltr' id='par_1_77' title="bbox 253 4614 1947 4686">
     <span class='ocr_line' id='line_1_77' title="bbox 253 4614 1947 4686; baseline -0.001 -18"><span class='ocrx_word' id='word_1_536' title='bbox 253 4614 663 4668; x_wconf 83' lang='lat' dir='ltr'>formidabant.</span> <span class='ocrx_word' id='word_1_537' title='bbox 714 4616 934 4679; x_wconf 88' lang='lat' dir='ltr'>Quanto</span> <span class='ocrx_word' id='word_1_538' title='bbox 981 4616 1137 4669; x_wconf 88' lang='lat' dir='ltr'>enim</span> <span class='ocrx_word' id='word_1_539' title='bbox 1166 4620 1298 4669; x_wconf 90' lang='lat' dir='ltr'>sunt</span> <span class='ocrx_word' id='word_1_540' title='bbox 1354 4615 1639 4686; x_wconf 78' lang='lat' dir='ltr'>graviores</span> <span class='ocrx_word' id='word_1_541' title='bbox 1701 4614 1947 4681; x_wconf 91' lang='lat' dir='ltr'>dolores,</span> 
     </span>
    </p>
   </div>
   <div class='ocr_carea' id='block_1_78' title="bbox 254 4701 1309 4770">
    <p class='ocr_par' dir='ltr' id='par_1_78' title="bbox 254 4701 1309 4770">
     <span class='ocr_line' id='line_1_78' title="bbox 254 4701 1309 4770; baseline 0.001 -16"><span class='ocrx_word' id='word_1_542' title='bbox 254 4706 418 4754; x_wconf 89' lang='lat' dir='ltr'>tanto</span> <span class='ocrx_word' id='word_1_543' title='bbox 451 4701 697 4770; x_wconf 89' lang='lat' dir='ltr'>majores</span> <span class='ocrx_word' id='word_1_544' title='bbox 725 4704 997 4756; x_wconf 86' lang='lat' dir='ltr'>timentur</span> <span class='ocrx_word' id='word_1_545' title='bbox 1024 4704 1309 4757; x_wconf 88' lang='lat' dir='ltr'>horrores.</span> 
     </span>
    </p>
   </div>
   <div class='ocr_carea' id='block_1_79' title="bbox 332 4789 1946 4862">
    <p class='ocr_par' dir='ltr' id='par_1_79' title="bbox 332 4789 1946 4862">
     <span class='ocr_line' id='line_1_79' title="bbox 332 4789 1946 4862; baseline 0.001 -19"><span class='ocrx_word' id='word_1_546' title='bbox 332 4791 398 4843; x_wconf 87' lang='lat' dir='ltr'>Et</span> <span class='ocrx_word' id='word_1_547' title='bbox 429 4792 653 4857; x_wconf 62' lang='lat' dir='ltr'>magica</span> <span class='ocrx_word' id='word_1_548' title='bbox 682 4793 841 4857; x_wconf 87' lang='lat' dir='ltr'>artis,</span> <span class='ocrx_word' id='word_1_549' title='bbox 876 4797 982 4845; x_wconf 92' lang='lat' dir='ltr'>etc.</span> <span class='ocrx_word' id='word_1_550' title='bbox 1018 4790 1200 4861; x_wconf 76' lang='grc' dir='ltr'>(ΗΑΒ.)</span> <span class='ocrx_word' id='word_1_551' title='bbox 1225 4791 1365 4845; x_wconf 90' lang='lat' dir='ltr'>Cum</span> <span class='ocrx_word' id='word_1_552' title='bbox 1400 4789 1545 4861; x_wconf 84' lang='lat' dir='ltr'>Magi</span> <span class='ocrx_word' id='word_1_553' title='bbox 1584 4790 1644 4844; x_wconf 90' lang='lat' dir='ltr'>in</span> <span class='ocrx_word' id='word_1_554' title='bbox 1689 4792 1946 4862; x_wconf 57' lang='lat' dir='ltr'>Egypto,</span> 
     </span>
    </p>
   </div>
   <div class='ocr_carea' id='block_1_80' title="bbox 255 4878 1950 4950">
    <p class='ocr_par' dir='ltr' id='par_1_80' title="bbox 255 4878 1950 4950">
     <span class='ocr_line' id='line_1_80' title="bbox 255 4878 1950 4950; baseline 0.001 -19"><span class='ocrx_word' id='word_1_555' title='bbox 255 4882 391 4942; x_wconf 87' lang='lat' dir='ltr'>etc.,</span> <span class='ocrx_word' id='word_1_556' title='bbox 425 4894 593 4947; x_wconf 84' lang='lat' dir='ltr'>usque</span> <span class='ocrx_word' id='word_1_557' title='bbox 623 4878 697 4931; x_wconf 81' lang='lat' dir='ltr'>ad</span> <span class='ocrx_word' id='word_1_558' title='bbox 729 4883 784 4931; x_wconf 91' lang='lat' dir='ltr'>et</span> <span class='ocrx_word' id='word_1_559' title='bbox 833 4879 1135 4948; x_wconf 88' lang='lat' dir='ltr'>antiquum</span> <span class='ocrx_word' id='word_1_560' title='bbox 1175 4883 1497 4949; x_wconf 88' lang='lat' dir='ltr'>serpentem</span> <span class='ocrx_word' id='word_1_561' title='bbox 1549 4894 1680 4933; x_wconf 91' lang='lat' dir='ltr'>cum</span> <span class='ocrx_word' id='word_1_562' title='bbox 1734 4880 1950 4950; x_wconf 86' lang='lat' dir='ltr'>angelis</span> 
     </span>
    </p>
   </div>
   <div class='ocr_carea' id='block_1_81' title="bbox 254 4966 1274 5038">
    <p class='ocr_par' dir='ltr' id='par_1_81' title="bbox 254 4966 1274 5038">
     <span class='ocr_line' id='line_1_81' title="bbox 254 4966 1274 5038; baseline 0.002 -19"><span class='ocrx_word' id='word_1_563' title='bbox 254 4966 375 5019; x_wconf 88' lang='lat' dir='ltr'>suis</span> <span class='ocrx_word' id='word_1_564' title='bbox 400 4982 610 5019; x_wconf 60' lang='lat' dir='ltr'>saevum</span> <span class='ocrx_word' id='word_1_565' title='bbox 644 4966 1274 5038; x_wconf 61' lang='lat' dir='ltr'>patientei&#39;,inimicum.</span> 
     </span>
    </p>
   </div>
   <div class='ocr_carea' id='block_1_82' title="bbox 329 5054 1952 5125">
    <p class='ocr_par' dir='ltr' id='par_1_82' title="bbox 329 5054 1952 5125">
     <span class='ocr_line' id='line_1_82' title="bbox 329 5054 1952 5125; baseline 0.001 -19"><span class='ocrx_word' id='word_1_566' title='bbox 329 5054 488 5108; x_wconf 72' lang='lat' dir='ltr'>Vens.</span> <span class='ocrx_word' id='word_1_567' title='bbox 526 5059 576 5109; x_wconf 87' lang='lat'>9.</span> <span class='ocrx_word' id='word_1_568' title='bbox 621 5084 682 5096; x_wconf 94' lang='lat'><strong><em>—</em></strong></span> <span class='ocrx_word' id='word_1_569' title='bbox 722 5056 794 5109; x_wconf 84' lang='lat' dir='ltr'>Et</span> <span class='ocrx_word' id='word_1_570' title='bbox 824 5072 1022 5125; x_wconf 81' lang='lat' dir='ltr'>aerem,</span> <span class='ocrx_word' id='word_1_571' title='bbox 1050 5061 1163 5110; x_wconf 89' lang='lat' dir='ltr'>etc.</span> <span class='ocrx_word' id='word_1_572' title='bbox 1229 5056 1409 5125; x_wconf 73' lang='grc' dir='ltr'>(ΗΑΒ.)</span> <span class='ocrx_word' id='word_1_573' title='bbox 1472 5054 1832 5109; x_wconf 86' lang='lat' dir='ltr'>Nimietatem</span> <span class='ocrx_word' id='word_1_574' title='bbox 1888 5054 1952 5108; x_wconf 89' lang='lat' dir='ltr'>ti-</span> 
     </span>
    </p>
   </div>
   <div class='ocr_carea' id='block_1_83' title="bbox 255 5142 1950 5215">
    <p class='ocr_par' dir='ltr' id='par_1_83' title="bbox 255 5142 1950 5215">
     <span class='ocr_line' id='line_1_83' title="bbox 255 5142 1950 5215; baseline -0.001 -17"><span class='ocrx_word' id='word_1_575' title='bbox 255 5144 437 5198; x_wconf 88' lang='lat' dir='ltr'>moris</span> <span class='ocrx_word' id='word_1_576' title='bbox 466 5147 645 5209; x_wconf 88' lang='lat' dir='ltr'>notat,</span> <span class='ocrx_word' id='word_1_577' title='bbox 671 5160 841 5215; x_wconf 91' lang='lat' dir='ltr'>quem</span> <span class='ocrx_word' id='word_1_578' title='bbox 868 5142 1307 5198; x_wconf 89' lang='lat' dir='ltr'>imminentibus</span> <span class='ocrx_word' id='word_1_579' title='bbox 1358 5142 1541 5214; x_wconf 76' lang='lat' dir='ltr'>poenis</span> <span class='ocrx_word' id='word_1_580' title='bbox 1570 5142 1950 5212; x_wconf 88' lang='lat' dir='ltr'>redarguente</span> 
     </span>
    </p>
   </div>
   <div class='ocr_carea' id='block_1_84' title="bbox 251 5230 1953 5303">
    <p class='ocr_par' dir='ltr' id='par_1_84' title="bbox 251 5230 1953 5303">
     <span class='ocr_line' id='line_1_84' title="bbox 251 5230 1953 5303; baseline -0.001 -18"><span class='ocrx_word' id='word_1_581' title='bbox 251 5232 607 5285; x_wconf 88' lang='lat' dir='ltr'>conscientia</span> <span class='ocrx_word' id='word_1_582' title='bbox 659 5232 977 5303; x_wconf 88' lang='lat' dir='ltr'>patiuntur,</span> <span class='ocrx_word' id='word_1_583' title='bbox 1046 5248 1175 5286; x_wconf 91' lang='lat' dir='ltr'>cum</span> <span class='ocrx_word' id='word_1_584' title='bbox 1235 5236 1425 5285; x_wconf 88' lang='lat' dir='ltr'>autem</span> <span class='ocrx_word' id='word_1_585' title='bbox 1484 5247 1711 5301; x_wconf 89' lang='lat' dir='ltr'>semper</span> <span class='ocrx_word' id='word_1_586' title='bbox 1755 5230 1953 5284; x_wconf 90' lang='lat' dir='ltr'>timida</span> 
     </span>
    </p>
   </div>
   <div class='ocr_carea' id='block_1_85' title="bbox 252 5319 1949 5391">
    <p class='ocr_par' dir='ltr' id='par_1_85' title="bbox 252 5319 1949 5391">
     <span class='ocr_line' id='line_1_85' title="bbox 252 5319 1949 5391; baseline -0.001 -18"><span class='ocrx_word' id='word_1_587' title='bbox 252 5319 538 5389; x_wconf 89' lang='lat' dir='ltr'>nequitia,</span> <span class='ocrx_word' id='word_1_588' title='bbox 576 5320 803 5391; x_wconf 84' lang='lat' dir='ltr'>pavoris</span> <span class='ocrx_word' id='word_1_589' title='bbox 860 5320 949 5374; x_wconf 86' lang='lat' dir='ltr'>sui</span> <span class='ocrx_word' id='word_1_590' title='bbox 980 5321 1075 5375; x_wconf 91' lang='lat' dir='ltr'>dat</span> <span class='ocrx_word' id='word_1_591' title='bbox 1132 5320 1433 5385; x_wconf 86' lang='lat' dir='ltr'>indicium,</span> <span class='ocrx_word' id='word_1_592' title='bbox 1490 5320 1769 5390; x_wconf 89' lang='lat' dir='ltr'>supplicio</span> <span class='ocrx_word' id='word_1_593' title='bbox 1822 5336 1949 5373; x_wconf 85' lang='lat' dir='ltr'>con-</span> 
     </span>
    </p>
   </div>
   <div class='ocr_carea' id='block_1_86' title="bbox 248 5409 655 5463">
    <p class='ocr_par' dir='ltr' id='par_1_86' title="bbox 248 5409 655 5463">
     <span class='ocr_line' id='line_1_86' title="bbox 248 5409 655 5463; baseline -0.005 0"><span class='ocrx_word' id='word_1_594' title='bbox 248 5409 523 5463; x_wconf 86' lang='lat' dir='ltr'>demnata</span> <span class='ocrx_word' id='word_1_595' title='bbox 556 5414 655 5462; x_wconf 92' lang='lat' dir='ltr'>est.</span> 
     </span>
    </p>
   </div>
   <div class='ocr_carea' id='block_1_87' title="bbox 329 5495 1953 5568">
    <p class='ocr_par' dir='ltr' id='par_1_87' title="bbox 329 5495 1953 5568">
     <span class='ocr_line' id='line_1_87' title="bbox 329 5495 1953 5568; baseline 0.001 -21"><span class='ocrx_word' id='word_1_596' title='bbox 329 5498 504 5550; x_wconf 78' lang='lat' dir='ltr'>Vens.</span> <span class='ocrx_word' id='word_1_597' title='bbox 572 5500 647 5551; x_wconf 91' lang='grc'>11.</span> <span class='ocrx_word' id='word_1_598' title='bbox 704 5526 769 5538; x_wconf 88' lang='grc'><strong>-</strong></span> <span class='ocrx_word' id='word_1_599' title='bbox 826 5498 1085 5560; x_wconf 84' lang='lat' dir='ltr'>Proditio,</span> <span class='ocrx_word' id='word_1_600' title='bbox 1139 5502 1245 5552; x_wconf 90' lang='lat' dir='ltr'>etc.</span> <span class='ocrx_word' id='word_1_601' title='bbox 1297 5497 1491 5552; x_wconf 87' lang='lat' dir='ltr'>&#39;l‘imor</span> <span class='ocrx_word' id='word_1_602' title='bbox 1521 5495 1733 5552; x_wconf 89' lang='lat' dir='ltr'>scilicet</span> <span class='ocrx_word' id='word_1_603' title='bbox 1761 5498 1953 5568; x_wconf 88' lang='lat' dir='ltr'>prodit</span> 
     </span>
    </p>
   </div>
   <div class='ocr_carea' id='block_1_88' title="bbox 250 5585 1949 5657">
    <p class='ocr_par' dir='ltr' id='par_1_88' title="bbox 250 5585 1949 5657">
     <span class='ocr_line' id='line_1_88' title="bbox 250 5585 1949 5657; baseline -0.001 -16"><span class='ocrx_word' id='word_1_604' title='bbox 250 5585 650 5641; x_wconf 85' lang='lat' dir='ltr'>inﬁrmitatem</span> <span class='ocrx_word' id='word_1_605' title='bbox 676 5586 1073 5656; x_wconf 87' lang='lat' dir='ltr'>superbientis,</span> <span class='ocrx_word' id='word_1_606' title='bbox 1127 5587 1225 5655; x_wconf 90' lang='lat' dir='ltr'>qui</span> <span class='ocrx_word' id='word_1_607' title='bbox 1266 5603 1405 5640; x_wconf 81' lang='lat' dir='ltr'>vana</span> <span class='ocrx_word' id='word_1_608' title='bbox 1464 5602 1563 5657; x_wconf 85' lang='lat' dir='ltr'>spe</span> <span class='ocrx_word' id='word_1_609' title='bbox 1611 5586 1949 5641; x_wconf 81' lang='lat' dir='ltr'>auxiliorum</span> 
     </span>
    </p>
   </div>
   <div class='ocr_carea' id='block_1_89' title="bbox 2049 3112 3051 3183">
    <p class='ocr_par' dir='ltr' id='par_1_89' title="bbox 2049 3112 3051 3183">
     <span class='ocr_line' id='line_1_89' title="bbox 2049 3112 3051 3183; baseline -0.002 -16"><span class='ocrx_word' id='word_1_610' title='bbox 2049 3115 2107 3168; x_wconf 89' lang='lat' dir='ltr'>in</span> <span class='ocrx_word' id='word_1_611' title='bbox 2134 3114 2382 3168; x_wconf 87' lang='lat' dir='ltr'>adventu</span> <span class='ocrx_word' id='word_1_612' title='bbox 2414 3112 2618 3168; x_wconf 87' lang='lat' dir='ltr'>Christi</span> <span class='ocrx_word' id='word_1_613' title='bbox 2645 3114 2929 3183; x_wconf 89' lang='lat' dir='ltr'>completa</span> <span class='ocrx_word' id='word_1_614' title='bbox 2950 3116 3051 3166; x_wconf 89' lang='lat' dir='ltr'>est.</span> 
     </span>
    </p>
   </div>
   <div class='ocr_carea' id='block_1_90' title="bbox 2147 3199 3737 3270">
    <p class='ocr_par' dir='ltr' id='par_1_90' title="bbox 2147 3199 3737 3270">
     <span class='ocr_line' id='line_1_90' title="bbox 2147 3199 3737 3270; baseline -0.003 -14"><span class='ocrx_word' id='word_1_615' title='bbox 2147 3204 2306 3257; x_wconf 77' lang='lat' dir='ltr'>Vens.</span> <span class='ocrx_word' id='word_1_616' title='bbox 2364 3208 2414 3257; x_wconf 91' lang='lat'>9.</span> <span class='ocrx_word' id='word_1_617' title='bbox 2464 3234 2522 3241; x_wconf 97' lang='lat'>—</span> <span class='ocrx_word' id='word_1_618' title='bbox 2587 3202 2857 3257; x_wconf 83' lang='lat' dir='ltr'>Absconse</span> <span class='ocrx_word' id='word_1_619' title='bbox 2913 3205 3051 3256; x_wconf 88' lang='lat' dir='ltr'>enim</span> <span class='ocrx_word' id='word_1_620' title='bbox 3094 3199 3737 3270; x_wconf 48' lang='lat' dir='ltr'>sacriﬁcabantxﬂtae.)</span> 
     </span>
    </p>
   </div>
   <div class='ocr_carea' id='block_1_91' title="bbox 2056 3287 3742 3362">
    <p class='ocr_par' dir='ltr' id='par_1_91' title="bbox 2056 3287 3742 3362">
     <span class='ocr_line' id='line_1_91' title="bbox 2056 3287 3742 3362; baseline -0.003 -17"><span class='ocrx_word' id='word_1_621' title='bbox 2056 3293 2304 3362; x_wconf 89' lang='lat' dir='ltr'>Populus</span> <span class='ocrx_word' id='word_1_622' title='bbox 2360 3292 2525 3345; x_wconf 87' lang='lat' dir='ltr'>Israel</span> <span class='ocrx_word' id='word_1_623' title='bbox 2561 3290 2615 3344; x_wconf 92' lang='lat' dir='ltr'>in</span> <span class='ocrx_word' id='word_1_624' title='bbox 2652 3290 2895 3360; x_wconf 31' lang='lat' dir='ltr'>.IEgypto</span> <span class='ocrx_word' id='word_1_625' title='bbox 2924 3290 3087 3359; x_wconf 89' lang='lat' dir='ltr'>jussu</span> <span class='ocrx_word' id='word_1_626' title='bbox 3123 3288 3347 3343; x_wconf 87' lang='lat' dir='ltr'>Domini</span> <span class='ocrx_word' id='word_1_627' title='bbox 3379 3287 3592 3342; x_wconf 85' lang='lat' dir='ltr'>Pascha</span> <span class='ocrx_word' id='word_1_628' title='bbox 3657 3303 3742 3341; x_wconf 88' lang='lat' dir='ltr'>ce-</span> 
     </span>
    </p>
   </div>
   <div class='ocr_carea' id='block_1_92' title="bbox 2055 3374 3744 3449">
    <p class='ocr_par' dir='ltr' id='par_1_92' title="bbox 2055 3374 3744 3449">
     <span class='ocr_line' id='line_1_92' title="bbox 2055 3374 3744 3449; baseline -0.004 -15"><span class='ocrx_word' id='word_1_629' title='bbox 2055 3382 2313 3446; x_wconf 79' lang='lat' dir='ltr'>lebravit,</span> <span class='ocrx_word' id='word_1_630' title='bbox 2373 3386 2457 3433; x_wconf 91' lang='lat' dir='ltr'>etc</span> <span class='ocrx_word' id='word_1_631' title='bbox 2491 3421 2503 3445; x_wconf 92' lang='lat'>,</span> <span class='ocrx_word' id='word_1_632' title='bbox 2572 3395 2736 3449; x_wconf 87' lang='lat' dir='ltr'>usque</span> <span class='ocrx_word' id='word_1_633' title='bbox 2784 3379 2857 3431; x_wconf 87' lang='lat' dir='ltr'>ad</span> <span class='ocrx_word' id='word_1_634' title='bbox 2906 3378 3002 3432; x_wconf 93' lang='lat' dir='ltr'>sed</span> <span class='ocrx_word' id='word_1_635' title='bbox 3060 3378 3118 3430; x_wconf 90' lang='lat' dir='ltr'>in</span> <span class='ocrx_word' id='word_1_636' title='bbox 3172 3376 3504 3430; x_wconf 89' lang='lat' dir='ltr'>abscondito</span> <span class='ocrx_word' id='word_1_637' title='bbox 3558 3374 3744 3429; x_wconf 86' lang='lat' dir='ltr'>cordis</span> 
     </span>
    </p>
   </div>
   <div class='ocr_carea' id='block_1_93' title="bbox 2054 3463 3744 3539">
    <p class='ocr_par' dir='ltr' id='par_1_93' title="bbox 2054 3463 3744 3539">
     <span class='ocr_line' id='line_1_93' title="bbox 2054 3463 3744 3539; baseline -0.005 -17"><span class='ocrx_word' id='word_1_638' title='bbox 2054 3484 2283 3539; x_wconf 90' lang='lat' dir='ltr'>semper</span> <span class='ocrx_word' id='word_1_639' title='bbox 2352 3468 2594 3522; x_wconf 90' lang='lat' dir='ltr'>Domino</span> <span class='ocrx_word' id='word_1_640' title='bbox 2639 3466 2976 3531; x_wconf 83' lang='lat' dir='ltr'>sacriﬁcant,</span> <span class='ocrx_word' id='word_1_641' title='bbox 3024 3465 3216 3519; x_wconf 90' lang='lat' dir='ltr'>unde:</span> <span class='ocrx_word' id='word_1_642' title='bbox 3265 3464 3607 3531; x_wconf 80' lang='lat' dir='ltr'>Sacriﬁcium</span> <span class='ocrx_word' id='word_1_643' title='bbox 3642 3463 3744 3515; x_wconf 84' lang='lat' dir='ltr'>Deo</span> 
     </span>
    </p>
   </div>
   <div class='ocr_carea' id='block_1_94' title="bbox 2052 3551 3749 3627">
    <p class='ocr_par' dir='ltr' id='par_1_94' title="bbox 2052 3551 3749 3627">
     <span class='ocr_line' id='line_1_94' title="bbox 2052 3551 3749 3627; baseline -0.006 -16"><span class='ocrx_word' id='word_1_644' title='bbox 2052 3560 2281 3627; x_wconf 86' lang='lat' dir='ltr'>spiritus</span> <span class='ocrx_word' id='word_1_645' title='bbox 2333 3557 2725 3610; x_wconf 82' lang='lat' dir='ltr'>contributatus</span> <span class='ocrx_word' id='word_1_646' title='bbox 2813 3556 2976 3625; x_wconf 86' lang='lat' dir='ltr'>(Psal.</span> <span class='ocrx_word' id='word_1_647' title='bbox 3034 3556 3109 3623; x_wconf 91' lang='lat' dir='ltr'>L).</span> <span class='ocrx_word' id='word_1_648' title='bbox 3174 3554 3237 3607; x_wconf 88' lang='lat' dir='ltr'>Et</span> <span class='ocrx_word' id='word_1_649' title='bbox 3283 3551 3467 3607; x_wconf 87' lang='lat' dir='ltr'>alibi:</span> <span class='ocrx_word' id='word_1_650' title='bbox 3546 3552 3607 3604; x_wconf 87' lang='lat' dir='ltr'>In</span> <span class='ocrx_word' id='word_1_651' title='bbox 3667 3564 3749 3601; x_wconf 91' lang='lat' dir='ltr'>me</span> 
     </span>
    </p>
   </div>
   <div class='ocr_carea' id='block_1_95' title="bbox 2052 3640 3747 3715">
    <p class='ocr_par' dir='ltr' id='par_1_95' title="bbox 2052 3640 3747 3715">
     <span class='ocr_line' id='line_1_95' title="bbox 2052 3640 3747 3715; baseline -0.007 -15"><span class='ocrx_word' id='word_1_652' title='bbox 2052 3653 2200 3715; x_wconf 86' lang='lat' dir='ltr'>sunt,</span> <span class='ocrx_word' id='word_1_653' title='bbox 2255 3647 2420 3705; x_wconf 69' lang='lat' dir='ltr'>Deus,</span> <span class='ocrx_word' id='word_1_654' title='bbox 2470 3649 2594 3699; x_wconf 79' lang='lat' dir='ltr'>vota</span> <span class='ocrx_word' id='word_1_655' title='bbox 2644 3649 2737 3697; x_wconf 85' lang='lat' dir='ltr'>tua</span> <span class='ocrx_word' id='word_1_656' title='bbox 2770 3645 2938 3711; x_wconf 86' lang='lat' dir='ltr'>(Psat.</span> <span class='ocrx_word' id='word_1_657' title='bbox 2985 3644 3087 3707; x_wconf 81' lang='lat' dir='ltr'>Lv),</span> <span class='ocrx_word' id='word_1_658' title='bbox 3141 3647 3247 3695; x_wconf 91' lang='lat' dir='ltr'>etc.</span> <span class='ocrx_word' id='word_1_659' title='bbox 3293 3642 3414 3706; x_wconf 87' lang='lat' dir='ltr'>(lo.)</span> <span class='ocrx_word' id='word_1_660' title='bbox 3476 3640 3747 3693; x_wconf 80' lang='lat' dir='ltr'>Memorat</span> 
     </span>
    </p>
   </div>
   <div class='ocr_carea' id='block_1_96' title="bbox 2058 3724 3748 3803">
    <p class='ocr_par' dir='ltr' id='par_1_96' title="bbox 2058 3724 3748 3803">
     <span class='ocr_line' id='line_1_96' title="bbox 2058 3724 3748 3803; baseline -0.007 -15"><span class='ocrx_word' id='word_1_661' title='bbox 2058 3736 2236 3788; x_wconf 92' lang='lat' dir='ltr'>Deum</span> <span class='ocrx_word' id='word_1_662' title='bbox 2266 3732 2609 3803; x_wconf 89' lang='lat' dir='ltr'>percussisse</span> <span class='ocrx_word' id='word_1_663' title='bbox 2647 3732 3027 3801; x_wconf 87' lang='lat' dir='ltr'>primogenita</span> <span class='ocrx_word' id='word_1_664' title='bbox 3058 3730 3301 3800; x_wconf 61' lang='lat' dir='ltr'>.Egypti,</span> <span class='ocrx_word' id='word_1_665' title='bbox 3336 3728 3429 3780; x_wconf 90' lang='lat' dir='ltr'>ubi</span> <span class='ocrx_word' id='word_1_666' title='bbox 3466 3743 3569 3780; x_wconf 92' lang='lat' dir='ltr'>nec</span> <span class='ocrx_word' id='word_1_667' title='bbox 3604 3724 3748 3778; x_wconf 86' lang='lat' dir='ltr'>sicut</span> 
     </span>
    </p>
   </div>
   <div class='ocr_carea' id='block_1_97' title="bbox 2056 3813 3748 3891">
    <p class='ocr_par' dir='ltr' id='par_1_97' title="bbox 2056 3813 3748 3891">
     <span class='ocr_line' id='line_1_97' title="bbox 2056 3813 3748 3891; baseline -0.006 -18"><span class='ocrx_word' id='word_1_668' title='bbox 2056 3822 2215 3891; x_wconf 87' lang='lat' dir='ltr'>prius</span> <span class='ocrx_word' id='word_1_669' title='bbox 2268 3819 2681 3873; x_wconf 87' lang='lat' dir='ltr'>simulaverunt</span> <span class='ocrx_word' id='word_1_670' title='bbox 2736 3817 3005 3887; x_wconf 63' lang='lat' dir='ltr'>Egyptii,</span> <span class='ocrx_word' id='word_1_671' title='bbox 3063 3817 3159 3869; x_wconf 91' lang='lat' dir='ltr'>sed</span> <span class='ocrx_word' id='word_1_672' title='bbox 3216 3815 3405 3885; x_wconf 85' lang='lat' dir='ltr'>palam</span> <span class='ocrx_word' id='word_1_673' title='bbox 3469 3813 3748 3882; x_wconf 86' lang='lat' dir='ltr'>cogebant</span> 
     </span>
    </p>
   </div>
   <div class='ocr_carea' id='block_1_98' title="bbox 2056 3902 3748 3977">
    <p class='ocr_par' dir='ltr' id='par_1_98' title="bbox 2056 3902 3748 3977">
     <span class='ocr_line' id='line_1_98' title="bbox 2056 3902 3748 3977; baseline -0.006 -16"><span class='ocrx_word' id='word_1_674' title='bbox 2056 3909 2208 3962; x_wconf 87' lang='lat' dir='ltr'>exire</span> <span class='ocrx_word' id='word_1_675' title='bbox 2278 3908 2557 3977; x_wconf 89' lang='lat' dir='ltr'>populum</span> <span class='ocrx_word' id='word_1_676' title='bbox 2643 3905 2741 3958; x_wconf 93' lang='lat' dir='ltr'>Dei</span> <span class='ocrx_word' id='word_1_677' title='bbox 2821 3905 3119 3958; x_wconf 86' lang='lat' dir='ltr'>dicentes:</span> <span class='ocrx_word' id='word_1_678' title='bbox 3196 3904 3385 3957; x_wconf 86' lang='lat' dir='ltr'>Omnes</span> <span class='ocrx_word' id='word_1_679' title='bbox 3458 3902 3748 3954; x_wconf 86' lang='lat' dir='ltr'>moriemur</span> 
     </span>
    </p>
   </div>
   <div class='ocr_carea' id='block_1_99' title="bbox 2060 3996 2385 4067">
    <p class='ocr_par' dir='ltr' id='par_1_99' title="bbox 2060 3996 2385 4067">
     <span class='ocr_line' id='line_1_99' title="bbox 2060 3996 2385 4067; baseline -0.006 -16"><span class='ocrx_word' id='word_1_680' title='bbox 2060 3996 2254 4067; x_wconf 58' lang='lat' dir='ltr'>(Exod.</span> <span class='ocrx_word' id='word_1_681' title='bbox 2288 3996 2385 4065; x_wconf 73' lang='lat' dir='ltr'>x1).</span> 
     </span>
    </p>
   </div>
   <div class='ocr_carea' id='block_1_100' title="bbox 2132 4075 3746 4150">
    <p class='ocr_par' dir='ltr' id='par_1_100' title="bbox 2132 4075 3746 4150">
     <span class='ocr_line' id='line_1_100' title="bbox 2132 4075 3746 4150; baseline -0.005 -13"><span class='ocrx_word' id='word_1_682' title='bbox 2132 4086 2289 4139; x_wconf 74' lang='lat' dir='ltr'>Vsus.</span> <span class='ocrx_word' id='word_1_683' title='bbox 2350 4087 2430 4137; x_wconf 86' lang='grc'>15.</span> <span class='ocrx_word' id='word_1_684' title='bbox 2491 4114 2557 4122; x_wconf 88' lang='grc'><strong><em>-</em></strong></span> <span class='ocrx_word' id='word_1_685' title='bbox 2617 4084 2961 4150; x_wconf 79' lang='lat' dir='ltr'>Omnipotens</span> <span class='ocrx_word' id='word_1_686' title='bbox 3016 4094 3186 4134; x_wconf 81' lang='lat' dir='ltr'>sermo</span> <span class='ocrx_word' id='word_1_687' title='bbox 3243 4084 3385 4132; x_wconf 87' lang='lat' dir='ltr'>tuus.</span> <span class='ocrx_word' id='word_1_688' title='bbox 3448 4075 3623 4131; x_wconf 85' lang='lat' dir='ltr'>Filius</span> <span class='ocrx_word' id='word_1_689' title='bbox 3676 4075 3746 4129; x_wconf 89' lang='lat' dir='ltr'>de</span> 
     </span>
    </p>
   </div>
   <div class='ocr_carea' id='block_1_101' title="bbox 2060 4167 3745 4244">
    <p class='ocr_par' dir='ltr' id='par_1_101' title="bbox 2060 4167 3745 4244">
     <span class='ocr_line' id='line_1_101' title="bbox 2060 4167 3745 4244; baseline -0.007 -17"><span class='ocrx_word' id='word_1_690' title='bbox 2060 4190 2173 4244; x_wconf 91' lang='lat' dir='ltr'>quo</span> <span class='ocrx_word' id='word_1_691' title='bbox 2197 4173 2403 4227; x_wconf 91' lang='lat' dir='ltr'>dicitur</span> <span class='ocrx_word' id='word_1_692' title='bbox 2438 4188 2450 4226; x_wconf 91' lang='lat'>:</span> <span class='ocrx_word' id='word_1_693' title='bbox 2482 4174 2546 4227; x_wconf 89' lang='lat' dir='ltr'>In</span> <span class='ocrx_word' id='word_1_694' title='bbox 2579 4172 2850 4239; x_wconf 86' lang='lat' dir='ltr'>principio</span> <span class='ocrx_word' id='word_1_695' title='bbox 2888 4173 3003 4223; x_wconf 88' lang='lat' dir='ltr'>erat</span> <span class='ocrx_word' id='word_1_696' title='bbox 3041 4168 3269 4225; x_wconf 81' lang='lat' dir='ltr'>Verbum</span> <span class='ocrx_word' id='word_1_697' title='bbox 3301 4169 3484 4236; x_wconf 82' lang='lat' dir='ltr'>(Joan.</span> <span class='ocrx_word' id='word_1_698' title='bbox 3521 4167 3584 4233; x_wconf 91' lang='grc' dir='ltr'>ι),</span> <span class='ocrx_word' id='word_1_699' title='bbox 3615 4169 3745 4229; x_wconf 89' lang='lat' dir='ltr'>etc.,</span> 
     </span>
    </p>
   </div>
   <div class='ocr_carea' id='block_1_102' title="bbox 2061 4251 3744 4327">
    <p class='ocr_par' dir='ltr' id='par_1_102' title="bbox 2061 4251 3744 4327">
     <span class='ocr_line' id='line_1_102' title="bbox 2061 4251 3744 4327; baseline -0.007 -11"><span class='ocrx_word' id='word_1_700' title='bbox 2061 4263 2151 4316; x_wconf 90' lang='lat' dir='ltr'>hic</span> <span class='ocrx_word' id='word_1_701' title='bbox 2173 4260 2470 4316; x_wconf 88' lang='lat' dir='ltr'>brachium</span> <span class='ocrx_word' id='word_1_702' title='bbox 2491 4265 2547 4314; x_wconf 93' lang='lat' dir='ltr'>et</span> <span class='ocrx_word' id='word_1_703' title='bbox 2580 4259 2814 4313; x_wconf 81' lang='lat' dir='ltr'>dextera</span> <span class='ocrx_word' id='word_1_704' title='bbox 2844 4257 3176 4311; x_wconf 89' lang='lat' dir='ltr'>nominatur</span> <span class='ocrx_word' id='word_1_705' title='bbox 3207 4273 3219 4310; x_wconf 94' lang='lat'>:</span> <span class='ocrx_word' id='word_1_706' title='bbox 3250 4260 3486 4327; x_wconf 90' lang='lat' dir='ltr'>propter</span> <span class='ocrx_word' id='word_1_707' title='bbox 3532 4251 3744 4307; x_wconf 77' lang='lat' dir='ltr'>effecti-</span> 
     </span>
    </p>
   </div>
   <div class='ocr_carea' id='block_1_103' title="bbox 2062 4341 3748 4418">
    <p class='ocr_par' dir='ltr' id='par_1_103' title="bbox 2062 4341 3748 4418">
     <span class='ocr_line' id='line_1_103' title="bbox 2062 4341 3748 4418; baseline -0.005 -16"><span class='ocrx_word' id='word_1_708' title='bbox 2062 4366 2187 4403; x_wconf 88' lang='lat' dir='ltr'>vam</span> <span class='ocrx_word' id='word_1_709' title='bbox 2218 4348 2421 4403; x_wconf 72' lang='lat' dir='ltr'>divina:</span> <span class='ocrx_word' id='word_1_710' title='bbox 2453 4348 2673 4401; x_wconf 86' lang='lat' dir='ltr'>virtutis</span> <span class='ocrx_word' id='word_1_711' title='bbox 2713 4346 3049 4418; x_wconf 87' lang='lat' dir='ltr'>potentiam,</span> <span class='ocrx_word' id='word_1_712' title='bbox 3084 4345 3175 4399; x_wconf 90' lang='lat' dir='ltr'>hic</span> <span class='ocrx_word' id='word_1_713' title='bbox 3232 4349 3364 4398; x_wconf 91' lang='lat' dir='ltr'>tunc</span> <span class='ocrx_word' id='word_1_714' title='bbox 3402 4358 3507 4413; x_wconf 90' lang='lat' dir='ltr'>per</span> <span class='ocrx_word' id='word_1_715' title='bbox 3559 4341 3748 4410; x_wconf 88' lang='lat' dir='ltr'>angeli</span> 
     </span>
    </p>
   </div>
   <div class='ocr_carea' id='block_1_104' title="bbox 2058 4430 3745 4505">
    <p class='ocr_par' dir='ltr' id='par_1_104' title="bbox 2058 4430 3745 4505">
     <span class='ocr_line' id='line_1_104' title="bbox 2058 4430 3745 4505; baseline -0.004 -16"><span class='ocrx_word' id='word_1_716' title='bbox 2058 4436 2442 4490; x_wconf 89' lang='lat' dir='ltr'>ministerium</span> <span class='ocrx_word' id='word_1_717' title='bbox 2467 4435 2683 4505; x_wconf 87' lang='lat' dir='ltr'>judicia</span> <span class='ocrx_word' id='word_1_718' title='bbox 2712 4450 2814 4487; x_wconf 88' lang='lat' dir='ltr'>sua</span> <span class='ocrx_word' id='word_1_719' title='bbox 2864 4434 2997 4488; x_wconf 79' lang='lat' dir='ltr'>fecit</span> <span class='ocrx_word' id='word_1_720' title='bbox 3035 4433 3092 4486; x_wconf 92' lang='lat' dir='ltr'>in</span> <span class='ocrx_word' id='word_1_721' title='bbox 3140 4430 3544 4504; x_wconf 88' lang='lat' dir='ltr'>primogenitis</span> <span class='ocrx_word' id='word_1_722' title='bbox 3574 4432 3745 4499; x_wconf 55' lang='grc' dir='ltr'>,λεω-</span> 
     </span>
    </p>
   </div>
   <div class='ocr_carea' id='block_1_105' title="bbox 2059 4520 3747 4596">
    <p class='ocr_par' dir='ltr' id='par_1_105' title="bbox 2059 4520 3747 4596">
     <span class='ocr_line' id='line_1_105' title="bbox 2059 4520 3747 4596; baseline -0.004 -17"><span class='ocrx_word' id='word_1_723' title='bbox 2059 4526 2333 4596; x_wconf 90' lang='lat' dir='ltr'>ptiorum,</span> <span class='ocrx_word' id='word_1_724' title='bbox 2370 4524 2469 4596; x_wconf 90' lang='lat' dir='ltr'>qui</span> <span class='ocrx_word' id='word_1_725' title='bbox 2499 4524 2866 4595; x_wconf 90' lang='lat' dir='ltr'>postmodum</span> <span class='ocrx_word' id='word_1_726' title='bbox 2894 4523 3261 4577; x_wconf 84' lang='lat' dir='ltr'>sanctiﬁcavit</span> <span class='ocrx_word' id='word_1_727' title='bbox 3294 4520 3402 4575; x_wconf 90' lang='lat' dir='ltr'>sibi</span> <span class='ocrx_word' id='word_1_728' title='bbox 3454 4521 3747 4591; x_wconf 89' lang='lat' dir='ltr'>primoge-</span> 
     </span>
    </p>
   </div>
   <div class='ocr_carea' id='block_1_106' title="bbox 2059 4608 3744 4683">
    <p class='ocr_par' dir='ltr' id='par_1_106' title="bbox 2059 4608 3744 4683">
     <span class='ocr_line' id='line_1_106' title="bbox 2059 4608 3744 4683; baseline -0.004 -14"><span class='ocrx_word' id='word_1_729' title='bbox 2059 4615 2209 4669; x_wconf 92' lang='lat' dir='ltr'>nitos</span> <span class='ocrx_word' id='word_1_730' title='bbox 2243 4614 2522 4668; x_wconf 69' lang='lat' dir='ltr'>Hebraeos.</span> <span class='ocrx_word' id='word_1_731' title='bbox 2559 4614 2719 4668; x_wconf 83' lang='lat' dir='ltr'>Nunc</span> <span class='ocrx_word' id='word_1_732' title='bbox 2737 4628 2964 4683; x_wconf 92' lang='lat' dir='ltr'>quoque</span> <span class='ocrx_word' id='word_1_733' title='bbox 2997 4628 3097 4683; x_wconf 88' lang='lat' dir='ltr'>per</span> <span class='ocrx_word' id='word_1_734' title='bbox 3119 4627 3326 4683; x_wconf 89' lang='lat' dir='ltr'>aquam</span> <span class='ocrx_word' id='word_1_735' title='bbox 3345 4608 3615 4680; x_wconf 87' lang='lat' dir='ltr'>baptismi</span> <span class='ocrx_word' id='word_1_736' title='bbox 3637 4609 3744 4662; x_wconf 90' lang='lat' dir='ltr'>sal-</span> 
     </span>
    </p>
   </div>
   <div class='ocr_carea' id='block_1_107' title="bbox 2059 4696 3751 4767">
    <p class='ocr_par' dir='ltr' id='par_1_107' title="bbox 2059 4696 3751 4767">
     <span class='ocr_line' id='line_1_107' title="bbox 2059 4696 3751 4767; baseline -0.003 -12"><span class='ocrx_word' id='word_1_737' title='bbox 2059 4710 2153 4758; x_wconf 89' lang='lat' dir='ltr'>vat</span> <span class='ocrx_word' id='word_1_738' title='bbox 2179 4703 2607 4757; x_wconf 81' lang='lat' dir='ltr'>multitudinem</span> <span class='ocrx_word' id='word_1_739' title='bbox 2649 4702 3026 4767; x_wconf 89' lang='lat' dir='ltr'>credentium,</span> <span class='ocrx_word' id='word_1_740' title='bbox 3080 4705 3136 4754; x_wconf 88' lang='lat' dir='ltr'>et</span> <span class='ocrx_word' id='word_1_741' title='bbox 3166 4699 3436 4754; x_wconf 84' lang='lat' dir='ltr'>interﬁcit</span> <span class='ocrx_word' id='word_1_742' title='bbox 3491 4696 3751 4752; x_wconf 86' lang='lat' dir='ltr'>multitu-</span> 
     </span>
    </p>
   </div>
   <div class='ocr_carea' id='block_1_108' title="bbox 2060 4790 2965 4863">
    <p class='ocr_par' dir='ltr' id='par_1_108' title="bbox 2060 4790 2965 4863">
     <span class='ocr_line' id='line_1_108' title="bbox 2060 4790 2965 4863; baseline -0.003 -15"><span class='ocrx_word' id='word_1_743' title='bbox 2060 4793 2253 4848; x_wconf 85' lang='lat' dir='ltr'>dinem</span> <span class='ocrx_word' id='word_1_744' title='bbox 2280 4792 2663 4863; x_wconf 86' lang='lat' dir='ltr'>spiritualium</span> <span class='ocrx_word' id='word_1_745' title='bbox 2694 4790 2965 4845; x_wconf 89' lang='lat' dir='ltr'>hostium.</span> 
     </span>
    </p>
   </div>
   <div class='ocr_carea' id='block_1_109' title="bbox 2132 4875 3749 4947">
    <p class='ocr_par' dir='ltr' id='par_1_109' title="bbox 2132 4875 3749 4947">
     <span class='ocr_line' id='line_1_109' title="bbox 2132 4875 3749 4947; baseline -0.004 -13"><span class='ocrx_word' id='word_1_746' title='bbox 2132 4882 2292 4936; x_wconf 75' lang='lat' dir='ltr'>Vens.</span> <span class='ocrx_word' id='word_1_747' title='bbox 2330 4884 2413 4935; x_wconf 83' lang='grc'>19.</span> <span class='ocrx_word' id='word_1_748' title='bbox 2464 4912 2529 4919; x_wconf 95' lang='lat'><strong><em>—</em></strong></span> <span class='ocrx_word' id='word_1_749' title='bbox 2564 4882 2824 4935; x_wconf 87' lang='lat' dir='ltr'>Visiones.</span> <span class='ocrx_word' id='word_1_750' title='bbox 2859 4878 3039 4947; x_wconf 72' lang='grc' dir='ltr'>(ΗΑΒ.)</span> <span class='ocrx_word' id='word_1_751' title='bbox 3076 4879 3189 4932; x_wconf 86' lang='lat' dir='ltr'>Hoc</span> <span class='ocrx_word' id='word_1_752' title='bbox 3227 4877 3435 4932; x_wconf 65' lang='lat' dir='ltr'>divina:</span> <span class='ocrx_word' id='word_1_753' title='bbox 3482 4875 3749 4929; x_wconf 87' lang='lat' dir='ltr'>bonitatis</span> 
     </span>
    </p>
   </div>
   <div class='ocr_carea' id='block_1_110' title="bbox 2058 4967 3745 5041">
    <p class='ocr_par' dir='ltr' id='par_1_110' title="bbox 2058 4967 3745 5041">
     <span class='ocr_line' id='line_1_110' title="bbox 2058 4967 3745 5041; baseline -0.004 -18"><span class='ocrx_word' id='word_1_754' title='bbox 2058 4975 2164 5036; x_wconf 89' lang='lat' dir='ltr'>est,</span> <span class='ocrx_word' id='word_1_755' title='bbox 2201 4986 2330 5041; x_wconf 70' lang='lat' dir='ltr'>qua:</span> <span class='ocrx_word' id='word_1_756' title='bbox 2386 4974 2680 5039; x_wconf 89' lang='lat' dir='ltr'>peccantes</span> <span class='ocrx_word' id='word_1_757' title='bbox 2731 4968 2968 5038; x_wconf 90' lang='lat' dir='ltr'>castigat</span> <span class='ocrx_word' id='word_1_758' title='bbox 3008 4971 3070 5021; x_wconf 93' lang='lat' dir='ltr'>ut</span> <span class='ocrx_word' id='word_1_759' title='bbox 3118 4967 3461 5029; x_wconf 86' lang='lat' dir='ltr'>abstineant,</span> <span class='ocrx_word' id='word_1_760' title='bbox 3523 4968 3577 5017; x_wconf 90' lang='lat' dir='ltr'>et</span> <span class='ocrx_word' id='word_1_761' title='bbox 3626 4979 3745 5034; x_wconf 77' lang='lat' dir='ltr'>pa:-</span> 
     </span>
    </p>
   </div>
   <div class='ocr_carea' id='block_1_111' title="bbox 2059 5054 3748 5129">
    <p class='ocr_par' dir='ltr' id='par_1_111' title="bbox 2059 5054 3748 5129">
     <span class='ocr_line' id='line_1_111' title="bbox 2059 5054 3748 5129; baseline -0.004 -17"><span class='ocrx_word' id='word_1_762' title='bbox 2059 5058 2363 5112; x_wconf 88' lang='lat' dir='ltr'>nitentiam</span> <span class='ocrx_word' id='word_1_763' title='bbox 2396 5062 2579 5129; x_wconf 86' lang='lat' dir='ltr'>agant.</span> <span class='ocrx_word' id='word_1_764' title='bbox 2619 5056 2677 5111; x_wconf 90' lang='lat' dir='ltr'>Si</span> <span class='ocrx_word' id='word_1_765' title='bbox 2707 5061 2899 5110; x_wconf 89' lang='lat' dir='ltr'>autem</span> <span class='ocrx_word' id='word_1_766' title='bbox 2939 5056 3218 5126; x_wconf 88' lang='lat' dir='ltr'>patientia</span> <span class='ocrx_word' id='word_1_767' title='bbox 3274 5054 3376 5109; x_wconf 92' lang='lat' dir='ltr'>Dei</span> <span class='ocrx_word' id='word_1_768' title='bbox 3410 5054 3748 5116; x_wconf 89' lang='lat' dir='ltr'>abutuntur,</span> 
     </span>
    </p>
   </div>
   <div class='ocr_carea' id='block_1_112' title="bbox 2060 5144 3330 5215">
    <p class='ocr_par' dir='ltr' id='par_1_112' title="bbox 2060 5144 3330 5215">
     <span class='ocr_line' id='line_1_112' title="bbox 2060 5144 3330 5215; baseline -0.002 -16"><span class='ocrx_word' id='word_1_769' title='bbox 2060 5147 2181 5200; x_wconf 90' lang='lat' dir='ltr'>sine</span> <span class='ocrx_word' id='word_1_770' title='bbox 2209 5146 2572 5200; x_wconf 78' lang='lat' dir='ltr'>excusatione</span> <span class='ocrx_word' id='word_1_771' title='bbox 2606 5144 2664 5198; x_wconf 90' lang='lat' dir='ltr'>in</span> <span class='ocrx_word' id='word_1_772' title='bbox 2688 5149 2966 5198; x_wconf 58' lang='lat' dir='ltr'>aeternum</span> <span class='ocrx_word' id='word_1_773' title='bbox 2996 5145 3330 5215; x_wconf 90' lang='lat' dir='ltr'>punientur.</span> 
     </span>
    </p>
   </div>
   <div class='ocr_carea' id='block_1_113' title="bbox 2134 5231 3748 5301">
    <p class='ocr_par' dir='ltr' id='par_1_113' title="bbox 2134 5231 3748 5301">
     <span class='ocr_line' id='line_1_113' title="bbox 2134 5231 3748 5301; baseline -0.002 -14"><span class='ocrx_word' id='word_1_774' title='bbox 2134 5236 2298 5289; x_wconf 76' lang='lat' dir='ltr'>Vens.</span> <span class='ocrx_word' id='word_1_775' title='bbox 2331 5237 2418 5287; x_wconf 79' lang='lat'>20.</span> <span class='ocrx_word' id='word_1_776' title='bbox 2456 5264 2525 5273; x_wconf 94' lang='lat'>—</span> <span class='ocrx_word' id='word_1_777' title='bbox 2574 5236 2772 5301; x_wconf 84' lang='lat' dir='ltr'>Tetigit</span> <span class='ocrx_word' id='word_1_778' title='bbox 2822 5239 3000 5287; x_wconf 76' lang='lat' dir='ltr'>autem</span> <span class='ocrx_word' id='word_1_779' title='bbox 3056 5238 3181 5286; x_wconf 89' lang='lat' dir='ltr'>tunc</span> <span class='ocrx_word' id='word_1_780' title='bbox 3234 5238 3284 5286; x_wconf 88' lang='lat' dir='ltr'>et</span> <span class='ocrx_word' id='word_1_781' title='bbox 3329 5233 3527 5300; x_wconf 85' lang='lat' dir='ltr'>justos.</span> <span class='ocrx_word' id='word_1_782' title='bbox 3566 5231 3748 5299; x_wconf 70' lang='grc' dir='ltr'>(ΗΑΒ.)</span> 
     </span>
    </p>
   </div>
   <div class='ocr_carea' id='block_1_114' title="bbox 2062 5318 3753 5392">
    <p class='ocr_par' dir='ltr' id='par_1_114' title="bbox 2062 5318 3753 5392">
     <span class='ocr_line' id='line_1_114' title="bbox 2062 5318 3753 5392; baseline -0.004 -14"><span class='ocrx_word' id='word_1_783' title='bbox 2062 5324 2353 5387; x_wconf 85' lang='lat' dir='ltr'>Memorat,</span> <span class='ocrx_word' id='word_1_784' title='bbox 2389 5326 2518 5385; x_wconf 90' lang='lat' dir='ltr'>etc.,</span> <span class='ocrx_word' id='word_1_785' title='bbox 2578 5337 2745 5390; x_wconf 84' lang='lat' dir='ltr'>usque</span> <span class='ocrx_word' id='word_1_786' title='bbox 2785 5322 2859 5374; x_wconf 88' lang='lat' dir='ltr'>ad</span> <span class='ocrx_word' id='word_1_787' title='bbox 2890 5337 2993 5392; x_wconf 89' lang='lat' dir='ltr'>per</span> <span class='ocrx_word' id='word_1_788' title='bbox 3022 5337 3166 5392; x_wconf 92' lang='lat' dir='ltr'>quos</span> <span class='ocrx_word' id='word_1_789' title='bbox 3218 5320 3518 5374; x_wconf 89' lang='lat' dir='ltr'>interitum</span> <span class='ocrx_word' id='word_1_790' title='bbox 3574 5318 3753 5389; x_wconf 86' lang='lat' dir='ltr'>possi-</span> 
     </span>
    </p>
   </div>
   <div class='ocr_carea' id='block_1_115' title="bbox 2061 5409 2475 5463">
    <p class='ocr_par' dir='ltr' id='par_1_115' title="bbox 2061 5409 2475 5463">
     <span class='ocr_line' id='line_1_115' title="bbox 2061 5409 2475 5463; baseline 0 -1"><span class='ocrx_word' id='word_1_791' title='bbox 2061 5425 2189 5462; x_wconf 90' lang='lat' dir='ltr'>mus</span> <span class='ocrx_word' id='word_1_792' title='bbox 2219 5409 2475 5463; x_wconf 87' lang='lat' dir='ltr'>evadere.</span> 
     </span>
    </p>
   </div>
   <div class='ocr_carea' id='block_1_116' title="bbox 2133 5496 3750 5566">
    <p class='ocr_par' dir='ltr' id='par_1_116' title="bbox 2133 5496 3750 5566">
     <span class='ocr_line' id='line_1_116' title="bbox 2133 5496 3750 5566; baseline 0.001 -20"><span class='ocrx_word' id='word_1_793' title='bbox 2133 5499 2289 5551; x_wconf 75' lang='lat' dir='ltr'>Vsus.</span> <span class='ocrx_word' id='word_1_794' title='bbox 2324 5499 2417 5550; x_wconf 66' lang='lat' dir='ltr'>2L</span> <span class='ocrx_word' id='word_1_795' title='bbox 2448 5527 2518 5539; x_wconf 94' lang='lat'>—</span> <span class='ocrx_word' id='word_1_796' title='bbox 2548 5500 2609 5552; x_wconf 87' lang='lat' dir='ltr'>In</span> <span class='ocrx_word' id='word_1_797' title='bbox 2637 5502 2778 5551; x_wconf 83' lang='lat' dir='ltr'>veste</span> <span class='ocrx_word' id='word_1_798' title='bbox 2803 5498 2942 5551; x_wconf 84' lang='lat' dir='ltr'>enim</span> <span class='ocrx_word' id='word_1_799' title='bbox 2980 5497 3217 5566; x_wconf 81' lang='lat' dir='ltr'>poderis.</span> <span class='ocrx_word' id='word_1_800' title='bbox 3280 5496 3463 5563; x_wconf 72' lang='grc' dir='ltr'>(ΗΑΒ.)</span> <span class='ocrx_word' id='word_1_801' title='bbox 3512 5496 3750 5566; x_wconf 88' lang='lat' dir='ltr'>Byssum</span> 
     </span>
    </p>
   </div>
   <div class='ocr_carea' id='block_1_117' title="bbox 2062 5585 3749 5655">
    <p class='ocr_par' dir='ltr' id='par_1_117' title="bbox 2062 5585 3749 5655">
     <span class='ocr_line' id='line_1_117' title="bbox 2062 5585 3749 5655; baseline -0.001 -17"><span class='ocrx_word' id='word_1_802' title='bbox 2062 5590 2226 5639; x_wconf 71' lang='lat' dir='ltr'>terrm</span> <span class='ocrx_word' id='word_1_803' title='bbox 2258 5585 2535 5655; x_wconf 85' lang='lat' dir='ltr'>deputant</span> <span class='ocrx_word' id='word_1_804' title='bbox 2567 5585 2808 5652; x_wconf 69' lang='lat' dir='ltr'>Hebrazi,</span> <span class='ocrx_word' id='word_1_805' title='bbox 2840 5590 2968 5649; x_wconf 90' lang='lat' dir='ltr'>etc.,</span> <span class='ocrx_word' id='word_1_806' title='bbox 2994 5601 3159 5655; x_wconf 82' lang='lat' dir='ltr'>usque</span> <span class='ocrx_word' id='word_1_807' title='bbox 3179 5585 3252 5637; x_wconf 84' lang='lat' dir='ltr'>ad</span> <span class='ocrx_word' id='word_1_808' title='bbox 3280 5585 3549 5654; x_wconf 74' lang='lat' dir='ltr'>inﬁgura</span> <span class='ocrx_word' id='word_1_809' title='bbox 3608 5600 3749 5653; x_wconf 85' lang='lat' dir='ltr'>pon-</span> 
     </span>
    </p>
   </div>
  </div>
