  <div class='ocr_page' id='page_1' title='image "/cluster/home/n/w/nwhite01/storage/ocr_20150623/113/hvd.32044054759782/597.png"; bbox 0 0 4074 6186; ppageno 0'>
   <div class='ocr_carea' id='block_1_1' title="bbox 332 291 467 342">
    <p class='ocr_par' dir='ltr' id='par_1_1' title="bbox 332 291 467 342">
     <span class='ocr_line' id='line_1_1' title="bbox 332 291 467 342; baseline 0 0"><span class='ocrx_word' id='word_1_1' title='bbox 332 291 467 342; x_wconf 83' lang='grc'><strong>1183</strong></span> 
     </span>
    </p>
   </div>
   <div class='ocr_carea' id='block_1_2' title="bbox 946 286 3154 352">
    <p class='ocr_par' dir='ltr' id='par_1_2' title="bbox 946 286 3154 352">
     <span class='ocr_line' id='line_1_2' title="bbox 946 286 3154 352; baseline 0.003 -10"><span class='ocrx_word' id='word_1_2' title='bbox 946 286 1336 343; x_wconf 81' lang='lat' dir='ltr'><strong>WALAFRIDI</strong></span> <span class='ocrx_word' id='word_1_3' title='bbox 1375 288 1622 343; x_wconf 76' lang='lat' dir='ltr'><strong>STRABI</strong></span> <span class='ocrx_word' id='word_1_4' title='bbox 1659 289 1860 344; x_wconf 84' lang='lat' dir='ltr'><strong>FULD.</strong></span> <span class='ocrx_word' id='word_1_5' title='bbox 1906 289 2067 348; x_wconf 67' lang='lat' dir='ltr'><strong>NON.</strong></span> <span class='ocrx_word' id='word_1_6' title='bbox 2108 291 2258 352; x_wconf 85' lang='lat' dir='ltr'><strong>OPP.</strong></span> <span class='ocrx_word' id='word_1_7' title='bbox 2302 292 2476 348; x_wconf 78' lang='lat' dir='ltr'><strong>PARS</strong></span> <span class='ocrx_word' id='word_1_8' title='bbox 2513 293 2556 346; x_wconf 88' lang='grc' dir='ltr'>Ι.</span> <span class='ocrx_word' id='word_1_9' title='bbox 2597 322 2665 330; x_wconf 94' lang='lat'><strong>—</strong></span> <span class='ocrx_word' id='word_1_10' title='bbox 2704 292 3154 349; x_wconf 77' lang='lat' dir='ltr'><strong>THEOLOGICA.</strong></span> 
     </span>
    </p>
   </div>
   <div class='ocr_carea' id='block_1_3' title="bbox 3696 298 3839 351">
    <p class='ocr_par' dir='ltr' id='par_1_3' title="bbox 3696 298 3839 351">
     <span class='ocr_line' id='line_1_3' title="bbox 3696 298 3839 351; baseline 0.021 -2"><span class='ocrx_word' id='word_1_11' title='bbox 3696 298 3839 351; x_wconf 67' lang='grc'><strong>1184</strong></span> 
     </span>
    </p>
   </div>
   <div class='ocr_carea' id='block_1_4' title="bbox 324 407 3839 484">
    <p class='ocr_par' dir='ltr' id='par_1_4' title="bbox 324 407 3839 484">
     <span class='ocr_line' id='line_1_4' title="bbox 324 407 3839 484; baseline 0.003 -20"><span class='ocrx_word' id='word_1_12' title='bbox 324 407 542 478; x_wconf 85' lang='lat' dir='ltr'><strong>tiﬁcali,</strong></span> <span class='ocrx_word' id='word_1_13' title='bbox 584 407 872 465; x_wconf 83' lang='lat' dir='ltr'><strong>Christum</strong></span> <span class='ocrx_word' id='word_1_14' title='bbox 929 407 1188 462; x_wconf 89' lang='lat' dir='ltr'><strong>futurum</strong></span> <span class='ocrx_word' id='word_1_15' title='bbox 1250 409 1662 479; x_wconf 72' lang='lat' dir='ltr'><strong>prmnoscebat,</strong></span> <span class='ocrx_word' id='word_1_16' title='bbox 1729 409 1826 466; x_wconf 90' lang='lat' dir='ltr'><strong>sed</strong></span> <span class='ocrx_word' id='word_1_17' title='bbox 1886 410 2019 481; x_wconf 86' lang='lat' dir='ltr'><strong>quia</strong></span> <span class='ocrx_word' id='word_1_18' title='bbox 2050 415 2095 468; x_wconf 83' lang='lat' dir='ltr'><strong>A</strong></span> <span class='ocrx_word' id='word_1_19' title='bbox 2133 412 2316 467; x_wconf 86' lang='lat' dir='ltr'><strong>carnis</strong></span> <span class='ocrx_word' id='word_1_20' title='bbox 2348 413 2708 468; x_wconf 85' lang='lat' dir='ltr'><strong>alimentum.</strong></span> <span class='ocrx_word' id='word_1_21' title='bbox 2739 412 2986 484; x_wconf 89' lang='lat' dir='ltr'><strong>Dignum</strong></span> <span class='ocrx_word' id='word_1_22' title='bbox 3024 418 3110 468; x_wconf 91' lang='lat' dir='ltr'><strong>est</strong></span> <span class='ocrx_word' id='word_1_23' title='bbox 3134 413 3313 480; x_wconf 85' lang='lat' dir='ltr'><strong>enim,</strong></span> <span class='ocrx_word' id='word_1_24' title='bbox 3336 419 3402 470; x_wconf 90' lang='lat' dir='ltr'><strong>ut</strong></span> <span class='ocrx_word' id='word_1_25' title='bbox 3424 415 3690 473; x_wconf 84' lang='lat' dir='ltr'><strong>ﬁdelibus</strong></span> <span class='ocrx_word' id='word_1_26' title='bbox 3717 417 3839 473; x_wconf 85' lang='lat' dir='ltr'><strong>suis</strong></span> 
     </span>
    </p>
   </div>
   <div class='ocr_carea' id='block_1_5' title="bbox 333 497 2029 563">
    <p class='ocr_par' dir='ltr' id='par_1_5' title="bbox 333 497 2029 563">
     <span class='ocr_line' id='line_1_5' title="bbox 333 497 2029 563; baseline 0.001 -13"><span class='ocrx_word' id='word_1_27' title='bbox 333 498 555 553; x_wconf 83' lang='lat' dir='ltr'><strong>viderat</strong></span> <span class='ocrx_word' id='word_1_28' title='bbox 612 513 780 553; x_wconf 90' lang='lat' dir='ltr'><strong>carne</strong></span> <span class='ocrx_word' id='word_1_29' title='bbox 851 497 1134 563; x_wconf 90' lang='lat' dir='ltr'><strong>indutum,</strong></span> <span class='ocrx_word' id='word_1_30' title='bbox 1181 512 1297 550; x_wconf 91' lang='lat' dir='ltr'><strong>non</strong></span> <span class='ocrx_word' id='word_1_31' title='bbox 1360 498 1537 551; x_wconf 90' lang='lat' dir='ltr'><strong>Deum</strong></span> <span class='ocrx_word' id='word_1_32' title='bbox 1595 497 1694 552; x_wconf 93' lang='lat' dir='ltr'><strong>sed</strong></span> <span class='ocrx_word' id='word_1_33' title='bbox 1733 499 2029 552; x_wconf 84' lang='lat' dir='ltr'><strong>hominem</strong></span> 
     </span>
    </p>
   </div>
   <div class='ocr_carea' id='block_1_6' title="bbox 337 585 2029 657">
    <p class='ocr_par' dir='ltr' id='par_1_6' title="bbox 337 585 2029 657">
     <span class='ocr_line' id='line_1_6' title="bbox 337 585 2029 657; baseline 0.002 -18"><span class='ocrx_word' id='word_1_34' title='bbox 337 602 547 657; x_wconf 88' lang='lat' dir='ltr'><strong>purum</strong></span> <span class='ocrx_word' id='word_1_35' title='bbox 584 586 855 652; x_wconf 78' lang='lat' dir='ltr'><strong>credidit;</strong></span> <span class='ocrx_word' id='word_1_36' title='bbox 887 585 1036 639; x_wconf 90' lang='lat' dir='ltr'><strong>unde</strong></span> <span class='ocrx_word' id='word_1_37' title='bbox 1070 605 1082 639; x_wconf 87' lang='lat'><strong>:</strong></span> <span class='ocrx_word' id='word_1_38' title='bbox 1119 586 1181 640; x_wconf 89' lang='lat' dir='ltr'><strong>Si</strong></span> <span class='ocrx_word' id='word_1_39' title='bbox 1209 588 1574 653; x_wconf 75' lang='lat' dir='ltr'><strong>cognovissent</strong></span> <span class='ocrx_word' id='word_1_40' title='bbox 1618 603 1897 657; x_wconf 86' lang='lat' dir='ltr'><strong>nunquam</strong></span> <span class='ocrx_word' id='word_1_41' title='bbox 1931 591 2029 642; x_wconf 92' lang='lat' dir='ltr'><strong>Do-</strong></span> 
     </span>
    </p>
   </div>
   <div class='ocr_carea' id='block_1_7' title="bbox 331 674 1540 745">
    <p class='ocr_par' dir='ltr' id='par_1_7' title="bbox 331 674 1540 745">
     <span class='ocr_line' id='line_1_7' title="bbox 331 674 1540 745; baseline 0 -18"><span class='ocrx_word' id='word_1_42' title='bbox 331 677 540 729; x_wconf 88' lang='lat' dir='ltr'><strong>minum</strong></span> <span class='ocrx_word' id='word_1_43' title='bbox 569 675 757 742; x_wconf 74' lang='lat' dir='ltr'><strong>gloriae</strong></span> <span class='ocrx_word' id='word_1_44' title='bbox 778 675 1175 742; x_wconf 66' lang='lat' dir='ltr'><strong>crueiﬁxissent</strong></span> <span class='ocrx_word' id='word_1_45' title='bbox 1205 674 1255 744; x_wconf 81' lang='grc' dir='ltr'>(Ι</span> <span class='ocrx_word' id='word_1_46' title='bbox 1277 676 1405 728; x_wconf 89' lang='lat' dir='ltr'><strong>Cor.</strong></span> <span class='ocrx_word' id='word_1_47' title='bbox 1440 675 1540 745; x_wconf 79' lang='lat' dir='ltr'><strong>ix).</strong></span> 
     </span>
    </p>
   </div>
   <div class='ocr_carea' id='block_1_8' title="bbox 982 815 1377 871">
    <p class='ocr_par' dir='ltr' id='par_1_8' title="bbox 982 815 1377 871">
     <span class='ocr_line' id='line_1_8' title="bbox 982 815 1377 871; baseline 0.003 -1"><span class='ocrx_word' id='word_1_48' title='bbox 982 815 1209 870; x_wconf 78' lang='lat' dir='ltr'><strong>CAPUT</strong></span> <span class='ocrx_word' id='word_1_49' title='bbox 1246 817 1377 871; x_wconf 84' lang='lat' dir='ltr'><strong>XIX.</strong></span> 
     </span>
    </p>
   </div>
   <div class='ocr_carea' id='block_1_9' title="bbox 403 939 2028 1016">
    <p class='ocr_par' dir='ltr' id='par_1_9' title="bbox 403 939 2028 1016">
     <span class='ocr_line' id='line_1_9' title="bbox 403 939 2028 1016; baseline 0 -22"><span class='ocrx_word' id='word_1_50' title='bbox 403 942 592 1016; x_wconf 59' lang='lat' dir='ltr'><strong>impiis</strong></span> <span class='ocrx_word' id='word_1_51' title='bbox 624 944 822 1004; x_wconf 86' lang='lat' dir='ltr'><strong>autem,</strong></span> <span class='ocrx_word' id='word_1_52' title='bbox 855 944 963 994; x_wconf 86' lang='lat' dir='ltr'><strong>etc.</strong></span> <span class='ocrx_word' id='word_1_53' title='bbox 1016 939 1269 994; x_wconf 89' lang='lat' dir='ltr'><strong>Inimicis</strong></span> <span class='ocrx_word' id='word_1_54' title='bbox 1313 941 1516 1012; x_wconf 84' lang='lat' dir='ltr'><strong>populi</strong></span> <span class='ocrx_word' id='word_1_55' title='bbox 1566 941 1663 996; x_wconf 90' lang='lat' dir='ltr'><strong>Dei</strong></span> <span class='ocrx_word' id='word_1_56' title='bbox 1707 961 1720 997; x_wconf 90' lang='lat'><strong>:</strong></span> <span class='ocrx_word' id='word_1_57' title='bbox 1779 941 2028 997; x_wconf 83' lang='lat' dir='ltr'><strong>vindicta</strong></span> 
     </span>
    </p>
   </div>
   <div class='ocr_carea' id='block_1_10' title="bbox 330 1029 2027 1101">
    <p class='ocr_par' dir='ltr' id='par_1_10' title="bbox 330 1029 2027 1101">
     <span class='ocr_line' id='line_1_10' title="bbox 330 1029 2027 1101; baseline 0.002 -18"><span class='ocrx_word' id='word_1_58' title='bbox 330 1045 511 1100; x_wconf 90' lang='lat' dir='ltr'><strong>usque</strong></span> <span class='ocrx_word' id='word_1_59' title='bbox 534 1029 603 1082; x_wconf 89' lang='lat' dir='ltr'><strong>ad</strong></span> <span class='ocrx_word' id='word_1_60' title='bbox 620 1029 1176 1083; x_wconf 75' lang='lat' dir='ltr'><strong>consummationem</strong></span> <span class='ocrx_word' id='word_1_61' title='bbox 1195 1030 1543 1100; x_wconf 74' lang='lat' dir='ltr'><strong>supervenit,</strong></span> <span class='ocrx_word' id='word_1_62' title='bbox 1569 1031 1704 1101; x_wconf 84' lang='lat' dir='ltr'><strong>quia</strong></span> <span class='ocrx_word' id='word_1_63' title='bbox 1729 1048 1832 1085; x_wconf 92' lang='lat' dir='ltr'><strong>nec</strong></span> <span class='ocrx_word' id='word_1_64' title='bbox 1852 1031 2027 1087; x_wconf 85' lang='lat' dir='ltr'><strong>vitam</strong></span> 
     </span>
    </p>
   </div>
   <div class='ocr_carea' id='block_1_11' title="bbox 329 1119 2028 1190">
    <p class='ocr_par' dir='ltr' id='par_1_11' title="bbox 329 1119 2028 1190">
     <span class='ocr_line' id='line_1_11' title="bbox 329 1119 2028 1190; baseline 0.002 -18"><span class='ocrx_word' id='word_1_65' title='bbox 329 1134 438 1172; x_wconf 86' lang='lat' dir='ltr'><strong>nec</strong></span> <span class='ocrx_word' id='word_1_66' title='bbox 469 1133 656 1171; x_wconf 89' lang='lat' dir='ltr'><strong>mores</strong></span> <span class='ocrx_word' id='word_1_67' title='bbox 688 1123 1076 1185; x_wconf 84' lang='lat' dir='ltr'><strong>correxerunt,</strong></span> <span class='ocrx_word' id='word_1_68' title='bbox 1103 1119 1246 1172; x_wconf 80' lang='lat' dir='ltr'><strong>fictis</strong></span> <span class='ocrx_word' id='word_1_69' title='bbox 1280 1119 1435 1173; x_wconf 88' lang='lat' dir='ltr'><strong>enim</strong></span> <span class='ocrx_word' id='word_1_70' title='bbox 1467 1120 1823 1190; x_wconf 89' lang='lat' dir='ltr'><strong>argumentis</strong></span> <span class='ocrx_word' id='word_1_71' title='bbox 1855 1122 2028 1176; x_wconf 91' lang='lat' dir='ltr'><strong>simu-</strong></span> 
     </span>
    </p>
   </div>
   <div class='ocr_carea' id='block_1_12' title="bbox 333 1206 2024 1276">
    <p class='ocr_par' dir='ltr' id='par_1_12' title="bbox 333 1206 2024 1276">
     <span class='ocr_line' id='line_1_12' title="bbox 333 1206 2024 1276; baseline 0.002 -16"><span class='ocrx_word' id='word_1_72' title='bbox 333 1206 528 1260; x_wconf 84' lang='lat' dir='ltr'><strong>labant</strong></span> <span class='ocrx_word' id='word_1_73' title='bbox 573 1207 994 1276; x_wconf 74' lang='lat' dir='ltr'><strong>pmniteutiam,</strong></span> <span class='ocrx_word' id='word_1_74' title='bbox 1046 1211 1101 1260; x_wconf 89' lang='lat' dir='ltr'><strong>et</strong></span> <span class='ocrx_word' id='word_1_75' title='bbox 1127 1207 1252 1261; x_wconf 90' lang='lat' dir='ltr'><strong>ideo</strong></span> <span class='ocrx_word' id='word_1_76' title='bbox 1282 1223 1398 1261; x_wconf 92' lang='lat' dir='ltr'><strong>non</strong></span> <span class='ocrx_word' id='word_1_77' title='bbox 1451 1214 1789 1262; x_wconf 86' lang='lat' dir='ltr'><strong>meruerunt</strong></span> <span class='ocrx_word' id='word_1_78' title='bbox 1836 1209 2024 1264; x_wconf 90' lang='lat' dir='ltr'><strong>indul-</strong></span> 
     </span>
    </p>
   </div>
   <div class='ocr_carea' id='block_1_13' title="bbox 333 1294 2027 1367">
    <p class='ocr_par' dir='ltr' id='par_1_13' title="bbox 333 1294 2027 1367">
     <span class='ocr_line' id='line_1_13' title="bbox 333 1294 2027 1367; baseline 0.002 -18"><span class='ocrx_word' id='word_1_79' title='bbox 333 1294 607 1366; x_wconf 77' lang='lat' dir='ltr'><strong>gentiam.</strong></span> <span class='ocrx_word' id='word_1_80' title='bbox 647 1295 802 1350; x_wconf 90' lang='lat' dir='ltr'><strong>Unde</strong></span> <span class='ocrx_word' id='word_1_81' title='bbox 832 1296 1050 1349; x_wconf 85' lang='lat' dir='ltr'><strong>Pharao</strong></span> <span class='ocrx_word' id='word_1_82' title='bbox 1077 1311 1206 1349; x_wconf 91' lang='lat' dir='ltr'><strong>cum</strong></span> <span class='ocrx_word' id='word_1_83' title='bbox 1237 1296 1424 1366; x_wconf 77' lang='lat' dir='ltr'><strong>plagis</strong></span> <span class='ocrx_word' id='word_1_84' title='bbox 1457 1297 1719 1366; x_wconf 84' lang='lat' dir='ltr'><strong>altlictus,</strong></span> <span class='ocrx_word' id='word_1_85' title='bbox 1745 1299 2027 1367; x_wconf 88' lang='lat' dir='ltr'><strong>populum</strong></span> 
     </span>
    </p>
   </div>
   <div class='ocr_carea' id='block_1_14' title="bbox 333 1384 2026 1456">
    <p class='ocr_par' dir='ltr' id='par_1_14' title="bbox 333 1384 2026 1456">
     <span class='ocr_line' id='line_1_14' title="bbox 333 1384 2026 1456; baseline 0.001 -17"><span class='ocrx_word' id='word_1_86' title='bbox 333 1384 429 1439; x_wconf 90' lang='lat' dir='ltr'><strong>Dei</strong></span> <span class='ocrx_word' id='word_1_87' title='bbox 461 1403 518 1438; x_wconf 91' lang='lat' dir='ltr'><strong>se</strong></span> <span class='ocrx_word' id='word_1_88' title='bbox 552 1384 923 1438; x_wconf 88' lang='lat' dir='ltr'><strong>dimissurum</strong></span> <span class='ocrx_word' id='word_1_89' title='bbox 957 1386 1340 1452; x_wconf 84' lang='lat' dir='ltr'><strong>promitteret,</strong></span> <span class='ocrx_word' id='word_1_90' title='bbox 1388 1385 1687 1456; x_wconf 89' lang='lat' dir='ltr'><strong>paululum</strong></span> <span class='ocrx_word' id='word_1_91' title='bbox 1736 1386 2026 1456; x_wconf 89' lang='lat' dir='ltr'><strong>respirans</strong></span> 
     </span>
    </p>
   </div>
   <div class='ocr_carea' id='block_1_15' title="bbox 333 1473 2023 1542">
    <p class='ocr_par' dir='ltr' id='par_1_15' title="bbox 333 1473 2023 1542">
     <span class='ocr_line' id='line_1_15' title="bbox 333 1473 2023 1542; baseline 0.001 -14"><span class='ocrx_word' id='word_1_92' title='bbox 333 1474 404 1528; x_wconf 89' lang='lat' dir='ltr'><strong>ad</strong></span> <span class='ocrx_word' id='word_1_93' title='bbox 435 1473 804 1528; x_wconf 88' lang='lat' dir='ltr'><strong>domesticam</strong></span> <span class='ocrx_word' id='word_1_94' title='bbox 845 1474 1244 1528; x_wconf 85' lang='lat' dir='ltr'><strong>crudelitatem</strong></span> <span class='ocrx_word' id='word_1_95' title='bbox 1289 1491 1548 1528; x_wconf 83' lang='lat' dir='ltr'><strong>reversus</strong></span> <span class='ocrx_word' id='word_1_96' title='bbox 1575 1479 1682 1542; x_wconf 91' lang='lat' dir='ltr'><strong>est,</strong></span> <span class='ocrx_word' id='word_1_97' title='bbox 1731 1474 1912 1529; x_wconf 87' lang='lat' dir='ltr'><strong>donec</strong></span> <span class='ocrx_word' id='word_1_98' title='bbox 1964 1476 2023 1529; x_wconf 89' lang='lat' dir='ltr'><strong>in</strong></span> 
     </span>
    </p>
   </div>
   <div class='ocr_carea' id='block_1_16' title="bbox 332 1562 2025 1618">
    <p class='ocr_par' dir='ltr' id='par_1_16' title="bbox 332 1562 2025 1618">
     <span class='ocr_line' id='line_1_16' title="bbox 332 1562 2025 1618; baseline 0.001 -2"><span class='ocrx_word' id='word_1_99' title='bbox 332 1563 479 1617; x_wconf 90' lang='lat' dir='ltr'><strong>mari</strong></span> <span class='ocrx_word' id='word_1_100' title='bbox 536 1562 731 1617; x_wconf 79' lang='lat' dir='ltr'><strong>Rubro</strong></span> <span class='ocrx_word' id='word_1_101' title='bbox 770 1563 1038 1616; x_wconf 84' lang='lat' dir='ltr'><strong>ﬂuctibus</strong></span> <span class='ocrx_word' id='word_1_102' title='bbox 1092 1563 1418 1616; x_wconf 89' lang='lat' dir='ltr'><strong>submersus</strong></span> <span class='ocrx_word' id='word_1_103' title='bbox 1468 1568 1566 1616; x_wconf 92' lang='lat' dir='ltr'><strong>est.</strong></span> <span class='ocrx_word' id='word_1_104' title='bbox 1628 1565 2025 1618; x_wconf 85' lang='lat' dir='ltr'><strong>Persecutores</strong></span> 
     </span>
    </p>
   </div>
   <div class='ocr_carea' id='block_1_17' title="bbox 333 1649 2114 1722">
    <p class='ocr_par' dir='ltr' id='par_1_17' title="bbox 333 1649 2114 1722">
     <span class='ocr_line' id='line_1_17' title="bbox 333 1649 2114 1722; baseline 0.001 -17"><span class='ocrx_word' id='word_1_105' title='bbox 333 1651 491 1706; x_wconf 87' lang='lat' dir='ltr'><strong>enim</strong></span> <span class='ocrx_word' id='word_1_106' title='bbox 538 1650 842 1705; x_wconf 86' lang='lat' dir='ltr'><strong>Christiani</strong></span> <span class='ocrx_word' id='word_1_107' title='bbox 891 1649 1143 1704; x_wconf 89' lang='lat' dir='ltr'><strong>nominis</strong></span> <span class='ocrx_word' id='word_1_108' title='bbox 1189 1650 1235 1704; x_wconf 88' lang='lat' dir='ltr'><strong>si</strong></span> <span class='ocrx_word' id='word_1_109' title='bbox 1295 1650 1650 1722; x_wconf 89' lang='lat' dir='ltr'><strong>perstiterint</strong></span> <span class='ocrx_word' id='word_1_110' title='bbox 1687 1652 1746 1704; x_wconf 93' lang='lat' dir='ltr'><strong>iu</strong></span> <span class='ocrx_word' id='word_1_111' title='bbox 1805 1652 2024 1706; x_wconf 89' lang='lat' dir='ltr'><strong>malitia</strong></span> <span class='ocrx_word' id='word_1_112' title='bbox 2057 1701 2114 1722; x_wconf 62' lang='grc' dir='ltr'><strong>η.</strong></span> 
     </span>
    </p>
   </div>
   <div class='ocr_carea' id='block_1_18' title="bbox 335 1739 1881 1811">
    <p class='ocr_par' dir='ltr' id='par_1_18' title="bbox 335 1739 1881 1811">
     <span class='ocr_line' id='line_1_18' title="bbox 335 1739 1881 1811; baseline 0 -16"><span class='ocrx_word' id='word_1_113' title='bbox 335 1757 453 1802; x_wconf 88' lang='lat' dir='ltr'><strong>sua,</strong></span> <span class='ocrx_word' id='word_1_114' title='bbox 482 1739 808 1794; x_wconf 91' lang='lat' dir='ltr'><strong>scntientiu</strong></span> <span class='ocrx_word' id='word_1_115' title='bbox 837 1755 1004 1810; x_wconf 74' lang='lat' dir='ltr'><strong>poena</strong></span> <span class='ocrx_word' id='word_1_116' title='bbox 1019 1743 1296 1810; x_wconf 90' lang='lat' dir='ltr'><strong>quantum</strong></span> <span class='ocrx_word' id='word_1_117' title='bbox 1329 1740 1507 1794; x_wconf 88' lang='lat' dir='ltr'><strong>valeat</strong></span> <span class='ocrx_word' id='word_1_118' title='bbox 1524 1739 1621 1794; x_wconf 93' lang='lat' dir='ltr'><strong>Dei</strong></span> <span class='ocrx_word' id='word_1_119' title='bbox 1635 1740 1881 1811; x_wconf 88' lang='lat' dir='ltr'><strong>justitia.</strong></span> 
     </span>
    </p>
   </div>
   <div class='ocr_carea' id='block_1_19' title="bbox 405 1827 2031 1900">
    <p class='ocr_par' dir='ltr' id='par_1_19' title="bbox 405 1827 2031 1900">
     <span class='ocr_line' id='line_1_19' title="bbox 405 1827 2031 1900; baseline 0.004 -20"><span class='ocrx_word' id='word_1_120' title='bbox 405 1827 574 1881; x_wconf 72' lang='lat' dir='ltr'><strong>Vens.</strong></span> <span class='ocrx_word' id='word_1_121' title='bbox 614 1831 666 1882; x_wconf 92' lang='lat'><strong>8.</strong></span> <span class='ocrx_word' id='word_1_122' title='bbox 698 1857 767 1866; x_wconf 96' lang='lat'><strong>—</strong></span> <span class='ocrx_word' id='word_1_123' title='bbox 803 1829 1056 1883; x_wconf 85' lang='lat' dir='ltr'><strong>Videntes</strong></span> <span class='ocrx_word' id='word_1_124' title='bbox 1087 1832 1182 1881; x_wconf 90' lang='lat' dir='ltr'><strong>tua</strong></span> <span class='ocrx_word' id='word_1_125' title='bbox 1211 1829 1515 1884; x_wconf 72' lang='lat' dir='ltr'><strong>mirabilia.</strong></span> <span class='ocrx_word' id='word_1_126' title='bbox 1554 1829 1641 1884; x_wconf 92' lang='lat' dir='ltr'><strong>Sic</strong></span> <span class='ocrx_word' id='word_1_127' title='bbox 1672 1846 1774 1884; x_wconf 90' lang='lat' dir='ltr'><strong>nos</strong></span> <span class='ocrx_word' id='word_1_128' title='bbox 1804 1834 2031 1900; x_wconf 86' lang='lat' dir='ltr'><strong>oportet</strong></span> 
     </span>
    </p>
   </div>
   <div class='ocr_carea' id='block_1_20' title="bbox 327 1913 2026 1986">
    <p class='ocr_par' dir='ltr' id='par_1_20' title="bbox 327 1913 2026 1986">
     <span class='ocr_line' id='line_1_20' title="bbox 327 1913 2026 1986; baseline 0.002 -17"><span class='ocrx_word' id='word_1_129' title='bbox 327 1913 625 1969; x_wconf 86' lang='lat' dir='ltr'><strong>liberatori</strong></span> <span class='ocrx_word' id='word_1_130' title='bbox 651 1919 844 1968; x_wconf 90' lang='lat' dir='ltr'><strong>nostro</strong></span> <span class='ocrx_word' id='word_1_131' title='bbox 869 1915 1214 1969; x_wconf 84' lang='lat' dir='ltr'><strong>exsultantes</strong></span> <span class='ocrx_word' id='word_1_132' title='bbox 1245 1916 1459 1986; x_wconf 79' lang='lat' dir='ltr'><strong>gratias</strong></span> <span class='ocrx_word' id='word_1_133' title='bbox 1503 1933 1670 1986; x_wconf 86' lang='lat' dir='ltr'><strong>agere</strong></span> <span class='ocrx_word' id='word_1_134' title='bbox 1725 1917 1977 1972; x_wconf 89' lang='lat' dir='ltr'><strong>dicentes</strong></span> <span class='ocrx_word' id='word_1_135' title='bbox 2013 1935 2026 1972; x_wconf 92' lang='lat'><strong>:</strong></span> 
     </span>
    </p>
   </div>
   <div class='ocr_carea' id='block_1_21' title="bbox 328 2002 2028 2075">
    <p class='ocr_par' dir='ltr' id='par_1_21' title="bbox 328 2002 2028 2075">
     <span class='ocr_line' id='line_1_21' title="bbox 328 2002 2028 2075; baseline 0.002 -17"><span class='ocrx_word' id='word_1_136' title='bbox 328 2002 574 2069; x_wconf 87' lang='lat' dir='ltr'><strong>Benedic,</strong></span> <span class='ocrx_word' id='word_1_137' title='bbox 627 2003 814 2056; x_wconf 89' lang='lat' dir='ltr'><strong>anima</strong></span> <span class='ocrx_word' id='word_1_138' title='bbox 887 2018 1023 2070; x_wconf 89' lang='lat' dir='ltr'><strong>mea,</strong></span> <span class='ocrx_word' id='word_1_139' title='bbox 1084 2005 1377 2058; x_wconf 85' lang='lat' dir='ltr'><strong>Dominum</strong></span> <span class='ocrx_word' id='word_1_140' title='bbox 1453 2005 1616 2075; x_wconf 85' lang='lat' dir='ltr'><strong>(Psal.</strong></span> <span class='ocrx_word' id='word_1_141' title='bbox 1668 2011 1805 2074; x_wconf 86' lang='lat' dir='ltr'><strong>cm).</strong></span> <span class='ocrx_word' id='word_1_142' title='bbox 1867 2007 2028 2061; x_wconf 90' lang='lat' dir='ltr'><strong>Unde</strong></span> 
     </span>
    </p>
   </div>
   <div class='ocr_carea' id='block_1_22' title="bbox 327 2091 2027 2165">
    <p class='ocr_par' dir='ltr' id='par_1_22' title="bbox 327 2091 2027 2165">
     <span class='ocr_line' id='line_1_22' title="bbox 327 2091 2027 2165; baseline 0.004 -21"><span class='ocrx_word' id='word_1_143' title='bbox 327 2092 636 2160; x_wconf 82' lang='lat' dir='ltr'><strong>Apostolus</strong></span> <span class='ocrx_word' id='word_1_144' title='bbox 665 2107 677 2143; x_wconf 90' lang='lat'><strong>:</strong></span> <span class='ocrx_word' id='word_1_145' title='bbox 700 2091 827 2146; x_wconf 85' lang='lat' dir='ltr'><strong>Sine</strong></span> <span class='ocrx_word' id='word_1_146' title='bbox 847 2092 1240 2148; x_wconf 76' lang='lat' dir='ltr'><strong>intermissione</strong></span> <span class='ocrx_word' id='word_1_147' title='bbox 1268 2098 1436 2163; x_wconf 87' lang='lat' dir='ltr'><strong>orate,</strong></span> <span class='ocrx_word' id='word_1_148' title='bbox 1460 2096 1516 2148; x_wconf 86' lang='lat' dir='ltr'><strong>in</strong></span> <span class='ocrx_word' id='word_1_149' title='bbox 1544 2095 1793 2151; x_wconf 86' lang='lat' dir='ltr'><strong>omnibus</strong></span> <span class='ocrx_word' id='word_1_150' title='bbox 1815 2099 2027 2165; x_wconf 83' lang='lat' dir='ltr'><strong>gratias</strong></span> 
     </span>
    </p>
   </div>
   <div class='ocr_carea' id='block_1_23' title="bbox 331 2179 892 2250">
    <p class='ocr_par' dir='ltr' id='par_1_23' title="bbox 331 2179 892 2250">
     <span class='ocr_line' id='line_1_23' title="bbox 331 2179 892 2250; baseline 0.002 -16"><span class='ocrx_word' id='word_1_151' title='bbox 331 2181 480 2248; x_wconf 84' lang='lat' dir='ltr'><strong>agite</strong></span> <span class='ocrx_word' id='word_1_152' title='bbox 509 2181 558 2249; x_wconf 91' lang='grc' dir='ltr'>(Ι</span> <span class='ocrx_word' id='word_1_153' title='bbox 588 2181 776 2235; x_wconf 83' lang='lat' dir='ltr'><strong>Thess.</strong></span> <span class='ocrx_word' id='word_1_154' title='bbox 810 2179 892 2250; x_wconf 92' lang='lat' dir='ltr'><strong>v).</strong></span> 
     </span>
    </p>
   </div>
   <div class='ocr_carea' id='block_1_24' title="bbox 407 2268 2027 2342">
    <p class='ocr_par' dir='ltr' id='par_1_24' title="bbox 407 2268 2027 2342">
     <span class='ocr_line' id='line_1_24' title="bbox 407 2268 2027 2342; baseline 0.004 -23"><span class='ocrx_word' id='word_1_155' title='bbox 407 2268 565 2321; x_wconf 72' lang='lat' dir='ltr'><strong>Vens.</strong></span> <span class='ocrx_word' id='word_1_156' title='bbox 608 2269 691 2322; x_wconf 88' lang='grc'><strong>10.</strong></span> <span class='ocrx_word' id='word_1_157' title='bbox 742 2297 804 2308; x_wconf 91' lang='lat'><em>-</em></span> <span class='ocrx_word' id='word_1_158' title='bbox 860 2269 1132 2324; x_wconf 72' lang='lat' dir='ltr'><strong>Produarit</strong></span> <span class='ocrx_word' id='word_1_159' title='bbox 1171 2275 1337 2326; x_wconf 86' lang='lat' dir='ltr'><strong>terra.</strong></span> <span class='ocrx_word' id='word_1_160' title='bbox 1395 2272 1536 2326; x_wconf 89' lang='lat' dir='ltr'><strong>Nota</strong></span> <span class='ocrx_word' id='word_1_161' title='bbox 1577 2272 1730 2342; x_wconf 86' lang='lat' dir='ltr'><strong>quod</strong></span> <span class='ocrx_word' id='word_1_162' title='bbox 1779 2271 2027 2327; x_wconf 91' lang='lat' dir='ltr'><strong>inimicis</strong></span> 
     </span>
    </p>
   </div>
   <div class='ocr_carea' id='block_1_25' title="bbox 339 2353 2022 2428">
    <p class='ocr_par' dir='ltr' id='par_1_25' title="bbox 339 2353 2022 2428">
     <span class='ocr_line' id='line_1_25' title="bbox 339 2353 2022 2428; baseline 0.004 -19"><span class='ocrx_word' id='word_1_163' title='bbox 339 2353 438 2409; x_wconf 90' lang='lat' dir='ltr'><strong>Dei</strong></span> <span class='ocrx_word' id='word_1_164' title='bbox 468 2358 619 2409; x_wconf 89' lang='lat' dir='ltr'><strong>terra</strong></span> <span class='ocrx_word' id='word_1_165' title='bbox 652 2355 924 2424; x_wconf 84' lang='lat' dir='ltr'><strong>produxit</strong></span> <span class='ocrx_word' id='word_1_166' title='bbox 974 2373 1214 2424; x_wconf 76' lang='lat' dir='ltr'><strong>muscas,</strong></span> <span class='ocrx_word' id='word_1_167' title='bbox 1277 2364 1335 2413; x_wconf 91' lang='lat' dir='ltr'><strong>et</strong></span> <span class='ocrx_word' id='word_1_168' title='bbox 1387 2359 1597 2413; x_wconf 87' lang='lat' dir='ltr'><strong>ﬂuvius</strong></span> <span class='ocrx_word' id='word_1_169' title='bbox 1643 2376 1844 2428; x_wconf 88' lang='lat' dir='ltr'><strong>ranas;</strong></span> <span class='ocrx_word' id='word_1_170' title='bbox 1901 2361 2022 2415; x_wconf 88' lang='lat' dir='ltr'><strong>cul-</strong></span> 
     </span>
    </p>
   </div>
   <div class='ocr_carea' id='block_1_26' title="bbox 336 2442 2024 2517">
    <p class='ocr_par' dir='ltr' id='par_1_26' title="bbox 336 2442 2024 2517">
     <span class='ocr_line' id='line_1_26' title="bbox 336 2442 2024 2517; baseline 0.004 -20"><span class='ocrx_word' id='word_1_171' title='bbox 336 2442 559 2498; x_wconf 88' lang='lat' dir='ltr'><strong>toribus</strong></span> <span class='ocrx_word' id='word_1_172' title='bbox 614 2450 809 2498; x_wconf 88' lang='lat' dir='ltr'><strong>autem</strong></span> <span class='ocrx_word' id='word_1_173' title='bbox 860 2445 959 2499; x_wconf 91' lang='lat' dir='ltr'><strong>Dei</strong></span> <span class='ocrx_word' id='word_1_174' title='bbox 1007 2450 1160 2500; x_wconf 89' lang='lat' dir='ltr'><strong>terra</strong></span> <span class='ocrx_word' id='word_1_175' title='bbox 1213 2447 1369 2502; x_wconf 89' lang='lat' dir='ltr'><strong>dedit</strong></span> <span class='ocrx_word' id='word_1_176' title='bbox 1413 2448 1684 2517; x_wconf 89' lang='lat' dir='ltr'><strong>fructum,</strong></span> <span class='ocrx_word' id='word_1_177' title='bbox 1746 2453 1803 2503; x_wconf 91' lang='lat' dir='ltr'><strong>et</strong></span> <span class='ocrx_word' id='word_1_178' title='bbox 1865 2465 2024 2505; x_wconf 89' lang='lat' dir='ltr'><strong>mare</strong></span> 
     </span>
    </p>
   </div>
   <div class='ocr_carea' id='block_1_27' title="bbox 2057 1701 2097 1754">
    <p class='ocr_par' dir='ltr' id='par_1_27' title="bbox 2057 1701 2097 1754">
     <span class='ocr_line' id='line_1_27' title="bbox 2057 1701 2097 1754; baseline 0 0"><span class='ocrx_word' id='word_1_179' title='bbox 2057 1701 2097 1754; x_wconf 87' lang='grc' dir='ltr'><strong>Β</strong></span> 
     </span>
    </p>
   </div>
   <div class='ocr_carea' id='block_1_28' title="bbox 2139 503 3833 578">
    <p class='ocr_par' dir='ltr' id='par_1_28' title="bbox 2139 503 3833 578">
     <span class='ocr_line' id='line_1_28' title="bbox 2139 503 3833 578; baseline 0.004 -23"><span class='ocrx_word' id='word_1_180' title='bbox 2139 517 2243 572; x_wconf 80' lang='lat' dir='ltr'><strong>per</strong></span> <span class='ocrx_word' id='word_1_181' title='bbox 2281 518 2456 572; x_wconf 86' lang='lat' dir='ltr'><strong>opera</strong></span> <span class='ocrx_word' id='word_1_182' title='bbox 2489 519 2591 556; x_wconf 88' lang='lat' dir='ltr'><strong>sua</strong></span> <span class='ocrx_word' id='word_1_183' title='bbox 2621 503 3061 570; x_wconf 83' lang='lat' dir='ltr'><strong>nutrimentum,</strong></span> <span class='ocrx_word' id='word_1_184' title='bbox 3104 504 3297 559; x_wconf 89' lang='lat' dir='ltr'><strong>divina</strong></span> <span class='ocrx_word' id='word_1_185' title='bbox 3339 513 3608 576; x_wconf 88' lang='lat' dir='ltr'><strong>procuret</strong></span> <span class='ocrx_word' id='word_1_186' title='bbox 3637 508 3833 578; x_wconf 86' lang='lat' dir='ltr'><strong>provi-</strong></span> 
     </span>
    </p>
   </div>
   <div class='ocr_carea' id='block_1_29' title="bbox 2138 591 3838 667">
    <p class='ocr_par' dir='ltr' id='par_1_29' title="bbox 2138 591 3838 667">
     <span class='ocr_line' id='line_1_29' title="bbox 2138 591 3838 667; baseline 0.004 -22"><span class='ocrx_word' id='word_1_187' title='bbox 2138 591 2348 646; x_wconf 88' lang='lat' dir='ltr'><strong>dentia.</strong></span> <span class='ocrx_word' id='word_1_188' title='bbox 2410 591 2664 646; x_wconf 87' lang='lat' dir='ltr'><strong>Inimicis</strong></span> <span class='ocrx_word' id='word_1_189' title='bbox 2723 608 2856 647; x_wconf 82' lang='lat' dir='ltr'><strong>vero</strong></span> <span class='ocrx_word' id='word_1_190' title='bbox 2906 593 3259 664; x_wconf 88' lang='lat' dir='ltr'><strong>condignum</strong></span> <span class='ocrx_word' id='word_1_191' title='bbox 3314 599 3670 650; x_wconf 84' lang='lat' dir='ltr'><strong>tormentum</strong></span> <span class='ocrx_word' id='word_1_192' title='bbox 3729 612 3838 667; x_wconf 87' lang='lat' dir='ltr'><strong>per</strong></span> 
     </span>
    </p>
   </div>
   <div class='ocr_carea' id='block_1_30' title="bbox 2138 680 3169 735">
    <p class='ocr_par' dir='ltr' id='par_1_30' title="bbox 2138 680 3169 735">
     <span class='ocr_line' id='line_1_30' title="bbox 2138 680 3169 735; baseline 0.002 -2"><span class='ocrx_word' id='word_1_193' title='bbox 2138 680 2425 734; x_wconf 89' lang='lat' dir='ltr'><strong>subditam</strong></span> <span class='ocrx_word' id='word_1_194' title='bbox 2449 680 2555 735; x_wconf 91' lang='lat' dir='ltr'><strong>sibi</strong></span> <span class='ocrx_word' id='word_1_195' title='bbox 2577 685 2895 734; x_wconf 88' lang='lat' dir='ltr'><strong>creaturam</strong></span> <span class='ocrx_word' id='word_1_196' title='bbox 2939 681 3169 735; x_wconf 79' lang='lat' dir='ltr'><strong>inferat.</strong></span> 
     </span>
    </p>
   </div>
   <div class='ocr_carea' id='block_1_31' title="bbox 2206 769 3836 844">
    <p class='ocr_par' dir='ltr' id='par_1_31' title="bbox 2206 769 3836 844">
     <span class='ocr_line' id='line_1_31' title="bbox 2206 769 3836 844; baseline 0.002 -20"><span class='ocrx_word' id='word_1_197' title='bbox 2206 771 2356 824; x_wconf 84' lang='lat' dir='ltr'><strong>Juste</strong></span> <span class='ocrx_word' id='word_1_198' title='bbox 2413 773 2554 824; x_wconf 87' lang='lat' dir='ltr'><strong>enim</strong></span> <span class='ocrx_word' id='word_1_199' title='bbox 2594 773 2968 840; x_wconf 86' lang='lat' dir='ltr'><strong>patiebantur.</strong></span> <span class='ocrx_word' id='word_1_200' title='bbox 3023 769 3209 840; x_wconf 71' lang='grc' dir='ltr'><strong>(ΗΑΒ.)</strong></span> <span class='ocrx_word' id='word_1_201' title='bbox 3255 771 3361 836; x_wconf 86' lang='lat' dir='ltr'><strong>Qui</strong></span> <span class='ocrx_word' id='word_1_202' title='bbox 3414 772 3687 844; x_wconf 88' lang='lat' dir='ltr'><strong>antiquos</strong></span> <span class='ocrx_word' id='word_1_203' title='bbox 3731 773 3836 828; x_wconf 89' lang='lat' dir='ltr'><strong>Dei</strong></span> 
     </span>
    </p>
   </div>
   <div class='ocr_carea' id='block_1_32' title="bbox 2138 859 3832 933">
    <p class='ocr_par' dir='ltr' id='par_1_32' title="bbox 2138 859 3832 933">
     <span class='ocr_line' id='line_1_32' title="bbox 2138 859 3832 933; baseline 0.002 -22"><span class='ocrx_word' id='word_1_204' title='bbox 2138 873 2349 926; x_wconf 88' lang='lat' dir='ltr'><strong>servos,</strong></span> <span class='ocrx_word' id='word_1_205' title='bbox 2383 863 2515 926; x_wconf 90' lang='lat' dir='ltr'><strong>etc.,</strong></span> <span class='ocrx_word' id='word_1_206' title='bbox 2557 874 2727 927; x_wconf 87' lang='lat' dir='ltr'><strong>usque</strong></span> <span class='ocrx_word' id='word_1_207' title='bbox 2783 859 2857 912; x_wconf 87' lang='lat' dir='ltr'><strong>ad</strong></span> <span class='ocrx_word' id='word_1_208' title='bbox 2907 859 3056 913; x_wconf 88' lang='lat' dir='ltr'><strong>viam</strong></span> <span class='ocrx_word' id='word_1_209' title='bbox 3098 861 3352 914; x_wconf 85' lang='lat' dir='ltr'><strong>veritatis</strong></span> <span class='ocrx_word' id='word_1_210' title='bbox 3383 878 3501 916; x_wconf 90' lang='lat' dir='ltr'><strong>non</strong></span> <span class='ocrx_word' id='word_1_211' title='bbox 3545 862 3832 933; x_wconf 82' lang='lat' dir='ltr'><strong>agnoscit,</strong></span> 
     </span>
    </p>
   </div>
   <div class='ocr_carea' id='block_1_33' title="bbox 2137 946 3474 1018">
    <p class='ocr_par' dir='ltr' id='par_1_33' title="bbox 2137 946 3474 1018">
     <span class='ocr_line' id='line_1_33' title="bbox 2137 946 3474 1018; baseline 0.003 -18"><span class='ocrx_word' id='word_1_212' title='bbox 2137 951 2195 1000; x_wconf 89' lang='lat' dir='ltr'><strong>et</strong></span> <span class='ocrx_word' id='word_1_213' title='bbox 2221 946 2469 1000; x_wconf 88' lang='lat' dir='ltr'><strong>hostium</strong></span> <span class='ocrx_word' id='word_1_214' title='bbox 2491 947 2641 1018; x_wconf 89' lang='lat' dir='ltr'><strong>quod</strong></span> <span class='ocrx_word' id='word_1_215' title='bbox 2665 947 2922 1003; x_wconf 88' lang='lat' dir='ltr'><strong>Christus</strong></span> <span class='ocrx_word' id='word_1_216' title='bbox 2953 953 3057 1017; x_wconf 90' lang='lat' dir='ltr'><strong>est,</strong></span> <span class='ocrx_word' id='word_1_217' title='bbox 3091 964 3202 1002; x_wconf 92' lang='lat' dir='ltr'><strong>non</strong></span> <span class='ocrx_word' id='word_1_218' title='bbox 3237 947 3474 1004; x_wconf 84' lang='lat' dir='ltr'><strong>invenit.</strong></span> 
     </span>
    </p>
   </div>
   <div class='ocr_carea' id='block_1_34' title="bbox 2207 1035 3838 1109">
    <p class='ocr_par' dir='ltr' id='par_1_34' title="bbox 2207 1035 3838 1109">
     <span class='ocr_line' id='line_1_34' title="bbox 2207 1035 3838 1109; baseline 0.002 -20"><span class='ocrx_word' id='word_1_219' title='bbox 2207 1035 2365 1089; x_wconf 73' lang='lat' dir='ltr'><strong>Vens.</strong></span> <span class='ocrx_word' id='word_1_220' title='bbox 2404 1039 2489 1104; x_wconf 84' lang='lat' dir='ltr'><strong>t7,</strong></span> <span class='ocrx_word' id='word_1_221' title='bbox 2515 1065 2585 1075; x_wconf 92' lang='lat'><strong><em>—</em></strong></span> <span class='ocrx_word' id='word_1_222' title='bbox 2616 1037 2678 1090; x_wconf 87' lang='lat' dir='ltr'><strong>In</strong></span> <span class='ocrx_word' id='word_1_223' title='bbox 2705 1051 2761 1090; x_wconf 87' lang='lat' dir='ltr'><strong>se</strong></span> <span class='ocrx_word' id='word_1_224' title='bbox 2779 1037 3055 1092; x_wconf 87' lang='lat' dir='ltr'><strong>elementa.</strong></span> <span class='ocrx_word' id='word_1_225' title='bbox 3087 1037 3243 1091; x_wconf 84' lang='lat' dir='ltr'><strong>Sicut</strong></span> <span class='ocrx_word' id='word_1_226' title='bbox 3273 1037 3333 1091; x_wconf 94' lang='lat' dir='ltr'><strong>iu</strong></span> <span class='ocrx_word' id='word_1_227' title='bbox 3369 1054 3586 1109; x_wconf 88' lang='lat' dir='ltr'><strong>organo</strong></span> <span class='ocrx_word' id='word_1_228' title='bbox 3622 1038 3838 1093; x_wconf 81' lang='lat' dir='ltr'><strong>diversi</strong></span> 
     </span>
    </p>
   </div>
   <div class='ocr_carea' id='block_1_35' title="bbox 2137 1122 3838 1196">
    <p class='ocr_par' dir='ltr' id='par_1_35' title="bbox 2137 1122 3838 1196">
     <span class='ocr_line' id='line_1_35' title="bbox 2137 1122 3838 1196; baseline 0.004 -21"><span class='ocrx_word' id='word_1_229' title='bbox 2137 1122 2263 1176; x_wconf 90' lang='lat' dir='ltr'><strong>soni</strong></span> <span class='ocrx_word' id='word_1_230' title='bbox 2289 1123 2360 1177; x_wconf 87' lang='lat' dir='ltr'><strong>ad</strong></span> <span class='ocrx_word' id='word_1_231' title='bbox 2409 1124 2770 1178; x_wconf 85' lang='lat' dir='ltr'><strong>concordiam</strong></span> <span class='ocrx_word' id='word_1_232' title='bbox 2799 1125 3060 1179; x_wconf 73' lang='lat' dir='ltr'><strong>melodia:</strong></span> <span class='ocrx_word' id='word_1_233' title='bbox 3110 1132 3564 1196; x_wconf 85' lang='lat' dir='ltr'><strong>temperamento</strong></span> <span class='ocrx_word' id='word_1_234' title='bbox 3594 1143 3838 1182; x_wconf 86' lang='lat' dir='ltr'><strong>consen-</strong></span> 
     </span>
    </p>
   </div>
   <div class='ocr_carea' id='block_1_36' title="bbox 2137 1212 3838 1285">
    <p class='ocr_par' dir='ltr' id='par_1_36' title="bbox 2137 1212 3838 1285">
     <span class='ocr_line' id='line_1_36' title="bbox 2137 1212 3838 1285; baseline 0.001 -19"><span class='ocrx_word' id='word_1_235' title='bbox 2137 1212 2306 1281; x_wconf 88' lang='lat' dir='ltr'><strong>tiunt,</strong></span> <span class='ocrx_word' id='word_1_236' title='bbox 2359 1212 2438 1266; x_wconf 89' lang='lat' dir='ltr'><strong>ita</strong></span> <span class='ocrx_word' id='word_1_237' title='bbox 2469 1213 2850 1284; x_wconf 81' lang='lat' dir='ltr'><strong>discrepantia</strong></span> <span class='ocrx_word' id='word_1_238' title='bbox 2880 1215 3161 1268; x_wconf 84' lang='lat' dir='ltr'><strong>elementa</strong></span> <span class='ocrx_word' id='word_1_239' title='bbox 3192 1222 3413 1269; x_wconf 90' lang='lat' dir='ltr'><strong>servato</strong></span> <span class='ocrx_word' id='word_1_240' title='bbox 3433 1217 3562 1285; x_wconf 89' lang='lat' dir='ltr'><strong>jure</strong></span> <span class='ocrx_word' id='word_1_241' title='bbox 3612 1221 3838 1269; x_wconf 66' lang='lat' dir='ltr'><strong>natura:</strong></span> 
     </span>
    </p>
   </div>
   <div class='ocr_carea' id='block_1_37' title="bbox 2135 1300 3839 1359">
    <p class='ocr_par' dir='ltr' id='par_1_37' title="bbox 2135 1300 3839 1359">
     <span class='ocr_line' id='line_1_37' title="bbox 2135 1300 3839 1359; baseline 0.003 -5"><span class='ocrx_word' id='word_1_242' title='bbox 2135 1301 2208 1355; x_wconf 90' lang='lat' dir='ltr'><strong>ad</strong></span> <span class='ocrx_word' id='word_1_243' title='bbox 2238 1300 2523 1355; x_wconf 86' lang='lat' dir='ltr'><strong>Creatoris</strong></span> <span class='ocrx_word' id='word_1_244' title='bbox 2554 1303 2906 1356; x_wconf 86' lang='lat' dir='ltr'><strong>voluntatem</strong></span> <span class='ocrx_word' id='word_1_245' title='bbox 2935 1301 3246 1357; x_wconf 86' lang='lat' dir='ltr'><strong>ﬂeetuntur</strong></span> <span class='ocrx_word' id='word_1_246' title='bbox 3276 1320 3288 1358; x_wconf 91' lang='lat'><strong>:</strong></span> <span class='ocrx_word' id='word_1_247' title='bbox 3335 1320 3446 1358; x_wconf 92' lang='lat' dir='ltr'><strong>non</strong></span> <span class='ocrx_word' id='word_1_248' title='bbox 3491 1304 3647 1358; x_wconf 90' lang='lat' dir='ltr'><strong>enim</strong></span> <span class='ocrx_word' id='word_1_249' title='bbox 3679 1320 3839 1359; x_wconf 87' lang='lat' dir='ltr'><strong>crea-</strong></span> 
     </span>
    </p>
   </div>
   <div class='ocr_carea' id='block_1_38' title="bbox 2134 1389 3840 1463">
    <p class='ocr_par' dir='ltr' id='par_1_38' title="bbox 2134 1389 3840 1463">
     <span class='ocr_line' id='line_1_38' title="bbox 2134 1389 3840 1463; baseline 0.002 -19"><span class='ocrx_word' id='word_1_250' title='bbox 2134 1394 2323 1444; x_wconf 89' lang='lat' dir='ltr'><strong>turam</strong></span> <span class='ocrx_word' id='word_1_251' title='bbox 2353 1389 2458 1443; x_wconf 92' lang='lat' dir='ltr'><strong>sibi</strong></span> <span class='ocrx_word' id='word_1_252' title='bbox 2489 1389 2746 1444; x_wconf 87' lang='lat' dir='ltr'><strong>condidit</strong></span> <span class='ocrx_word' id='word_1_253' title='bbox 2800 1390 3168 1457; x_wconf 86' lang='lat' dir='ltr'><strong>contrariam,</strong></span> <span class='ocrx_word' id='word_1_254' title='bbox 3222 1392 3318 1446; x_wconf 91' lang='lat' dir='ltr'><strong>sed</strong></span> <span class='ocrx_word' id='word_1_255' title='bbox 3350 1408 3452 1463; x_wconf 91' lang='lat' dir='ltr'><strong>per</strong></span> <span class='ocrx_word' id='word_1_256' title='bbox 3482 1392 3678 1446; x_wconf 88' lang='lat' dir='ltr'><strong>omnia</strong></span> <span class='ocrx_word' id='word_1_257' title='bbox 3729 1408 3840 1447; x_wconf 89' lang='lat' dir='ltr'><strong>vo-</strong></span> 
     </span>
    </p>
   </div>
   <div class='ocr_carea' id='block_1_39' title="bbox 2136 1478 3838 1549">
    <p class='ocr_par' dir='ltr' id='par_1_39' title="bbox 2136 1478 3838 1549">
     <span class='ocr_line' id='line_1_39' title="bbox 2136 1478 3838 1549; baseline 0.001 -17"><span class='ocrx_word' id='word_1_258' title='bbox 2136 1478 2341 1532; x_wconf 90' lang='lat' dir='ltr'><strong>luntati</strong></span> <span class='ocrx_word' id='word_1_259' title='bbox 2363 1495 2481 1532; x_wconf 66' lang='lat' dir='ltr'><strong>suae</strong></span> <span class='ocrx_word' id='word_1_260' title='bbox 2509 1484 2974 1533; x_wconf 74' lang='lat' dir='ltr'><strong>consentaneum.</strong></span> <span class='ocrx_word' id='word_1_261' title='bbox 3020 1480 3168 1535; x_wconf 89' lang='lat' dir='ltr'><strong>Unde</strong></span> <span class='ocrx_word' id='word_1_262' title='bbox 3195 1483 3476 1546; x_wconf 79' lang='lat' dir='ltr'><strong>aestimari,</strong></span> <span class='ocrx_word' id='word_1_263' title='bbox 3510 1485 3616 1534; x_wconf 90' lang='lat' dir='ltr'><strong>etc.</strong></span> <span class='ocrx_word' id='word_1_264' title='bbox 3648 1481 3838 1549; x_wconf 69' lang='grc' dir='ltr'><strong>(ΗΑΒ.)</strong></span> 
     </span>
    </p>
   </div>
   <div class='ocr_carea' id='block_1_40' title="bbox 2136 1566 3842 1640">
    <p class='ocr_par' dir='ltr' id='par_1_40' title="bbox 2136 1566 3842 1640">
     <span class='ocr_line' id='line_1_40' title="bbox 2136 1566 3842 1640; baseline 0.001 -20"><span class='ocrx_word' id='word_1_265' title='bbox 2136 1566 2410 1621; x_wconf 88' lang='lat' dir='ltr'><strong>Homines</strong></span> <span class='ocrx_word' id='word_1_266' title='bbox 2431 1567 2583 1620; x_wconf 90' lang='lat' dir='ltr'><strong>enim</strong></span> <span class='ocrx_word' id='word_1_267' title='bbox 2607 1573 2662 1621; x_wconf 89' lang='lat' dir='ltr'><strong>et</strong></span> <span class='ocrx_word' id='word_1_268' title='bbox 2684 1568 2970 1638; x_wconf 84' lang='lat' dir='ltr'><strong>jumenta,</strong></span> <span class='ocrx_word' id='word_1_269' title='bbox 3003 1573 3134 1634; x_wconf 90' lang='lat' dir='ltr'><strong>etc.,</strong></span> <span class='ocrx_word' id='word_1_270' title='bbox 3157 1583 3325 1637; x_wconf 86' lang='lat' dir='ltr'><strong>usque</strong></span> <span class='ocrx_word' id='word_1_271' title='bbox 3347 1569 3420 1622; x_wconf 88' lang='lat' dir='ltr'><strong>ad</strong></span> <span class='ocrx_word' id='word_1_272' title='bbox 3441 1574 3503 1623; x_wconf 91' lang='lat' dir='ltr'><strong>ut</strong></span> <span class='ocrx_word' id='word_1_273' title='bbox 3529 1573 3842 1640; x_wconf 89' lang='lat' dir='ltr'><strong>appareret</strong></span> 
     </span>
    </p>
   </div>
   <div class='ocr_carea' id='block_1_41' title="bbox 2137 1656 3838 1727">
    <p class='ocr_par' dir='ltr' id='par_1_41' title="bbox 2137 1656 3838 1727">
     <span class='ocr_line' id='line_1_41' title="bbox 2137 1656 3838 1727; baseline 0 -17"><span class='ocrx_word' id='word_1_274' title='bbox 2137 1657 2288 1727; x_wconf 91' lang='lat' dir='ltr'><strong>quod</strong></span> <span class='ocrx_word' id='word_1_275' title='bbox 2321 1657 2605 1711; x_wconf 84' lang='lat' dir='ltr'><strong>elementa</strong></span> <span class='ocrx_word' id='word_1_276' title='bbox 2638 1657 2842 1710; x_wconf 88' lang='lat' dir='ltr'><strong>mundi</strong></span> <span class='ocrx_word' id='word_1_277' title='bbox 2870 1673 2988 1710; x_wconf 94' lang='lat' dir='ltr'><strong>nou</strong></span> <span class='ocrx_word' id='word_1_278' title='bbox 3043 1673 3162 1711; x_wconf 67' lang='lat' dir='ltr'><strong>suae</strong></span> <span class='ocrx_word' id='word_1_279' title='bbox 3211 1662 3437 1711; x_wconf 88' lang='lat' dir='ltr'><strong>tantum</strong></span> <span class='ocrx_word' id='word_1_280' title='bbox 3493 1656 3838 1722; x_wconf 89' lang='lat' dir='ltr'><strong>conditioni,</strong></span> 
     </span>
    </p>
   </div>
   <div class='ocr_carea' id='block_1_42' title="bbox 2139 1744 3259 1800">
    <p class='ocr_par' dir='ltr' id='par_1_42' title="bbox 2139 1744 3259 1800">
     <span class='ocr_line' id='line_1_42' title="bbox 2139 1744 3259 1800; baseline 0.001 -2"><span class='ocrx_word' id='word_1_281' title='bbox 2139 1745 2238 1800; x_wconf 89' lang='lat' dir='ltr'><strong>sed</strong></span> <span class='ocrx_word' id='word_1_282' title='bbox 2268 1745 2551 1800; x_wconf 88' lang='lat' dir='ltr'><strong>Creatoris</strong></span> <span class='ocrx_word' id='word_1_283' title='bbox 2575 1744 2931 1800; x_wconf 88' lang='lat' dir='ltr'><strong>deservirent</strong></span> <span class='ocrx_word' id='word_1_284' title='bbox 2960 1745 3259 1799; x_wconf 84' lang='lat' dir='ltr'><strong>voluntati.</strong></span> 
     </span>
    </p>
   </div>
   <div class='ocr_carea' id='block_1_43' title="bbox 2211 1833 3840 1902">
    <p class='ocr_par' dir='ltr' id='par_1_43' title="bbox 2211 1833 3840 1902">
     <span class='ocr_line' id='line_1_43' title="bbox 2211 1833 3840 1902; baseline 0.001 -15"><span class='ocrx_word' id='word_1_285' title='bbox 2211 1835 2368 1889; x_wconf 73' lang='lat' dir='ltr'><strong>Vnus.</strong></span> <span class='ocrx_word' id='word_1_286' title='bbox 2401 1836 2489 1888; x_wconf 83' lang='lat'><strong>20.</strong></span> <span class='ocrx_word' id='word_1_287' title='bbox 2537 1863 2607 1873; x_wconf 89' lang='lat'><strong>-—</strong></span> <span class='ocrx_word' id='word_1_288' title='bbox 2649 1835 2711 1889; x_wconf 84' lang='lat' dir='ltr'><strong>In</strong></span> <span class='ocrx_word' id='word_1_289' title='bbox 2759 1835 3005 1888; x_wconf 88' lang='lat' dir='ltr'><strong>omnibus</strong></span> <span class='ocrx_word' id='word_1_290' title='bbox 3057 1835 3199 1888; x_wconf 87' lang='lat' dir='ltr'><strong>enim</strong></span> <span class='ocrx_word' id='word_1_291' title='bbox 3236 1836 3619 1902; x_wconf 77' lang='lat' dir='ltr'><strong>magniﬁcasti.</strong></span> <span class='ocrx_word' id='word_1_292' title='bbox 3676 1833 3840 1888; x_wconf 83' lang='lat' dir='ltr'><strong>Mise-</strong></span> 
     </span>
    </p>
   </div>
   <div class='ocr_carea' id='block_1_44' title="bbox 2135 1921 3839 1994">
    <p class='ocr_par' dir='ltr' id='par_1_44' title="bbox 2135 1921 3839 1994">
     <span class='ocr_line' id='line_1_44' title="bbox 2135 1921 3839 1994; baseline 0.001 -18"><span class='ocrx_word' id='word_1_293' title='bbox 2135 1921 2313 1977; x_wconf 90' lang='lat' dir='ltr'><strong>ricors</strong></span> <span class='ocrx_word' id='word_1_294' title='bbox 2354 1928 2412 1978; x_wconf 90' lang='lat' dir='ltr'><strong>et</strong></span> <span class='ocrx_word' id='word_1_295' title='bbox 2443 1922 2743 1977; x_wconf 88' lang='lat' dir='ltr'><strong>miserator</strong></span> <span class='ocrx_word' id='word_1_296' title='bbox 2776 1923 3048 1976; x_wconf 89' lang='lat' dir='ltr'><strong>Dominus</strong></span> <span class='ocrx_word' id='word_1_297' title='bbox 3078 1938 3305 1994; x_wconf 88' lang='lat' dir='ltr'><strong>semper</strong></span> <span class='ocrx_word' id='word_1_298' title='bbox 3362 1923 3519 1977; x_wconf 90' lang='lat' dir='ltr'><strong>adest</strong></span> <span class='ocrx_word' id='word_1_299' title='bbox 3566 1923 3839 1977; x_wconf 80' lang='lat' dir='ltr'><strong>ﬁdelibus</strong></span> 
     </span>
    </p>
   </div>
   <div class='ocr_carea' id='block_1_45' title="bbox 2137 2010 3832 2083">
    <p class='ocr_par' dir='ltr' id='par_1_45' title="bbox 2137 2010 3832 2083">
     <span class='ocr_line' id='line_1_45' title="bbox 2137 2010 3832 2083; baseline 0.002 -20"><span class='ocrx_word' id='word_1_300' title='bbox 2137 2010 2274 2078; x_wconf 89' lang='lat' dir='ltr'><strong>suis,</strong></span> <span class='ocrx_word' id='word_1_301' title='bbox 2311 2027 2457 2082; x_wconf 88' lang='lat' dir='ltr'><strong>quos</strong></span> <span class='ocrx_word' id='word_1_302' title='bbox 2488 2027 2715 2082; x_wconf 86' lang='lat' dir='ltr'><strong>semper</strong></span> <span class='ocrx_word' id='word_1_303' title='bbox 2745 2011 2996 2082; x_wconf 85' lang='lat' dir='ltr'><strong>protegit</strong></span> <span class='ocrx_word' id='word_1_304' title='bbox 3019 2015 3075 2065; x_wconf 89' lang='lat' dir='ltr'><strong>et</strong></span> <span class='ocrx_word' id='word_1_305' title='bbox 3104 2011 3252 2082; x_wconf 88' lang='lat' dir='ltr'><strong>regit</strong></span> <span class='ocrx_word' id='word_1_306' title='bbox 3285 2027 3298 2065; x_wconf 91' lang='lat'><strong>:</strong></span> <span class='ocrx_word' id='word_1_307' title='bbox 3333 2027 3477 2082; x_wconf 90' lang='lat' dir='ltr'><strong>quos</strong></span> <span class='ocrx_word' id='word_1_308' title='bbox 3516 2011 3832 2083; x_wconf 85' lang='lat' dir='ltr'><strong>aliquando</strong></span> 
     </span>
    </p>
   </div>
   <div class='ocr_carea' id='block_1_46' title="bbox 2135 2099 3834 2170">
    <p class='ocr_par' dir='ltr' id='par_1_46' title="bbox 2135 2099 3834 2170">
     <span class='ocr_line' id='line_1_46' title="bbox 2135 2099 3834 2170; baseline 0.001 -17"><span class='ocrx_word' id='word_1_309' title='bbox 2135 2099 2194 2153; x_wconf 90' lang='lat' dir='ltr'><strong>in</strong></span> <span class='ocrx_word' id='word_1_310' title='bbox 2228 2100 2500 2170; x_wconf 89' lang='lat' dir='ltr'><strong>martyrio</strong></span> <span class='ocrx_word' id='word_1_311' title='bbox 2531 2105 2756 2170; x_wconf 89' lang='lat' dir='ltr'><strong>purgat.</strong></span> <span class='ocrx_word' id='word_1_312' title='bbox 2787 2099 2946 2154; x_wconf 92' lang='lat' dir='ltr'><strong>Unde</strong></span> <span class='ocrx_word' id='word_1_313' title='bbox 2983 2115 2997 2154; x_wconf 89' lang='lat'><strong>:</strong></span> <span class='ocrx_word' id='word_1_314' title='bbox 3034 2101 3180 2154; x_wconf 86' lang='lat' dir='ltr'><strong>Vasa</strong></span> <span class='ocrx_word' id='word_1_315' title='bbox 3199 2101 3361 2168; x_wconf 79' lang='lat' dir='ltr'><strong>figuli</strong></span> <span class='ocrx_word' id='word_1_316' title='bbox 3380 2100 3579 2169; x_wconf 79' lang='lat' dir='ltr'><strong>probat</strong></span> <span class='ocrx_word' id='word_1_317' title='bbox 3602 2103 3834 2166; x_wconf 55' lang='lat' dir='ltr'><strong>fornae,</strong></span> 
     </span>
    </p>
   </div>
   <div class='ocr_carea' id='block_1_47' title="bbox 2134 2187 3831 2257">
    <p class='ocr_par' dir='ltr' id='par_1_47' title="bbox 2134 2187 3831 2257">
     <span class='ocr_line' id='line_1_47' title="bbox 2134 2187 3831 2257; baseline 0.001 -17"><span class='ocrx_word' id='word_1_318' title='bbox 2134 2191 2184 2240; x_wconf 87' lang='lat' dir='ltr'><strong>et</strong></span> <span class='ocrx_word' id='word_1_319' title='bbox 2211 2187 2448 2241; x_wconf 88' lang='lat' dir='ltr'><strong>homines</strong></span> <span class='ocrx_word' id='word_1_320' title='bbox 2478 2187 2665 2256; x_wconf 87' lang='lat' dir='ltr'><strong>justos</strong></span> <span class='ocrx_word' id='word_1_321' title='bbox 2716 2189 2941 2241; x_wconf 85' lang='lat' dir='ltr'><strong>tentatio</strong></span> <span class='ocrx_word' id='word_1_322' title='bbox 2981 2187 3352 2242; x_wconf 81' lang='lat' dir='ltr'><strong>tribulationis</strong></span> <span class='ocrx_word' id='word_1_323' title='bbox 3408 2187 3572 2257; x_wconf 86' lang='lat' dir='ltr'><strong>(Eccl.</strong></span> <span class='ocrx_word' id='word_1_324' title='bbox 3634 2191 3831 2256; x_wconf 80' lang='lat' dir='ltr'><strong>xxvn).</strong></span> 
     </span>
    </p>
   </div>
   <div class='ocr_carea' id='block_1_48' title="bbox 2135 2275 3834 2346">
    <p class='ocr_par' dir='ltr' id='par_1_48' title="bbox 2135 2275 3834 2346">
     <span class='ocr_line' id='line_1_48' title="bbox 2135 2275 3834 2346; baseline 0 -16"><span class='ocrx_word' id='word_1_325' title='bbox 2135 2276 2323 2330; x_wconf 66' lang='lat' dir='ltr'><strong>Multa:</strong></span> <span class='ocrx_word' id='word_1_326' title='bbox 2361 2275 2515 2330; x_wconf 88' lang='lat' dir='ltr'><strong>enim</strong></span> <span class='ocrx_word' id='word_1_327' title='bbox 2547 2275 2947 2330; x_wconf 88' lang='lat' dir='ltr'><strong>tribulatioues</strong></span> <span class='ocrx_word' id='word_1_328' title='bbox 2996 2275 3306 2346; x_wconf 89' lang='lat' dir='ltr'><strong>justorum,</strong></span> <span class='ocrx_word' id='word_1_329' title='bbox 3339 2280 3396 2330; x_wconf 90' lang='lat' dir='ltr'><strong>et</strong></span> <span class='ocrx_word' id='word_1_330' title='bbox 3441 2275 3509 2330; x_wconf 93' lang='lat' dir='ltr'><strong>de</strong></span> <span class='ocrx_word' id='word_1_331' title='bbox 3562 2275 3834 2330; x_wconf 89' lang='lat' dir='ltr'><strong>omnibus</strong></span> 
     </span>
    </p>
   </div>
   <div class='ocr_carea' id='block_1_49' title="bbox 2133 2364 2956 2419">
    <p class='ocr_par' dir='ltr' id='par_1_49' title="bbox 2133 2364 2956 2419">
     <span class='ocr_line' id='line_1_49' title="bbox 2133 2364 2956 2419; baseline 0 -1"><span class='ocrx_word' id='word_1_332' title='bbox 2133 2365 2224 2419; x_wconf 91' lang='lat' dir='ltr'><strong>his</strong></span> <span class='ocrx_word' id='word_1_333' title='bbox 2248 2364 2511 2419; x_wconf 88' lang='lat' dir='ltr'><strong>liberavit</strong></span> <span class='ocrx_word' id='word_1_334' title='bbox 2532 2381 2629 2419; x_wconf 91' lang='lat' dir='ltr'><strong>eos</strong></span> <span class='ocrx_word' id='word_1_335' title='bbox 2663 2365 2956 2419; x_wconf 91' lang='lat' dir='ltr'><strong>Dominus.</strong></span> 
     </span>
    </p>
   </div>
   <div class='ocr_carea' id='block_1_50' title="bbox 1485 2687 2696 2768">
    <p class='ocr_par' dir='ltr' id='par_1_50' title="bbox 1485 2687 2696 2768">
     <span class='ocr_line' id='line_1_50' title="bbox 1485 2687 2696 2768; baseline 0.002 -4"><span class='ocrx_word' id='word_1_336' title='bbox 1485 2687 1785 2765; x_wconf 82' lang='lat' dir='ltr'><strong>LIBER</strong></span> <span class='ocrx_word' id='word_1_337' title='bbox 1845 2687 2696 2768; x_wconf 87' lang='lat' dir='ltr'><strong>ECCLESIASTICUS.</strong></span> 
     </span>
    </p>
   </div>
   <div class='ocr_carea' id='block_1_51' title="bbox 907 2924 1460 2980">
    <p class='ocr_par' dir='ltr' id='par_1_51' title="bbox 907 2924 1460 2980">
     <span class='ocr_line' id='line_1_51' title="bbox 907 2924 1460 2980; baseline 0.004 -2"><span class='ocrx_word' id='word_1_338' title='bbox 907 2924 1130 2980; x_wconf 86' lang='lat' dir='ltr'><strong>CAPUT</strong></span> <span class='ocrx_word' id='word_1_339' title='bbox 1170 2925 1460 2980; x_wconf 80' lang='lat' dir='ltr'><strong>PRIMUM.</strong></span> 
     </span>
    </p>
   </div>
   <div class='ocr_carea' id='block_1_52' title="bbox 406 3072 2019 3145">
    <p class='ocr_par' dir='ltr' id='par_1_52' title="bbox 406 3072 2019 3145">
     <span class='ocr_line' id='line_1_52' title="bbox 406 3072 2019 3145; baseline 0.003 -22"><span class='ocrx_word' id='word_1_340' title='bbox 406 3072 570 3125; x_wconf 76' lang='lat' dir='ltr'><strong>Vens.</strong></span> <span class='ocrx_word' id='word_1_341' title='bbox 605 3075 654 3128; x_wconf 91' lang='grc'><strong>1.</strong></span> <span class='ocrx_word' id='word_1_342' title='bbox 711 3101 784 3114; x_wconf 90' lang='grc'><strong>-</strong></span> <span class='ocrx_word' id='word_1_343' title='bbox 810 3075 998 3128; x_wconf 88' lang='lat' dir='ltr'><strong>Omnis</strong></span> <span class='ocrx_word' id='word_1_344' title='bbox 1045 3076 1337 3144; x_wconf 85' lang='lat' dir='ltr'><strong>sapientia,</strong></span> <span class='ocrx_word' id='word_1_345' title='bbox 1389 3079 1496 3128; x_wconf 90' lang='lat' dir='ltr'><strong>etc.</strong></span> <span class='ocrx_word' id='word_1_346' title='bbox 1531 3074 1689 3145; x_wconf 73' lang='grc' dir='ltr'><strong>(ΗΑΒ.</strong></span> <span class='ocrx_word' id='word_1_347' title='bbox 1722 3075 1780 3128; x_wconf 90' lang='lat' dir='ltr'><strong>in</strong></span> <span class='ocrx_word' id='word_1_348' title='bbox 1827 3075 2019 3141; x_wconf 84' lang='lat' dir='ltr'><strong>Eccli.,</strong></span> 
     </span>
    </p>
   </div>
   <div class='ocr_carea' id='block_1_53' title="bbox 326 3160 2020 3234">
    <p class='ocr_par' dir='ltr' id='par_1_53' title="bbox 326 3160 2020 3234">
     <span class='ocr_line' id='line_1_53' title="bbox 326 3160 2020 3234; baseline 0.001 -20"><span class='ocrx_word' id='word_1_349' title='bbox 326 3163 468 3216; x_wconf 83' lang='lat' dir='ltr'><strong>tom.</strong></span> <span class='ocrx_word' id='word_1_350' title='bbox 504 3160 621 3230; x_wconf 91' lang='grc' dir='ltr'>ΙΙΙ.)</span> <span class='ocrx_word' id='word_1_351' title='bbox 657 3160 866 3232; x_wconf 90' lang='lat' dir='ltr'><strong>Incipit</strong></span> <span class='ocrx_word' id='word_1_352' title='bbox 893 3162 964 3216; x_wconf 91' lang='lat' dir='ltr'><strong>ab</strong></span> <span class='ocrx_word' id='word_1_353' title='bbox 985 3167 1200 3217; x_wconf 61' lang='lat' dir='ltr'><strong>aeterna</strong></span> <span class='ocrx_word' id='word_1_354' title='bbox 1224 3162 1322 3217; x_wconf 91' lang='lat' dir='ltr'><strong>Dei</strong></span> <span class='ocrx_word' id='word_1_355' title='bbox 1352 3162 1652 3234; x_wconf 89' lang='lat' dir='ltr'><strong>sapientia,</strong></span> <span class='ocrx_word' id='word_1_356' title='bbox 1691 3178 1820 3234; x_wconf 68' lang='lat' dir='ltr'><strong>qua:</strong></span> <span class='ocrx_word' id='word_1_357' title='bbox 1858 3163 2020 3219; x_wconf 85' lang='lat' dir='ltr'><strong>Chri-</strong></span> 
     </span>
    </p>
   </div>
   <div class='ocr_carea' id='block_1_54' title="bbox 332 3249 2020 3321">
    <p class='ocr_par' dir='ltr' id='par_1_54' title="bbox 332 3249 2020 3321">
     <span class='ocr_line' id='line_1_54' title="bbox 332 3249 2020 3321; baseline 0.002 -19"><span class='ocrx_word' id='word_1_358' title='bbox 332 3252 453 3303; x_wconf 87' lang='lat' dir='ltr'><strong>stus</strong></span> <span class='ocrx_word' id='word_1_359' title='bbox 501 3254 606 3315; x_wconf 92' lang='lat' dir='ltr'><strong>est,</strong></span> <span class='ocrx_word' id='word_1_360' title='bbox 657 3249 916 3320; x_wconf 89' lang='lat' dir='ltr'><strong>quicum</strong></span> <span class='ocrx_word' id='word_1_361' title='bbox 972 3253 1136 3305; x_wconf 89' lang='lat' dir='ltr'><strong>Patre</strong></span> <span class='ocrx_word' id='word_1_362' title='bbox 1194 3257 1279 3306; x_wconf 87' lang='lat' dir='ltr'><strong>est</strong></span> <span class='ocrx_word' id='word_1_363' title='bbox 1323 3267 1549 3321; x_wconf 88' lang='lat' dir='ltr'><strong>semper</strong></span> <span class='ocrx_word' id='word_1_364' title='bbox 1613 3256 1743 3306; x_wconf 87' lang='lat' dir='ltr'><strong>ante</strong></span> <span class='ocrx_word' id='word_1_365' title='bbox 1791 3254 2020 3321; x_wconf 67' lang='lat' dir='ltr'><strong>saecula,</strong></span> 
     </span>
    </p>
   </div>
   <div class='ocr_carea' id='block_1_55' title="bbox 334 3337 2023 3408">
    <p class='ocr_par' dir='ltr' id='par_1_55' title="bbox 334 3337 2023 3408">
     <span class='ocr_line' id='line_1_55' title="bbox 334 3337 2023 3408; baseline 0.003 -18"><span class='ocrx_word' id='word_1_366' title='bbox 334 3337 649 3392; x_wconf 89' lang='lat' dir='ltr'><strong>secundum</strong></span> <span class='ocrx_word' id='word_1_367' title='bbox 681 3338 823 3392; x_wconf 89' lang='lat' dir='ltr'><strong>illud</strong></span> <span class='ocrx_word' id='word_1_368' title='bbox 860 3354 873 3392; x_wconf 89' lang='lat'><strong>:</strong></span> <span class='ocrx_word' id='word_1_369' title='bbox 905 3340 978 3392; x_wconf 90' lang='lat' dir='ltr'><strong>In</strong></span> <span class='ocrx_word' id='word_1_370' title='bbox 1003 3341 1277 3408; x_wconf 87' lang='lat' dir='ltr'><strong>principio</strong></span> <span class='ocrx_word' id='word_1_371' title='bbox 1305 3343 1421 3394; x_wconf 85' lang='lat' dir='ltr'><strong>erat</strong></span> <span class='ocrx_word' id='word_1_372' title='bbox 1448 3340 1672 3395; x_wconf 82' lang='lat' dir='ltr'><strong>Verbum</strong></span> <span class='ocrx_word' id='word_1_373' title='bbox 1702 3345 1753 3395; x_wconf 85' lang='lat' dir='ltr'><strong>et</strong></span> <span class='ocrx_word' id='word_1_374' title='bbox 1787 3341 2023 3395; x_wconf 82' lang='lat' dir='ltr'><strong>Verbum</strong></span> 
     </span>
    </p>
   </div>
   <div class='ocr_carea' id='block_1_56' title="bbox 331 3426 2022 3498">
    <p class='ocr_par' dir='ltr' id='par_1_56' title="bbox 331 3426 2022 3498">
     <span class='ocr_line' id='line_1_56' title="bbox 331 3426 2022 3498; baseline 0.002 -18"><span class='ocrx_word' id='word_1_375' title='bbox 331 3429 448 3480; x_wconf 82' lang='lat' dir='ltr'><strong>erat</strong></span> <span class='ocrx_word' id='word_1_376' title='bbox 491 3426 643 3495; x_wconf 87' lang='lat' dir='ltr'><strong>apud</strong></span> <span class='ocrx_word' id='word_1_377' title='bbox 693 3427 867 3480; x_wconf 89' lang='lat' dir='ltr'><strong>Deum</strong></span> <span class='ocrx_word' id='word_1_378' title='bbox 898 3426 1071 3497; x_wconf 84' lang='lat' dir='ltr'><strong>(Joan.</strong></span> <span class='ocrx_word' id='word_1_379' title='bbox 1108 3428 1165 3498; x_wconf 83' lang='lat'><strong>1).</strong></span> <span class='ocrx_word' id='word_1_380' title='bbox 1211 3428 1258 3482; x_wconf 88' lang='lat' dir='ltr'><strong><em>A</em></strong></span> <span class='ocrx_word' id='word_1_381' title='bbox 1301 3430 1524 3483; x_wconf 89' lang='lat' dir='ltr'><strong>Domino</strong></span> <span class='ocrx_word' id='word_1_382' title='bbox 1569 3431 1668 3483; x_wconf 90' lang='lat' dir='ltr'><strong>Deo</strong></span> <span class='ocrx_word' id='word_1_383' title='bbox 1716 3433 1815 3484; x_wconf 85' lang='lat' dir='ltr'><strong>est.</strong></span> <span class='ocrx_word' id='word_1_384' title='bbox 1878 3429 2022 3494; x_wconf 87' lang='lat' dir='ltr'><strong>Quia</strong></span> 
     </span>
    </p>
   </div>
   <div class='ocr_carea' id='block_1_57' title="bbox 332 3511 2022 3585">
    <p class='ocr_par' dir='ltr' id='par_1_57' title="bbox 332 3511 2022 3585">
     <span class='ocr_line' id='line_1_57' title="bbox 332 3511 2022 3585; baseline 0.003 -17"><span class='ocrx_word' id='word_1_385' title='bbox 332 3511 587 3568; x_wconf 88' lang='lat' dir='ltr'><strong>Christus</strong></span> <span class='ocrx_word' id='word_1_386' title='bbox 627 3513 755 3567; x_wconf 87' lang='lat' dir='ltr'><strong>fons</strong></span> <span class='ocrx_word' id='word_1_387' title='bbox 802 3514 948 3578; x_wconf 69' lang='lat' dir='ltr'><strong>vitae,</strong></span> <span class='ocrx_word' id='word_1_388' title='bbox 1001 3516 1093 3568; x_wconf 89' lang='lat' dir='ltr'><strong>lux</strong></span> <span class='ocrx_word' id='word_1_389' title='bbox 1124 3531 1277 3576; x_wconf 86' lang='lat' dir='ltr'><strong>vera,</strong></span> <span class='ocrx_word' id='word_1_390' title='bbox 1332 3515 1400 3570; x_wconf 89' lang='lat' dir='ltr'><strong>de</strong></span> <span class='ocrx_word' id='word_1_391' title='bbox 1454 3517 1618 3570; x_wconf 90' lang='lat' dir='ltr'><strong>Patre</strong></span> <span class='ocrx_word' id='word_1_392' title='bbox 1647 3518 1921 3585; x_wconf 88' lang='lat' dir='ltr'><strong>nascitur,</strong></span> <span class='ocrx_word' id='word_1_393' title='bbox 1971 3523 2022 3573; x_wconf 88' lang='lat' dir='ltr'><strong>et</strong></span> 
     </span>
    </p>
   </div>
   <div class='ocr_carea' id='block_1_58' title="bbox 331 3602 2022 3675">
    <p class='ocr_par' dir='ltr' id='par_1_58' title="bbox 331 3602 2022 3675">
     <span class='ocr_line' id='line_1_58' title="bbox 331 3602 2022 3675; baseline 0.004 -21"><span class='ocrx_word' id='word_1_394' title='bbox 331 3602 514 3654; x_wconf 86' lang='lat' dir='ltr'><strong>omnia</strong></span> <span class='ocrx_word' id='word_1_395' title='bbox 545 3616 647 3669; x_wconf 88' lang='lat' dir='ltr'><strong>per</strong></span> <span class='ocrx_word' id='word_1_396' title='bbox 704 3603 882 3670; x_wconf 88' lang='lat' dir='ltr'><strong>ipsum</strong></span> <span class='ocrx_word' id='word_1_397' title='bbox 934 3605 1088 3670; x_wconf 85' lang='lat' dir='ltr'><strong>facta</strong></span> <span class='ocrx_word' id='word_1_398' title='bbox 1137 3609 1282 3669; x_wconf 85' lang='lat' dir='ltr'><strong>sunt,</strong></span> <span class='ocrx_word' id='word_1_399' title='bbox 1336 3605 1452 3658; x_wconf 87' lang='lat' dir='ltr'><strong>sine</strong></span> <span class='ocrx_word' id='word_1_400' title='bbox 1515 3607 1634 3675; x_wconf 87' lang='lat' dir='ltr'><strong>ipso</strong></span> <span class='ocrx_word' id='word_1_401' title='bbox 1687 3607 1896 3672; x_wconf 85' lang='lat' dir='ltr'><strong>factum</strong></span> <span class='ocrx_word' id='word_1_402' title='bbox 1944 3610 2022 3660; x_wconf 88' lang='lat' dir='ltr'><strong>est</strong></span> 
     </span>
    </p>
   </div>
   <div class='ocr_carea' id='block_1_59' title="bbox 328 3688 2022 3762">
    <p class='ocr_par' dir='ltr' id='par_1_59' title="bbox 328 3688 2022 3762">
     <span class='ocr_line' id='line_1_59' title="bbox 328 3688 2022 3762; baseline 0.004 -20"><span class='ocrx_word' id='word_1_403' title='bbox 328 3689 469 3743; x_wconf 85' lang='lat' dir='ltr'><strong>nihil</strong></span> <span class='ocrx_word' id='word_1_404' title='bbox 487 3688 696 3760; x_wconf 73' lang='lat' dir='ltr'><strong>(Ibid).</strong></span> <span class='ocrx_word' id='word_1_405' title='bbox 721 3689 988 3761; x_wconf 84' lang='lat' dir='ltr'><strong>Quisquis</strong></span> <span class='ocrx_word' id='word_1_406' title='bbox 1019 3691 1123 3744; x_wconf 88' lang='lat' dir='ltr'><strong>hac</strong></span> <span class='ocrx_word' id='word_1_407' title='bbox 1160 3690 1439 3762; x_wconf 85' lang='lat' dir='ltr'><strong>sapientia</strong></span> <span class='ocrx_word' id='word_1_408' title='bbox 1468 3698 1641 3758; x_wconf 82' lang='lat' dir='ltr'><strong>caret,</strong></span> <span class='ocrx_word' id='word_1_409' title='bbox 1680 3693 1740 3747; x_wconf 91' lang='lat' dir='ltr'><strong>in</strong></span> <span class='ocrx_word' id='word_1_410' title='bbox 1771 3694 2022 3749; x_wconf 89' lang='lat' dir='ltr'><strong>tenebris</strong></span> 
     </span>
    </p>
   </div>
   <div class='ocr_carea' id='block_1_60' title="bbox 330 3777 2022 3850">
    <p class='ocr_par' dir='ltr' id='par_1_60' title="bbox 330 3777 2022 3850">
     <span class='ocr_line' id='line_1_60' title="bbox 330 3777 2022 3850; baseline 0.005 -21"><span class='ocrx_word' id='word_1_411' title='bbox 330 3777 609 3839; x_wconf 87' lang='lat' dir='ltr'><strong>ambulat,</strong></span> <span class='ocrx_word' id='word_1_412' title='bbox 643 3782 698 3831; x_wconf 88' lang='lat' dir='ltr'><strong>et</strong></span> <span class='ocrx_word' id='word_1_413' title='bbox 726 3778 906 3832; x_wconf 90' lang='lat' dir='ltr'><strong>nescit</strong></span> <span class='ocrx_word' id='word_1_414' title='bbox 936 3795 1050 3850; x_wconf 91' lang='lat' dir='ltr'><strong>quo</strong></span> <span class='ocrx_word' id='word_1_415' title='bbox 1092 3780 1276 3834; x_wconf 86' lang='lat' dir='ltr'><strong>vadat.</strong></span> <span class='ocrx_word' id='word_1_416' title='bbox 1331 3781 1614 3850; x_wconf 86' lang='lat' dir='ltr'><strong>Sapientia</strong></span> <span class='ocrx_word' id='word_1_417' title='bbox 1669 3783 1811 3836; x_wconf 86' lang='lat' dir='ltr'><strong>enim</strong></span> <span class='ocrx_word' id='word_1_418' title='bbox 1857 3783 2022 3850; x_wconf 87' lang='lat' dir='ltr'><strong>hujus</strong></span> 
     </span>
    </p>
   </div>
   <div class='ocr_carea' id='block_1_61' title="bbox 327 3866 2020 3940">
    <p class='ocr_par' dir='ltr' id='par_1_61' title="bbox 327 3866 2020 3940">
     <span class='ocr_line' id='line_1_61' title="bbox 327 3866 2020 3940; baseline 0.004 -21"><span class='ocrx_word' id='word_1_419' title='bbox 327 3866 521 3920; x_wconf 83' lang='lat' dir='ltr'><strong>mundi</strong></span> <span class='ocrx_word' id='word_1_420' title='bbox 548 3867 789 3922; x_wconf 79' lang='lat' dir='ltr'><strong>stultitia</strong></span> <span class='ocrx_word' id='word_1_421' title='bbox 826 3873 908 3923; x_wconf 86' lang='lat' dir='ltr'><strong>est</strong></span> <span class='ocrx_word' id='word_1_422' title='bbox 938 3868 1089 3938; x_wconf 85' lang='lat' dir='ltr'><strong>apud</strong></span> <span class='ocrx_word' id='word_1_423' title='bbox 1143 3872 1345 3939; x_wconf 83' lang='lat' dir='ltr'><strong>Deum;</strong></span> <span class='ocrx_word' id='word_1_424' title='bbox 1373 3875 1424 3924; x_wconf 83' lang='lat' dir='ltr'><strong>et</strong></span> <span class='ocrx_word' id='word_1_425' title='bbox 1469 3871 1762 3940; x_wconf 84' lang='lat' dir='ltr'><strong>prudentia</strong></span> <span class='ocrx_word' id='word_1_426' title='bbox 1817 3874 2020 3938; x_wconf 87' lang='lat' dir='ltr'><strong>carnis,</strong></span> 
     </span>
    </p>
   </div>
   <div class='ocr_carea' id='block_1_62' title="bbox 326 3955 786 4027">
    <p class='ocr_par' dir='ltr' id='par_1_62' title="bbox 326 3955 786 4027">
     <span class='ocr_line' id='line_1_62' title="bbox 326 3955 786 4027; baseline 0 -17"><span class='ocrx_word' id='word_1_427' title='bbox 326 3970 469 4010; x_wconf 89' lang='lat' dir='ltr'><strong>mors</strong></span> <span class='ocrx_word' id='word_1_428' title='bbox 498 3956 654 4025; x_wconf 88' lang='lat' dir='ltr'><strong>(Sap.</strong></span> <span class='ocrx_word' id='word_1_429' title='bbox 688 3955 786 4027; x_wconf 66' lang='grc' dir='ltr'><strong>ιι).</strong></span> 
     </span>
    </p>
   </div>
   <div class='ocr_carea' id='block_1_63' title="bbox 405 4045 2013 4116">
    <p class='ocr_par' dir='ltr' id='par_1_63' title="bbox 405 4045 2013 4116">
     <span class='ocr_line' id='line_1_63' title="bbox 405 4045 2013 4116; baseline 0.004 -20"><span class='ocrx_word' id='word_1_430' title='bbox 405 4045 560 4098; x_wconf 77' lang='lat' dir='ltr'><strong>Vens.</strong></span> <span class='ocrx_word' id='word_1_431' title='bbox 594 4046 646 4098; x_wconf 79' lang='lat'><strong>2.</strong></span> <span class='ocrx_word' id='word_1_432' title='bbox 674 4046 1002 4099; x_wconf 86' lang='lat' dir='ltr'><strong>—Arenam</strong></span> <span class='ocrx_word' id='word_1_433' title='bbox 1055 4048 1230 4101; x_wconf 87' lang='lat' dir='ltr'><strong>maris</strong></span> <span class='ocrx_word' id='word_1_434' title='bbox 1273 4051 1324 4102; x_wconf 87' lang='lat' dir='ltr'><strong>et</strong></span> <span class='ocrx_word' id='word_1_435' title='bbox 1365 4048 1568 4116; x_wconf 57' lang='lat' dir='ltr'><strong>pluvia</strong></span> <span class='ocrx_word' id='word_1_436' title='bbox 1603 4051 1808 4116; x_wconf 87' lang='lat' dir='ltr'><strong>guttas.</strong></span> <span class='ocrx_word' id='word_1_437' title='bbox 1850 4047 2013 4116; x_wconf 75' lang='grc' dir='ltr'><strong>(ΗΑΒ.</strong></span> 
     </span>
    </p>
   </div>
   <div class='ocr_carea' id='block_1_64' title="bbox 333 4132 2020 4208">
    <p class='ocr_par' dir='ltr' id='par_1_64' title="bbox 333 4132 2020 4208">
     <span class='ocr_line' id='line_1_64' title="bbox 333 4132 2020 4208; baseline 0.002 -21"><span class='ocrx_word' id='word_1_438' title='bbox 333 4132 431 4187; x_wconf 88' lang='lat' dir='ltr'><strong>ubi</strong></span> <span class='ocrx_word' id='word_1_439' title='bbox 453 4134 665 4203; x_wconf 84' lang='lat' dir='ltr'><strong>supra).</strong></span> <span class='ocrx_word' id='word_1_440' title='bbox 692 4133 1026 4203; x_wconf 90' lang='lat' dir='ltr'><strong>Corporalia</strong></span> <span class='ocrx_word' id='word_1_441' title='bbox 1064 4134 1458 4205; x_wconf 88' lang='lat' dir='ltr'><strong>spiritualibus</strong></span> <span class='ocrx_word' id='word_1_442' title='bbox 1488 4141 1805 4208; x_wconf 88' lang='lat' dir='ltr'><strong>comparat,</strong></span> <span class='ocrx_word' id='word_1_443' title='bbox 1838 4139 1900 4190; x_wconf 88' lang='lat' dir='ltr'><strong>ut</strong></span> <span class='ocrx_word' id='word_1_444' title='bbox 1955 4152 2020 4190; x_wconf 89' lang='lat' dir='ltr'><strong>ex</strong></span> 
     </span>
    </p>
   </div>
   <div class='ocr_carea' id='block_1_65' title="bbox 331 4221 2015 4294">
    <p class='ocr_par' dir='ltr' id='par_1_65' title="bbox 331 4221 2015 4294">
     <span class='ocr_line' id='line_1_65' title="bbox 331 4221 2015 4294; baseline 0.001 -18"><span class='ocrx_word' id='word_1_445' title='bbox 331 4221 706 4287; x_wconf 81' lang='lat' dir='ltr'><strong>difﬁcillimis,</strong></span> <span class='ocrx_word' id='word_1_446' title='bbox 731 4223 883 4292; x_wconf 90' lang='lat' dir='ltr'><strong>quod</strong></span> <span class='ocrx_word' id='word_1_447' title='bbox 916 4222 1150 4276; x_wconf 89' lang='lat' dir='ltr'><strong>omnino</strong></span> <span class='ocrx_word' id='word_1_448' title='bbox 1183 4224 1512 4294; x_wconf 90' lang='lat' dir='ltr'><strong>impossible</strong></span> <span class='ocrx_word' id='word_1_449' title='bbox 1542 4229 1647 4292; x_wconf 89' lang='lat' dir='ltr'><strong>est,</strong></span> <span class='ocrx_word' id='word_1_450' title='bbox 1681 4223 2015 4279; x_wconf 63' lang='lat' dir='ltr'><strong>aestimetur.</strong></span> 
     </span>
    </p>
   </div>
   <div class='ocr_carea' id='block_1_66' title="bbox 331 4309 2022 4382">
    <p class='ocr_par' dir='ltr' id='par_1_66' title="bbox 331 4309 2022 4382">
     <span class='ocr_line' id='line_1_66' title="bbox 331 4309 2022 4382; baseline 0.002 -18"><span class='ocrx_word' id='word_1_451' title='bbox 331 4310 391 4365; x_wconf 92' lang='lat' dir='ltr'><strong>Si</strong></span> <span class='ocrx_word' id='word_1_452' title='bbox 432 4309 588 4364; x_wconf 83' lang='lat' dir='ltr'><strong>enim</strong></span> <span class='ocrx_word' id='word_1_453' title='bbox 635 4310 757 4364; x_wconf 65' lang='lat' dir='ltr'><strong>hinc</strong></span> <span class='ocrx_word' id='word_1_454' title='bbox 808 4326 937 4382; x_wconf 66' lang='lat' dir='ltr'><strong>qua:</strong></span> <span class='ocrx_word' id='word_1_455' title='bbox 967 4311 1026 4364; x_wconf 91' lang='lat' dir='ltr'><strong>in</strong></span> <span class='ocrx_word' id='word_1_456' title='bbox 1056 4317 1208 4365; x_wconf 89' lang='lat' dir='ltr'><strong>certo</strong></span> <span class='ocrx_word' id='word_1_457' title='bbox 1250 4328 1490 4366; x_wconf 88' lang='lat' dir='ltr'><strong>numero</strong></span> <span class='ocrx_word' id='word_1_458' title='bbox 1517 4317 1573 4366; x_wconf 91' lang='lat' dir='ltr'><strong>et</strong></span> <span class='ocrx_word' id='word_1_459' title='bbox 1622 4329 1906 4377; x_wconf 88' lang='lat' dir='ltr'><strong>mensura,</strong></span> <span class='ocrx_word' id='word_1_460' title='bbox 1965 4318 2022 4367; x_wconf 88' lang='lat' dir='ltr'><strong>et</strong></span> 
     </span>
    </p>
   </div>
   <div class='ocr_carea' id='block_1_67' title="bbox 331 4399 2019 4472">
    <p class='ocr_par' dir='ltr' id='par_1_67' title="bbox 331 4399 2019 4472">
     <span class='ocr_line' id='line_1_67' title="bbox 331 4399 2019 4472; baseline 0.002 -20"><span class='ocrx_word' id='word_1_461' title='bbox 331 4399 588 4471; x_wconf 88' lang='lat' dir='ltr'><strong>pondere</strong></span> <span class='ocrx_word' id='word_1_462' title='bbox 644 4399 871 4454; x_wconf 89' lang='lat' dir='ltr'><strong>condita</strong></span> <span class='ocrx_word' id='word_1_463' title='bbox 921 4404 1075 4464; x_wconf 89' lang='lat' dir='ltr'><strong>sunt,</strong></span> <span class='ocrx_word' id='word_1_464' title='bbox 1145 4416 1316 4454; x_wconf 92' lang='lat' dir='ltr'><strong>nemo</strong></span> <span class='ocrx_word' id='word_1_465' title='bbox 1373 4405 1564 4472; x_wconf 87' lang='lat' dir='ltr'><strong>potest</strong></span> <span class='ocrx_word' id='word_1_466' title='bbox 1619 4402 2019 4468; x_wconf 86' lang='lat' dir='ltr'><strong>dinumerare;</strong></span> 
     </span>
    </p>
   </div>
   <div class='ocr_carea' id='block_1_68' title="bbox 328 4486 2021 4559">
    <p class='ocr_par' dir='ltr' id='par_1_68' title="bbox 328 4486 2021 4559">
     <span class='ocr_line' id='line_1_68' title="bbox 328 4486 2021 4559; baseline 0.003 -20"><span class='ocrx_word' id='word_1_467' title='bbox 328 4493 542 4559; x_wconf 89' lang='lat' dir='ltr'><strong>quanto</strong></span> <span class='ocrx_word' id='word_1_468' title='bbox 573 4486 763 4540; x_wconf 90' lang='lat' dir='ltr'><strong>minus</strong></span> <span class='ocrx_word' id='word_1_469' title='bbox 791 4487 1132 4558; x_wconf 87' lang='lat' dir='ltr'><strong>sapientiam</strong></span> <span class='ocrx_word' id='word_1_470' title='bbox 1167 4489 1266 4542; x_wconf 88' lang='lat' dir='ltr'><strong>Dei</strong></span> <span class='ocrx_word' id='word_1_471' title='bbox 1300 4489 1422 4543; x_wconf 90' lang='lat' dir='ltr'><strong>sine</strong></span> <span class='ocrx_word' id='word_1_472' title='bbox 1455 4490 1618 4544; x_wconf 91' lang='lat' dir='ltr'><strong>initio</strong></span> <span class='ocrx_word' id='word_1_473' title='bbox 1653 4495 1710 4544; x_wconf 91' lang='lat' dir='ltr'><strong>et</strong></span> <span class='ocrx_word' id='word_1_474' title='bbox 1739 4489 1862 4544; x_wconf 91' lang='lat' dir='ltr'><strong>sine</strong></span> <span class='ocrx_word' id='word_1_475' title='bbox 1907 4490 2021 4544; x_wconf 85' lang='lat' dir='ltr'><strong>ﬁne</strong></span> 
     </span>
    </p>
   </div>
   <div class='ocr_carea' id='block_1_69' title="bbox 330 4575 2022 4648">
    <p class='ocr_par' dir='ltr' id='par_1_69' title="bbox 330 4575 2022 4648">
     <span class='ocr_line' id='line_1_69' title="bbox 330 4575 2022 4648; baseline 0.001 -18"><span class='ocrx_word' id='word_1_476' title='bbox 330 4575 801 4643; x_wconf 79' lang='lat' dir='ltr'><strong>inenarrabilem,</strong></span> <span class='ocrx_word' id='word_1_477' title='bbox 861 4576 1325 4631; x_wconf 72' lang='lat' dir='ltr'><strong>inaestimabilem</strong></span> <span class='ocrx_word' id='word_1_478' title='bbox 1378 4577 1588 4647; x_wconf 87' lang='lat' dir='ltr'><strong>poterit</strong></span> <span class='ocrx_word' id='word_1_479' title='bbox 1635 4577 2022 4648; x_wconf 86' lang='lat' dir='ltr'><strong>investigare?</strong></span> 
     </span>
    </p>
   </div>
   <div class='ocr_carea' id='block_1_70' title="bbox 403 4665 2019 4722">
    <p class='ocr_par' dir='ltr' id='par_1_70' title="bbox 403 4665 2019 4722">
     <span class='ocr_line' id='line_1_70' title="bbox 403 4665 2019 4722; baseline 0.001 -4"><span class='ocrx_word' id='word_1_480' title='bbox 403 4665 565 4719; x_wconf 75' lang='lat' dir='ltr'><strong>Vens.</strong></span> <span class='ocrx_word' id='word_1_481' title='bbox 586 4667 639 4718; x_wconf 77' lang='grc'><strong>4.</strong></span> <span class='ocrx_word' id='word_1_482' title='bbox 672 4695 740 4704; x_wconf 96' lang='grc'><strong>-</strong></span> <span class='ocrx_word' id='word_1_483' title='bbox 779 4666 937 4719; x_wconf 84' lang='lat' dir='ltr'><strong>Prior</strong></span> <span class='ocrx_word' id='word_1_484' title='bbox 957 4668 1193 4720; x_wconf 89' lang='lat' dir='ltr'><strong>omnium</strong></span> <span class='ocrx_word' id='word_1_485' title='bbox 1219 4671 1401 4720; x_wconf 89' lang='lat' dir='ltr'><strong>creata</strong></span> <span class='ocrx_word' id='word_1_486' title='bbox 1429 4671 1526 4722; x_wconf 87' lang='lat' dir='ltr'><strong>est.</strong></span> <span class='ocrx_word' id='word_1_487' title='bbox 1578 4667 1779 4722; x_wconf 89' lang='lat' dir='ltr'><strong>Creata</strong></span> <span class='ocrx_word' id='word_1_488' title='bbox 1824 4682 2019 4721; x_wconf 88' lang='lat' dir='ltr'><strong>secun-</strong></span> 
     </span>
    </p>
   </div>
   <div class='ocr_carea' id='block_1_71' title="bbox 329 4752 2023 4827">
    <p class='ocr_par' dir='ltr' id='par_1_71' title="bbox 329 4752 2023 4827">
     <span class='ocr_line' id='line_1_71' title="bbox 329 4752 2023 4827; baseline 0.002 -21"><span class='ocrx_word' id='word_1_489' title='bbox 329 4752 469 4806; x_wconf 91' lang='lat' dir='ltr'><strong>dum</strong></span> <span class='ocrx_word' id='word_1_490' title='bbox 500 4752 915 4807; x_wconf 88' lang='lat' dir='ltr'><strong>humanitatem</strong></span> <span class='ocrx_word' id='word_1_491' title='bbox 947 4754 1005 4806; x_wconf 90' lang='lat' dir='ltr'><strong>in</strong></span> <span class='ocrx_word' id='word_1_492' title='bbox 1035 4755 1274 4808; x_wconf 88' lang='lat' dir='ltr'><strong>consilio</strong></span> <span class='ocrx_word' id='word_1_493' title='bbox 1306 4754 1403 4809; x_wconf 86' lang='lat' dir='ltr'><strong>Dei</strong></span> <span class='ocrx_word' id='word_1_494' title='bbox 1437 4755 1636 4825; x_wconf 89' lang='lat' dir='ltr'><strong>patris,</strong></span> <span class='ocrx_word' id='word_1_495' title='bbox 1668 4755 1882 4810; x_wconf 87' lang='lat' dir='ltr'><strong>scilicet</strong></span> <span class='ocrx_word' id='word_1_496' title='bbox 1918 4772 2023 4827; x_wconf 93' lang='lat' dir='ltr'><strong>pro</strong></span> 
     </span>
    </p>
   </div>
   <div class='ocr_carea' id='block_1_72' title="bbox 330 4841 2019 4914">
    <p class='ocr_par' dir='ltr' id='par_1_72' title="bbox 330 4841 2019 4914">
     <span class='ocr_line' id='line_1_72' title="bbox 330 4841 2019 4914; baseline 0.004 -20"><span class='ocrx_word' id='word_1_497' title='bbox 330 4841 514 4895; x_wconf 86' lang='lat' dir='ltr'><strong>salute</strong></span> <span class='ocrx_word' id='word_1_498' title='bbox 543 4841 779 4895; x_wconf 89' lang='lat' dir='ltr'><strong>humani</strong></span> <span class='ocrx_word' id='word_1_499' title='bbox 842 4842 1070 4912; x_wconf 90' lang='lat' dir='ltr'><strong>generis</strong></span> <span class='ocrx_word' id='word_1_500' title='bbox 1112 4843 1520 4914; x_wconf 74' lang='lat' dir='ltr'><strong>praedestinata</strong></span> <span class='ocrx_word' id='word_1_501' title='bbox 1577 4848 1661 4898; x_wconf 91' lang='lat' dir='ltr'><strong>est</strong></span> <span class='ocrx_word' id='word_1_502' title='bbox 1713 4844 2019 4900; x_wconf 89' lang='lat' dir='ltr'><strong>incarnari.</strong></span> 
     </span>
    </p>
   </div>
   <div class='ocr_carea' id='block_1_73' title="bbox 334 4931 2022 5004">
    <p class='ocr_par' dir='ltr' id='par_1_73' title="bbox 334 4931 2022 5004">
     <span class='ocr_line' id='line_1_73' title="bbox 334 4931 2022 5004; baseline 0.001 -19"><span class='ocrx_word' id='word_1_503' title='bbox 334 4931 661 4986; x_wconf 85' lang='lat' dir='ltr'><strong>Notandum</strong></span> <span class='ocrx_word' id='word_1_504' title='bbox 679 4935 871 4985; x_wconf 92' lang='lat' dir='ltr'><strong>autem</strong></span> <span class='ocrx_word' id='word_1_505' title='bbox 895 4931 1049 5002; x_wconf 91' lang='lat' dir='ltr'><strong>quod</strong></span> <span class='ocrx_word' id='word_1_506' title='bbox 1078 4937 1312 5002; x_wconf 90' lang='lat' dir='ltr'><strong>propter</strong></span> <span class='ocrx_word' id='word_1_507' title='bbox 1337 4932 1615 4987; x_wconf 88' lang='lat' dir='ltr'><strong>unitatem</strong></span> <span class='ocrx_word' id='word_1_508' title='bbox 1634 4949 1896 5004; x_wconf 66' lang='lat' dir='ltr'><strong>personae</strong></span> <span class='ocrx_word' id='word_1_509' title='bbox 1917 4932 2022 4986; x_wconf 88' lang='lat' dir='ltr'><strong>ali-</strong></span> 
     </span>
    </p>
   </div>
   <div class='ocr_carea' id='block_1_74' title="bbox 333 5018 2018 5092">
    <p class='ocr_par' dir='ltr' id='par_1_74' title="bbox 333 5018 2018 5092">
     <span class='ocr_line' id='line_1_74' title="bbox 333 5018 2018 5092; baseline 0.002 -20"><span class='ocrx_word' id='word_1_510' title='bbox 333 5018 566 5090; x_wconf 90' lang='lat' dir='ltr'><strong>quando</strong></span> <span class='ocrx_word' id='word_1_511' title='bbox 605 5018 859 5074; x_wconf 87' lang='lat' dir='ltr'><strong>Christus</strong></span> <span class='ocrx_word' id='word_1_512' title='bbox 897 5019 1106 5073; x_wconf 90' lang='lat' dir='ltr'><strong>dicitur</strong></span> <span class='ocrx_word' id='word_1_513' title='bbox 1133 5020 1383 5091; x_wconf 88' lang='lat' dir='ltr'><strong>genitus,</strong></span> <span class='ocrx_word' id='word_1_514' title='bbox 1408 5021 1719 5092; x_wconf 89' lang='lat' dir='ltr'><strong>aliquando</strong></span> <span class='ocrx_word' id='word_1_515' title='bbox 1771 5027 2018 5076; x_wconf 87' lang='lat' dir='ltr'><strong>creatus.</strong></span> 
     </span>
    </p>
   </div>
   <div class='ocr_carea' id='block_1_75' title="bbox 406 5108 2025 5182">
    <p class='ocr_par' dir='ltr' id='par_1_75' title="bbox 406 5108 2025 5182">
     <span class='ocr_line' id='line_1_75' title="bbox 406 5108 2025 5182; baseline 0.002 -22"><span class='ocrx_word' id='word_1_516' title='bbox 406 5109 571 5164; x_wconf 77' lang='lat' dir='ltr'><strong>Vens.</strong></span> <span class='ocrx_word' id='word_1_517' title='bbox 610 5111 661 5163; x_wconf 86' lang='lat'><strong>5.</strong></span> <span class='ocrx_word' id='word_1_518' title='bbox 689 5137 758 5148; x_wconf 92' lang='lat'><strong>-—</strong></span> <span class='ocrx_word' id='word_1_519' title='bbox 791 5108 937 5163; x_wconf 86' lang='lat' dir='ltr'><strong>Fons</strong></span> <span class='ocrx_word' id='word_1_520' title='bbox 967 5110 1272 5178; x_wconf 66' lang='lat' dir='ltr'><strong>sapientiai.</strong></span> <span class='ocrx_word' id='word_1_521' title='bbox 1307 5110 1480 5178; x_wconf 82' lang='lat' dir='ltr'><strong>Origo</strong></span> <span class='ocrx_word' id='word_1_522' title='bbox 1511 5110 1698 5165; x_wconf 89' lang='lat' dir='ltr'><strong>omnis</strong></span> <span class='ocrx_word' id='word_1_523' title='bbox 1729 5110 2025 5182; x_wconf 64' lang='lat' dir='ltr'><strong>sapientia:</strong></span> 
     </span>
    </p>
   </div>
   <div class='ocr_carea' id='block_1_76' title="bbox 332 5195 2025 5268">
    <p class='ocr_par' dir='ltr' id='par_1_76' title="bbox 332 5195 2025 5268">
     <span class='ocr_line' id='line_1_76' title="bbox 332 5195 2025 5268; baseline 0.001 -18"><span class='ocrx_word' id='word_1_524' title='bbox 332 5197 578 5254; x_wconf 87' lang='lat' dir='ltr'><strong>aVerbo</strong></span> <span class='ocrx_word' id='word_1_525' title='bbox 633 5195 732 5252; x_wconf 91' lang='lat' dir='ltr'><strong>Dei</strong></span> <span class='ocrx_word' id='word_1_526' title='bbox 783 5197 1060 5267; x_wconf 86' lang='lat' dir='ltr'><strong>procedit,</strong></span> <span class='ocrx_word' id='word_1_527' title='bbox 1117 5198 1272 5268; x_wconf 90' lang='lat' dir='ltr'><strong>quod</strong></span> <span class='ocrx_word' id='word_1_528' title='bbox 1310 5199 1456 5252; x_wconf 91' lang='lat' dir='ltr'><strong>Deus</strong></span> <span class='ocrx_word' id='word_1_529' title='bbox 1514 5214 1581 5251; x_wconf 85' lang='lat' dir='ltr'><strong>ex</strong></span> <span class='ocrx_word' id='word_1_530' title='bbox 1637 5199 1752 5252; x_wconf 82' lang='lat' dir='ltr'><strong>Deo</strong></span> <span class='ocrx_word' id='word_1_531' title='bbox 1799 5213 2025 5268; x_wconf 88' lang='lat' dir='ltr'><strong>semper</strong></span> 
     </span>
    </p>
   </div>
   <div class='ocr_carea' id='block_1_77' title="bbox 331 5285 2024 5358">
    <p class='ocr_par' dir='ltr' id='par_1_77' title="bbox 331 5285 2024 5358">
     <span class='ocr_line' id='line_1_77' title="bbox 331 5285 2024 5358; baseline 0.001 -19"><span class='ocrx_word' id='word_1_532' title='bbox 331 5301 460 5340; x_wconf 91' lang='lat' dir='ltr'><strong>cum</strong></span> <span class='ocrx_word' id='word_1_533' title='bbox 495 5287 661 5340; x_wconf 85' lang='lat' dir='ltr'><strong>Patre</strong></span> <span class='ocrx_word' id='word_1_534' title='bbox 700 5290 897 5340; x_wconf 90' lang='lat' dir='ltr'><strong>manet</strong></span> <span class='ocrx_word' id='word_1_535' title='bbox 942 5285 1002 5340; x_wconf 91' lang='lat' dir='ltr'><strong>in</strong></span> <span class='ocrx_word' id='word_1_536' title='bbox 1035 5285 1227 5352; x_wconf 83' lang='lat' dir='ltr'><strong>caelis;</strong></span> <span class='ocrx_word' id='word_1_537' title='bbox 1257 5286 1356 5340; x_wconf 89' lang='lat' dir='ltr'><strong>sed</strong></span> <span class='ocrx_word' id='word_1_538' title='bbox 1401 5285 1691 5358; x_wconf 87' lang='lat' dir='ltr'><strong>ingressus</strong></span> <span class='ocrx_word' id='word_1_539' title='bbox 1743 5286 2024 5341; x_wconf 86' lang='lat' dir='ltr'><strong>mundum</strong></span> 
     </span>
    </p>
   </div>
   <div class='ocr_carea' id='block_1_78' title="bbox 331 5373 2026 5445">
    <p class='ocr_par' dir='ltr' id='par_1_78' title="bbox 331 5373 2026 5445">
     <span class='ocr_line' id='line_1_78' title="bbox 331 5373 2026 5445; baseline 0.001 -18"><span class='ocrx_word' id='word_1_540' title='bbox 331 5389 436 5444; x_wconf 88' lang='lat' dir='ltr'><strong>per</strong></span> <span class='ocrx_word' id='word_1_541' title='bbox 467 5373 958 5445; x_wconf 87' lang='lat' dir='ltr'><strong>dispensationem</strong></span> <span class='ocrx_word' id='word_1_542' title='bbox 1015 5375 1390 5429; x_wconf 84' lang='lat' dir='ltr'><strong>humanitatis</strong></span> <span class='ocrx_word' id='word_1_543' title='bbox 1421 5374 1579 5429; x_wconf 91' lang='lat' dir='ltr'><strong>dedit</strong></span> <span class='ocrx_word' id='word_1_544' title='bbox 1629 5374 1896 5429; x_wconf 88' lang='lat' dir='ltr'><strong>mandata</strong></span> <span class='ocrx_word' id='word_1_545' title='bbox 1946 5391 2026 5429; x_wconf 88' lang='lat' dir='ltr'><strong>sa-</strong></span> 
     </span>
    </p>
   </div>
   <div class='ocr_carea' id='block_1_79' title="bbox 333 5460 1810 5535">
    <p class='ocr_par' dir='ltr' id='par_1_79' title="bbox 333 5460 1810 5535">
     <span class='ocr_line' id='line_1_79' title="bbox 333 5460 1810 5535; baseline 0.001 -19"><span class='ocrx_word' id='word_1_546' title='bbox 333 5460 492 5526; x_wconf 89' lang='lat' dir='ltr'><strong>lutis,</strong></span> <span class='ocrx_word' id='word_1_547' title='bbox 526 5462 700 5530; x_wconf 88' lang='lat' dir='ltr'><strong>unde,</strong></span> <span class='ocrx_word' id='word_1_548' title='bbox 733 5463 910 5519; x_wconf 86' lang='lat' dir='ltr'><strong>Verba</strong></span> <span class='ocrx_word' id='word_1_549' title='bbox 939 5466 1064 5519; x_wconf 66' lang='lat' dir='ltr'><strong>vita</strong></span> <span class='ocrx_word' id='word_1_550' title='bbox 1081 5469 1292 5519; x_wconf 71' lang='lat' dir='ltr'><strong>aeternae</strong></span> <span class='ocrx_word' id='word_1_551' title='bbox 1320 5464 1480 5518; x_wconf 84' lang='lat' dir='ltr'><strong>habes</strong></span> <span class='ocrx_word' id='word_1_552' title='bbox 1511 5463 1687 5535; x_wconf 85' lang='lat' dir='ltr'><strong>(Joan.</strong></span> <span class='ocrx_word' id='word_1_553' title='bbox 1713 5463 1810 5535; x_wconf 73' lang='grc' dir='ltr'><strong>γι).</strong></span> 
     </span>
    </p>
   </div>
   <div class='ocr_carea' id='block_1_80' title="bbox 405 5550 2018 5623">
    <p class='ocr_par' dir='ltr' id='par_1_80' title="bbox 405 5550 2018 5623">
     <span class='ocr_line' id='line_1_80' title="bbox 405 5550 2018 5623; baseline 0.004 -21"><span class='ocrx_word' id='word_1_554' title='bbox 405 5550 566 5603; x_wconf 74' lang='lat' dir='ltr'><strong>Vens.</strong></span> <span class='ocrx_word' id='word_1_555' title='bbox 599 5552 651 5603; x_wconf 90' lang='lat'><strong>6.</strong></span> <span class='ocrx_word' id='word_1_556' title='bbox 704 5579 768 5592; x_wconf 90' lang='lat'><strong><em>—</em></strong></span> <span class='ocrx_word' id='word_1_557' title='bbox 826 5553 1019 5606; x_wconf 70' lang='lat' dir='ltr'><strong>Radix</strong></span> <span class='ocrx_word' id='word_1_558' title='bbox 1064 5555 1364 5623; x_wconf 72' lang='lat' dir='ltr'><strong>sapimtiae.</strong></span> <span class='ocrx_word' id='word_1_559' title='bbox 1416 5552 1676 5606; x_wconf 87' lang='lat' dir='ltr'><strong>Ostendit</strong></span> <span class='ocrx_word' id='word_1_560' title='bbox 1732 5552 2018 5608; x_wconf 90' lang='lat' dir='ltr'><strong>nemiuem</strong></span> 
     </span>
    </p>
   </div>
   <div class='ocr_carea' id='block_1_81' title="bbox 2057 2922 3834 2997">
    <p class='ocr_par' dir='ltr' id='par_1_81' title="bbox 2057 2922 3834 2997">
     <span class='ocr_line' id='line_1_81' title="bbox 2057 2922 3834 2997; baseline -0.003 -15"><span class='ocrx_word' id='word_1_561' title='bbox 2057 2927 2098 2982; x_wconf 89' lang='lat' dir='ltr'><strong>C</strong></span> <span class='ocrx_word' id='word_1_562' title='bbox 2135 2943 2299 2997; x_wconf 91' lang='lat' dir='ltr'><strong>posse</strong></span> <span class='ocrx_word' id='word_1_563' title='bbox 2351 2926 2806 2997; x_wconf 88' lang='lat' dir='ltr'><strong>profunditatem</strong></span> <span class='ocrx_word' id='word_1_564' title='bbox 2839 2925 2939 2980; x_wconf 92' lang='lat' dir='ltr'><strong>Dei</strong></span> <span class='ocrx_word' id='word_1_565' title='bbox 2984 2929 3306 2996; x_wconf 88' lang='lat' dir='ltr'><strong>penetrare,</strong></span> <span class='ocrx_word' id='word_1_566' title='bbox 3353 2925 3438 2978; x_wconf 85' lang='lat' dir='ltr'><strong>vel</strong></span> <span class='ocrx_word' id='word_1_567' title='bbox 3482 2922 3834 2995; x_wconf 86' lang='lat' dir='ltr'><strong>magnitudi-</strong></span> 
     </span>
    </p>
   </div>
   <div class='ocr_carea' id='block_1_82' title="bbox 2129 3011 3822 3085">
    <p class='ocr_par' dir='ltr' id='par_1_82' title="bbox 2129 3011 3822 3085">
     <span class='ocr_line' id='line_1_82' title="bbox 2129 3011 3822 3085; baseline -0.002 -15"><span class='ocrx_word' id='word_1_568' title='bbox 2129 3015 2388 3070; x_wconf 88' lang='lat' dir='ltr'><strong>tudinem</strong></span> <span class='ocrx_word' id='word_1_569' title='bbox 2444 3015 2711 3070; x_wconf 87' lang='lat' dir='ltr'><strong>bonitatis</strong></span> <span class='ocrx_word' id='word_1_570' title='bbox 2763 3015 2882 3085; x_wconf 88' lang='lat' dir='ltr'><strong>ejus</strong></span> <span class='ocrx_word' id='word_1_571' title='bbox 2931 3018 2989 3068; x_wconf 89' lang='lat' dir='ltr'><strong>et</strong></span> <span class='ocrx_word' id='word_1_572' title='bbox 3048 3012 3477 3068; x_wconf 69' lang='lat' dir='ltr'><strong>misericordiae.</strong></span> <span class='ocrx_word' id='word_1_573' title='bbox 3529 3013 3692 3068; x_wconf 88' lang='lat' dir='ltr'><strong>Unde</strong></span> <span class='ocrx_word' id='word_1_574' title='bbox 3751 3011 3822 3066; x_wconf 82' lang='lat' dir='ltr'><strong>ad</strong></span> 
     </span>
    </p>
   </div>
   <div class='ocr_carea' id='block_1_83' title="bbox 2129 3102 3824 3172">
    <p class='ocr_par' dir='ltr' id='par_1_83' title="bbox 2129 3102 3824 3172">
     <span class='ocr_line' id='line_1_83' title="bbox 2129 3102 3824 3172; baseline -0.003 -13"><span class='ocrx_word' id='word_1_575' title='bbox 2129 3105 2529 3160; x_wconf 88' lang='lat' dir='ltr'><strong>liberationem</strong></span> <span class='ocrx_word' id='word_1_576' title='bbox 2542 3107 2598 3158; x_wconf 91' lang='lat' dir='ltr'><strong>et</strong></span> <span class='ocrx_word' id='word_1_577' title='bbox 2622 3102 3110 3158; x_wconf 89' lang='lat' dir='ltr'><strong>illuminationem</strong></span> <span class='ocrx_word' id='word_1_578' title='bbox 3132 3102 3369 3156; x_wconf 90' lang='lat' dir='ltr'><strong>humani</strong></span> <span class='ocrx_word' id='word_1_579' title='bbox 3389 3102 3618 3172; x_wconf 89' lang='lat' dir='ltr'><strong>generis</strong></span> <span class='ocrx_word' id='word_1_580' title='bbox 3648 3102 3824 3155; x_wconf 89' lang='lat' dir='ltr'><strong>homo</strong></span> 
     </span>
    </p>
   </div>
   <div class='ocr_carea' id='block_1_84' title="bbox 2129 3190 3826 3264">
    <p class='ocr_par' dir='ltr' id='par_1_84' title="bbox 2129 3190 3826 3264">
     <span class='ocr_line' id='line_1_84' title="bbox 2129 3190 3826 3264; baseline -0.004 -16"><span class='ocrx_word' id='word_1_581' title='bbox 2129 3193 2254 3248; x_wconf 86' lang='lat' dir='ltr'><strong>ﬁeri</strong></span> <span class='ocrx_word' id='word_1_582' title='bbox 2287 3193 2557 3264; x_wconf 87' lang='lat' dir='ltr'><strong>dignatus</strong></span> <span class='ocrx_word' id='word_1_583' title='bbox 2577 3197 2682 3260; x_wconf 88' lang='lat' dir='ltr'><strong>est,</strong></span> <span class='ocrx_word' id='word_1_584' title='bbox 2703 3192 2899 3246; x_wconf 85' lang='lat' dir='ltr'><strong>unde:</strong></span> <span class='ocrx_word' id='word_1_585' title='bbox 2929 3192 3336 3248; x_wconf 85' lang='lat' dir='ltr'><strong>Generationem</strong></span> <span class='ocrx_word' id='word_1_586' title='bbox 3363 3190 3480 3259; x_wconf 86' lang='lat' dir='ltr'><strong>ejus</strong></span> <span class='ocrx_word' id='word_1_587' title='bbox 3510 3193 3634 3259; x_wconf 89' lang='lat' dir='ltr'><strong>quis</strong></span> <span class='ocrx_word' id='word_1_588' title='bbox 3665 3205 3826 3244; x_wconf 85' lang='lat' dir='ltr'><strong>enar-</strong></span> 
     </span>
    </p>
   </div>
   <div class='ocr_carea' id='block_1_85' title="bbox 2128 3281 2618 3352">
    <p class='ocr_par' dir='ltr' id='par_1_85' title="bbox 2128 3281 2618 3352">
     <span class='ocr_line' id='line_1_85' title="bbox 2128 3281 2618 3352; baseline -0.006 -16"><span class='ocrx_word' id='word_1_589' title='bbox 2128 3283 2276 3337; x_wconf 88' lang='lat' dir='ltr'><strong>rabit</strong></span> <span class='ocrx_word' id='word_1_590' title='bbox 2303 3283 2432 3352; x_wconf 88' lang='lat' dir='ltr'><strong>(Isa.</strong></span> <span class='ocrx_word' id='word_1_591' title='bbox 2464 3281 2618 3352; x_wconf 83' lang='lat' dir='ltr'><strong>Lm)?</strong></span> 
     </span>
    </p>
   </div>
   <div class='ocr_carea' id='block_1_86' title="bbox 2201 3383 3829 3457">
    <p class='ocr_par' dir='ltr' id='par_1_86' title="bbox 2201 3383 3829 3457">
     <span class='ocr_line' id='line_1_86' title="bbox 2201 3383 3829 3457; baseline -0.003 -15"><span class='ocrx_word' id='word_1_592' title='bbox 2201 3389 2372 3443; x_wconf 74' lang='lat' dir='ltr'><strong>Vens.</strong></span> <span class='ocrx_word' id='word_1_593' title='bbox 2416 3391 2448 3442; x_wconf 90' lang='lat'>9</span> <span class='ocrx_word' id='word_1_594' title='bbox 2479 3419 2544 3428; x_wconf 89' lang='lat'><strong>—</strong></span> <span class='ocrx_word' id='word_1_595' title='bbox 2577 3389 2703 3457; x_wconf 86' lang='lat' dir='ltr'><strong>Ipse</strong></span> <span class='ocrx_word' id='word_1_596' title='bbox 2733 3388 2936 3442; x_wconf 82' lang='lat' dir='ltr'><strong>creavit</strong></span> <span class='ocrx_word' id='word_1_597' title='bbox 2967 3386 3138 3440; x_wconf 88' lang='lat' dir='ltr'><strong>illam.</strong></span> <span class='ocrx_word' id='word_1_598' title='bbox 3171 3383 3462 3455; x_wconf 90' lang='lat' dir='ltr'><strong>Unigeniti</strong></span> <span class='ocrx_word' id='word_1_599' title='bbox 3486 3383 3702 3437; x_wconf 89' lang='lat' dir='ltr'><strong>scilicet</strong></span> <span class='ocrx_word' id='word_1_600' title='bbox 3729 3383 3829 3438; x_wconf 84' lang='lat' dir='ltr'><strong>ad-</strong></span> 
     </span>
    </p>
   </div>
   <div class='ocr_carea' id='block_1_87' title="bbox 2130 3472 3828 3546">
    <p class='ocr_par' dir='ltr' id='par_1_87' title="bbox 2130 3472 3828 3546">
     <span class='ocr_line' id='line_1_87' title="bbox 2130 3472 3828 3546; baseline -0.004 -16"><span class='ocrx_word' id='word_1_601' title='bbox 2130 3483 2386 3542; x_wconf 88' lang='lat' dir='ltr'><strong>ventum,</strong></span> <span class='ocrx_word' id='word_1_602' title='bbox 2410 3493 2515 3546; x_wconf 89' lang='lat' dir='ltr'><strong>per</strong></span> <span class='ocrx_word' id='word_1_603' title='bbox 2539 3476 2786 3530; x_wconf 90' lang='lat' dir='ltr'><strong>Verbum</strong></span> <span class='ocrx_word' id='word_1_604' title='bbox 2801 3475 2910 3528; x_wconf 90' lang='lat' dir='ltr'><strong>sibi</strong></span> <span class='ocrx_word' id='word_1_605' title='bbox 2925 3479 3273 3528; x_wconf 72' lang='lat' dir='ltr'><strong>coasternum</strong></span> <span class='ocrx_word' id='word_1_606' title='bbox 3296 3489 3423 3527; x_wconf 90' lang='lat' dir='ltr'><strong>cum</strong></span> <span class='ocrx_word' id='word_1_607' title='bbox 3443 3472 3656 3543; x_wconf 88' lang='lat' dir='ltr'><strong>Spiritu</strong></span> <span class='ocrx_word' id='word_1_608' title='bbox 3700 3487 3828 3525; x_wconf 82' lang='lat' dir='ltr'><strong>sau-</strong></span> 
     </span>
    </p>
   </div>
   <div class='ocr_carea' id='block_1_88' title="bbox 2131 3557 3824 3631">
    <p class='ocr_par' dir='ltr' id='par_1_88' title="bbox 2131 3557 3824 3631">
     <span class='ocr_line' id='line_1_88' title="bbox 2131 3557 3824 3631; baseline -0.003 -15"><span class='ocrx_word' id='word_1_609' title='bbox 2131 3567 2220 3616; x_wconf 85' lang='lat' dir='ltr'><strong>cto</strong></span> <span class='ocrx_word' id='word_1_610' title='bbox 2253 3561 2638 3631; x_wconf 65' lang='lat' dir='ltr'><strong>dispensavitf:</strong></span> <span class='ocrx_word' id='word_1_611' title='bbox 2676 3560 2966 3631; x_wconf 89' lang='lat' dir='ltr'><strong>quomodo</strong></span> <span class='ocrx_word' id='word_1_612' title='bbox 3021 3575 3123 3630; x_wconf 89' lang='lat' dir='ltr'><strong>per</strong></span> <span class='ocrx_word' id='word_1_613' title='bbox 3178 3558 3428 3630; x_wconf 90' lang='lat' dir='ltr'><strong>Virginis</strong></span> <span class='ocrx_word' id='word_1_614' title='bbox 3470 3563 3699 3628; x_wconf 89' lang='lat' dir='ltr'><strong>partum</strong></span> <span class='ocrx_word' id='word_1_615' title='bbox 3752 3557 3824 3611; x_wconf 90' lang='lat' dir='ltr'><strong>ad</strong></span> 
     </span>
    </p>
   </div>
   <div class='ocr_carea' id='block_1_89' title="bbox 2129 3649 3828 3718">
    <p class='ocr_par' dir='ltr' id='par_1_89' title="bbox 2129 3649 3828 3718">
     <span class='ocr_line' id='line_1_89' title="bbox 2129 3649 3828 3718; baseline -0.003 -13"><span class='ocrx_word' id='word_1_616' title='bbox 2129 3651 2371 3706; x_wconf 88' lang='lat' dir='ltr'><strong>salutem</strong></span> <span class='ocrx_word' id='word_1_617' title='bbox 2439 3649 2638 3704; x_wconf 90' lang='lat' dir='ltr'><strong>mundi</strong></span> <span class='ocrx_word' id='word_1_618' title='bbox 2712 3649 2950 3715; x_wconf 89' lang='lat' dir='ltr'><strong>veniret,</strong></span> <span class='ocrx_word' id='word_1_619' title='bbox 3006 3651 3295 3703; x_wconf 89' lang='lat' dir='ltr'><strong>creaturas</strong></span> <span class='ocrx_word' id='word_1_620' title='bbox 3369 3652 3683 3718; x_wconf 86' lang='lat' dir='ltr'><strong>repararet,</strong></span> <span class='ocrx_word' id='word_1_621' title='bbox 3770 3652 3828 3701; x_wconf 89' lang='lat' dir='ltr'><strong>et</strong></span> 
     </span>
    </p>
   </div>
   <div class='ocr_carea' id='block_1_90' title="bbox 2129 3736 3823 3809">
    <p class='ocr_par' dir='ltr' id='par_1_90' title="bbox 2129 3736 3823 3809">
     <span class='ocr_line' id='line_1_90' title="bbox 2129 3736 3823 3809; baseline -0.002 -15"><span class='ocrx_word' id='word_1_622' title='bbox 2129 3739 2425 3794; x_wconf 89' lang='lat' dir='ltr'><strong>hominem</strong></span> <span class='ocrx_word' id='word_1_623' title='bbox 2452 3738 2523 3792; x_wconf 91' lang='lat' dir='ltr'><strong>ad</strong></span> <span class='ocrx_word' id='word_1_624' title='bbox 2556 3737 2911 3809; x_wconf 87' lang='lat' dir='ltr'><strong>agnitionem</strong></span> <span class='ocrx_word' id='word_1_625' title='bbox 2934 3737 3368 3791; x_wconf 89' lang='lat' dir='ltr'><strong>etdilectionem</strong></span> <span class='ocrx_word' id='word_1_626' title='bbox 3398 3736 3486 3790; x_wconf 92' lang='lat' dir='ltr'><strong>sui</strong></span> <span class='ocrx_word' id='word_1_627' title='bbox 3507 3741 3823 3802; x_wconf 83' lang='lat' dir='ltr'><strong>revocaret,</strong></span> 
     </span>
    </p>
   </div>
   <div class='ocr_carea' id='block_1_91' title="bbox 2131 3825 3826 3896">
    <p class='ocr_par' dir='ltr' id='par_1_91' title="bbox 2131 3825 3826 3896">
     <span class='ocr_line' id='line_1_91' title="bbox 2131 3825 3826 3896; baseline -0.003 -13"><span class='ocrx_word' id='word_1_628' title='bbox 2131 3829 2271 3883; x_wconf 88' lang='lat' dir='ltr'><strong>dans</strong></span> <span class='ocrx_word' id='word_1_629' title='bbox 2300 3827 2383 3881; x_wconf 90' lang='lat' dir='ltr'><strong>illi</strong></span> <span class='ocrx_word' id='word_1_630' title='bbox 2413 3827 2630 3881; x_wconf 89' lang='lat' dir='ltr'><strong>donum</strong></span> <span class='ocrx_word' id='word_1_631' title='bbox 2657 3826 2903 3896; x_wconf 89' lang='lat' dir='ltr'><strong>Spiritus</strong></span> <span class='ocrx_word' id='word_1_632' title='bbox 2928 3825 3130 3893; x_wconf 89' lang='lat' dir='ltr'><strong>sancti,</strong></span> <span class='ocrx_word' id='word_1_633' title='bbox 3161 3830 3226 3880; x_wconf 90' lang='lat' dir='ltr'><strong>ut</strong></span> <span class='ocrx_word' id='word_1_634' title='bbox 3247 3826 3369 3896; x_wconf 88' lang='lat' dir='ltr'><strong>ejus</strong></span> <span class='ocrx_word' id='word_1_635' title='bbox 3414 3840 3652 3879; x_wconf 89' lang='lat' dir='ltr'><strong>munere</strong></span> <span class='ocrx_word' id='word_1_636' title='bbox 3705 3825 3826 3878; x_wconf 88' lang='lat' dir='ltr'><strong>sol-</strong></span> 
     </span>
    </p>
   </div>
   <div class='ocr_carea' id='block_1_92' title="bbox 2129 3918 2713 3972">
    <p class='ocr_par' dir='ltr' id='par_1_92' title="bbox 2129 3918 2713 3972">
     <span class='ocr_line' id='line_1_92' title="bbox 2129 3918 2713 3972; baseline -0.003 0"><span class='ocrx_word' id='word_1_637' title='bbox 2129 3923 2293 3972; x_wconf 87' lang='lat' dir='ltr'><strong>vetur</strong></span> <span class='ocrx_word' id='word_1_638' title='bbox 2323 3918 2382 3971; x_wconf 92' lang='lat' dir='ltr'><strong>in</strong></span> <span class='ocrx_word' id='word_1_639' title='bbox 2411 3922 2713 3972; x_wconf 69' lang='lat' dir='ltr'><strong>aeternum.</strong></span> 
     </span>
    </p>
   </div>
   <div class='ocr_carea' id='block_1_93' title="bbox 2201 4020 3832 4084">
    <p class='ocr_par' dir='ltr' id='par_1_93' title="bbox 2201 4020 3832 4084">
     <span class='ocr_line' id='line_1_93' title="bbox 2201 4020 3832 4084; baseline -0.006 -3"><span class='ocrx_word' id='word_1_640' title='bbox 2201 4025 2370 4083; x_wconf 75' lang='lat' dir='ltr'><strong>Vens.</strong></span> <span class='ocrx_word' id='word_1_641' title='bbox 2409 4027 2489 4078; x_wconf 94' lang='grc'><strong>11.</strong></span> <span class='ocrx_word' id='word_1_642' title='bbox 2521 4053 2578 4063; x_wconf 92' lang='grc'><strong><em>-</em></strong></span> <span class='ocrx_word' id='word_1_643' title='bbox 2611 4024 2790 4077; x_wconf 83' lang='lat' dir='ltr'><strong>Timor</strong></span> <span class='ocrx_word' id='word_1_644' title='bbox 2818 4022 3052 4077; x_wconf 85' lang='lat' dir='ltr'><strong>Domini.</strong></span> <span class='ocrx_word' id='word_1_645' title='bbox 3085 4021 3297 4084; x_wconf 86' lang='lat' dir='ltr'><strong>Gloria,</strong></span> <span class='ocrx_word' id='word_1_646' title='bbox 3322 4021 3428 4073; x_wconf 91' lang='lat' dir='ltr'><strong>etc.</strong></span> <span class='ocrx_word' id='word_1_647' title='bbox 3487 4020 3685 4073; x_wconf 80' lang='lat' dir='ltr'><strong>Beatus</strong></span> <span class='ocrx_word' id='word_1_648' title='bbox 3739 4021 3832 4074; x_wconf 87' lang='lat' dir='ltr'><strong>vir</strong></span> 
     </span>
    </p>
   </div>
   <div class='ocr_carea' id='block_1_94' title="bbox 2131 4110 3825 4186">
    <p class='ocr_par' dir='ltr' id='par_1_94' title="bbox 2131 4110 3825 4186">
     <span class='ocr_line' id='line_1_94' title="bbox 2131 4110 3825 4186; baseline -0.003 -17"><span class='ocrx_word' id='word_1_649' title='bbox 2131 4117 2229 4186; x_wconf 88' lang='lat' dir='ltr'><strong>qui</strong></span> <span class='ocrx_word' id='word_1_650' title='bbox 2257 4117 2409 4169; x_wconf 82' lang='lat' dir='ltr'><strong>timet</strong></span> <span class='ocrx_word' id='word_1_651' title='bbox 2430 4115 2734 4182; x_wconf 89' lang='lat' dir='ltr'><strong>Dominum,</strong></span> <span class='ocrx_word' id='word_1_652' title='bbox 2761 4115 2820 4166; x_wconf 87' lang='lat' dir='ltr'><strong>in</strong></span> <span class='ocrx_word' id='word_1_653' title='bbox 2848 4111 3124 4166; x_wconf 84' lang='lat' dir='ltr'><strong>mandatis</strong></span> <span class='ocrx_word' id='word_1_654' title='bbox 3156 4111 3272 4178; x_wconf 85' lang='lat' dir='ltr'><strong>ejus</strong></span> <span class='ocrx_word' id='word_1_655' title='bbox 3302 4111 3451 4179; x_wconf 87' lang='lat' dir='ltr'><strong>cupit</strong></span> <span class='ocrx_word' id='word_1_656' title='bbox 3481 4111 3665 4163; x_wconf 86' lang='lat' dir='ltr'><strong>nimis.</strong></span> <span class='ocrx_word' id='word_1_657' title='bbox 3702 4110 3825 4164; x_wconf 84' lang='lat' dir='ltr'><strong>Glo-</strong></span> 
     </span>
    </p>
   </div>
   <div class='ocr_carea' id='block_1_95' title="bbox 2129 4197 3831 4268">
    <p class='ocr_par' dir='ltr' id='par_1_95' title="bbox 2129 4197 3831 4268">
     <span class='ocr_line' id='line_1_95' title="bbox 2129 4197 3831 4268; baseline -0.004 -9"><span class='ocrx_word' id='word_1_658' title='bbox 2129 4206 2220 4259; x_wconf 90' lang='lat' dir='ltr'><strong>ria</strong></span> <span class='ocrx_word' id='word_1_659' title='bbox 2247 4208 2298 4258; x_wconf 87' lang='lat' dir='ltr'><strong>et</strong></span> <span class='ocrx_word' id='word_1_660' title='bbox 2362 4203 2572 4257; x_wconf 73' lang='lat' dir='ltr'><strong>divitiae</strong></span> <span class='ocrx_word' id='word_1_661' title='bbox 2627 4204 2686 4255; x_wconf 87' lang='lat' dir='ltr'><strong>in</strong></span> <span class='ocrx_word' id='word_1_662' title='bbox 2739 4200 2902 4255; x_wconf 89' lang='lat' dir='ltr'><strong>domo</strong></span> <span class='ocrx_word' id='word_1_663' title='bbox 2957 4199 3074 4268; x_wconf 88' lang='lat' dir='ltr'><strong>ejus</strong></span> <span class='ocrx_word' id='word_1_664' title='bbox 3127 4199 3292 4268; x_wconf 89' lang='lat' dir='ltr'><strong>(Psal.</strong></span> <span class='ocrx_word' id='word_1_665' title='bbox 3345 4197 3448 4267; x_wconf 80' lang='lat' dir='ltr'><strong>ni),</strong></span> <span class='ocrx_word' id='word_1_666' title='bbox 3499 4201 3605 4251; x_wconf 89' lang='lat' dir='ltr'><strong>etc.</strong></span> <span class='ocrx_word' id='word_1_667' title='bbox 3643 4199 3831 4252; x_wconf 85' lang='lat' dir='ltr'><strong>Timor</strong></span> 
     </span>
    </p>
   </div>
   <div class='ocr_carea' id='block_1_96' title="bbox 2053 4268 3826 4361">
    <p class='ocr_par' dir='ltr' id='par_1_96' title="bbox 2053 4268 3826 4361">
     <span class='ocr_line' id='line_1_96' title="bbox 2053 4268 3826 4361; baseline -0.005 -13"><span class='ocrx_word' id='word_1_668' title='bbox 2053 4268 2092 4322; x_wconf 73' lang='grc' dir='ltr'><strong>θ</strong></span> <span class='ocrx_word' id='word_1_669' title='bbox 2132 4293 2363 4347; x_wconf 88' lang='lat' dir='ltr'><strong>Domini.</strong></span> <span class='ocrx_word' id='word_1_670' title='bbox 2393 4293 2529 4346; x_wconf 80' lang='lat' dir='ltr'><strong>Duae</strong></span> <span class='ocrx_word' id='word_1_671' title='bbox 2553 4289 2767 4361; x_wconf 88' lang='lat' dir='ltr'><strong>species</strong></span> <span class='ocrx_word' id='word_1_672' title='bbox 2788 4283 2931 4342; x_wconf 35' lang='lat' dir='ltr'><strong>&quot;sunt</strong></span> <span class='ocrx_word' id='word_1_673' title='bbox 2973 4287 3217 4341; x_wconf 89' lang='lat' dir='ltr'><strong>timoris.</strong></span> <span class='ocrx_word' id='word_1_674' title='bbox 3255 4287 3330 4340; x_wconf 90' lang='lat' dir='ltr'><strong>De</strong></span> <span class='ocrx_word' id='word_1_675' title='bbox 3363 4286 3540 4339; x_wconf 90' lang='lat' dir='ltr'><strong>altera</strong></span> <span class='ocrx_word' id='word_1_676' title='bbox 3591 4285 3826 4352; x_wconf 90' lang='lat' dir='ltr'><strong>dicitur,</strong></span> 
     </span>
    </p>
   </div>
   <div class='ocr_carea' id='block_1_97' title="bbox 2131 4374 3824 4453">
    <p class='ocr_par' dir='ltr' id='par_1_97' title="bbox 2131 4374 3824 4453">
     <span class='ocr_line' id='line_1_97' title="bbox 2131 4374 3824 4453; baseline -0.005 -17"><span class='ocrx_word' id='word_1_677' title='bbox 2131 4384 2312 4436; x_wconf 87' lang='lat' dir='ltr'><strong>Timor</strong></span> <span class='ocrx_word' id='word_1_678' title='bbox 2360 4379 2501 4453; x_wconf 87' lang='lat' dir='ltr'><strong>[non</strong></span> <span class='ocrx_word' id='word_1_679' title='bbox 2556 4384 2641 4432; x_wconf 90' lang='lat' dir='ltr'><strong>est</strong></span> <span class='ocrx_word' id='word_1_680' title='bbox 2683 4378 2743 4432; x_wconf 89' lang='lat' dir='ltr'><strong>in</strong></span> <span class='ocrx_word' id='word_1_681' title='bbox 2809 4374 3109 4448; x_wconf 76' lang='lat' dir='ltr'><strong>charitatej</strong></span> <span class='ocrx_word' id='word_1_682' title='bbox 3162 4377 3357 4429; x_wconf 78' lang='lat' dir='ltr'><strong>animae</strong></span> <span class='ocrx_word' id='word_1_683' title='bbox 3417 4377 3474 4429; x_wconf 79' lang='lat' dir='ltr'><strong>in</strong></span> <span class='ocrx_word' id='word_1_684' title='bbox 3529 4375 3824 4441; x_wconf 83' lang='lat' dir='ltr'><strong>charitate,</strong></span> 
     </span>
    </p>
   </div>
   <div class='ocr_carea' id='block_1_98' title="bbox 2128 4466 3821 4540">
    <p class='ocr_par' dir='ltr' id='par_1_98' title="bbox 2128 4466 3821 4540">
     <span class='ocr_line' id='line_1_98' title="bbox 2128 4466 3821 4540; baseline -0.006 -15"><span class='ocrx_word' id='word_1_685' title='bbox 2128 4469 2304 4540; x_wconf 84' lang='lat' dir='ltr'><strong>(Joan.</strong></span> <span class='ocrx_word' id='word_1_686' title='bbox 2339 4468 2434 4540; x_wconf 85' lang='lat' dir='ltr'><strong>iv).</strong></span> <span class='ocrx_word' id='word_1_687' title='bbox 2468 4473 2573 4522; x_wconf 93' lang='lat' dir='ltr'><strong>etc.</strong></span> <span class='ocrx_word' id='word_1_688' title='bbox 2609 4467 2715 4532; x_wconf 91' lang='lat' dir='ltr'><strong>Qui</strong></span> <span class='ocrx_word' id='word_1_689' title='bbox 2738 4467 2890 4521; x_wconf 88' lang='lat' dir='ltr'><strong>hunc</strong></span> <span class='ocrx_word' id='word_1_690' title='bbox 2914 4466 3128 4519; x_wconf 88' lang='lat' dir='ltr'><strong>habent</strong></span> <span class='ocrx_word' id='word_1_691' title='bbox 3178 4469 3414 4534; x_wconf 89' lang='lat' dir='ltr'><strong>propter</strong></span> <span class='ocrx_word' id='word_1_692' title='bbox 3454 4467 3676 4516; x_wconf 89' lang='lat' dir='ltr'><strong>metum</strong></span> <span class='ocrx_word' id='word_1_693' title='bbox 3721 4479 3821 4533; x_wconf 83' lang='lat' dir='ltr'><strong>ge-</strong></span> 
     </span>
    </p>
   </div>
   <div class='ocr_carea' id='block_1_99' title="bbox 2125 4551 3826 4628">
    <p class='ocr_par' dir='ltr' id='par_1_99' title="bbox 2125 4551 3826 4628">
     <span class='ocr_line' id='line_1_99' title="bbox 2125 4551 3826 4628; baseline -0.005 -15"><span class='ocrx_word' id='word_1_694' title='bbox 2125 4559 2330 4613; x_wconf 65' lang='lat' dir='ltr'><strong>hennae</strong></span> <span class='ocrx_word' id='word_1_695' title='bbox 2390 4572 2625 4628; x_wconf 87' lang='lat' dir='ltr'><strong>peccare</strong></span> <span class='ocrx_word' id='word_1_696' title='bbox 2679 4555 2971 4620; x_wconf 83' lang='lat' dir='ltr'><strong>desinunt,</strong></span> <span class='ocrx_word' id='word_1_697' title='bbox 3020 4556 3076 4607; x_wconf 92' lang='lat' dir='ltr'><strong>et</strong></span> <span class='ocrx_word' id='word_1_698' title='bbox 3103 4552 3276 4606; x_wconf 87' lang='lat' dir='ltr'><strong>vitam</strong></span> <span class='ocrx_word' id='word_1_699' title='bbox 3334 4551 3681 4622; x_wconf 88' lang='lat' dir='ltr'><strong>corrigunt:</strong></span> <span class='ocrx_word' id='word_1_700' title='bbox 3733 4551 3826 4604; x_wconf 90' lang='lat' dir='ltr'><strong>hic</strong></span> 
     </span>
    </p>
   </div>
   <div class='ocr_carea' id='block_1_100' title="bbox 2125 4639 3825 4708">
    <p class='ocr_par' dir='ltr' id='par_1_100' title="bbox 2125 4639 3825 4708">
     <span class='ocr_line' id='line_1_100' title="bbox 2125 4639 3825 4708; baseline -0.004 -7"><span class='ocrx_word' id='word_1_701' title='bbox 2125 4645 2439 4702; x_wconf 89' lang='lat' dir='ltr'><strong>introducit</strong></span> <span class='ocrx_word' id='word_1_702' title='bbox 2469 4645 2827 4708; x_wconf 84' lang='lat' dir='ltr'><strong>charitatem,</strong></span> <span class='ocrx_word' id='word_1_703' title='bbox 2858 4642 2959 4696; x_wconf 90' lang='lat' dir='ltr'><strong>sed</strong></span> <span class='ocrx_word' id='word_1_704' title='bbox 2981 4646 3036 4695; x_wconf 92' lang='lat' dir='ltr'><strong>et</strong></span> <span class='ocrx_word' id='word_1_705' title='bbox 3055 4641 3202 4695; x_wconf 84' lang='lat' dir='ltr'><strong>foras</strong></span> <span class='ocrx_word' id='word_1_706' title='bbox 3228 4640 3499 4694; x_wconf 88' lang='lat' dir='ltr'><strong>mittitur.</strong></span> <span class='ocrx_word' id='word_1_707' title='bbox 3529 4639 3637 4704; x_wconf 91' lang='lat' dir='ltr'><strong>Qui</strong></span> <span class='ocrx_word' id='word_1_708' title='bbox 3669 4641 3825 4695; x_wconf 88' lang='lat' dir='ltr'><strong>enim</strong></span> 
     </span>
    </p>
   </div>
   <div class='ocr_carea' id='block_1_101' title="bbox 2127 4729 3821 4800">
    <p class='ocr_par' dir='ltr' id='par_1_101' title="bbox 2127 4729 3821 4800">
     <span class='ocr_line' id='line_1_101' title="bbox 2127 4729 3821 4800; baseline -0.003 -12"><span class='ocrx_word' id='word_1_709' title='bbox 2127 4735 2207 4790; x_wconf 88' lang='lat' dir='ltr'><strong>sic</strong></span> <span class='ocrx_word' id='word_1_710' title='bbox 2228 4735 2413 4800; x_wconf 88' lang='lat' dir='ltr'><strong>timet,</strong></span> <span class='ocrx_word' id='word_1_711' title='bbox 2446 4732 2704 4788; x_wconf 91' lang='lat' dir='ltr'><strong>nondum</strong></span> <span class='ocrx_word' id='word_1_712' title='bbox 2733 4737 2886 4785; x_wconf 87' lang='lat' dir='ltr'><strong>amat</strong></span> <span class='ocrx_word' id='word_1_713' title='bbox 2932 4746 3037 4784; x_wconf 91' lang='lat' dir='ltr'><strong>nec</strong></span> <span class='ocrx_word' id='word_1_714' title='bbox 3065 4730 3349 4784; x_wconf 89' lang='lat' dir='ltr'><strong>desiderat</strong></span> <span class='ocrx_word' id='word_1_715' title='bbox 3387 4729 3556 4794; x_wconf 85' lang='lat' dir='ltr'><strong>bona,</strong></span> <span class='ocrx_word' id='word_1_716' title='bbox 3599 4729 3700 4782; x_wconf 90' lang='lat' dir='ltr'><strong>sed</strong></span> <span class='ocrx_word' id='word_1_717' title='bbox 3731 4746 3821 4783; x_wconf 88' lang='lat' dir='ltr'><strong>ca-</strong></span> 
     </span>
    </p>
   </div>
   <div class='ocr_carea' id='block_1_102' title="bbox 2127 4817 3826 4890">
    <p class='ocr_par' dir='ltr' id='par_1_102' title="bbox 2127 4817 3826 4890">
     <span class='ocr_line' id='line_1_102' title="bbox 2127 4817 3826 4890; baseline -0.005 -12"><span class='ocrx_word' id='word_1_718' title='bbox 2127 4828 2219 4878; x_wconf 89' lang='lat' dir='ltr'><strong>vet</strong></span> <span class='ocrx_word' id='word_1_719' title='bbox 2249 4824 2430 4889; x_wconf 90' lang='lat' dir='ltr'><strong>mala;</strong></span> <span class='ocrx_word' id='word_1_720' title='bbox 2463 4822 2558 4876; x_wconf 92' lang='lat' dir='ltr'><strong>sed</strong></span> <span class='ocrx_word' id='word_1_721' title='bbox 2594 4825 2786 4875; x_wconf 89' lang='lat' dir='ltr'><strong>tamen</strong></span> <span class='ocrx_word' id='word_1_722' title='bbox 2818 4836 2876 4874; x_wconf 89' lang='lat' dir='ltr'><strong>se</strong></span> <span class='ocrx_word' id='word_1_723' title='bbox 2906 4818 3162 4890; x_wconf 87' lang='lat' dir='ltr'><strong>corrigit,</strong></span> <span class='ocrx_word' id='word_1_724' title='bbox 3195 4822 3253 4871; x_wconf 89' lang='lat' dir='ltr'><strong>et</strong></span> <span class='ocrx_word' id='word_1_725' title='bbox 3284 4817 3434 4870; x_wconf 84' lang='lat' dir='ltr'><strong>bona</strong></span> <span class='ocrx_word' id='word_1_726' title='bbox 3493 4817 3826 4871; x_wconf 85' lang='lat' dir='ltr'><strong>desiderare</strong></span> 
     </span>
    </p>
   </div>
   <div class='ocr_carea' id='block_1_103' title="bbox 2128 4909 3826 4984">
    <p class='ocr_par' dir='ltr' id='par_1_103' title="bbox 2128 4909 3826 4984">
     <span class='ocr_line' id='line_1_103' title="bbox 2128 4909 3826 4984; baseline -0.003 -17"><span class='ocrx_word' id='word_1_727' title='bbox 2128 4913 2346 4984; x_wconf 89' lang='lat' dir='ltr'><strong>incipit.</strong></span> <span class='ocrx_word' id='word_1_728' title='bbox 2373 4914 2450 4966; x_wconf 89' lang='lat' dir='ltr'><strong>De</strong></span> <span class='ocrx_word' id='word_1_729' title='bbox 2480 4912 2658 4965; x_wconf 90' lang='lat' dir='ltr'><strong>altera</strong></span> <span class='ocrx_word' id='word_1_730' title='bbox 2693 4909 2966 4980; x_wconf 91' lang='lat' dir='ltr'><strong>scriptum</strong></span> <span class='ocrx_word' id='word_1_731' title='bbox 2994 4912 3096 4971; x_wconf 91' lang='lat' dir='ltr'><strong>est,</strong></span> <span class='ocrx_word' id='word_1_732' title='bbox 3139 4910 3320 4962; x_wconf 83' lang='lat' dir='ltr'><strong>Timor</strong></span> <span class='ocrx_word' id='word_1_733' title='bbox 3347 4909 3565 4961; x_wconf 87' lang='lat' dir='ltr'><strong>Domini</strong></span> <span class='ocrx_word' id='word_1_734' title='bbox 3604 4912 3826 4962; x_wconf 84' lang='lat' dir='ltr'><strong>sanctus</strong></span> 
     </span>
    </p>
   </div>
   <div class='ocr_carea' id='block_1_104' title="bbox 2121 4995 3825 5073">
    <p class='ocr_par' dir='ltr' id='par_1_104' title="bbox 2121 4995 3825 5073">
     <span class='ocr_line' id='line_1_104' title="bbox 2121 4995 3825 5073; baseline -0.004 -16"><span class='ocrx_word' id='word_1_735' title='bbox 2121 5007 2402 5073; x_wconf 87' lang='lat' dir='ltr'><strong>permanet</strong></span> <span class='ocrx_word' id='word_1_736' title='bbox 2434 5003 2491 5054; x_wconf 86' lang='lat' dir='ltr'><strong>in</strong></span> <span class='ocrx_word' id='word_1_737' title='bbox 2527 5001 2778 5056; x_wconf 58' lang='lat' dir='ltr'><strong>secutum</strong></span> <span class='ocrx_word' id='word_1_738' title='bbox 2801 4999 2985 5052; x_wconf 79' lang='lat' dir='ltr'><strong>saeculi</strong></span> <span class='ocrx_word' id='word_1_739' title='bbox 3021 4997 3190 5064; x_wconf 86' lang='lat' dir='ltr'><strong>(Psal.</strong></span> <span class='ocrx_word' id='word_1_740' title='bbox 3222 4999 3395 5064; x_wconf 73' lang='lat' dir='ltr'><strong>XVIII).</strong></span> <span class='ocrx_word' id='word_1_741' title='bbox 3424 4995 3613 5049; x_wconf 89' lang='lat' dir='ltr'><strong>Timet</strong></span> <span class='ocrx_word' id='word_1_742' title='bbox 3666 4996 3825 5051; x_wconf 89' lang='lat' dir='ltr'><strong>enim</strong></span> 
     </span>
    </p>
   </div>
   <div class='ocr_carea' id='block_1_105' title="bbox 2131 5084 3824 5162">
    <p class='ocr_par' dir='ltr' id='par_1_105' title="bbox 2131 5084 3824 5162">
     <span class='ocr_line' id='line_1_105' title="bbox 2131 5084 3824 5162; baseline -0.003 -17"><span class='ocrx_word' id='word_1_743' title='bbox 2131 5090 2525 5162; x_wconf 85' lang='lat' dir='ltr'><strong>unusquisque</strong></span> <span class='ocrx_word' id='word_1_744' title='bbox 2579 5104 2652 5142; x_wconf 90' lang='lat' dir='ltr'><strong>ne</strong></span> <span class='ocrx_word' id='word_1_745' title='bbox 2693 5088 2917 5140; x_wconf 88' lang='lat' dir='ltr'><strong>amittat</strong></span> <span class='ocrx_word' id='word_1_746' title='bbox 2972 5086 3139 5151; x_wconf 89' lang='lat' dir='ltr'><strong>bona,</strong></span> <span class='ocrx_word' id='word_1_747' title='bbox 3174 5089 3232 5139; x_wconf 85' lang='lat' dir='ltr'><strong>et</strong></span> <span class='ocrx_word' id='word_1_748' title='bbox 3285 5084 3383 5138; x_wconf 92' lang='lat' dir='ltr'><strong>Dei</strong></span> <span class='ocrx_word' id='word_1_749' title='bbox 3429 5085 3824 5156; x_wconf 65' lang='lat' dir='ltr'><strong>praesentiam,</strong></span> 
     </span>
    </p>
   </div>
   <div class='ocr_carea' id='block_1_106' title="bbox 2131 5173 3678 5250">
    <p class='ocr_par' dir='ltr' id='par_1_106' title="bbox 2131 5173 3678 5250">
     <span class='ocr_line' id='line_1_106' title="bbox 2131 5173 3678 5250; baseline -0.003 -17"><span class='ocrx_word' id='word_1_750' title='bbox 2131 5195 2260 5250; x_wconf 70' lang='lat' dir='ltr'><strong>quin</strong></span> <span class='ocrx_word' id='word_1_751' title='bbox 2288 5179 2346 5232; x_wconf 92' lang='lat' dir='ltr'><strong>in</strong></span> <span class='ocrx_word' id='word_1_752' title='bbox 2370 5183 2652 5232; x_wconf 60' lang='lat' dir='ltr'><strong>aeternum</strong></span> <span class='ocrx_word' id='word_1_753' title='bbox 2687 5175 2799 5230; x_wconf 87' lang='lat' dir='ltr'><strong>frui</strong></span> <span class='ocrx_word' id='word_1_754' title='bbox 2822 5175 3127 5240; x_wconf 89' lang='lat' dir='ltr'><strong>desiderat,</strong></span> <span class='ocrx_word' id='word_1_755' title='bbox 3161 5173 3230 5228; x_wconf 92' lang='lat' dir='ltr'><strong>de</strong></span> <span class='ocrx_word' id='word_1_756' title='bbox 3272 5190 3385 5245; x_wconf 88' lang='lat' dir='ltr'><strong>quo</strong></span> <span class='ocrx_word' id='word_1_757' title='bbox 3419 5174 3632 5227; x_wconf 90' lang='lat' dir='ltr'><strong>dicitur</strong></span> <span class='ocrx_word' id='word_1_758' title='bbox 3660 5193 3678 5228; x_wconf 90' lang='lat'><strong><em>:</em></strong></span> 
     </span>
    </p>
   </div>
   <div class='ocr_carea' id='block_1_107' title="bbox 2200 5280 3828 5341">
    <p class='ocr_par' dir='ltr' id='par_1_107' title="bbox 2200 5280 3828 5341">
     <span class='ocr_line' id='line_1_107' title="bbox 2200 5280 3828 5341; baseline -0.004 0"><span class='ocrx_word' id='word_1_759' title='bbox 2200 5286 2376 5341; x_wconf 75' lang='lat' dir='ltr'><strong>Vens.</strong></span> <span class='ocrx_word' id='word_1_760' title='bbox 2444 5286 2528 5338; x_wconf 85' lang='lat' dir='ltr'><strong>t2.</strong></span> <span class='ocrx_word' id='word_1_761' title='bbox 2577 5313 2648 5323; x_wconf 92' lang='lat'><strong><em>—</em></strong></span> <span class='ocrx_word' id='word_1_762' title='bbox 2713 5284 2891 5338; x_wconf 89' lang='lat' dir='ltr'><strong>Timor</strong></span> <span class='ocrx_word' id='word_1_763' title='bbox 2952 5282 3164 5336; x_wconf 87' lang='lat' dir='ltr'><strong>Domini</strong></span> <span class='ocrx_word' id='word_1_764' title='bbox 3213 5280 3498 5334; x_wconf 84' lang='lat' dir='ltr'><strong>delectabit</strong></span> <span class='ocrx_word' id='word_1_765' title='bbox 3539 5295 3651 5334; x_wconf 89' lang='lat' dir='ltr'><strong>cor.</strong></span> <span class='ocrx_word' id='word_1_766' title='bbox 3704 5280 3828 5336; x_wconf 90' lang='lat' dir='ltr'><strong>Illic</strong></span> 
     </span>
    </p>
   </div>
   <div class='ocr_carea' id='block_1_108' title="bbox 2129 5367 3826 5436">
    <p class='ocr_par' dir='ltr' id='par_1_108' title="bbox 2129 5367 3826 5436">
     <span class='ocr_line' id='line_1_108' title="bbox 2129 5367 3826 5436; baseline -0.002 -8"><span class='ocrx_word' id='word_1_767' title='bbox 2129 5373 2467 5429; x_wconf 91' lang='lat' dir='ltr'><strong>suavitatem</strong></span> <span class='ocrx_word' id='word_1_768' title='bbox 2495 5371 2697 5426; x_wconf 88' lang='lat' dir='ltr'><strong>tribuit</strong></span> <span class='ocrx_word' id='word_1_769' title='bbox 2724 5371 3034 5436; x_wconf 89' lang='lat' dir='ltr'><strong>iuternam,</strong></span> <span class='ocrx_word' id='word_1_770' title='bbox 3064 5374 3121 5423; x_wconf 91' lang='lat' dir='ltr'><strong>et</strong></span> <span class='ocrx_word' id='word_1_771' title='bbox 3149 5369 3211 5423; x_wconf 92' lang='lat' dir='ltr'><strong>in</strong></span> <span class='ocrx_word' id='word_1_772' title='bbox 3233 5368 3426 5423; x_wconf 90' lang='lat' dir='ltr'><strong>futuro</strong></span> <span class='ocrx_word' id='word_1_773' title='bbox 3451 5367 3626 5423; x_wconf 88' lang='lat' dir='ltr'><strong>vitam</strong></span> <span class='ocrx_word' id='word_1_774' title='bbox 3658 5375 3826 5424; x_wconf 70' lang='lat' dir='ltr'><strong>mter-</strong></span> 
     </span>
    </p>
   </div>
   <div class='ocr_carea' id='block_1_109' title="bbox 2125 5479 3827 5618">
    <p class='ocr_par' dir='ltr' id='par_1_109' title="bbox 2125 5479 3827 5618">
     <span class='ocr_line' id='line_1_109' title="bbox 2125 5479 3827 5618; baseline -0.004 -10"><span class='ocrx_word' id='word_1_775' title='bbox 2125 5479 2371 5610; x_wconf 48' lang='grc' dir='ltr'><strong>Μΐέιιδ.</strong></span> <span class='ocrx_word' id='word_1_776' title='bbox 2406 5552 2489 5606; x_wconf 74' lang='grc'><strong>14.</strong></span> <span class='ocrx_word' id='word_1_777' title='bbox 2523 5580 2592 5592; x_wconf 90' lang='grc'><strong><em>-</em></strong></span> <span class='ocrx_word' id='word_1_778' title='bbox 2624 5550 2876 5618; x_wconf 68' lang='grc' dir='ltr'><strong>Πειραιέα,</strong></span> <span class='ocrx_word' id='word_1_779' title='bbox 2907 5551 3012 5603; x_wconf 89' lang='lat' dir='ltr'><strong>etc.</strong></span> <span class='ocrx_word' id='word_1_780' title='bbox 3054 5548 3243 5617; x_wconf 74' lang='grc' dir='ltr'><strong>(ΗΑΒ.)</strong></span> <span class='ocrx_word' id='word_1_781' title='bbox 3268 5545 3526 5602; x_wconf 85' lang='lat' dir='ltr'><strong>Charitas</strong></span> <span class='ocrx_word' id='word_1_782' title='bbox 3557 5547 3661 5601; x_wconf 87' lang='lat' dir='ltr'><strong>Dei</strong></span> <span class='ocrx_word' id='word_1_783' title='bbox 3689 5564 3827 5602; x_wconf 82' lang='lat' dir='ltr'><strong>vera</strong></span> 
     </span>
    </p>
   </div>
  </div>
