4018 6176
230 292 370 346 1185
1364 291 1614 348 GLOSSA
1653 291 2029 348 ORDINARIA
2071 323 2139 331 —-
2178 294 2305 347 LIB.
2349 292 2582 350 ECCLI.
3603 305 3737 356 H86

222 424 312 472 est
343 416 645 488 sapientia,
675 421 805 478 etc..
827 432 994 486 usque
1018 417 1093 470 ad
1112 416 1234 488 ipsa
1249 416 1307 471 in
1325 416 1517 471 futuro
1542 418 1925 472 remuneratio
1954 420 2001 472 A
2040 421 2213 472 calori
2265 423 2442 473 autem
2498 419 2648 474 dedit
2702 422 3052 488 afflictionem
3104 427 3155 478 et
3194 438 3379 478 curam
3412 428 3740 495 superﬂuam
3776 390 3791 411 Ι

222 507 335 560 erit
368 527 383 573 ;
416 506 605 560 unde:
669 506 1009 575 Adimplebis
1065 523 1147 560 me
1194 508 1385 560 laetitia
1430 523 1547 561 cum
1597 508 1746 561 vultu
1813 512 1923 574 tuo,
2036 507 2233 578 (Eccle.
2268 507 2352 576 ιι).

220 594 603 649 delectationes
634 598 691 648 in
713 596 935 648 dextera
968 602 1063 650 tua
1094 595 1259 665 (Psal.
1295 594 1407 663 xv),
1442 602 1546 649 etc.
2104 597 2265 651 Vens.
2312 599 2400 651 36.
2461 628 2521 636 —
2582 599 2798 666 Duplici
2844 599 3021 653 corde.
3103 600 3195 654 Vir
3263 601 3472 672 duplex
3526 603 3741 671 animo,

299 686 462 738 Vens.
518 687 598 737 l7.
660 713 721 723 —
760 687 942 738 Timor
989 686 1225 738 Domini.
1276 683 1407 738 Sine
1458 683 1662 737 timore
1700 683 1820 752 Dei,
1870 688 1928 738 et
2034 683 2365 739 inconstans
2391 691 2476 739 est
2514 685 2572 738 in
2630 686 2897 739 omnibus
2928 687 3032 740 viis
3062 692 3195 755 suis,
3240 691 3339 760 qui
3372 692 3585 747 scilicet
3614 693 3737 747 vult

220 773 625 828 observatione
683 773 1085 826 mandatorum
1140 772 1282 841 ejus,
1344 772 1502 826 nulla
1560 771 1766 842 religio
1801 777 1926 839 est;
2036 773 2283 843 gaudere
2315 790 2444 827 cum
2476 774 2683 827 smculo
2714 779 2768 827 et
2799 791 3037 845 regnare
3083 792 3209 829 cum
3243 778 3486 833 Christo.

225 861 379 915 unde
411 862 515 916 :Si
546 862 668 928 quis
693 863 853 929 putat
905 875 960 913 se
990 861 1302 927 religiosum
1333 874 1462 927 esse,
1492 875 1598 913 non
1643 861 1927 926 refrenans
2108 864 2270 916 Vens.
2330 866 2416 918 37.
2475 893 2543 904 —
2572 866 2891 932 Hypocrita.
2927 865 3097 917 Aliud
3155 866 3325 919 corde
3380 873 3632 936 gestans,
3685 872 3745 923 et

223 951 477 1017 linguam
507 964 680 1012 suam,
726 948 820 1003 sed
847 948 1101 1003 seducens
1131 964 1220 1003 cor
1263 963 1450 1015 unum,
1486 949 1650 1017 hujus
1680 964 1823 1001 vana
1852 952 1930 1002 est
2036 949 2188 1004 aliud
2269 967 2439 1022 opere
2492 959 2832 1006 monstrans.
2897 954 3089 1006 Unde:
3152 954 3435 1009 Attendite
3487 972 3522 1009 a
3577 958 3741 1022 falsis

219 1038 582 1107 religio(.lac.
621 1039 682 1107 ι).
2029 1040 2333 1108 prophetis,
2383 1042 2480 1109 qui
2528 1043 2745 1095 veniunt
2796 1040 2870 1094 ad
2916 1057 3007 1096 vos
3058 1043 3117 1096 in
3172 1046 3504 1098 vestimentis
3562 1047 3741 1099 ovium

296 1128 463 1179 Vens.
520 1128 612 1181 19.
687 1153 745 1165 -
796 1126 1028 1178 Timenti
1075 1126 1378 1179 Dominum.
1433 1124 1540 1189 Qui
1585 1124 1799 1178 scilicet
1855 1124 1928 1178 ti-
2037 1127 2253 1198 (Matth.
2280 1128 2395 1199 vn).

220 1231 385 1270 more
412 1214 511 1268 Dei
565 1214 622 1267 in
654 1212 764 1267 ﬁde
798 1218 853 1267 et
897 1212 1158 1267 doctrina
1210 1217 1268 1267 et
1307 1214 1637 1285 operatione
1666 1213 1925 1285 regulam
2107 1217 2273 1271 Vens.
2310 1219 2396 1271 38.
2452 1248 2521 1256 —
2552 1217 2783 1272 Attende
2812 1219 2868 1271 in
2898 1219 3029 1283 illis,
3082 1222 3186 1273 etc.
3241 1219 3599 1274 Manifestum
3633 1226 3742 1285 est,

214 1302 461 1376 justitiaa
498 1307 704 1357 servat.
2037 1301 2188 1372 quod
2247 1302 2345 1373 qui
2391 1303 2651 1373 sequitur
2716 1305 3030 1370 hmreticos,
3092 1305 3465 1376 animaajsuae
3496 1307 3743 1377 acquirit

294 1393 462 1446 Vens.
522 1394 589 1446 23
641 1420 713 1431 —
759 1392 831 1445 Et
880 1389 1041 1443 vidit.
1076 1389 1279 1460 gmw.)
1334 1391 1400 1445 In
1449 1394 1755 1462 conspectu
1806 1390 1930 1460 ejus
2039 1390 2491 1457 damnationem,
2542 1391 2677 1462 quia
2708 1392 2765 1446 in
2808 1393 3024 1463 judicio
3079 1394 3484 1447 revelabuntur
3512 1396 3733 1449 occulta

223 1486 362 1535 sunt
391 1479 606 1547 omnia,
640 1478 954 1551 unicuique
1007 1484 1306 1534 conservat
1331 1480 1564 1551 dignam
1598 1479 1928 1534 retributio-
2038 1480 2320 1547 cordium,
2373 1484 2429 1533 et
2499 1480 2764 1534 reddetur
2818 1481 3128 1552 unicuique
3186 1482 3499 1535 secundum
3559 1498 3737 1552 opera

225 1584 384 1622 nem.
2040 1584 2162 1633 sua,
2199 1568 2477 1637 Disperdet
2530 1570 2672 1622 enim
2724 1573 2855 1623 Deus
2912 1585 3088 1624 omnes
3117 1573 3213 1638 qui
3261 1572 3555 1639 loquuntur
3600 1588 3744 1624 men-

300 1657 460 1710 Veas.
490 1658 580 1709 25.
617 1684 690 1696 —
715 1656 889 1710 Rami.
944 1656 1051 1707 Per
1081 1653 1439 1724 sapientiam,
1474 1654 1722 1709 divinam
1762 1655 1931 1709 habet
1959 1703 1999 1756 Β
2040 1657 2257 1711 decium
2314 1657 2480 1725 (Psal.
2517 1658 2654 1727 LXI).
2697 1657 2803 1721 Qui
2869 1657 3234 1711 abominetur
3284 1660 3466 1713 virum
3502 1659 3740 1729 sangui-

226 1745 404 1799 homo
440 1744 733 1798 scientiam
790 1743 1008 1797 vitandi
1062 1744 1299 1807 malum,
1349 1749 1406 1797 et
1451 1744 1805 1798 intellectum
1838 1744 1927 1797 fa-
1962 1743 1999 1756 "
2041 1761 2179 1798 num
2207 1749 2263 1798 et
2307 1744 2603 1811 dolosum;
2661 1744 2841 1799 unde:
2892 1746 3236 1799 Attenditea
3264 1746 3545 1799 fermento
3595 1749 3741 1800 Pha-

228 1833 686 1899 ricndibonum,
742 1836 1048 1903 utrumque
1099 1832 1249 1886 enim
1303 1832 1359 1886 in
1382 1833 1637 1887 auditore
1660 1838 1930 1903 operatur
2038 1833 2359 1897 rismorum,
2419 1834 2570 1904 quod
2630 1837 2715 1887 est
2740 1833 3086 1904 (hypocrisis.
3123 1836 3186 1888 Et
3228 1834 3397 1888 alibi:
3433 1838 3616 1889 Veniet
3650 1839 3742 1889 Do-

225 1923 288 1976 in
340 1920 487 1983 ﬁne;
526 1923 679 1975 unde
710 1920 879 1991 :]Qui
932 1921 1092 1975 audit
1142 1937 1243 1988 me,
1294 1936 1400 1975 non
1446 1922 1825 1988 confundetur,
1879 1926 1929 1974 et
2037 1923 2216 1976 minus
2262 1924 2406 1975 servi
2467 1924 2640 1987 illius,
2691 1928 2741 1977 et
2793 1922 3001 1976 dividet
3049 1938 3205 1981 eum:
3266 1929 3581 1993 partemque
3626 1926 3744 1992 ejus

224 2014 325 2078 qui
374 2015 672 2079 Operantur
701 2011 756 2063 in
806 2026 906 2076 me,
961 2026 1067 2064 non
1124 2011 1438 2079 peccubunt.
1490 2011 1597 2077 Qui
1653 2010 1929 2065 elucidant
2032 2015 2194 2081 ponet
2232 2026 2358 2065 cum
2398 2011 2720 2081 hypocrilis,
2754 2012 2835 2065 ibi
2861 2014 2963 2065 erit
2992 2015 3146 2079 ﬂetus
3176 2017 3229 2065 et
3266 2012 3471 2067 stridor
3501 2013 3740 2067 dentium

224 2112 329 2162 me,
362 2100 531 2150 vitam
587 2102 844 2151 aeternam
900 2097 1171 2151 habebunt
1218 2099 1412 2167 (Eccli.
1470 2102 1642 2165 XXIV).
1704 2100 1929 2152 Initium
2038 2100 2260 2169 (Matth.
2304 2101 2456 2167 xxiv)

222 2187 526 2254 sapientiae,
595 2188 755 2239 timor
808 2187 1040 2239 Domini.
1108 2187 1413 2240 Intellectus
1465 2186 1630 2241 bonus
1677 2186 1925 2241 omnibus
2702 2169 2928 2223 CAPUT
2979 2170 3049 2224 ῙῙο

225 2274 558 2340 facientibus
597 2290 715 2328 eum
746 2275 913 2340 (Psal.
950 2279 1057 2339 cx).
2108 2276 2265 2330 Vens.
2318 2278 2368 2329 l.
2409 2305 2478 2315 —
2534 2278 2641 2330 Fili
2695 2276 2968 2342 accedens,
3024 2281 3128 2331 etc.
3166 2278 3586 2333 Demonstravit
3607 2278 3744 2350 quid

310 2363 465 2417 Vens.
497 2364 585 2416 26.
638 2393 709 2402 —
772 2364 836 2417 ιη
898 2364 1187 2417 thesauris.
1248 2363 1311 2416 In
1364 2363 1504 2435 legis
1562 2364 1928 2419 meditatione
2037 2363 2113 2418 sit
2151 2363 2471 2427 vitandum,
2532 2380 2686 2419 nunc
2740 2365 3096 2419 demonstrat
3144 2365 3284 2436 quid
3315 2365 3385 2419 sit
3426 2368 3739 2436 agendum,

229 2456 544 2521 utrumque
592 2450 932 2517 declaratur,
965 2451 1250 2521 quomodo
1280 2451 1491 2505 scilicet
1523 2452 1750 2506 vitanda
1798 2458 1931 2507 sunt
2037 2452 2265 2507 dicens:
2324 2454 2450 2520 Fili,
2484 2453 2736 2507 accedens
2780 2453 2854 2507 ad
2882 2456 3192 2507 servitutem
3222 2455 3320 2506 Dei
3347 2459 3433 2507 sta
3486 2457 3544 2507 in
3566 2455 3742 2523 justi-

233 2541 407 2605 mala,
442 2545 495 2594 et
525 2539 815 2611 quomodo
871 2540 1138 2594 discenda
1195 2540 1510 2609 spiritualis
1541 2542 1840 2612 sapientia,
1874 2547 1931 2596 et
2038 2544 2117 2595 tia
2146 2547 2197 2595 et
2226 2544 2431 2596 timore.
2487 2541 2595 2605 Qui
2656 2540 2808 2594 enim
2854 2542 2974 2595 vult
3019 2542 3089 2594 ab
3138 2541 3420 2595 illecebris
3456 2543 3654 2598 mundi
3684 2561 3742 2597 se

230 2629 547 2683 exercenda
579 2630 729 2682 bona
784 2645 973 2699 opera,
1029 2628 1088 2682 in
1148 2628 1357 2699 quibus
1407 2636 1493 2683 est
1520 2630 1723 2700 religio
1774 2646 1924 2683 vera.
2041 2631 2346 2693 abstinere,
2399 2634 2456 2683 et
2512 2630 2571 2683 in
2629 2630 2848 2683 Christo
2880 2630 2972 2699 pie
3032 2630 3237 2695 vivere,
3286 2631 3738 2700 persecutionem

230 2720 528 2786 Sapientia
576 2718 895 2771 intellectus.
954 2718 1089 2782 Quae
1126 2717 1390 2787 prohibet
1420 2723 1664 2788 peccata,
1722 2724 1779 2773 et
1808 2735 1930 2773 car-
2038 2719 2273 2788 patitur.
2310 2720 2457 2773 Dum
2506 2719 2660 2772 enim
2691 2718 2908 2789 accingi
2940 2718 3132 2772 divino
3172 2719 3403 2773 servitio
3436 2726 3747 2791 prmparat,

231 2807 386 2860 nalia
408 2806 731 2871 desideria;
763 2807 945 2859 unde:
980 2808 1099 2861 Non
1125 2812 1274 2861 amat
1310 2808 1570 2875 pestilens
1605 2823 1723 2861 eum
1754 2809 1934 2876 quise
2040 2807 2255 2861 bellum
2303 2806 2515 2862 diaboli
2558 2813 2753 2860 contra
2796 2823 2854 2859 se
2887 2807 3112 2873 excitat,
3156 2812 3212 2860 et
3258 2807 3396 2862 dum
3449 2809 3560 2862 alia
3610 2810 3748 2864 vitia

231 2898 460 2962 corrigit
482 2910 574 2949 nec
592 2894 665 2947 ad
694 2897 959 2963 sapientes
988 2894 1441 2964 graditur(Prov.
1478 2896 1586 2963 xv).
2043 2895 2255 2959 subdit,
2304 2894 2431 2949 aliis
2485 2894 2820 2960 reluctatur,
2847 2898 2902 2947 et
2932 2894 3123 2948 divina
3169 2894 3591 2966 dispensatione
3625 2898 3748 2968 agi-

306 2985 585 3039 Veas.27.
643 3014 712 3023 —-
774 2986 976 3050 Timor,
1028 2989 1133 3038 etc.
1184 2983 1328 3049 Quia
1379 3000 1483 3054 per
1532 2983 1930 3055 paenitentiam
1964 2987 2004 3041 C
2041 2988 2158 3052 tur,
2213 2986 2275 3036 ut
2320 2986 2552 3053 superet
2607 2987 2664 3036 et
2726 2988 3046 3052 superetur,
3109 2998 3178 3036 ne
3271 2984 3592 3039 extollatur.
3641 2984 3749 3039 Sed

233 3074 475 3129 mundat
525 3089 559 3127 a
607 3072 910 3143 praeteritis
961 3073 1227 3143 peccatis,
1285 3076 1370 3126 vel
1420 3073 1744 3143 prohibete
1775 3089 1930 3127 com-
2043 3072 2177 3143 quia
2206 3070 2499 3125 humilitas
2556 3074 2611 3123 et
2664 3070 2938 3141 patientia
2996 3071 3076 3124 illi
3133 3071 3450 3125 necessaria
3506 3077 3608 3139 est,
3653 3090 3747 3128 se-

234 3160 548 3216 mittendis.
582 3161 726 3225 Quia
768 3160 867 3232 qui
898 3177 1000 3232 per
1027 3160 1295 3214 timorem
1330 3161 1429 3215 Dei
1475 3176 1597 3215 esse
1638 3177 1749 3215 non
1803 3178 1931 3215 cor-
2043 3158 2257 3230 quitur,
2285 3160 2531 3227 Deprime
2557 3174 2647 3212 cor
2678 3163 2825 3213 tuum
2851 3164 2902 3213 et
2930 3162 3153 3219 sustine.
3190 3165 3299 3214 etc.

233 3251 391 3321 rigit,
421 3250 479 3304 in
502 3249 717 3321 peccati
740 3250 1073 3321 voraginem
1097 3250 1265 3303 cadit.
2112 3248 2274 3301 Vens.
2313 3247 2366 3300 4.
2401 3277 2467 3287 —-
2516 3245 2845 3321 Pqtientiam
2902 3248 3054 3302 habe.
3114 3248 3325 3312 Quasi:
3363 3252 3427 3304 In
3477 3252 3751 3319 patientia

306 3262 1073 3321 git,1npeccat1vorag1nem
1097 3262 1265 3303 cadit.
2119 3262 2274 3301 Vens.
2313 3262 2366 3300 ιε.
2401 3277 2467 3287 —-
2516 3262 2558 3301 ι’
2598 3262 2845 3301 nentiam
2902 3262 3054 3302 naoe.
3114 3262 3325 3312 Quasi:
3363 3262 3427 3304 ιη
3477 3262 3751 3319 patientia

306 3340 479 3393 Vens.
544 3339 631 3391 30.
682 3368 750 3377 —
802 3340 980 3393 Bonus
1036 3354 1243 3394 sensus.
1306 3338 1464 3393 Unde
1497 3338 1554 3392 in
1588 3337 1928 3403 Proverbiis,
2041 3341 2224 3390 vestra
2278 3262 2622 3405 possidebigs
2678 3338 2892 3391 animas
2940 3343 3149 3392 vestras
3202 3337 3356 3405 (Luc.
3409 3340 3543 3410 xxx),
3615 3340 3751 3410 quia

234 3428 408 3483 Labia
428 3428 753 3495 sapientium
783 3427 1092 3481 custodiunt
1118 3443 1203 3482 eos
1253 3428 1442 3493 (Prov.
1482 3430 1613 3498 XIV).
1665 3428 1734 3482 Et
1756 3427 1929 3482 alibi:
2044 3424 2256 3478 scilicet
2300 3424 2460 3478 radix
2491 3430 2549 3478 et
2598 3428 2786 3479 custos
2840 3426 3098 3479 omnium
3140 3425 3416 3480 virtutum
3471 3427 3751 3497 patientia

237 3518 468 3571 Astutus
517 3518 697 3569 omnia
735 3519 854 3583 agit
902 3532 1021 3570 cum
1071 3518 1321 3571 consilio:
1368 3520 1466 3585 qui
1510 3522 1688 3570 autem
1742 3520 1934 3583 fatuus
2046 3519 2148 3569 est.
2201 3514 2505 3568 Sciendum
2558 3520 2750 3568 autem
2829 3521 2932 3577 est,
2993 3515 3147 3584 quod
3217 3516 3493 3585 patientia
3561 3516 3745 3571 tribus

236 3610 319 3659 est
367 3607 581 3674 aperuit
642 3604 937 3660 stultitiam
1009 3604 1178 3675 (Ibid.
1232 3605 1399 3674 xxxi).
1460 3604 1746 3675 Sapientis
1800 3621 1937 3675 ergo
2045 3604 2230 3658 modis
2286 3608 2594 3658 exercetur.
2645 3606 2690 3656 A
2726 3605 2837 3657 Deo
2876 3602 3030 3657 enim
3076 3603 3456 3674 ﬂagellamur,
3519 3605 3613 3659 sed
3656 3622 3749 3660 ca-

240 3694 490 3749 hominis
520 3698 605 3747 est
636 3693 807 3747 verba
826 3699 1039 3757 tenere,
1074 3694 1339 3747 etomnia
1366 3693 1616 3747 modeste
1638 3710 1932 3765 peragere.
2048 3692 2293 3746 vendum
2339 3696 2423 3745 est
2452 3708 2523 3744 ne
2570 3707 3041 3757 murmuremus;
3084 3708 3116 3744 a
3171 3691 3429 3761 proximo
3484 3710 3747 3763 persecu-

238 3783 592 3838 Enarrabunt
649 3797 879 3836 sensum.
938 3782 1372 3851 Equanimiter,
1455 3796 1569 3835 non
1628 3783 1781 3835 mala
1830 3798 1933 3853 pro
2044 3781 2247 3846 tiones,
2316 3785 2371 3833 et
2421 3780 2650 3845 damna,
2708 3784 2765 3833 et
2824 3780 3196 3833 contumelias
3264 3781 3633 3849 sustinemus,
3694 3789 3751 3838 et

238 3872 427 3937 malis,
452 3871 547 3925 sed
580 3871 727 3925 bona
754 3886 857 3941 pro
887 3869 1055 3923 bonis
1087 3871 1364 3923 tribuens.
2045 3869 2359 3923 cavendum
2414 3872 2498 3921 est
2552 3884 2623 3921 ne
2678 3868 2827 3921 mala
2889 3883 2993 3938 pro
3055 3867 3219 3919 malis
3268 3869 3626 3937 tribuamus;
3675 3872 3747 3926 ab

311 3960 473 4014 Vens.
513 3962 599 4015 33.
654 3987 722 3999 —
778 3959 911 4024 Fili,
970 3961 1343 4028 concupiscens
1392 3960 1741 4027 sapientium.
1783 3958 1933 4022 Qua-
2046 3957 2370 4011 adversario
2401 3960 2709 4022 tentamur,
2770 3955 2865 4008 sed
2908 3954 3376 4025 prospiciendum
3423 3963 3507 4011 est
3560 3974 3632 4012 ne
3678 3960 3747 4013 ad

236 4048 370 4103 liter
415 4048 484 4102 ad
534 4047 873 4119 sapientiam
913 4046 1231 4118 pervenias,
1265 4048 1386 4118 ipsa
1442 4046 1722 4117 sapientia
1770 4062 1934 4099 mon-
2045 4044 2479 4099 delectationem
2516 4042 2729 4113 peccati
2773 4042 2858 4095 vel
2892 4057 3231 4095 consensum
3294 4042 3611 4113 flcctamur,
3660 4048 3745 4100 vel

236 4141 398 4202 strat,
462 4137 595 4208 quia
661 4137 782 4190 sine
836 4136 1206 4190 conversione
1256 4134 1514 4207 justitiee,
1572 4150 1739 4189 nemo
1800 4150 1936 4205 per-
2045 4150 2149 4205 pro
2198 4132 2285 4186 his
2336 4131 2644 4203 praesentia
2692 4145 3038 4201 qumramus,
3116 4131 3212 4185 sed
3280 4132 3474 4186 futura
3546 4150 3744 4205 exspe-

236 4225 396 4280 venit
424 4225 491 4279 ad
520 4226 745 4279 culmen
777 4224 1091 4295 sapientiae,
1130 4224 1276 4278 unde
1331 4225 1603 4279 Jacobus:
1660 4225 1795 4289 Quis
1842 4239 1932 4278 sa-
1964 4271 2005 4324 Β
2048 4227 2286 4276 ctemus.

230 4317 411 4384 piens,
480 4313 687 4385 inquit,
744 4318 795 4367 et
868 4313 1251 4383 disciplinatus
1304 4315 1445 4367 inter
1500 4318 1629 4367 vos?
1688 4306 2005 4367 ostendat”
2115 4312 2276 4365 Vens.
2327 4313 2378 4363 6.
2444 4338 2513 4350 —
2565 4306 2740 4362 Crede
2786 4310 2889 4362 Deo
2935 4314 2984 4362 et
3023 4309 3365 4378 recuperabit
3432 4315 3498 4364 te.
3563 4312 3745 4381 (ΗΑΒ.)

235 4405 687 4457 conversationem
765 4402 955 4455 bonam
1026 4404 1083 4455 in
1156 4402 1567 4456 mansuetudine
1652 4403 1935 4471 sapientiae
2048 4400 2287 4454 Credere
2314 4402 2539 4469 oportet
2578 4397 2872 4464 afflictum,
2898 4401 2953 4449 et
2982 4397 3227 4467 dirigere
3254 4414 3478 4467 gressus
3507 4415 3747 4469 operum

238 4493 373 4563 (Jac.
403 4491 502 4560 ιιι).
2045 4488 2103 4541 in
2130 4488 2229 4542 Dei
2275 4492 2667 4556 conspectum,
2719 4493 2774 4539 et
2826 4502 3052 4555 sperare
3080 4485 3138 4538 in
3181 4484 3375 4550 illum;
3413 4486 3594 4540 unde:
3634 4488 3749 4540 Rc-

314 4582 476 4634 Veas.
512 4580 577 4633 34-
626 4609 695 4620 -
756 4580 1041 4649 Sapientia
1090 4582 1231 4634 enim
1286 4584 1336 4633 et
1404 4578 1717 4648 disciplina.
1754 4578 1929 4648 (Ras).
2043 4578 2162 4631 vela
2193 4578 2413 4631 Domino
2453 4577 2599 4629 viam
2631 4580 2797 4641 tuam,
2832 4578 2881 4627 et
2930 4587 3089 4641 spera
3118 4575 3176 4626 in
3216 4588 3291 4639 eo,
3323 4576 3374 4627 et
3414 4576 3530 4644 ipse
3556 4577 3744 4642 faciet.

238 4670 403 4725 Sicut
458 4685 606 4738 smpe
654 4668 869 4722 dictum
927 4674 1030 4738 est,
1094 4671 1275 4722 Timor
1303 4670 1520 4723 Domini
1565 4671 1848 4736 sapientiae
1884 4673 1935 4721 et
2044 4660 2205 4729 (Psal.
2243 4666 2448 4724 xxxvi).
2509 4664 2649 4717 Hinc
2700 4663 2971 4718 Jeremias
3000 4662 3120 4715 ait:
3160 4664 3352 4717 Beatus
3404 4666 3501 4732 qui
3530 4666 3752 4733 conﬁdit

238 4757 545 4826 disciplinae
600 4757 847 4811 custodia
901 4762 980 4811 est
1047 4758 1221 4827 (Prov.
1298 4761 1437 4826 xm),
1510 4757 1599 4810 cui
1674 4755 1935 4810 convenit
2042 4757 2102 4808 in
2132 4757 2379 4820 Domino,
2405 4756 2457 4807 et
2509 4755 2613 4807 erit
2665 4755 2801 4805 Deus
2831 4751 3034 4819 ﬁducia
3089 4752 3206 4819 ejus
3255 4754 3382 4818 (Jer.
3428 4754 3585 4824 xvn),
3638 4761 3745 4808 etc.

238 4846 384 4900 ﬁdes
432 4850 605 4914 recta,
662 4850 717 4899 et
774 4862 996 4899 morum
1040 4846 1437 4916 temperantia,
1481 4845 1616 4917 quia
1668 4845 1787 4898 sine
1825 4844 1934 4898 lide
2116 4844 2279 4897 Vnus.
2335 4846 2395 4897 ’7.
2438 4872 2505 4881 -
2555 4843 2841 4895 Metuentes
2901 4839 3213 4905 Dominum,
3268 4846 3373 4894 etc.
3434 4843 3743 4911 Beneplaci-

236 4934 593 5003 impossibile
621 4940 705 4988 est
733 4936 955 5006 placere
983 4936 1119 5001 Deo,
1153 4939 1210 4987 et
1232 4933 1534 5003 (bonorum
1565 4932 1678 4987 vita
1708 4949 1935 5002 semper
2042 4932 2155 4983 tum
2184 4935 2262 4983 est
2295 4932 2514 4983 Domino
2559 4944 2727 4999 super
2780 4930 3021 4983 timentes
3054 4945 3192 4995 eum,
3223 4934 3273 4983 et
3302 4931 3361 4983 in
3391 4932 3467 4983 eis
3495 4934 3591 4998 qui
3617 4947 3746 5001 spe-

235 5022 549 5093 tranquilla
578 5027 703 5089 est;
776 5023 926 5077 unde
958 5024 1013 5076 in
1061 5022 1353 5077 Matthazo:
1390 5022 1584 5077 Discite
1612 5039 1646 5075 a
1677 5038 1777 5088 me,
1804 5024 1934 5089 quia
2040 5023 2169 5073 rant
2194 5034 2354 5088 super
2410 5017 2781 5072 misericordia
2838 5017 2955 5085 ejus
2984 5017 3160 5088 (Psal.
3202 5020 3398 5087 CXLVI).
3451 5019 3557 5083 Qui
3591 5022 3745 5075 enim

235 5113 388 5165 mitis
417 5127 534 5165 sum
564 5116 611 5166 et
661 5112 879 5166 humilis
929 5112 1109 5177 corde,
1154 5117 1203 5165 et
1232 5114 1511 5166 invenietis
1543 5113 1779 5179 requiem
1809 5112 1931 5162 ani-
2041 5108 2318 5161 veraciter
2364 5107 2620 5173 metuit,
2662 5106 2950 5176 patienter
3005 5108 3245 5161 sustinet
3315 5107 3743 5183 miserationem

235 5201 431 5255 mabus
488 5202 681 5255 vestris
744 5200 967 5269 (Matth.
1028 5207 1123 5267 ιιι).
1185 5200 1292 5264 Qui
1369 5199 1522 5254 euim
1578 5214 1710 5252 vere
1770 5198 1934 5251 timet
2043 5196 2199 5265 ejus:
2268 5195 2373 5261 Qui
2428 5201 2604 5249 autem
2662 5194 3047 5264 dereliquerint
3098 5196 3287 5263 Deum,
3347 5196 3746 5263 confundentur

240 5290 446 5355 Deum,
481 5304 595 5341 non
626 5292 817 5358 potest
846 5305 967 5342 esse
1017 5289 1140 5363 sine
1184 5289 1315 5355 ﬁde,
1351 5293 1407 5343 et
1452 5287 1719 5359 Operibus
1748 5287 1930 5353 bonis,
2043 5288 2177 5343 etin
2207 5289 2353 5340 terra
2375 5286 2679 5340 scribentur
2704 5285 2846 5355 (Jer.
2880 5286 3040 5357 xvu).

238 5392 373 5449 qua:
429 5377 651 5446 replent
691 5376 986 5430 hominem
1030 5377 1354 5443 virtutibus,
1406 5380 1463 5432 et
1516 5378 1629 5430 Deo
1676 5381 1933 5445 accepta-
2118 5376 2274 5428 Vens.
2327 5376 2378 5428 8.
2434 5402 2506 5414 —
2580 5375 2687 5439 Qui
2746 5376 2943 5427 timetis
3009 5376 3315 5441 Dominum,
3381 5374 3583 5432 credite
3638 5378 3742 5431 illi.

237 5466 413 5521 bilem
464 5464 704 5521 faciunt.
767 5465 962 5519 Unde:
998 5465 1232 5520 Homini
1264 5466 1397 5519 bono
1426 5467 1485 5519 in
1531 5468 1810 5533 conspectu
1839 5479 1934 5519 suo
2046 5465 2316 5518 Hortatur
2360 5462 2624 5516 timentes
2673 5462 2981 5518 Dominum
3029 5468 3095 5518 ut
3122 5464 3356 5518 credant
3398 5466 3502 5533 illi,
3544 5466 3643 5538 qui
3675 5467 3745 5522 ad

238 5556 395 5611 dedit
436 5560 573 5612 Deus
621 5558 947 5624 sapientiam
1003 5562 1053 5609 et
1099 5558 1377 5611 scientiam
1408 5560 1463 5608 et
1521 5555 1781 5609 lmtitiam.
1816 5555 1935 5608 Pec-
2049 5555 2260 5605 certam
2322 5551 2641 5606 mercedem
2674 5551 3009 5623 perveniant
3037 5569 3050 5619 ;
3075 5553 3258 5608 unde:
3294 5556 3480 5611 Justus
3509 5558 3649 5611 enim
3679 5572 3747 5608 ea:
