4018 6176
345 258 474 311 1187

966 251 1358 306 1ΥΛ1ΑΗΗΙΠ
1395 247 1638 303 STltADl
1685 247 1878 301 FULD.
1923 245 2008 300 ΜΟ

2197 246 2292 300 l‘l’.
2340 247 2510 300 PARS
2551 246 2592 299 Ι.
2635 273 2700 282 -ν
2742 241 3199 298 THEOI.O('.|CA.

3722 245 3851 293 1188

336 377 441 446 fide
483 377 620 429 vivit
649 375 832 440 (Rom.
870 374 943 446 I);
1000 374 1188 428 unde:
1235 370 1482 441 Conﬁdo,
1530 371 1629 438 fili,
1681 370 2029 423 remittuntur
2059 372 2105 424 A
2141 384 2254 440 quo
2278 368 2419 423 facta
2449 371 2601 431 sunt,
2635 367 2796 438 cujus
2819 365 3124 436 judicium,
3160 366 3258 437 qui
3295 364 3562 431 audierit,
3609 371 3670 420 et
3703 380 3851 436 pra»-

338 466 441 519 tibi
465 470 686 534 peccata
733 470 828 518 tua
879 465 1087 528 (Matth.
1140 461 1235 528 1x).
1287 462 1351 515 Et
1397 459 1566 514 alibi:
1617 458 1770 513 Fides
1830 462 1924 512 tua
1983 463 2031 512 te

335 555 545 609 salvum
574 556 705 621 fecit
727 552 922 623 (Ibid,
949 552 1018 619 χ).

409 645 570 698 Vens.
607 645 657 695 6.
691 672 758 681 —
789 642 892 707 Qui
936 641 1133 694 timetis
1166 640 1466 697 Dominum,
1494 641 1705 706 sperlte
1752 639 1810 690 in
1854 635 2024 690 illum.

336 731 467 785 Tria
515 730 873 784 commendat
923 727 1258 782 timentibus
1310 728 1526 782 Deum:
1589 725 1838 790 credere,
1895 741 2029 794 spo-

337 835 482 885 rare,
509 819 784 889 diligere;
817 817 951 888 quia
982 816 1114 881 ﬁde,
1151 834 1250 888 spe
1279 821 1335 870 et
1363 813 1640 870 charitate
1673 830 1801 868 vere
1822 813 2032 867 colitur

340 907 502 971 Deus,
555 911 610 960 et
661 905 731 959 ad
781 905 1329 976 contemplationem
1379 903 1731 976 pervenitur,
1766 918 1894 974 quas
1949 906 2031 956 est

334 994 628 1048 beatitudo
661 996 892 1049 aeterna.

408 1083 566 1136 Vens.
606 1086 687 1136 ll.
741 1113 808 1121 —
859 1084 1141 1152 Respicite,
1194 1085 1300 1134 etc.
1329 1081 1460 1146 (Itan
1490 1080 1504 1149 )
1538 1080 1636 1133 Hic
1665 1095 1894 1150 quoque
1922 1078 2032 1132 tria

335 1171 487 1238 dicit,
535 1175 667 1238 etc.,
726 1187 893 1238 usque
947 1171 1022 1224 ad
1078 1171 1210 1242 quia
1261 1171 1586 1237 sacriﬁcium
1653 1172 1755 1223 Deo
1801 1169 2030 1237 spiritus

334 1260 726 1315 contribulatus
775 1261 937 1329 (Psat.
985 1260 1058 1329 L),
1115 1263 1221 1312 etc.
1260 1259 1342 1324 Et,
1396 1260 1562 1327 Prope
1587 1262 1663 1311 est
1694 1260 1831 1312 Deus
1852 1258 2026 1311 omni-

335 1349 431 1403 bus
460 1349 837 1403 invocantibus
867 1363 921 1402 se
949 1351 1005 1402 in
1032 1351 1258 1402 veritate
1285 1348 1448 1412 (Psal.
1487 1346 1683 1416 cxmv).

406 1437 564 1492 Vens.
605 1438 777 1491 14.-
831 1439 921 1491 Vae
979 1436 1188 1505 duplici
1213 1436 1388 1500 corde,
1441 1439 1551 1488 etc.
1602 1433 2030 1502 Admonuit,ne

338 1526 464 1596 quis
513 1526 726 1596 duplici
774 1527 941 1579 conte
981 1525 1272 1578 accederet
1306 1523 1373 1576 ad
1412 1524 1618 1589 Deum;
1650 1538 1800 1576 nunc
1841 1531 2030 1576 autem

336 1615 492 1680 dicit,
533 1617 621 1670 Var
673 1614 883 1683 duplici
917 1614 1074 1668 corde
1125 1620 1173 1667 et
1205 1613 1366 1666 labiis
1427 1612 1678 1666 scelestis.
1723 1610 1828 1674 Qui
1879 1611 2028 1665 enim

335 1717 509 1774 prava
540 1702 770 1772 cogitat,
805 1705 861 1755 et
892 1701 1164 1771 loquitur,
1196 1705 1250 1754 et
1275 1700 1463 1768 pravis
1502 1699 1714 1752 insistit
1741 1697 2030 1768 operibus,

339 1789 450 1843 nisi
480 1789 834 1860 paenituerit,
869 1788 925 1841 in
958 1793 1235 1841 aeternum
1261 1787 1481 1858 peribit.
1517 1787 1737 1840 Duabus
1773 1788 1878 1840 viis
1921 1791 2032 1840 ter-

339 1895 457 1933 ram
480 1877 838 1945 ingredientis
874 1876 972 1948 qui
1017 1876 1148 1929 facit
1178 1877 1344 1942 mala,
1378 1880 1434 1929 et
1464 1879 1655 1945 sperat
1715 1875 1898 1940 bona;
1922 1876 2030 1941 vel,

339 1967 437 2038 qui
467 1966 650 2020 carnis
677 1969 921 2019 sectatur
947 1981 1140 2035 opera,
1168 1969 1222 2018 et
1253 1964 1486 2035 spiritus
1525 1963 2032 2017 sanctiﬁcationem

341 2071 399 2108 se
455 2056 766 2109 arbitratur
809 2054 1083 2124 perlicere
1111 2054 1169 2107 in
1205 2054 1442 2120 timore;
1476 2053 1584 2118 vel,
1631 2051 1782 2124 quod
1819 2051 1915 2106 Dei
1949 2055 2035 2105 est

337 2159 509 2214 opere
595 2143 840 2208 exhibet,
899 2147 954 2196 et
1007 2143 1158 2214 quod
1229 2141 1430 2196 mundi
1511 2147 1615 2208 est,
1689 2140 2033 2212 cogitatione

341 2234 564 2302 quierit.
590 2233 750 2285 Tales
773 2247 906 2284 vero
942 2231 1330 2284 inconstantes
1371 2235 1504 2284 sunt
1540 2230 1600 2283 in
1637 2229 1904 2284 omnibus
1931 2229 2034 2283 viis

338 2321 472 2387 suis,
531 2319 666 2391 quia
707 2319 867 2374 facile
919 2319 974 2373 in
1015 2319 1268 2374 adversis
1320 2324 1630 2385 terrentur,
1667 2323 1722 2372 et
1743 2317 2034 2389 prosperis

339 2409 698 2464 irretiuntur.

407 2499 568 2552 Vens.
622 2500 706 2552 l5.
757 2526 824 2538 —
878 2497 1173 2552 Dissolutis
1230 2496 1405 2564 corde,
1458 2500 1564 2549 etc.
1617 2494 1798 2566 (ΗΑΒ.)
1834 2495 2031 2550 Adhuc

338 2587 500 2642 docet
547 2602 798 2641 errorem
836 2603 1051 2654 cavere,
1086 2592 1216 2656 etc.,
1250 2602 1420 2656 usque
1466 2585 1540 2640 ad
1592 2585 1702 2648 his.
1765 2583 1865 2655 qui
1919 2601 2033 2640 non

338 2676 705 2748 acquiescunt
752 2675 997 2743 veritati,
1053 2675 1295 2730 credunt
1341 2679 1532 2729 autem
1586 2673 1897 2746 iniquitati,
1949 2673 2034 2728 ira

339 2772 396 2821 et
429 2765 768 2838 indignatio,
793 2771 899 2820 etc.

408 2853 576 2908 Vens.
643 2857 728 2908 l7.
789 2856 1169 2923 -—ln5picere,
1222 2858 1330 2908 etc.
1367 2853 1523 2909 Licet
1579 2853 1738 2908 omni
1773 2861 2032 2926 tempore

2136 463 2300 528 cepta
2329 457 2449 527 ejus
2499 455 2714 520 fecerit,
2747 455 2933 509 salvus
2954 455 3099 509 erit:
3150 455 3309 525 cujus
3367 455 3710 509 mandatum
3743 460 3847 521 est,

2136 551 2198 600 ut
2223 546 2395 601 etiam
2454 545 2602 617 patri
2652 544 2976 614 temporali,
3011 549 3068 598 et
3117 544 3285 598 matri
3329 544 3654 598 reverentia
3690 543 3847 597 exhi-

2135 636 2378 702 beatur;
2412 635 2564 689 unde
2593 650 2604 688 :
2657 635 2889 689 Honora
2937 638 3152 702 patrem
3185 639 3334 686 tuum
3367 635 3545 697 (Deut.
3589 635 3673 700 ν),
3710 639 3846 698 etc.;

2137 725 2290 778 unde
2320 724 2608 796 sequitur:
2645 725 2750 794 Qui
2791 725 3019 777 honorat
3064 728 3275 792 patrem
3303 737 3479 776 suum.
3517 722 3618 776 Cui
3667 722 3845 776 Deum

2137 817 2416 870 honorem
2449 811 2758 874 constituit.
2806 828 2924 866 non
2981 811 3208 866 debeta
3269 811 3402 865 filiis
3460 810 3841 864 iuhonorari:

2136 903 2272 976 quia
2305 903 2451 957 Deus
2489 901 2708 972 judicio
2743 917 2844 956 suo
2887 901 3148 972 exquiret
3195 900 3445 972 qualiter
3484 904 3841 972 praeceptum

2136 1009 2301 1046 suum
2336 996 2608 1045 servetur.

2208 1083 2370 1136 Vens.
2405 1082 2456 1135 4.
2497 1110 2567 1121 -
2618 1080 2723 1146 Qui
2750 1079 2957 1146 diligit.
2991 1078 3099 1144 Qui
3157 1077 3370 1132 scilicet
3402 1077 3678 1131 mandata
3725 1093 3844 1130 sero

2139 1175 2250 1237 vat,
2279 1174 2336 1224 et
2364 1169 2613 1224 abstinet
2645 1185 2675 1223 a
2700 1167 2970 1240 peccatis,
3001 1173 3058 1224 et
3084 1171 3276 1222 tamen
3308 1183 3410 1238 pro
3455 1164 3850 1220 excessoribus

2139 1276 2302 1314 orare
2342 1276 2459 1314 non
2517 1258 2748 1327 desinit,
2801 1257 2937 1328 quia
2989 1257 3092 1311 scit
3120 1255 3555 1311 misericordem
3591 1255 3846 1327 judicem

2139 1348 2296 1404 omni
2326 1353 2583 1420 tempore
2615 1363 2810 1419 preces
2839 1346 3130 1402 exaudire.

2212 1439 2370 1492 Vens.
2426 1441 2476 1492 6.
2527 1468 2594 1476 —
2643 1440 2703 1492 In
2729 1438 2884 1506 ﬁliis.
2949 1437 3130 1504 (ΗΑΒ.)
3169 1436 3228 1490 In
3287 1433 3476 1488 sobole
3502 1433 3590 1488 vel
3643 1434 3702 1488 in
3738 1433 3848 1487 dis-

2139 1527 2360 1597 cipulis,
2421 1531 2551 1592 etc.,
2610 1541 2778 1593 usque
2803 1524 2877 1578 ad
2926 1525 3209 1578 honorare
3261 1528 3523 1595 parentes
3593 1523 3846 1594 primum

2141 1616 2475 1670 mandatum
2504 1618 2587 1668 est
2607 1614 2667 1668 ia
2707 1612 3114 1684 promissione.

2215 1707 2376 1758 Vens.
2412 1706 2462 1758 6.
2495 1733 2560 1743 —-
2592 1705 2654 1758 In
2699 1718 2854 1772 opere
2894 1706 2943 1756 et
2995 1717 3250 1768 sermone,
3275 1716 3389 1754 non
3422 1700 3481 1754 in
3530 1699 3704 1753 vulva
3743 1697 3844 1752 sci-

2143 1793 2273 1848 licet
2327 1793 2474 1846 unde
2536 1791 2876 1856 ostenditur,
2929 1797 2986 1845 et
3015 1790 3330 1862 spiritualis
3377 1794 3541 1859 pater
3598 1788 3844 1841 maxime

2141 1883 2347 1952 dignus
2398 1881 2649 1945 honore;
2704 1880 2856 1934 unde
2905 1879 3148 1933 Paulus:
3209 1880 3309 1933 Per
3362 1878 3729 1943 Erungelium
3757 1891 3847 1942 ego

2139 1984 2231 2023 ros
2279 1970 2442 2036 genui
2495 1968 2543 2038 (Ι
2595 1969 2720 2023 Cor.
2779 1967 2880 2035 iv).
2922 1967 2986 2019 Et
3027 1965 3204 2019 alibi:
3265 1966 3373 2030 Qui
3426 1965 3553 2018 bene
3604 1969 3847 2033 praesunt

2140 2058 2460 2128 presbyteri,
2520 2056 2731 2126 duplici
2798 2055 2993 2110 honore
3035 2055 3192 2120 digni
3250 2054 3554 2108 habeantur
3607 2055 3844 2107 interimi?

2141 2149 2238 2216 qui
2267 2146 2523 2200 laborant
2552 2147 2610 2199 in
2641 2143 2890 2198 doctrina
2910 2148 2959 2198 et
2989 2143 3146 2197 verbo
3178 2142 3233 2212 (I
3267 2145 3399 2196 Tim.
3428 2142 3505 2211 v).

2212 2236 2373 2288 Vens.
2443 2237 2528 2287 ll.
2575 2261 2648 2274 —
2679 2231 2990 2285 Benedictio
3042 2231 3245 2300 patris.
3310 2235 3413 2283 etc.
3449 2228 3633 2298 (ΗΑΒ.)
3677 2228 3849 2281 Bene-

2141 2323 2405 2378 dixerunt
2451 2320 2790 2393 patriarchae
2843 2320 2996 2387 tiliis,
3059 2325 3190 2385 etc.,
3258 2333 3423 2388 usque
3471 2317 3545 2370 ad
3583 2317 3849 2370 illusores

2141 2411 2448 2465 saevissime
2480 2410 2858 2474 laniaverant,

2212 2501 2370 2555 Vens.
2424 2503 2507 2554 15.
2558 2529 2625 2538 -
2669 2498 3039 2566 Eleemosyna.
3095 2496 3319 2551 Scilicet
3370 2512 3498 2567 qua:
3545 2499 3846 2565 peccatum

2141 2591 2308 2646 delet.
2346 2588 2537 2644 Hostia
2567 2587 2719 2642 enim
2779 2602 2907 2657 quae
2956 2602 3061 2656 pro
3108 2589 3360 2656 peccato,
3407 2589 3706 2656 peccatum
3753 2601 3847 2637 vo-

2141 2684 2320 2733 catur.
2347 2677 2452 2742 Qui
2489 2682 2680 2731 autem
2728 2673 3081 2746 parentibus,
3127 2675 3214 2728 vel
3245 2674 3462 2727 caeteris
3491 2673 3848 2744 pauperibus

2144 2767 2468 2833 miseretur,
2522 2765 2760 2836 justilite
2829 2765 3133 2835 praemium
3210 2763 3446 2833 recipiet
3502 2777 3537 2814 a
3598 2761 3847 2832 peccatis

2141 2856 2456 2910 absolutus.
2490 2855 2656 2908 Beati
2683 2853 3052 2908 misericordes
3084 2854 3341 2920 quoniam
3363 2851 3580 2912 (Matth.
3615 2850 3695 2916 τ),
3738 2856 3844 2904 etc.

336 2942 600 3013 inspiciat
655 2942 849 2996 omnia
900 2944 1067 3010 Deus,
1099 2947 1236 2997 tunc
1274 2947 1465 2996 tamen
1489 2942 1770 3013 inspicere
1801 2942 2030 3014 dicitur,
2067 2934 2106 2988 (ἶ
2146 2945 2208 2999 Et
2257 2943 2418 2999 alibi:
2482 2945 2783 2998 Feneratur
2827 2944 3070 3007 Domino,
3111 2943 3208 3010 qui
3235 2942 3521 2994 miseretur
3547 2942 3840 3008 pauperis.

335 3047 464 3086 cum
494 3030 736 3102 probare
764 3031 852 3087 vel
879 3031 1205 3103 improbare
1236 3031 1452 3103 aliquid
1478 3031 1849 3103 dignoscitur.

408 3121 568 3174 Vens.
620 3122 703 3176 18.
761 3151 826 3161 -
877 3121 986 3186 Qui
1016 3123 1200 3175 timent
1258 3122 1560 3187 Dominum,
1613 3136 1721 3176 non
1754 3125 1909 3175 erunt
1944 3123 2029 3176 in-

331 3209 632 3276 credibiles,
692 3214 796 3263 etc.
855 3208 1199 3263 Alternando
1259 3209 1327 3264 de
1378 3225 1570 3264 amore
1628 3215 1685 3264 et
1726 3209 2030 3264 dilectione

336 3295 435 3349 Dei
467 3296 601 3367 agit,
658 3299 788 3365 quia
832 3299 992 3352 timor
1043 3301 1254 3352 Domini
1303 3304 1542 3364 sanctus,
1597 3314 1919 3368 permanens
1971 3301 2029 3352 in

330 3385 581 3438 saeculum
628 3386 812 3439 saeculi
874 3387 1042 3454 (Psal.
1101 3390 1272 3451 xvm),
1309 3392 1358 3440 et
1384 3388 1553 3440 omnis
1581 3389 1678 3456 qui
1723 3386 1930 3454 diligit,
1963 3403 2030 3440 ea:

328 3473 431 3526 Deo
488 3477 650 3526 natus
699 3479 796 3540 est,
853 3479 903 3527 et
954 3477 1221 3542 cognoscit
1275 3475 1442 3528 Deum
1498 3476 1551 3541 (I
1578 3477 1738 3529 Joan.
1781 3475 1877 3544 ιν).
1921 3475 2028 3540 Qui

330 3575 459 3614 vero
491 3559 657 3615 timet
685 3563 880 3625 Deum,
917 3567 973 3616 et
1009 3562 1217 3633 diligit,
1250 3567 1306 3616 et
1335 3563 1518 3616 credit
1545 3562 1871 3633 Scripturis,
1903 3579 2029 3617 ser-

328 3654 424 3703 vat
452 3649 742 3719 operando
797 3655 1082 3721 praacepta
1135 3651 1255 3720 Dei,
1305 3655 1362 3706 et
1419 3667 1645 3722 semper
1701 3651 2028 3706 meditando

329 3737 536 3808 quaerit
603 3754 731 3810 quas
789 3739 1142 3811 beneplacita
1197 3744 1328 3794 sunt
1379 3739 1482 3808 illi,
1536 3741 1849 3811 replebitur
1890 3757 2026 3810 ergo

329 3825 610 3897 sapientia
659 3833 714 3882 et
742 3827 1016 3882 charitale
1071 3829 1190 3883 Dei.
1242 3829 1400 3882 Finis
1427 3831 1568 3883 enim
1607 3831 1867 3898 praecepti
1898 3831 2021 3884 cha-

329 3916 487 3979 ritas,
521 3919 569 3969 et
601 3919 698 3985 qui
728 3915 1259 3986 diligitproximum,
1292 3917 1455 3984 legem
1479 3919 1738 3986 implevit.

401 4004 567 4058 Vens.
604 4006 690 4058 20.
716 4035 781 4043 -
811 4005 919 4070 Qui
942 4007 1127 4059 timent
1155 4008 1441 4060 Dominum
1465 4005 1878 4075 praeparabant,
1916 4009 2022 4060 etc.

327 4091 479 4145 Felix
529 4093 741 4158 anima,
797 4109 927 4163 quas
977 4094 1232 4164 quotidie
1294 4094 1530 4148 mundat
1583 4110 1680 4148 cor
1737 4110 1906 4148 suum
1965 4099 2029 4148 ut

327 4180 597 4250 suscipiat
650 4181 1026 4236 habitatorem
1076 4183 1278 4246 Deum,
1319 4183 1479 4253 cujus
1513 4199 1804 4252 possessor
1867 4183 2024 4237 nullo
2054 4223 2096 4276 Β

328 4274 456 4339 eget
485 4270 654 4338 bono,
706 4271 840 4341 quia
877 4271 1136 4326 omnium
1183 4273 1467 4326 bonorum
1517 4276 1806 4326 auctorem
1859 4271 1921 4326 in
1967 4288 2024 4325 se

327 4358 516 4413 habet.
580 4359 643 4412 Et
693 4359 827 4429 quia
883 4360 951 4415 ad
1006 4359 1112 4414 hoc
1141 4361 1456 4415 necessaria
1505 4365 1590 4414 est
1622 4361 2026 4415 mandatorum

326 4445 605 4514 custodia,
656 4452 714 4500 et
779 4447 913 4502 boni
970 4450 1160 4519 operis
1204 4449 1498 4518 patientia,
1538 4464 1652 4520 qua
1700 4449 2028 4520 pervenitur

326 4535 397 4588 ad
456 4535 808 4606 agnitionem
861 4537 1132 4604 veritatis,
1179 4538 1464 4609 sequitur:
1525 4541 1630 4604 Qui
1681 4542 1867 4594 timent
1919 4539 2027 4594 Do-

327 4624 532 4677 minum
599 4623 908 4679 custodiunt
968 4627 1229 4679 mandata
1286 4627 1455 4695 illius,
1516 4633 1626 4681 etc.
1699 4627 1891 4681 Justus
1965 4627 2026 4680 in

326 4711 530 4782 primis
560 4717 849 4766 accusator
879 4717 962 4766 est
993 4713 1099 4766 sui.
1133 4713 1289 4767 Sicut
1319 4715 1472 4768 enim
1523 4713 1835 4768 humilitati
1887 4730 2029 4785 pras-

331 4799 531 4864 mium,
562 4799 640 4852 sic
696 4800 979 4870 superbiae
1033 4804 1208 4854 restat
1237 4801 1618 4874 supplicium;
1673 4803 1824 4856 unde
1863 4803 2026 4858 Joan-

329 4905 427 4942 nes
457 4904 469 4941 :
503 4888 568 4942 Si
599 4887 899 4942 dixerimus
957 4891 1210 4958 quoniam
1261 4896 1540 4961 peccatum
1589 4907 1695 4946 non
1749 4891 2024 4952 habemus.

327 4979 440 5048 ipsi
467 4991 561 5030 nos
607 4976 908 5031 seducimus
935 4978 1010 5043 (II
1031 4977 1200 5032 Joan.
1237 4980 1292 5046 ι).
1344 4978 1452 5042 Qui
1483 4995 1612 5032 vere
1644 4980 1872 5050 sapiens
1921 4986 2024 5050 est,

328 5081 492 5118 verus
542 5064 780 5134 justitiaa
811 5065 996 5120 cultor
1021 5071 1126 5132 est,
1182 5065 1318 5138 quia
1365 5067 1644 5138 sapientia
1687 5069 1865 5124 dictat
1907 5069 2028 5140 jus-

329 5153 472 5208 titim
493 5167 774 5206 normam.

1003 5224 1230 5278 CAPUT
1289 5225 1383 5279 III.

404 5330 569 5382 Vens.
603 5333 655 5385 2.
709 5360 777 5372 —
822 5331 1113 5385 Judicium
1165 5333 1369 5402 patris.
1430 5331 1553 5400 Dei,
1603 5349 1672 5388 ea:
1721 5349 1826 5403 quo
1855 5338 2026 5391 omnis

327 5419 636 5484 paternitas
680 5421 733 5472 in
783 5419 906 5472 cmlo
968 5424 1018 5473 et
1067 5421 1125 5473 in
1183 5423 1354 5474 terra.
1407 5419 1551 5484 Quia
1599 5436 1667 5474 ex
1730 5420 1855 5492 ipsa
1897 5427 2030 5477 sunt

331 5502 544 5556 omnia.
577 5503 684 5568 Qui
711 5505 896 5576 diligit
918 5523 1004 5573 ea,
1029 5523 1159 5578 qum
1189 5507 1340 5578 fecit,
1368 5512 1424 5563 et
1451 5513 1516 5562 ut
1539 5508 1598 5562 in
1641 5525 1707 5564 eo
1738 5515 2026 5574 maneant,

2145 3036 2331 3101 (Prov.
2371 3035 2502 3099 xw).
2562 3032 2702 3086 Hinc
2735 3030 2932 3084 Daniel
2975 3031 3042 3083 ad
3097 3027 3657 3083 Nabuchodonosor:
3704 3029 3850 3084 Con-

2141 3123 2328 3177 silium
2373 3137 2565 3187 meum,
2606 3135 2634 3174 ο
2671 3135 2790 3187 recc,
2842 3119 3058 3187 placeat
3111 3117 3246 3171 tibi:
3297 3121 3515 3186 peccata
3576 3120 3674 3169 tua
3721 3117 3852 3169 ειεξ-

2140 3213 2378 3279 mosynis
2461 3211 2683 3265 redime.
2753 3213 2804 3262 et
2879 3209 3196 3276 iniquitates
3263 3212 3384 3260 tuas
3457 3206 3852 3260 misericordiis

2137 3316 2442 3373 pauperum
2489 3301 2648 3370 (Dan.
2694 3297 2788 3366 ιν),
2851 3297 2896 3350 si
2928 3297 3166 3351 forsitan
3214 3296 3469 3366 ignoscat
3499 3295 3649 3348 Deus
3702 3295 3850 3348 deli-

2140 3391 2242 3445 ctis
2299 3390 2433 3445 tuis.
2494 3388 2636 3443 Hinc
2700 3386 2977 3441 Dominus
3031 3386 3135 3440 ait:
3180 3387 3312 3440 Date
3348 3385 3756 3452 eleemosynam,
3803 3391 3855 3440 et

2139 3481 2322 3535 omnia
2342 3478 2548 3533 munda
2573 3479 2700 3531 sunt
2727 3475 2876 3530 vobis
2906 3475 3056 3543 (Luc.
3078 3473 3152 3542 x1)
3168 3515 3180 3527 .

2211 3569 2370 3621 Vens.
2433 3569 2514 3620 l9.
2547 3595 2618 3605 —
2650 3565 2766 3618 Fili
2807 3565 2866 3617 in
2907 3562 3333 3616 mansuetudine.
3382 3561 3758 3616 Mansuetudo
3793 3568 3853 3617 et

2140 3656 2433 3711 humilitas
2455 3654 2721 3722 gratiam,
2756 3651 3023 3723 superbia
3048 3656 3105 3706 et
3129 3651 3292 3706 furor
3321 3650 3555 3721 pariunt
3573 3650 3810 3705 ruinam
3833 3668 3848 3717 ;

2139 3746 2292 3800 unde
2323 3762 2336 3798 :
2400 3746 2602 3800 Discite
2633 3759 2668 3796 a
2713 3758 2812 3805 me,
2843 3743 2976 3810 quia
3005 3742 3153 3794 mitis
3199 3756 3320 3793 sum
3348 3745 3401 3793 et
3435 3739 3659 3792 humilis
3685 3736 3849 3791 corde

2141 3835 2355 3904 (Matth.
2408 3834 2509 3900 x1),
2554 3836 2658 3886 etc.
2721 3831 2784 3885 Et
2813 3829 2987 3884 alibi:
3039 3829 3143 3895 Qui
3179 3842 3235 3883 se
3262 3829 3484 3888 ewaltat,
3516 3826 3846 3880 humiliabi-

2141 3927 2232 3976 tur
2263 3921 2419 3989 (Luc.
2443 3920 2574 3989 xw),
2601 3923 2706 3973 etc.

2210 4012 2373 4064 Vens.
2425 4013 2513 4064 2t.
2542 4039 2613 4048 —
2641 4009 2854 4074 Quanto
2882 4020 3110 4072 magnus
3141 4019 3217 4074 es,
3252 4008 3358 4058 etc.
3399 4003 3584 4073 (ΗΑΒ.)
3636 4003 3846 4056 Docuit

2139 4100 2401 4170 superius
2448 4095 2972 4161 mansuetudinem,
3021 4099 3150 4161 etc.,
3199 4108 3366 4162 usque
3390 4091 3465 4146 ad
3497 4090 3712 4145 sufficit
3733 4091 3843 4145 ho-

2139 4188 2280 4243 mini
2330 4203 2396 4241 ea
2439 4187 2534 4258 pie
2560 4185 2832 4257 cogitare,
2881 4189 2938 4239 et
2963 4198 3137 4256 opere
3167 4182 3428 4253 implere,
3460 4195 3588 4252 qua:
3618 4196 3843 4252 praece-

2134 4277 2220 4350 pit
2257 4277 2427 4332 Deus.

2205 4365 2370 4418 Vens.
2417 4364 2507 4417 24.
2540 4391 2608 4402 —-
2664 4364 2726 4417 In
2775 4362 3120 4432 supervacuis
3159 4359 3337 4421 rebus,
3393 4362 3496 4413 etc.
3535 4359 3721 4428 (ΗΑΒ.)
3779 4357 3842 4411 ld

2136 4459 2241 4521 est,
2292 4469 2363 4508 ne
2413 4449 2680 4506 scrutaris
2712 4466 3081 4520 supervacue,
3111 4453 3238 4511 etc.,
3289 4463 3458 4517 usque
3508 4446 3583 4500 ad
3635 4446 3843 4518 dispu-

2134 4545 2319 4596 tantes
2341 4541 2402 4594 in
2431 4555 2656 4594 errores
2692 4539 2976 4606 incidunt,
3007 4543 3064 4592 et
3093 4554 3124 4592 a
3155 4536 3391 4592 veritate
3430 4535 3727 4589 recedunt.

2204 4630 2362 4684 Vens.
2415 4631 2502 4684 27.
2537 4659 2604 4669 -
2659 4630 2771 4682 Cor
2799 4627 3015 4681 durum.
3065 4625 3209 4690 Quia
3245 4623 3536 4679 secundum
3567 4623 3844 4678 duritiam

2136 4723 2284 4774 tuam
2314 4719 2654 4773 thesaurizas
2679 4717 2782 4771 tibi
2799 4718 2941 4770 iram
2966 4717 3023 4768 in
3053 4712 3140 4768 die
3157 4712 3361 4784 judicii
3392 4711 3561 4782 (Rom.
3604 4713 3692 4778 Ii.)

2206 4808 2364 4861 Vens.
2391 4807 2480 4860 28.
2535 4833 2602 4844 --
2633 4807 2746 4858 Cor
2775 4803 3108 4872 ingrediens.
3153 4801 3312 4865 Quod
3348 4817 3462 4854 non
3519 4805 3702 4867 curat,
3734 4815 3844 4854 nec

2135 4895 2324 4950 studet
2352 4894 2551 4959 vitare,
2583 4898 2637 4946 et
2659 4893 2811 4964 quod
2836 4908 2902 4946 ea
2931 4891 3140 4960 diligit,
3173 4906 3303 4960 quae
3326 4889 3544 4943 ducunt
3564 4887 3632 4942 ad
3666 4888 3845 4942 inter-

2134 4983 2304 5052 itum,
2366 4989 2427 5037 ut
2477 4983 2722 5043 haereses
2776 4985 2832 5034 et
2883 4979 3140 5050 profana:
3173 4979 3484 5043 novitates;
3540 4977 3696 5031 unde
3747 4993 3840 5030 se-

2135 5071 2361 5142 quitur:
2389 5072 2501 5124 Cor
2530 5069 2838 5138 ingrediens
2865 5068 3004 5123 duas
3054 5069 3194 5135 vias,
3245 5082 3351 5122 non
3381 5065 3600 5121 habebit
3628 5080 3840 5120 succes-

2135 5174 2245 5227 sus,
2270 5165 2377 5214 etc.

2801 5228 3025 5283 CAPUT
3065 5227 3159 5284 IV.

2206 5337 2368 5390 Vens.
2450 5339 2496 5390 l.
2562 5309 2662 5375 -ι
2702 5335 2843 5401 Fili,
2901 5335 3287 5401 eleemosynam
3365 5333 3649 5401 pauperis,
3728 5335 3836 5385 etc.

2137 5425 2328 5496 (ΗΑΒ.)
2360 5423 2648 5489 Quantum
2680 5423 3040 5494 eleemosyna
3072 5422 3242 5492 valet,
3275 5427 3407 5491 etc.,
3441 5435 3609 5489 usque
3638 5419 3717 5474 ad
3738 5419 3839 5492 qui

2136 5527 2202 5565 ex
2234 5512 2403 5566 corde
2430 5511 2666 5584 corripit
2693 5511 2898 5578 verbis,
2923 5510 3007 5565 vel
3031 5509 3208 5565 factis.
