4074 6186
249 264 385 317 H89
470 299 476 303 -

1374 260 1626 315 GLOSSA
1670 258 2065 315 ORDINARIA.
2110 289 2177 298 —
2226 259 2352 313 LIB.
2397 258 2617 313 ECCLI.

3616 264 3751 314 “90

314 386 470 439 Vens.
505 386 555 437 3.
616 414 683 423 —-
732 385 843 437 Cor
894 385 1094 453 inopis,
1118 387 1225 437 etc.
1260 383 1386 437 Non
1433 388 1518 436 est
1566 382 1929 451 eleemosyna
1962 386 2007 437 A
2046 383 2199 453 quod
2251 398 2363 436 non
2394 382 2708 447 confundit,
2764 383 2899 453 quia
2949 383 3193 436 Charitas
3251 384 3348 437 Dei
3403 384 3608 440 dilfusa
3666 402 3749 445 est

242 475 580 541 differenda,
614 489 741 527 cum
790 473 936 526 adsit
986 471 1278 526 tribuendi
1302 471 1573 536 facultas;
1629 471 1823 524 unde:
1858 471 1935 526 Ne

240 565 393 619 dicas
433 565 605 617 amico
674 567 762 616 tuo
823 561 971 616 Vade
1011 566 1058 614 et
1089 565 1370 625 revertere,
1432 575 1550 613 cum
1605 562 1708 613 cito
1760 561 1933 628 possis

238 654 372 708 dare
427 656 601 722 (Prov.
654 651 757 705 ml.
802 651 865 705 Et
921 649 1057 704 alibi
1108 664 1121 703 :
1177 648 1280 714 Qui
1313 648 1543 717 despicit
1594 650 1926 716 proximum,

240 746 425 812 peccat
458 759 471 796 :
509 743 607 811 qui
633 742 916 794 miseretur
932 740 1219 808 pauperis,
1250 737 1434 791 beatus
1464 739 1568 789 erit
1605 736 1761 804 (Ibid.
1796 740 1930 801 xlv).

238 829 609 899 Eelemosyna
636 832 829 882 autem
864 827 1124 881 facienda
1153 829 1258 893 est,
1292 841 1407 879 non
1467 841 1532 878 ex
1573 825 1932 889 necessitate,

2046 472 2103 525 in
2133 473 2341 526 sanctis
2370 489 2471 543 per
2500 473 2775 543 Spiritum
2804 477 3083 526 sanctum.

2118 561 2273 615 Vens.
2338 564 2427 615 25.
2489 591 2557 602 —-
2607 561 2733 629 Fili,
2794 576 3047 615 conserva
3100 566 3328 630 tempus,
3383 567 3489 617 etc.
3558 563 3741 635 Supra

2043 650 2465 704 commendavit
2494 649 2787 720 sapientiae
2828 650 3064 715 donum,
3098 666 3249 703 nunc
3278 652 3528 705 ostendit
3565 652 3743 723 ipsius

2044 738 2272 793 factum.
2309 740 2647 809 Quicunque
2678 739 2831 793 enim
2877 744 3058 791 servat
3092 744 3376 810 praecepta
3422 740 3743 810 sapientiae,

2043 833 2240 882 cautus
2266 834 2350 881 est
2378 828 2435 881 in
2467 833 2791 898 temporum
2827 826 3163 894 mutatione,
3207 843 3309 881 nec
3338 828 3549 883 deserit
3591 830 3739 883 viam

242 918 481 971 Hilarem
530 918 668 970 enim
717 916 959 971 datorem
1017 915 1206 983 diligit
1254 917 1391 968 Deus
1441 914 1490 982 (ι
1540 914 1659 969 Cor.
1717 913 1813 979 Ix).
1876 914 1937 967 Et
2038 915 2275 986 justitize
2305 915 2365 969 in
2396 921 2653 986 tempore
2688 916 3095 986 persecutionis
3140 921 3197 970 et
3254 918 3554 987 angustias.
3609 919 3741 972 Ideo

239 1005 375 1059 alibi
410 1022 423 1059 :
467 1005 646 1059 Vidua
673 1005 1021 1075 paupercula
1051 1004 1181 1074 plus
1204 1002 1471 1057 omnibus
1507 1002 1659 1057 misit
1685 1001 1741 1056 in
1766 1018 1934 1072 gazo-

242 1093 593 1165 phylacium,
656 1093 872 1165 quinon
934 1092 1317 1164 quantitatem
1402 1092 1659 1147 muneris
1732 1094 1938 1162 pensat

244 1185 415 1252 Deus,
444 1183 541 1237 sed
574 1182 937 1237 devotionem
968 1181 1172 1236 cordis.

313 1291 472 1345 Vens.
498 1291 549 1343 5.
593 1319 649 1327 -
682 1288 766 1342 Ab
790 1290 949 1357 inape
978 1304 1043 1342 nc
1072 1292 1305 1354 avertas,
1343 1292 1449 1343 etc.
1487 1288 1611 1342 Non
1659 1303 1763 1357 per
1792 1287 1934 1343 iram

238 1377 660 1449 exasperandus
700 1382 783 1430 est
812 1393 1051 1447 pauper,
1085 1376 1179 1429 sed
1227 1375 1437 1429 blanda
1492 1375 1781 1429 locutione
1815 1377 1935 1447 pla-

236 1467 474 1535 candus,
533 1469 625 1521 Ira
690 1468 829 1519 enim
876 1467 987 1519 viri
1035 1466 1315 1535 justitiam
1370 1466 1472 1519 Dei
1520 1481 1625 1519 non
1658 1468 1938 1534 operatiur

237 1558 377 1626 (Jac.
415 1559 473 1622 ι).
528 1555 614 1621 Et,
661 1555 765 1620 Qui
808 1554 1025 1607 obturat
1066 1570 1250 1608 aurem
1300 1554 1375 1607 ad
1404 1555 1687 1607 clamorem
1730 1570 1936 1623 paupe-

236 1646 343 1710 ris,
395 1644 671 1708 clamabit,
722 1647 773 1697 et
818 1659 923 1697 non
979 1644 1235 1697 exaudiet
1276 1645 1535 1697 Dominus
1567 1645 1741 1712 (Prov.
1788 1644 1930 1713 xxi).
1969 1675 2007 1730 Β

236 1731 347 1795 Qui
378 1732 530 1785 enim
563 1736 749 1802 potest
794 1732 1067 1797 tribuere,
1100 1732 1266 1786 debet
1300 1748 1314 1785 :
1357 1731 1492 1803 quia
1554 1747 1761 1785 munus
1802 1731 1928 1785 abs-

236 1820 532 1873 conditum
563 1820 869 1889 exstinguit
928 1820 1059 1887 iras,
1112 1826 1166 1873 et
1221 1820 1439 1875 donum
1488 1820 1549 1874 in
1601 1820 1726 1874 sinu
1783 1819 1931 1874 indi-

237 1908 570 1979 gnationem
609 1909 935 1963 maximam.
971 1909 1079 1974 Qui
1117 1914 1307 1963 autem
1342 1926 1456 1963 non
1496 1914 1703 1979 potest,
1738 1925 1929 1963 sermo

238 1998 425 2051 bonus
451 2004 533 2051 est
564 1998 617 2051 ei
650 2014 822 2068 super
869 1998 1065 2052 datum
1119 1998 1423 2069 optimum.
1458 1998 1577 2063 Qui.
1604 2003 1781 2051 autem
1836 1999 1931 2050 ha-

242 2086 422 2139 buerit
457 2087 821 2140 substantiam
866 2086 1096 2140 mundi:
1153 2090 1202 2139 et
1246 2086 1449 2139 viderit
1492 2088 1723 2152 fratrem
1780 2100 1935 2139 suum

236 2190 475 2229 neccesse
512 2175 810 2241 habentem,
842 2178 892 2228 et
946 2175 1202 2229 clauserit
1231 2176 1440 2227 viscera
1488 2189 1588 2228 sua
1626 2174 1693 2227 ab
1724 2190 1937 2243 eo,quo-

238 2263 394 2318 modo
421 2264 660 2317 charitas
712 2265 805 2317 Dei
834 2268 1012 2317 manet
1043 2266 1100 2316 in
1131 2278 1188 2317 eo
1233 2262 1260 2317 ‘t
1315 2263 1363 2333 (Ι
1414 2264 1576 2317 Joan.
1617 2264 1720 2332 ιιι.)
1774 2263 1936 2316 Fides

242 2353 397 2406 enim
428 2353 614 2406 sinon
654 2352 863 2405 habeat
891 2368 1085 2422 opera,
1118 2356 1346 2406 mortua
1386 2356 1487 2406 est.
1526 2352 1647 2405 Non
1676 2368 1814 2422 ergo
1848 2351 1933 2404 di-

241 2440 488 2512 ligamus
519 2442 713 2512 lingua
743 2445 799 2495 et
829 2442 1022 2506 verbo,
1057 2440 1152 2495 sed
1180 2456 1350 2511 opere
1381 2445 1436 2494 et
1466 2440 1720 2495 veritate.

311 2550 470 2603 Vens.
549 2554 599 2603 7.
682 2580 747 2587 —
802 2549 1229 2616 Congregationi
1288 2563 1613 2617 pauperum.
1702 2549 1763 2601 In
1848 2549 1937 2603 his

237 2637 674 2693 commendatur
714 2637 1097 2691 mansuetudo
1139 2642 1194 2691 et
1242 2636 1555 2704 humilitas,
1605 2636 1742 2708 quia
1774 2653 1935 2691 man-

237 2726 480 2779 suetudo
501 2725 786 2779 neminem
811 2726 1050 2796 spernit,
1082 2725 1396 2792 humilitas,
1426 2742 1483 2778 se
1508 2725 1774 2779 omnibus
1805 2726 1935 2781 sub-

232 2816 380 2883 chit.
418 2814 581 2868 Decet
613 2820 807 2869 autem
854 2814 1243 2869 Christianum
1276 2811 1593 2885 aequalibus
1617 2819 1675 2868 et
1703 2815 1937 2869 inferio-

240 2904 397 2956 ribus
420 2903 704 2956 affabilem
737 2920 856 2957 esse
879 2908 935 2956 et
984 2902 1205 2970 mitem,
1247 2903 1567 2957 senioribus
1601 2904 1882 2958 humilem
1920 2922 1931 2959 ε

240 2993 393 3045 unde
428 3008 441 3045 :
478 2993 722 3059 Domine,
778 3007 883 3045 non
926 2996 1002 3045 est
1041 2991 1341 3045 exaltatum
1388 3006 1477 3046 cor
1532 3008 1724 3060 meum,
1772 3008 1941 3061 neque

242 3080 375 3133 elati
401 3085 525 3134 sunt
572 3080 713 3133 oculi
740 3082 842 3133 mei
871 3078 1046 3149 (Psal.
1082 3082 1262 3145 cxxx).

316 3187 487 3241 Vens.
535 3190 592 3241 9.
635 3216 699 3224 —
746 3186 965 3250 Libera,
1002 3190 1105 3240 etc.
1136 3185 1318 3256 (ΗΑΒ.)
1371 3185 1524 3240 Sicut
1570 3186 1934 3256 largitionem

244 3275 301 3329 in
332 3291 615 3345 pauperes
652 3276 1077 3346 eleemosynam
1135 3291 1257 3329 esse
1306 3275 1468 3342 dixit,
1524 3276 1604 3329 sic
1653 3275 1938 3330 liberatio-

245 3378 375 3416 nem
406 3362 603 3434 inique
664 3363 919 3433 oppressi
978 3363 1431 3417 misericordiam
1486 3378 1607 3417 esse
1660 3362 1934 3431 ostendit;

247 3452 417 3518 unde,
455 3454 591 3505 Erue
614 3452 735 3505 illos
770 3453 867 3520 qui
902 3452 1177 3506 ducuntur
1204 3452 1278 3506 ad
1306 3456 1545 3507 mortem.

286 3558 475 3612 .Vens.
515 3558 596 3611 tO.
623 3586 693 3598 —
722 3558 793 3611 In
843 3557 1171 3626 judicando.
1228 3558 1415 3628 (ΗΑΒ.)
1450 3557 1677 3611 Nullam
1727 3558 1938 3612 elemo-

241 3663 397 3716 syna:
430 3645 697 3717 speciem,
730 3651 858 3713 etc.,
892 3662 1059 3716 usque
1105 3646 1180 3700 ad
1202 3646 1281 3700 ita
1306 3650 1364 3701 et
1415 3645 1600 3700 viduas
1633 3646 1736 3700 viri
1794 3647 1938 3701 sola-

240 3736 407 3791 tium.
1118 3781 1125 3787 .

312 3824 474 3877 Vens.
512 3824 596 3877 t3.
655 3852 725 3863 —
754 3825 823 3877 Et
881 3824 979 3891 qui
1014 3825 1384 3891 vigilaverint,
1415 3827 1519 3876 etc.
1561 3825 1751 3877 Beatus
1791 3826 1941 3880 homo

241 3915 341 3981 qui
376 3912 534 3966 audit
564 3927 665 3977 me,
688 3917 737 3965 et
784 3913 979 3978 vigilat
1035 3917 1159 3966 ante
1194 3914 1339 3979 fores
1386 3927 1529 3966 meas
1578 3913 1834 3981 quotidie,
1892 3920 1940 3968 et

240 4002 491 4055 observat
532 4003 607 4054 ad
660 4004 836 4069 postes
867 4003 995 4054 ostii
1022 4003 1128 4054 mei
1209 4002 1387 4065 (Prov.
1446 4002 1578 4068 rm).
1630 4001 1736 4055 Per
1790 4002 1941 4055 fores

241 4095 439 4144 autem
484 4094 646 4160 potes
717 4088 1039 4159 Scripturas
1096 4092 1153 4142 et
1208 4103 1407 4142 eorum
1486 4088 1745 4143 doctores
1775 4088 1941 4144 intel-

241 4178 391 4249 ligit.

320 4268 477 4321 Vens.
508 4269 590 4322 l‘a’.
624 4296 687 4307 —
721 4268 825 4333 Qui
854 4268 1117 4331 serviunt,
1151 4270 1256 4319 etc.
1290 4265 1396 4329 Qui
1424 4265 1612 4336 diligit
1652 4282 1805 4332 eum,
1840 4267 1935 4337 qui
1970 4247 2011 4300 D

242 4357 465 4427 genuit,
510 4356 712 4425 diliget
758 4372 889 4409 eum
922 4355 1020 4425 qui
1051 4359 1218 4408 natus
1257 4360 1340 4408 est
1394 4371 1457 4408 ex
1495 4356 1627 4420 Deo,
1683 4360 1740 4408 et
1768 4372 1941 4426 quem

244 4445 433 4515 diligit
472 4446 636 4499 Pater
664 4445 852 4514 diligit
880 4445 1073 4509 Filius,
1120 4443 1270 4497 unde
1304 4460 1316 4497 :
1351 4443 1455 4508 Qui
1489 4443 1677 4513 diligit
1708 4460 1817 4510 me,
1856 4445 1940 4498 di-

241 4532 457 4601 ligetur
486 4547 519 4582 a
546 4532 708 4584 Patre
738 4546 885 4595 meo,
915 4533 971 4583 et
1001 4544 1131 4583 eum
1163 4529 1416 4597 diligam.
1451 4529 1559 4583 Sed
1609 4530 1745 4598 quia
1812 4545 1939 4598 pro-

242 4620 392 4674 batio
430 4619 732 4673 dilectionis
772 4620 1036 4673 ewhibitio
1092 4622 1169 4671 est
1212 4622 1409 4687 operis,
1468 4619 1728 4687 sequitur
1787 4635 1799 4671 :
1836 4620 1942 4683 Qui

238 4708 401 4763 audit
428 4709 581 4762 illam
626 4708 904 4776 judicabit
946 4712 1144 4773 gentes.
1182 4707 1341 4762 Unde
1374 4723 1387 4760 :
1422 4708 1554 4763 Cum
1578 4708 1799 4773 {sederit
1842 4710 1937 4762 Fi-

238 4799 348 4851 lius
370 4797 597 4850 hominis
630 4798 687 4849 in
724 4796 847 4849 sede
902 4796 1209 4863 majestatis
1253 4811 1380 4862 suae,
1438 4796 1692 4850 sedebitis
1753 4801 1802 4851 et
1848 4812 1940 4851 ros

238 4901 412 4956 super
443 4886 590 4939 sedes
629 4884 908 4939 duodecim
930 4885 1241 4954 judicantes
1298 4884 1577 4939 duodecim
1631 4886 1803 4940 tribus
1848 4886 1942 4940 Is-

235 4975 359 5030 rael
388 4974 601 5041 (Matth.
634 4972 769 5043 χιιι).

313 5081 480 5133 Vens.
521 5081 607 5133 29.
646 5109 708 5120 —
745 5080 1007 5133 Timorem
1037 5084 1089 5134 et
1115 5085 1332 5144 metum,
1386 5083 1491 5134 etc.
1526 5080 1815 5149 Sapientia
1854 5080 1941 5133 in-

232 5169 507 5225 habitans
530 5167 728 5237 dirigit
768 5184 964 5238 opera,
1011 5167 1072 5221 in
1121 5168 1294 5222 variis
1326 5168 1737 5222 tentationibus
1796 5183 1942 5238 pras-

233 5262 406 5329 parat
434 5254 750 5310 exercendo
807 5261 863 5309 et
893 5256 1191 5326 probando
1213 5257 1282 5310 ad
1316 5255 1523 5310 futuras
1548 5255 1677 5309 vitae
1707 5254 1938 5325 gaudia,

233 5344 399 5418 quod
453 5344 557 5398 hac
586 5344 867 5399 sententia
892 5344 1271 5399 conﬁrmatur
1301 5361 1314 5399 :
1351 5347 1611 5399 Timorem
1668 5350 1717 5398 et
1745 5350 1942 5398 metum

230 5440 294 5491 et
331 5433 722 5503 probationem.
775 5437 880 5488 etc.
934 5433 1081 5497 Quia
1109 5433 1401 5487 tribulatio
1432 5433 1767 5503 patientiam
1801 5449 1939 5502 ope-

233 5528 422 5584 ratur,
458 5527 515 5576 et
544 5522 821 5591 patientia
852 5522 1274 5594 probationem,
1308 5522 1572 5592 probatio
1593 5536 1725 5577 vero
1752 5537 1933 5592 spem.

2044 1006 2324 1075 sapientia
2373 1006 2705 1059 exhortatur
2755 1005 2923 1065 ﬁlios.
2987 1012 3051 1059 ut
3103 1010 3435 1059 conservent
3482 1012 3735 1077 tempus,

2046 1094 2183 1164 quia
2204 1100 2431 1164 tempus
2462 1093 2618 1149 omni
2656 1094 2738 1149 rei
2772 1095 2875 1149 sub
2901 1096 3040 1149 coelo
3073 1100 3167 1149 :et
3196 1101 3423 1165 tempus
3458 1102 3544 1151 est
3582 1097 3741 1164 belli,

2045 1187 2100 1236 et
2129 1189 2355 1255 tempus
2388 1184 2560 1254 pacis.

2119 1273 2277 1326 Vens.
2312 1275 2397 1326 '28.
2433 1302 2494 1311 —
2551 1274 2665 1327 Non
2712 1272 3009 1327 abscondas
3057 1276 3383 1342 sapientiam
3437 1280 3603 1343 tuam,
3636 1280 3741 1331 etc.

2046 1361 2223 1430 (ΗΑΒ.)
2250 1362 2371 1414 Non
2398 1366 2482 1415 est
2531 1361 2929 1415 abscondenda
2970 1361 3249 1432 sapientia
3279 1362 3387 1429 his,
3416 1363 3516 1434 qui
3547 1364 3744 1418 audire

2044 1449 2258 1503 volunt.
2312 1450 2417 1513 Qui
2455 1450 2606 1504 enim
2662 1450 2958 1504 abscondit
3014 1450 3389 1518 frumentum,
3444 1453 3748 1507 maledice-

2047 1542 2140 1591 tur
2167 1537 2226 1592 in
2257 1539 2503 1609 populis,
2537 1539 2856 1592 benedictio
2888 1544 3077 1593 autem
3111 1555 3284 1609 super
3307 1548 3479 1610 caput
3505 1542 3748 1595 venden-

2045 1626 2189 1680 tium
2224 1642 2237 1681 :
2268 1627 2421 1681 unde
2448 1644 2461 1681 :
2497 1629 2741 1696 Negotia,
2771 1628 2898 1681 dum
2938 1631 3090 1682 venio
3120 1630 3272 1697 (Luc.
3319 1630 3434 1701 XIX)

2117 1716 2280 1770 Vens.
2340 1718 2427 1770 30.
2480 1747 2547 1755 —
2602 1718 2716 1771 Non
2792 1717 3154 1772 contradicas.
3214 1718 3604 1773 Obediendum
3667 1727 3749 1773 est

2046 1804 2379 1874 majoribus,
2413 1805 2459 1857 si
2509 1804 2728 1858 veritati
2757 1806 3103 1859 concordant
3129 1810 3185 1859 et
3206 1806 3467 1875 justitiae,
3501 1824 3603 1861 nec
3635 1808 3742 1861 ali-

2043 1900 2149 1959 ter,
2182 1892 2278 1947 sed
2314 1909 2416 1963 pro
2447 1899 2599 1947 recta
2628 1894 2759 1959 tide,
2817 1898 2873 1948 et
2906 1911 3036 1948 vera
3092 1895 3388 1965 religione,
3448 1897 3507 1949 in
3540 1897 3747 1967 quibus

2044 1988 2129 2035 est
2158 1982 2364 2035 anima:
2396 1982 2569 2047 salus,
2617 1982 3025 2036 decertandum
3065 1987 3150 2035 est
3180 1999 3193 2048 ;
3227 1982 3375 2036 unde
3411 1999 3423 2036 :
3459 1984 3519 2037 Si
3566 1985 3748 2037 oculus

2046 2074 2169 2123 tuus
2226 2069 2565 2123 scandalizat
2594 2075 2660 2135 te,
2684 2086 2807 2123 erue
2834 2087 2949 2124 eum
2992 2076 3043 2125 et
3085 2072 3295 2140 projice
3322 2072 3418 2125 abs
3450 2076 3498 2125 te
3529 2071 3745 2142 (Matth.

2043 2156 2120 2225 v).
2159 2156 2243 2223 Et,
2287 2156 2490 2224 Siquis
2544 2157 2662 2209 vult
2704 2159 2886 2210 venire
2914 2163 3035 2225 post
3064 2174 3164 2223 me,
3197 2159 3426 2226 abneget
3462 2160 3613 2227 (Luc.
3650 2160 3743 2229 ix),

2047 2248 2155 2297 etc.

2116 2334 2273 2387 Vens.
2302 2335 2386 2387 3i.
2423 2365 2490 2372 —
2526 2335 2649 2388 Noli
2689 2337 2887 2388 citatus
2917 2348 3029 2388 esse
3074 2336 3132 2387 in
3164 2335 3352 2400 lingua
3384 2340 3495 2389 tua.
3553 2337 3748 2407 (ΗΑΒ.)

2046 2421 2194 2476 Mors
2242 2425 2300 2475 et
2345 2423 2479 2487 vita,
2517 2427 2647 2491 etc.,
2702 2437 2871 2491 usque
2920 2422 2995 2475 ad
3048 2421 3323 2492 scriptum
3381 2427 3509 2477 est:
3551 2426 3667 2479 Non
3693 2428 3751 2478 in

2043 2524 2283 2564 sermone
2302 2525 2527 2577 regnum
2552 2513 2663 2573 Dei,
2686 2511 2781 2565 sed
2809 2513 2865 2564 in
2886 2514 3086 2566 virtute
3118 2514 3159 2580 (Ι
3186 2514 3304 2567 Cor.
3342 2516 3436 2579 ιν).

2118 2598 2274 2652 Vens.
2334 2602 2419 2653 35.
2468 2629 2534 2639 -—
2574 2600 2697 2655 Noli
2749 2614 2859 2653 esse
2907 2602 3047 2653 sicut
3079 2601 3173 2654 leo.
3211 2601 3275 2653 In
3325 2600 3571 2661 Ecclesia
3617 2608 3751 2656 sunt

2045 2688 2299 2743 haeretici
2330 2690 2490 2761 quasi
2524 2691 2735 2757 leones,
2790 2689 2888 2760 qui
2918 2706 3023 2760 per
3065 2690 3277 2761 linguae
3326 2690 3744 2746 volubilitatem

2045 2777 2329 2832 reducunt
2350 2778 2521 2831 corda
2550 2777 2967 2843 innocentium,
3000 2781 3055 2831 et
3092 2793 3196 2848 per
3227 2777 3592 2832 insolentiam
3626 2796 3747 2833 mo-

2044 2884 2170 2923 sum
2201 2868 2548 2923 conturbant
2579 2867 3079 2923 mansuetudinem
3112 2867 3480 2938 simplicium.

2725 2973 2950 3028 CAPUT
3008 2974 3071 3029 V.

2121 3082 2279 3134 Vens.
2316 3083 2397 3134 H.
2452 3109 2521 3120 -
2566 3081 2685 3135 Non
2730 3082 2951 3135 ventiles
2992 3085 3061 3145 te,
3108 3086 3213 3134 etc.
3278 3082 3461 3147 (Rau)
3533 3081 3746 3136 Levita-

2050 3175 2163 3223 tcm
2195 3168 2578 3237 reprehendit,
2633 3173 2764 3235 etc.,
2795 3184 2963 3237 usque
3009 3168 3083 3221 ad
3139 3168 3440 3239 duplicitas
3475 3168 3749 3224 doctrinm

2049 3272 2267 3322 eorum,
2300 3255 2358 3308 in
2402 3272 2515 3325 qua
2574 3256 2747 3309 modo
2808 3272 2960 3321 vera,
3018 3253 3189 3309 modo
3246 3255 3386 3309 falsa
3424 3255 3747 3324 proferunt,

2049 3348 2371 3413 peccatores
2397 3358 2517 3396 esse
2540 3342 2805 3396 ostendit.

2118 3432 2277 3485 Vens.
2308 3433 2389 3485 13.
2420 3461 2488 3470 -
2510 3433 2633 3485 Esto
2662 3434 2993 3485 mansuetus.
3030 3430 3248 3484 Bonum
3308 3433 3393 3483 est
3443 3434 3742 3483 mansuete

2049 3519 2269 3585 audire,
2303 3523 2358 3572 et
2387 3518 2672 3587 suscipere
2695 3517 2930 3571 verbum
2979 3515 3233 3570 veritatis
3274 3521 3329 3570 et
3374 3516 3629 3571 modeste
3662 3532 3748 3583 ac,

2048 3608 2360 3679 prudenter
2388 3607 2641 3678 proferre
2671 3624 2685 3675 ;
2741 3608 2890 3660 unde
2925 3606 3046 3661 :Sit
3093 3608 3265 3660 omnis
3309 3607 3461 3660 homo
3493 3607 3647 3660 veloa:
3675 3606 3750 3659 ad

2049 3696 2400 3760 audiendum,
2434 3695 2628 3747 tardus
2670 3694 2745 3747 ad
2795 3693 3117 3763 loquendum
3156 3698 3204 3746 et
3260 3694 3452 3747 tardus
3482 3694 3557 3747 ad
3586 3695 3744 3746 iram.

2052 3786 2183 3851 (Jac.
2227 3786 2288 3853 1).
2346 3785 2408 3837 Et
2464 3784 2633 3852 paulo
2688 3788 2862 3851 post:
2926 3782 2981 3834 ln
3038 3781 3448 3834 mansuetudine
3495 3783 3751 3849 suscipite

2050 3875 2273 3926 insitum
2321 3870 2557 3936 verbum,
2611 3870 2755 3937 quod
2806 3872 2978 3936 potest
3031 3869 3244 3921 sulcare
3301 3869 3514 3921 animas
3544 3873 3750 3921 vestras

2053 3959 2244 4029 (Ibid.)
2278 3960 2339 4013 In
2373 3957 2691 4012 Proverbiis
2726 3972 2954 4027 quoque
2983 3955 3191 4009 dicitur
3218 3970 3229 4010 :
3261 3956 3465 4010 Vidisti
3485 3956 3751 4009 hominem

2049 4050 2273 4102 velocem
2302 4047 2376 4101 ad
2404 4045 2755 4116 loquendeum
2783 4046 2810 4099 ?
2838 4046 3074 4099 stultitia
3121 4047 3295 4111 magis
3327 4044 3600 4114 speranda
3651 4050 3750 4111 est,

2052 4154 2213 4208 quam
2233 4139 2487 4192 correctio
2517 4136 2660 4189 illius
2693 4137 2868 4205 (Prov.
2898 4134 3065 4202 XXIX).

2757 4259 2980 4313 CAPUT
3022 4258 3110 4312 VI.

2121 4369 2282 4423 Vens.
2312 4372 2360 4422 l.
2390 4398 2459 4407 —
2487 4366 2668 4421 Nolite
2700 4367 2846 4432 ﬁeri,
2898 4370 3004 4419 etc.
3060 4365 3243 4434 (ΗΑΒ.)
3277 4364 3395 4419 Vim
3429 4382 3577 4420 veras
3617 4367 3750 4420 cha-

2050 4458 2239 4512 ritatis
2296 4456 2565 4524 ostendit,
2615 4461 2747 4522 etc.,
2788 4471 2957 4524 usque
3012 4453 3086 4507 ad
3143 4453 3414 4508 allidetur
3459 4455 3638 4508 virtus
3668 4455 3749 4525 ip-

2050 4548 2187 4602 sius.

2125 4636 2282 4689 Vens.
2320 4635 2372 4688 4.
2407 4664 2474 4673 -
2514 4635 2774 4701 Nequam.
2812 4634 2980 4687 Bonas
3004 4632 3312 4686 voluntatis
3342 4633 3593 4688 succedit
3616 4635 3750 4688 boni

2050 4724 2242 4794 operis
2273 4723 2509 4790 fructus,
2542 4728 2597 4775 et
2654 4722 2951 4775 malitiosa:
2981 4720 3161 4774 menti
3217 4721 3356 4774 nihil
3406 4724 3747 4793 prosperita-

2051 4813 2139 4866 tis.
2170 4813 2225 4866 Si
2258 4812 2410 4865 enim
2431 4812 2579 4865 desit
2598 4810 2908 4876 charitatis,
2936 4810 3140 4863 frustra
3156 4825 3389 4880 operam
3419 4812 3608 4865 virtuti
3642 4812 3749 4865 im-

2049 4900 2251 4972 pendis
2283 4916 2296 4965 ;
2329 4900 2479 4953 unde
2512 4915 2525 4951 :
2579 4900 2688 4964 Qui
2734 4900 2791 4951 in
2823 4913 2927 4951 uno
2974 4897 3218 4965 offendit,
3255 4902 3491 4954 omnium
3522 4916 3646 4955 reus
3674 4908 3751 4955 est

2060 4992 2177 5054 Jac,
2226 4990 2312 5058 ιι).
2338 4989 2421 5054 Et,
2452 4990 2503 5041 ei
2568 4988 2665 5055 qui
2710 5002 2815 5041 non
2847 4987 3024 5053 habet,
3054 4993 3103 5041 et
3134 4989 3229 5042 hoc
3271 4988 3416 5057 quod
3450 4990 3627 5058 habet,
3657 5007 3749 5044 au-

2048 5082 2255 5147 feretur
2284 5078 2421 5131 abeo
2442 5076 2588 5146 (Luc.
2624 5075 2763 5145 χιχ).

2124 5167 2296 5221 Vens.
2330 5168 2381 5220 6.
2414 5196 2483 5205 —
2516 5166 2673 5219 Multi
2718 5167 2959 5234 paciﬁci,
2987 5169 3092 5219 etc.
3152 5165 3292 5220 Cum
3344 5166 3611 5221 omnibus
3641 5185 3746 5239 pax

2050 5260 2133 5308 est
2186 5254 2472 5320 habenda,
2523 5258 2795 5323 quantum
2858 5254 3137 5324 permittit
3192 5261 3387 5309 nostra
3452 5256 3746 5327 fragilitas,

2051 5344 2147 5399 sed
2181 5360 2297 5397 non
2327 5358 2455 5397 cum
2493 5343 2688 5397 multis
2741 5344 3059 5409 consilium,
3117 5344 3253 5414 quia
3308 5344 3583 5415 scriptum
3615 5354 3696 5402 est
3733 5365 3747 5403 :

2048 5431 2421 5489 Misericordes
2467 5438 2747 5500 vocantur,
2789 5434 2966 5487 virum
3017 5437 3192 5487 autem
3238 5432 3457 5501 fidelem
3488 5438 3612 5503 quis
3664 5440 3749 5490 in-

2048 5520 2274 5576 veniet?
2306 5520 2482 5590 (Prov.
2512 5523 2631 5591 xx.)
