4074 6186
388 274 512 326 1191

1036 264 1429 322 WALAFRIDI
1471 263 1716 320 STRABI
1759 263 1962 318 FULD.
2007 261 2172 319 MON.
2211 261 2364 318 OPP.
2409 261 2586 317 PARS
2625 263 2668 318 l.
2709 291 2778 302 --
2815 260 3273 318 THEOLOGICA.

3753 265 3885 317 1192

453 397 614 451 Vens.
655 399 710 449 '7.
759 423 827 434 —-
881 394 941 449 Si
984 391 1228 462 possides
1280 391 1506 454 amicus,
1561 392 1666 442 etc.
1719 386 1912 458 (Rea)
1970 385 2151 440 PerA
2260 386 2418 441 Vens.
2457 385 2506 440 4.
2547 415 2616 425 -
2667 385 2849 454 Neque
2878 399 3064 451 arege
3121 383 3439 438 cathedram
3491 383 3730 440 honoris.
3765 384 3889 438 Non

384 485 630 540 diversas
679 482 892 554 species
960 481 1129 534 falsos
1193 477 1407 532 amicos
1453 477 1802 547 exprimens,
1849 475 2082 530 tandem

387 573 456 628 ad
498 588 693 627 verum
752 569 1008 643 pervenit
1046 567 1294 622 amicum
1328 583 1342 620 :
1375 565 1510 637 quia
1561 566 1725 619 multi
1781 563 1991 618 amicos
2025 579 2083 616 se

389 678 510 717 esse
539 660 883 732 proﬁtentur
910 659 970 712 in
1015 656 1325 727 prosperis,
1359 661 1416 709 et
1471 654 1685 708 inimici
1715 661 1996 724 apparent
2023 651 2083 707 in

388 750 653 806 adversis.
684 747 876 802 Unde:
911 748 972 803 Si
999 746 1373 800 humiliaverit
1415 759 1470 798 se
1499 748 1686 798 contra
1715 748 1782 809 te,
1833 747 1937 797 etc.

452 839 611 892 Vens.
650 839 730 891 13.
768 867 834 876 -
885 834 1137 890 Attende.
1192 832 1376 904 (ΗΑΒ.)
1427 832 1488 886 1d
1536 835 1642 897 est,
1676 829 2082 885 discretionem

381 926 548 994 habe,
579 929 709 989 etc.,
740 939 909 992 usque
929 923 1003 977 ad
1027 940 1040 977 :
1082 926 1219 989 Rogo
1248 925 1426 975 autem
1472 936 1585 988 vos,
1633 921 1862 986 fratres,
1894 923 1954 972 ut
1985 918 2083 972 ob-

380 1017 607 1070 servetis
674 1029 759 1069 eos
825 1015 924 1082 qui
968 1012 1324 1067 dissensiones
1380 1015 1430 1064 et
1480 1008 1808 1078 offendicula
1863 1009 2084 1075 faciunt

382 1102 555 1174 (Rom.
591 1102 722 1172 xv1).

455 1193 616 1246 Vens.
653 1193 736 1245 14.
781 1220 850 1230 -
897 1190 1122 1245 Amicus
1174 1190 1357 1256 fortis.
1408 1186 1638 1242 Amicus
1688 1185 1897 1240 amoris
1953 1201 2084 1239 con-

383 1297 526 1343 sors,
561 1280 652 1334 cui
706 1279 784 1334 sic
843 1278 1102 1333 animum
1156 1282 1321 1332 tuum
1389 1276 1612 1347 applica
1645 1281 1706 1329 ut
1760 1291 1828 1329 ex
1859 1274 2083 1329 duobus

383 1385 563 1424 unum
616 1368 735 1431 ﬁat,
787 1369 879 1422 cui
936 1371 991 1421 te
1047 1371 1324 1436 tanquam
1384 1365 1485 1419 tibi
1535 1364 1879 1432 committas,
1913 1379 2083 1435 aquo

382 1458 528 1512 nihil
580 1459 812 1512 timeas:
876 1463 932 1511 et
972 1456 1117 1510 nihil
1179 1455 1547 1508 inhonestum
1605 1459 1785 1524 petas.
1842 1441 1966 1506 Non
2000 1457 2084 1506 est

383 1545 534 1600 enim
568 1545 818 1599 amicitia
848 1544 1154 1614 vectigalis,
1204 1543 1302 1596 sed
1359 1543 1530 1612 plena
1586 1540 1802 1594 decoris
1835 1557 1848 1606 ;
1884 1539 2035 1593 unde
2066 1556 2078 1592 :

2192 479 2378 545 potest
2417 491 2614 529 excere
2643 490 2788 544 opus
2833 473 2978 543 justi
3032 472 3348 543 regiminis,
3383 472 3482 544 qui
3542 473 3885 527 sententiam

2190 563 2448 634 neglexit
2474 580 2622 618 vera
2669 563 2937 633 pietatis;
2971 561 3121 616 unde
3156 577 3172 615 :
3202 563 3367 628 Reges
3419 564 3664 629 gentium
3709 561 3885 616 domi-

2189 657 2394 707 nantur
2420 667 2620 717 eorum,
2668 666 2761 706 vos
2813 654 2992 705 autem
3043 666 3147 704 non
3183 653 3283 716 sic,
3317 649 3414 704 sed
3442 652 3541 719 qui
3586 651 3768 718 major
3814 655 3888 704 est

2190 744 2248 795 in
2279 741 2449 809 vobis,
2481 742 2618 795 sicut
2645 743 2821 794 minor
2854 739 3009 807 (Luc.
3044 739 3200 808 xxn).

2262 831 2432 886 Vens.
2469 833 2520 884 5.
2584 861 2653 869 —
2701 830 2967 895 Quoniam
3015 832 3235 896 agnitor
3283 827 3449 882 Nulla
3502 826 3880 898 prasumptio

2189 918 2589 990 perniciosior,
2651 934 2823 988 quam
2863 917 2932 972 de
2961 917 3194 988 propria
3223 916 3459 987 justitia,
3493 920 3592 970 aut
3648 915 3883 970 scientia

2190 1007 2526 1078 superbire;
2558 1007 2747 1061 unde:
2803 1008 2923 1063 Non
2972 1011 3050 1061 est
3087 1008 3238 1060 homo
3282 1021 3444 1075 super
3512 1011 3737 1071 terram,
3797 1008 3890 1074 qui

2188 1100 2366 1164 faciat
2408 1099 2620 1164 bonum,
2709 1101 2760 1150 et
2821 1112 2928 1151 non
2969 1103 3146 1166 peccet
3197 1095 3360 1166 (Eccl.
3413 1094 3534 1165 vn).
3565 1095 3632 1150 Et
3704 1095 3884 1150 alibi:

2197 1187 2404 1242 Vidisti
2451 1187 2713 1240 hominem
2765 1187 3064 1254 sapientem
3105 1186 3213 1240 sibi
3249 1185 3450 1248 videri,
3483 1189 3533 1239 et
3588 1186 3768 1254 magis
3798 1185 3890 1238 illo

2191 1291 2337 1346 spem
2364 1275 2522 1329 habet
2550 1276 2748 1330 stultus
2779 1275 2958 1339 (Prov.
2975 1273 3160 1347 ,xxw).

2266 1365 2424 1418 Vens.
2461 1365 2514 1417 6.
2559 1393 2614 1402 —
2668 1363 2793 1418 Noli
2841 1377 3076 1432 quaerere
3121 1361 3460 1432 ﬁerijudem,
3523 1364 3637 1416 nisi
3683 1363 3912 1428 valeas“

2196 1453 2372 1507 Debet
2401 1452 2644 1523 quisque
2693 1451 2956 1522 proprias
3010 1451 3249 1506 virtutes
3289 1451 3668 1521 perpendere,
3699 1456 3758 1503 et
3784 1467 3889 1520 pro

2193 1540 2513 1612 quantitate
2536 1540 2744 1594 virium
2773 1556 2969 1594 curam
3000 1539 3242 1594 aliorum
3281 1541 3566 1611 suscipere
3598 1555 3611 1593 :
3645 1555 3715 1592 nc
3753 1539 3888 1592 dum

388 1635 493 1690 Vos
537 1637 698 1688 amici
743 1635 848 1688 mei
910 1636 1058 1696 estis,
1117 1635 1166 1686 si
1220 1633 1458 1698 feceritis
1504 1646 1622 1699 qua
1675 1645 1766 1698 ego
1820 1631 2083 1699 pracipio
2117 1665 2155 1719 Β
2196 1630 2510 1684 delectatur
2540 1631 2663 1683 loco
2695 1629 2915 1700 gloria,
2941 1629 3043 1682 ﬁat
3073 1628 3316 1682 subditis
3360 1633 3559 1682 auctor
3588 1627 3805 1692 ruina;
3837 1634 3893 1681 et

383 1723 534 1777 vobis
567 1725 744 1790 (Joan.
793 1726 904 1787 xv),
939 1727 1045 1775 etc.
1083 1721 1248 1775 Dedit
1296 1719 1460 1774 nobis
1514 1719 1788 1772 Dominus
1837 1718 2084 1772 formam

385 1811 651 1864 amicitia
681 1827 854 1881 quam
890 1825 1220 1880 sequamur,
1261 1813 1326 1862 ut
1349 1807 1624 1862 faciamus
1655 1807 1826 1860 amici
1882 1808 2084 1860 volun-

381 1902 580 1963 tatem,
632 1897 958 1968 aperiamus
1015 1897 1067 1950 ei
1125 1901 1358 1961 secreta,
1393 1901 1450 1950 et
1497 1895 1618 1964 ipse
1651 1895 1814 1948 nobis
1843 1912 1856 1962 ;
1891 1895 2082 1949 unde:

388 1988 492 2042 Vos
553 1992 728 2040 autem
787 1985 911 2038 dimi
966 1985 1181 2051 amicos,
1243 1986 1376 2053 quia
1439 1987 1620 2038 omnia
1677 1999 1795 2053 qua
1845 1984 2090 2037 audivia

390 2075 545 2128 Patre
569 2089 700 2139 meo,
723 2079 853 2126 nota
880 2075 988 2139 feci
1031 2073 1180 2126 vobis
1212 2071 1417 2142 (Ibid)

456 2164 626 2218 Vens.-
684 2165 766 2216 16.
816 2193 882 2201 -
937 2163 1164 2216 Amicus
1214 2161 1415 2226 ﬁdelis.
1498 2161 1826 2215 Secundum
1908 2161 2088 2215 Deum

385 2251 612 2305 scilicet.
666 2251 764 2304 Hic
800 2251 868 2304 ad
922 2251 1403 2304 medicamentum
1462 2250 1589 2303 vita
1619 2255 1848 2303 aterna
1897 2249 2088 2303 inim-

384 2339 746 2395 mortalitatis
792 2339 1130 2402 necessaria,
1187 2354 1317 2392 cum
1383 2339 1567 2393 amico
1633 2343 1882 2394 tractat:
1935 2338 2088 2393 unde

384 2429 578 2484 Cicero
635 2428 772 2482 dicit
826 2428 1139 2482 amicitiam
1219 2427 1450 2481 nonnisi
1508 2427 1656 2481 inter
1727 2427 1907 2481 bonos
1965 2443 2087 2481 esse

380 2533 568 2587 posse,
593 2521 648 2570 et
683 2517 859 2571 libera
925 2517 1094 2571 debet
1149 2532 1270 2570 esse
1327 2515 1597 2583 amicitia,
1632 2521 1689 2570 et
1743 2516 1814 2570 ad
1854 2532 2086 2571 omnem

379 2605 708 2661 felicitatem
733 2605 1016 2676 proclivis.

453 2695 611 2748 Vens.
651 2698 734 2748 17.
770 2723 835 2735 -
886 2694 990 2759 Qui
1042 2696 1192 2748 timet
1243 2695 1546 2748 Dominum.
1592 2692 1778 2763 (ΗΑΒ.)
1826 2694 2000 2747 Plena
2032 2698 2090 2748 et

381 2782 631 2854 perfecta
684 2781 947 2836 amicitia
1005 2782 1209 2852 gratia,
1268 2786 1392 2846 etc.,
1447 2796 1616 2851 usque
1671 2782 1746 2836 ad
1790 2787 1852 2837 ut
1880 2782 1948 2836 de
1978 2783 2088 2837 hoc

381 2871 600 2925 mundo
632 2870 831 2926 credas
863 2875 916 2924 te
945 2870 1202 2941 quotidie
1231 2870 1630 2941 migraturum.

2198 1719 2296 1790 qui
2328 1724 2598 1788 gravatur
2625 1718 2880 1790 pondere
2911 1733 3165 1784 suarum,
3189 1717 3322 1771 velit
3352 1716 3667 1788 ﬁerijudex
3686 1715 3893 1771 aliena-

2198 1825 2323 1862 rum
2355 1810 2671 1879 culparum.

2268 1899 2428 1952 Vens.
2461 1902 2512 1951 7.
2571 1928 2638 1936 —
2689 1899 2810 1953 Non
2861 1911 3041 1965 pecces
3069 1897 3129 1949 in
3174 1895 3598 1950 multitudinem.
3649 1893 3759 1958 Qui
3801 1911 3892 1948 ra-

2194 1986 2350 2040 tione
2376 1987 2570 2057 pollet,
2605 1991 2661 2040 et
2689 1986 2855 2040 liberi
2879 1985 3099 2039 arbitrii
3132 1989 3412 2055 potestate
3435 1983 3723 2053 pravalet,
3757 1983 3893 2036 sub-

2195 2076 2443 2132 ditorum
2473 2075 2782 2129 insolentia
2816 2091 2929 2129 non
2960 2079 3174 2145 peccet,
3232 2073 3328 2128 sed
3385 2078 3713 2126 constanter
3753 2071 3893 2126 resi-

2195 2170 2305 2219 stat
2325 2165 2528 2219 aliena
2556 2163 2857 2233 nequitia:
2903 2179 3007 2218 nec
3051 2179 3110 2216 se
3138 2167 3300 2233 putet
3352 2162 3589 2232 impune
3632 2176 3892 2231 peccare,

2194 2259 2240 2312 si
2293 2259 2675 2330 plurimorum
2707 2257 3021 2328 acquiescit
3048 2256 3359 2322 voluntati;
3393 2254 3548 2309 unde
3579 2269 3594 2310 :
3638 2255 3755 2308 Non
3811 2267 3894 2307 so-

2194 2349 2304 2403 lum
2334 2352 2510 2402 autem
2539 2351 2634 2417 qui
2662 2363 2725 2402 ea
2751 2349 2986 2414 faciunt,
3018 2345 3112 2400 sed
3143 2347 3242 2414 qui
3289 2345 3623 2400 consentiunt
3663 2345 3899 2410 facienti

2195 2437 2374 2507 (Rom.
2409 2436 2491 2506 1.),
2529 2440 2638 2490 etc.

2266 2527 2430 2580 Vens.
2496 2528 2579 2580 12.
2645 2554 2712 2566 --
2798 2525 2922 2578 Noli
3003 2539 3188 2577 amare
3260 2521 3614 2576 mendacium.
3707 2519 3894 2574 Omne

2193 2614 2557 2668 mendacium
2592 2613 2838 2679 malum;
2873 2615 2930 2665 et
2981 2609 3255 2682 proximis
3287 2609 3497 2664 inferre
3555 2607 3894 2662 scandalum

2194 2703 2581 2773 perniciosum
2613 2707 2713 2755 est.
2745 2701 2917 2755 Multo
2968 2699 3149 2768 magis
3202 2715 3339 2770 ergo
3391 2698 3578 2752 amico
3627 2697 3894 2751 fraudem

2194 2791 2406 2861 moliri,
2459 2791 2678 2846 crimen
2727 2789 3071 2852 imponere:
3127 2787 3398 2857 quoniam
3431 2785 3589 2839 testis
3646 2785 3894 2838 mendax

2193 2881 2433 2952 peribit;
2464 2879 2616 2934 unde
2667 2878 2725 2932 in
2757 2876 3077 2931 Proverbiis
3111 2892 3123 2930 :
3155 2877 3306 2931 Sicut
3351 2877 3570 2939 noxius,
3619 2875 3717 2942 qui
3761 2875 3895 2925 mit-

452 2961 615 3015 Vens.
641 2963 730 3014 27.
760 2990 825 2998 -
856 2961 918 3014 In
964 2961 1113 3014 omni
1137 2962 1316 3014 animo
1346 2965 1454 3014 tuo.
1510 2959 1695 3028 (ΗΑΒ.)
1728 2960 1926 3027 Corde,
1961 2976 2068 3014 non

2275 2971 2507 3036 sagittas
2538 2971 2597 3022 in
2624 2972 2865 3034 mortem,
2892 2969 2969 3021 sic
2998 2970 3094 3036 qui
3127 2964 3507 3032 fraudulenter
3537 2968 3687 3018 nocet
3720 2962 3899 3015 amico

381 3065 621 3120 corpore
678 3047 1064 3102 accedendum
1115 3051 1199 3101 est
1226 3049 1296 3101 ad
1354 3047 1718 3118 sapientiam,
1753 3053 1887 3116 etc.,
1913 3064 2082 3118 usque

383 3139 457 3194 ad
500 3137 790 3209 perceptio
843 3137 1093 3192 veritatis
1126 3154 1140 3204 ;
1171 3137 1369 3191 unde:
1427 3137 1565 3192 Hac
1619 3129 1696 3194 est
1742 3145 1919 3193 autem
1964 3142 2080 3194 vita

380 3232 581 3282 aeterna
618 3232 677 3282 ut
739 3229 1058 3294 cognoscant
1109 3231 1158 3281 te
1211 3228 1382 3282 solum
1430 3239 1616 3281 verum
1673 3228 1845 3282 Deum
1897 3229 2076 3298 (Joan.

381 3316 536 3383 xvii),
582 3321 688 3370 etc.

454 3406 614 3458 Vens.
667 3406 755 3458 33.
807 3433 874 3443 —
926 3405 1054 3465 Fili,
1097 3405 1148 3456 si
1195 3403 1511 3458 attenderis.
1567 3404 1752 3459 Monet
1779 3405 2077 3475 sapientia,

381 3495 448 3546 ut
476 3492 535 3546 in
597 3492 788 3546 divina
814 3492 939 3561 lege
988 3490 1213 3544 assidue
1256 3491 1623 3547 meditemur.
1666 3495 1918 3548 Primum
1950 3495 2081 3549 hor-

381 3585 537 3636 tatur
562 3584 625 3634 ut
654 3580 974 3646 discamus;
1005 3584 1154 3650 post,
1187 3585 1250 3634 ut
1288 3581 1542 3635 animam
1597 3581 1668 3637 ad
1699 3582 1806 3636 hoc
1837 3585 2084 3654 applice-

382 3684 533 3733 mus,
563 3666 819 3734 tandem,
853 3670 917 3721 ut
949 3667 1323 3734 inclinemus;
1357 3667 1612 3734 demum,
1639 3675 1700 3724 ut
1725 3670 2081 3740 diligentiam

385 3755 455 3810 ad
504 3756 856 3810 audiendum
913 3755 1304 3811 adhibeamus.
1339 3756 1431 3811 Sic
1479 3758 1632 3811 enim
1677 3758 1958 3829 sapientia
1988 3777 2080 3814 sa-

383 3843 637 3915 pientem
670 3860 791 3898 esse
819 3844 1119 3915 promittit.
1149 3846 1382 3899 Necesse
1405 3851 1488 3899 est
1517 3847 1692 3915 enim,
1721 3853 1782 3901 ut
1803 3847 1902 3919 qui
1936 3865 2083 3903 vera

385 3932 702 4004 sapientia,
736 3949 865 4004 qua
920 3933 1176 3987 Christus
1224 3939 1326 4002 est,
1380 3934 1729 4004 agnitionem
1779 3936 2080 4006 desiderat,

384 4021 634 4091 primum
661 4022 952 4076 catholicis
1005 4021 1293 4094 magistris
1327 4039 1384 4076 se
1427 4023 1721 4078 humiliter
1769 4025 1996 4094 subdat,
2029 4031 2086 4080 et

384 4124 584 4163 omnes
614 4110 847 4164 affectus
879 4109 1086 4165 anima
1118 4127 1236 4164 sua
1277 4111 1591 4182 disciplina
1621 4129 1839 4168 eorum.
1871 4115 2086 4170 Dehinc

2187 3061 2366 3126 (Prov.
2411 3055 2525 3127 xx).

2255 3146 2417 3198 Vens.
2458 3147 2541 3197 t5.
2573 3172 2644 3183 —
2675 3143 2800 3198 Noti
2853 3140 3105 3196 verbosus
3153 3154 3281 3195 esse.
3327 3136 3518 3203 Quasi.
3582 3134 3709 3190 Noli
3769 3151 3900 3188 sen-

2187 3249 2314 3288 sum
2347 3237 2508 3286 tuum
2545 3232 2766 3296 docere,
2829 3231 2961 3284 audi
3019 3228 3356 3300 sapientiam
3407 3225 3719 3280 seniorum.
3779 3224 3898 3277 Τιιο

2183 3323 2295 3377 tius
2353 3326 2437 3376 est
2481 3321 2634 3374 enim
2660 3320 2878 3382 audire,
2913 3335 3084 3389 quam
3117 3316 3314 3388 loqui;
3363 3314 3550 3368 unde:
3585 3313 3668 3368 Sit
3707 3315 3890 3366 omnis

2189 3413 2341 3466 homo
2368 3410 2524 3464 velox
2553 3407 2627 3462 ad
2670 3407 3023 3471 audiendum,
3083 3405 3276 3459 tardus
3320 3407 3499 3457 autem
3545 3401 3620 3455 ad
3669 3402 3898 3470 loquen-

2188 3499 2338 3566 dum,
2370 3504 2422 3554 et
2442 3497 2637 3552 turdus
2668 3497 2742 3550 ad
2771 3498 2911 3550 iram
2935 3496 3066 3565 (Jac.
3110 3498 3168 3563 1).

2258 3590 2378 3645 Non
2406 3586 2582 3641 oderis
2617 3585 2884 3639 laboriosa
2906 3599 3087 3653 opera.
3143 3580 3402 3636 Peccanti
3431 3577 3649 3634 homini
3707 3576 3900 3630 scien-

2188 3677 2269 3732 tia
2323 3676 2454 3732 data
2505 3679 2604 3737 est,
2666 3680 2728 3727 ut
2755 3674 2951 3728 labore
2983 3687 3260 3726 manuum
3313 3671 3596 3740 quareret
3646 3665 3759 3720 sibi
3813 3665 3899 3719 vi-

2191 3771 2378 3820 ctum:
2413 3764 2561 3819 unde
2601 3780 2616 3818 :
2649 3765 2716 3820 In
2735 3762 2930 3816 sudore
2972 3762 3155 3815 vultus
3186 3762 3266 3814 tui
3293 3760 3519 3814 vesceris
3544 3771 3687 3826 pane
3741 3755 3897 3824 (Gen.

2193 3855 2299 3924 111),
2326 3859 2434 3908 etC.

2262 3943 2418 3996 Vens.
2457 3943 2538 3995 l9.
2589 3968 2659 3981 —
2691 3940 2959 4006 Quoniam
3013 3937 3265 3992 vindicta
3324 3932 3532 4000 carnis,
3589 3936 3698 3986 etc.
3750 3931 3902 3996 Quia

2191 4047 2322 4086 caro
2354 4037 2738 4101 peccatorum,
2791 4043 2920 4098 qua
2970 4026 3191 4080 luxuria
3227 4023 3444 4089 deﬂuit,
3496 4022 3630 4093 igne
3680 4021 3900 4074 inferni

2191 4126 2248 4174 et
2273 4118 2561 4172 vermibus
2589 4115 2953 4179 cruciahitur,
3009 4114 3106 4167 ubi
3159 4111 3369 4166 vermis
3399 4125 3517 4164 nou
3544 4108 3816 4173 moritur,
3847 4112 3905 4161 et

383 4194 762 4252 intentionem
793 4199 977 4253 cordis
1007 4199 1075 4252 ab
1107 4199 1266 4253 omni
1294 4216 1464 4271 pravo
1492 4201 1776 4256 desiderio
1821 4210 2080 4260 avertens
2123 4229 2165 4284 ι)
2195 4205 2346 4277 ignis
2377 4221 2493 4260 non
2515 4203 2931 4274 exstinguitur:
2959 4201 3015 4255 in
3042 4215 3219 4254 verme
3240 4197 3480 4271 putredo
3504 4195 3816 4268 gehenna,
3840 4195 3899 4248 in

384 4284 454 4338 ad
487 4285 836 4341 audiendum
866 4287 1103 4342 verbum
1121 4288 1212 4342 Dei
1236 4289 1505 4344 adhibeat
1525 4290 1852 4360 diligenter,
1874 4297 2090 4348 caveat-

385 4389 496 4444 que
529 4379 593 4428 ut
651 4375 1082 4431 meditationem
1117 4377 1258 4447 legis
1299 4393 1413 4432 non
1461 4395 1565 4448 pro
1598 4385 1956 4438 terrenarum
1990 4401 2088 4441 re-

386 4479 515 4516 rum
549 4465 832 4532 mercvde,
895 4466 980 4518 vel
1029 4465 1211 4520 laudis
1274 4465 1566 4537 humana,
1619 4471 1716 4525 sed
1765 4487 1869 4542 pro
1908 4474 2086 4545 ipsius

386 4551 532 4605 boni
593 4567 787 4607 amore
837 4552 1154 4624 impendat,
1187 4557 1250 4608 ut
1307 4571 1458 4609 vera
1507 4557 1804 4626 sapientia
1837 4560 2086 4615 fructum

385 4639 683 4711 percipiat.

457 4729 626 4783 Vens.
656 4732 742 4784 35.
781 4759 838 4770 —
875 4731 936 4784 In
985 4732 1356 4793 multitudine,
1397 4733 1568 4797 Quasi
1602 4750 1614 4787 :
1651 4735 1730 4789 Ne
1761 4735 1838 4789 sis
1861 4737 2088 4808 sapiens

383 4817 489 4872 tibi
527 4817 654 4888 ipsi.
722 4819 800 4872 Ne
855 4820 1110 4874 contidas
1166 4822 1399 4892 proprio
1472 4821 1728 4894 ingenio,
1788 4825 2088 4882 hareticos

387 4907 672 4978 superbia
702 4906 877 4962 fastus
901 4909 1145 4964 maxime
1177 4910 1586 4981 supplantavit.

458 4997 623 5051 Vens.
659 4999 747 5052 38.
796 5027 866 5036 ——
916 4997 1220 5066 Cogitatum
1270 4999 1404 5052 habe
1457 5002 1519 5054 in
1554 5005 1860 5073 praceptis.
1903 5001 2086 5074 (ΗΑΒ.)

387 5083 585 5138 Merito
617 5083 701 5138 illi
753 5083 941 5151 datur,
1003 5089 1133 5152 etc.,
1189 5100 1356 5155 usque
1393 5087 1467 5141 ad
1523 5092 1580 5143 et
1639 5090 1867 5146 assidue
1896 5091 2086 5162 legem

387 5172 695 5227 meditatur
724 5177 783 5227 et
811 5188 985 5243 opere
1015 5173 1367 5244 exsequitur.

1096 5262 1320 5318 CAPUT
1368 5264 1478 5318 VII.

456 5350 572 5405 Non
598 5355 759 5405 metes
813 5365 876 5405 ea
925 5354 984 5404 in
1047 5352 1392 5421 septulplum.
1447 5353 1630 5424 (ΗΑΒ.)
1663 5355 1976 5410 Perfectam
2007 5357 2088 5410 ul-

387 5435 627 5504 tionem,
685 5442 816 5506 etc.,
872 5455 1038 5508 usque
1081 5440 1156 5495 ad
1184 5442 1432 5497 Assumit
1476 5449 1676 5514 septem
1703 5445 1837 5501 alios
1856 5448 2088 5516 spiritus

385 5527 667 5592 nequiores
692 5541 746 5580 se
784 5528 934 5590 (Luc.
972 5527 1070 5598 x1).

2196 4295 2321 4363 igne
2350 4295 2519 4348 ardor
2566 4293 2846 4362 signatur.
2885 4291 2982 4344 Vel
3029 4290 3246 4355 vermis,
3305 4291 3393 4341 est
3446 4301 3574 4339 sera
3603 4284 3894 4338 scelerum

2195 4382 2553 4454 panitentia,
2589 4397 2719 4454 qua
2750 4381 2807 4434 in
2837 4378 3140 4434 tormentis
3179 4374 3590 4430 conscientiam
3639 4378 3901 4445 peccato-

2195 4489 2324 4527 rum
2354 4471 2613 4526 mordere
2642 4485 2758 4524 non
2803 4473 3003 4536 cessat,
3035 4472 3100 4522 ut
3146 4465 3298 4537 ignis
3346 4464 3420 4518 sit
3465 4478 3634 4534 pana
3678 4461 3899 4516 extrin-

2195 4576 2356 4615 secus
2393 4559 2652 4627 saviens,
2709 4556 2916 4612 vermis
2962 4561 3156 4610 autem
3205 4553 3374 4609 dolor
3421 4551 3660 4606 interius
3729 4565 3900 4604 accu-

2195 4665 2342 4703 sans.

2267 4739 2427 4792 Vens.
2481 4738 2571 4790 20.
2619 4766 2687 4776 —-
2759 4735 2880 4790 Noli
2937 4733 3296 4803 praevaricari
3351 4733 3410 4785 in
3461 4731 3697 4783 amicum
3727 4743 3900 4796 pecu-

2194 4829 2362 4881 niam.
2407 4827 2593 4895 (RAn)
2638 4822 2794 4878 Multi
2823 4822 3122 4893 perierunt
3163 4835 3269 4891 pro
3317 4817 3573 4884 avaritia,
3613 4822 3742 4882 etc.,
3798 4830 3900 4870 us-

2196 4931 2297 4984 que
2317 4915 2390 4968 ad
2421 4931 2435 4968 :
2465 4916 2562 4983 qui
2589 4913 2706 4968 odit
2730 4927 2972 4979 munera,
2995 4913 3139 4964 vivet
3178 4911 3359 4977 (Prov.
3391 4909 3448 4974 1).

2265 5005 2438 5058 Vens.
2488 5005 2576 5056 21.
2635 5032 2706 5042 -
2739 5002 2940 5054 Gratia
2965 5001 3107 5054 enim
3135 4995 3489 5052 verecundia.
3534 4994 3746 5050 Oculus
3781 5008 3896 5046 non

2194 5093 2358 5160 vidit,
2390 5107 2494 5145 nec
2525 5090 2677 5144 auris
2704 5088 2936 5156 audivit,
2989 5103 3095 5142 nec
3139 5085 3200 5140 in
3232 5101 3331 5139 cor
3357 5082 3608 5138 hominis
3637 5080 3896 5136 ascendit

2196 5197 2326 5253 qua
2377 5179 2720 5251 praparavit
2789 5179 2937 5232 Deus
2993 5173 3364 5246 diligentibus
3415 5187 3495 5227 se.
3544 5171 3742 5225 Potest
3796 5183 3895 5240 per

2194 5271 2342 5326 hanc
2381 5267 2680 5324 mulierem
2711 5266 2993 5337 sapientia
3021 5263 3286 5334 intelligi.
3321 5277 3448 5332 qua
3476 5259 3614 5314 alibi
3643 5259 3894 5329 pretiosa

2196 5358 2511 5430 margarita
2578 5356 2810 5421 dicitur,
2874 5370 3048 5426 quam
3108 5350 3423 5424 spiritualis
3453 5347 3786 5419 negotiator
3811 5349 3894 5402 in-

2195 5447 2429 5500 veniens
2479 5445 2673 5500 vendit
2729 5444 2940 5511 omnia,
3000 5446 3057 5497 et
3084 5441 3225 5496 emit
3269 5454 3419 5494 eam.
3453 5437 3613 5493 Unde
3649 5437 3787 5491 Vive
3810 5440 3891 5491 vi-

2199 5541 2308 5588 tam
2351 5550 2469 5588 cum
2521 5532 2747 5588 muliere
2802 5546 2967 5601 quam
3010 5529 3288 5595 dilexisti;
3321 5525 3506 5592 quasi,
3547 5524 3889 5596 sapientiam
