4018 6176
167 251 307 303 1193

154 458 365 529 jugem
395 458 501 512 tibi
524 458 748 528 copula.

235 548 399 600 Vens.
456 549 523 599 22
580 576 647 584 -
712 546 829 601 Non
873 544 1040 598 laedas
1083 560 1319 600 servum.
1376 545 1637 609 Qualiter
1711 547 1859 600 servi

160 634 461 688 nutriendi
492 639 643 699 sunt,
673 639 867 703 aperte
911 638 1279 695 monstratur,
1342 634 1569 698 affectu,
1619 633 1856 702 scilicet,

160 723 417 777 ﬁliorum
450 738 553 787 pro
577 723 706 792 jure
734 726 991 787 naturas;
1028 726 1083 773 et
1112 721 1514 791 disciplinandi
1544 738 1649 792 pro
1698 738 1859 776 men-

162 812 235 865 tis
266 809 671 875 instabilitate;
704 809 857 863 unde
887 808 946 861 in
981 809 1370 879 sequentibus,
1401 812 1633 863 Cibaria
1663 814 1713 864 et
1738 813 1860 864 vir-

161 914 235 965 ga
266 903 317 951 et
343 912 475 951 onus
504 899 691 961 asino;
718 900 881 964 panis
900 901 949 950 et
980 897 1274 965 disciplina
1300 902 1349 951 et
1376 912 1509 965 opus
1538 913 1709 952 servo.

239 985 400 1038 Vens.
433 986 522 1037 23.
558 1014 622 1022 —
652 985 838 1053 Neque
866 986 1077 1052 inopem
1126 983 1468 1053 derelinquas
1520 987 1692 1039 illum.
1746 987 1859 1056 Op-

163 1089 434 1143 pressum
480 1072 751 1127 violentia
793 1073 1099 1127 servitutis.
1160 1074 1285 1127 Sive
1350 1077 1489 1128 enim
1535 1078 1697 1141 servi,
1747 1078 1861 1131 sive

161 1162 342 1223 liberi,
370 1176 547 1215 omnes
580 1164 635 1214 in
666 1161 878 1215 Christo
898 1176 1063 1214 unum
1084 1175 1267 1215 sumus
1287 1162 1332 1231 (1
1360 1163 1489 1215 Cor.
1526 1169 1638 1230 xu).

237 1250 400 1303 Vens.
433 1251 519 1302 26.
553 1278 621 1287 -
667 1248 843 1314 Filiae,
875 1253 982 1302 etc.
1036 1248 1189 1302 Sicut
1242 1249 1420 1302 bonos
1474 1265 1666 1303 servos
1723 1250 1862 1305 affe-

162 1340 291 1390 ctus
320 1336 573 1391 ﬁliorum
603 1336 913 1402 habendos,
946 1336 1024 1390 sic
1052 1336 1306 1403 ancillas,
1340 1337 1505 1407 quasi
1561 1338 1706 1393 ﬁlias
1760 1340 1858 1393 ha-

164 1423 386 1479 bendas
407 1442 526 1479 esse
556 1426 736 1491 docet,
773 1425 869 1479 sed
900 1440 1032 1479 cum
1081 1425 1377 1496 disciplina
1407 1442 1420 1480 :
1462 1427 1633 1493 unde,
1692 1430 1861 1483 Laeta

159 1515 359 1581 ﬁlium,
415 1519 465 1567 et
484 1517 765 1583 paventem
793 1518 841 1567 te
862 1514 1030 1579 faciet
1060 1529 1072 1567 :
1102 1514 1226 1567 lude
1268 1529 1385 1567 cum
1423 1529 1500 1579 eo,
1564 1520 1613 1567 et
1656 1518 1860 1569 contri-

158 1602 334 1655 stabit
363 1606 430 1655 te.
462 1603 579 1657 Non
609 1602 863 1656 arrideas
898 1602 1001 1667 illi,
1033 1616 1097 1655 ne
1144 1601 1343 1664 doleas,
1383 1606 1433 1656 et
1466 1604 1525 1655 in
1570 1605 1859 1658 novissimo

160 1690 544 1757 obstupescunt
572 1689 753 1743 dentes
787 1692 868 1743 tui
895 1690 1077 1757 (Eccli.
1111 1692 1259 1759 xxx).

237 1778 393 1830 Vens.
417 1778 506 1831 28.
540 1808 608 1816 —
639 1779 853 1831 Mulier.
901 1777 1269 1848 Conjugalem
1333 1778 1693 1832 commendat
1747 1794 1854 1849 pu-

158 1864 440 1931 dicitiam,
482 1881 778 1920 removens
828 1882 1059 1920 omnem
1115 1866 1510 1920 detestabilem
1566 1868 1850 1937 copulam.

158 1952 392 2022 Mystice
423 1959 615 2006 autem
646 1952 916 2007 admonet
947 1958 1009 2007 ut
1028 1954 1365 2008 catholicam
1397 1952 1565 2007 ﬁdem
1621 1954 1679 2007 in
1723 1970 1854 2008 vera

158 2040 463 2112 religione,
498 2057 673 2112 quam
726 2042 979 2110 primum
1019 2046 1150 2112 post
1205 2042 1477 2112 baptismi
1539 2043 1851 2112 perceptio-

161 2145 300 2183 nem
336 2129 520 2183 sortiti
568 2146 766 2183 sumus
811 2129 1054 2184 ﬁrmiter
1108 2134 1387 2197 tenentes,
1448 2131 1851 2186 haereticorum

160 2217 461 2289 perﬁdiam
494 2217 856 2288 abjiciamus.

234 2307 395 2360 Vens.
428 2309 515 2361 32.
546 2335 619 2347 -
660 2308 855 2375 Dilige,
891 2311 997 2361 etc.
1057 2307 1235 2376 (ΗΑΒ.)
1294 2306 1580 2362 Timorem
1635 2307 1737 2362 Dei
1798 2312 1855 2362 et

157 2410 441 2463 amorem,
470 2399 601 2459 etc.,
650 2410 819 2464 usque
848 2395 922 2448 ad
952 2394 1088 2466 quia
1136 2394 1382 2449 charitas
1435 2398 1623 2465 operit
1654 2397 1852 2451 multi-

154 2483 421 2538 tudinem
449 2486 830 2552 peccatorum.

235 2571 412 2627 Vens.
447 2572 532 2626 35.
558 2600 625 2609 —
658 2571 859 2623 Datum
889 2570 1250 2624 brachiorum.
1280 2569 1551 2640 Superius
1606 2586 1713 2639 pro
1766 2570 1853 2624 his

158 2674 290 2729 qua
337 2659 656 2712 offeruntur
708 2657 984 2711 ministris
1040 2657 1140 2710 Dei
1170 2657 1433 2727 promisit
1489 2662 1851 2727 peccatorum

156 2748 567 2818 purgationem
602 2763 614 2800 :
650 2761 801 2800 nunc
822 2750 1016 2800 autem
1045 2761 1148 2815 pro
1181 2745 1558 2815 eleemosynis
1622 2746 1850 2799 veniam

157 2840 217 2889 et
279 2832 694 2888 benedictionis
720 2831 985 2903 gratiam,
1024 2831 1158 2901 quia
1188 2831 1332 2884 sicut
1365 2847 1513 2902 aqua
1542 2831 1853 2902 exstinguit

156 2924 380 2995 ignem,
406 2922 486 2976 ita
506 2922 867 2991 eleemosyna
897 2919 1208 2989 exstinguit
1238 2926 1487 2990 peccata.

232 3012 402 3068 Vens.
430 3016 516 3066 37.
541 3041 611 3050 —
640 3013 711 3065 Et
740 3015 974 3065 mortuo.
1014 3008 1099 3062 Ad
1132 3010 1552 3079 eleemosynam
1598 3008 1852 3078 pertinet

157 3102 459 3172 sepultura
490 3104 867 3161 mortuorum,
910 3097 1094 3151 multo
1144 3097 1328 3167 magis
1372 3112 1507 3167 ergo
1537 3097 1852 3151 consolatio

166 3189 431 3242 vivorum
472 3204 486 3241 :
518 3187 673 3241 unde
706 3188 914 3241 Paulus
949 3186 1112 3239 docet
1140 3185 1390 3256 gaudere
1419 3200 1548 3239 cum
1593 3185 1850 3254 gauden-

164 3276 341 3343 tibus,
370 3275 507 3330 ﬂere
542 3291 672 3329 cum
710 3273 998 3327 ﬂentibus.
1040 3273 1309 3327 Probitio
1342 3272 1660 3327 dilectionis
1690 3272 1851 3327 exhi-

158 3365 303 3419 bitio
334 3369 419 3419 est
448 3364 638 3435 operis
673 3380 685 3417 :
725 3362 895 3428 unde,
937 3363 1041 3428 Qui
1066 3362 1314 3416 habuerit
1358 3363 1719 3416 substantiam
1752 3364 1852 3416 hu-

155 3455 252 3522 jus
282 3453 492 3518 mundi,
524 3456 575 3506 et
614 3452 816 3506 viderit
840 3453 1073 3517 fratrem
1116 3466 1273 3504 suum
1301 3466 1507 3505 necesse
1536 3451 1749 3518 habere,
1805 3454 1856 3505 et

174 3543 431 3595 clauserit
459 3544 669 3595 viscera
695 3555 795 3595 sua
827 3540 894 3593 ab
943 3554 1021 3605 eo,
1056 3538 1317 3609 quomodo
1348 3540 1590 3593 charitas
1621 3542 1719 3593 Dei
1738 3554 1853 3593 ma-

169 3634 263 3685 net
291 3632 349 3682 in
375 3631 466 3684 eo?
503 3627 553 3698 (Ι
569 3630 732 3684 Joan.
758 3628 867 3698 ιιι.)

808 3770 1033 3825 CAPUT
1073 3770 1235 3831 VIII..

238 3895 400 3949 Vens.
442 3898 496 3951 1.
533 3924 607 3936 -
633 3896 753 3952 Νοη
782 3895 957 3961 litiges
983 3910 1101 3948 cum
1140 3894 1351 3947 homine
1393 3896 1623 3961 potente.
1674 3891 1856 3962 (ΗΑΒ.)

160 3984 444 4055 Superbo.
480 3984 660 4049 Unde,
720 3984 842 4039 Non
888 3981 1215 4051 respondeas
1256 3982 1421 4035 stulto
1456 3982 1623 4050 juxta
1672 3982 1853 4034 stulti-

161 4076 297 4127 tiam
321 4088 499 4137 suam,
532 4087 598 4126 ne
626 4073 887 4140 efﬁciaris
924 4073 974 4124 ei
1001 4070 1196 4124 similis
1242 4069 1420 4140 (Prov.
1478 4068 1623 4138 xxvn)
1654 4084 1667 4121 :
1720 4069 1855 4139 quia

160 4162 317 4216 inter
370 4160 647 4231 superbos
698 4176 925 4229 semper
958 4158 1149 4229 jurgia
1198 4164 1349 4225 sunt,
1387 4174 1613 4211 servum
1663 4164 1853 4212 autem
1886 4198 1929 4252 Β

164 4249 395 4305 Domini
425 4265 544 4303 non
564 4253 791 4319 oportet
813 4247 1056 4318 litigare.

238 4340 419 4393 Vens.
444 4340 504 4392 2.
552 4367 619 4377 —
667 4338 970 4406 Locuplete.
1027 4335 1134 4400 Qui
1193 4334 1444 4389 avaritias
1476 4334 1706 4389 aestibus
1759 4352 1853 4389 an-

160 4428 346 4482 helat.
386 4426 524 4479 Inde
554 4424 709 4479 enim
739 4426 1005 4478 oriuntur
1036 4423 1286 4489 invidiae,
1345 4423 1764 4490 contentiones,
1801 4429 1856 4478 et

159 4514 519 4585 hujusmodi,
549 4514 734 4569 Radix
757 4516 897 4567 enim
939 4516 1175 4568 omnium
1205 4511 1470 4567 malorum
1514 4516 1593 4567 est
1646 4513 1856 4582 cupidi-

160 4611 251 4659 tas
280 4604 328 4673 (1
375 4605 509 4657 Tim.
536 4602 632 4671 vi).

237 4692 403 4745 Vens.
454 4692 544 4745 13.
605 4720 674 4730 -
718 4691 838 4746 Νοη
880 4688 1136 4743 incendas
1190 4687 1463 4743 carbones.
1514 4688 1636 4758 (1ο.)
1697 4689 1855 4745 Unde

160 4781 513 4852 Apostolus:
563 4781 625 4835 Si
693 4784 1100 4849 przoccupatus
1146 4780 1319 4845 fuerit
1368 4780 1519 4833 homo
1572 4782 1629 4832 in
1671 4781 1856 4849 aliquo

161 4869 382 4933 delicto,
428 4881 521 4921 vos
566 4868 664 4935 qui
692 4866 1005 4935 spirituales
1052 4866 1200 4933 estis,
1242 4867 1496 4919 instruite
1546 4865 1860 4933 hujusmodi

158 4960 225 5012 in
248 4957 456 5024 spiritu
486 4955 722 5009 lenitatis
745 4954 884 5023 (Gal.
919 4953 1016 5023 γι).

235 5044 399 5097 Vens.
453 5046 536 5097 l5.
596 5071 657 5084 --
722 5044 846 5098 Noli
899 5043 1177 5107 faznerari.
1241 5040 1427 5109 (ΗΑΒ.)
1483 5039 1687 5095 Unde:
1724 5042 1857 5097 Bibe

156 5148 379 5203 aquam
410 5131 480 5185 de
508 5131 751 5185 cisterna
780 5136 896 5198 tua,
928 5134 983 5184 et
1040 5130 1253 5184 ﬂuenta
1296 5128 1458 5199 putei
1514 5130 1597 5183 tui
1649 5129 1857 5185 habeto

159 5222 350 5277 solus.

236 5310 400 5362 Vens.
458 5311 555 5362 l7..
604 5336 666 5348 —
719 5308 837 5363 Non
876 5307 1091 5376 judices
1148 5311 1334 5361 contra
1372 5306 1635 5375 judicem.
1686 5305 1859 5370 Quasi

154 5404 287 5455 esto
342 5396 627 5467 subjectus
684 5395 1005 5466 praepositis
1057 5400 1115 5450 et
1149 5395 1460 5466 judicibus,
1511 5393 1612 5465 qui
1663 5411 1862 5450 secun-

154 5489 307 5543 dum
347 5486 525 5539 Deum
549 5482 831 5555 judicant.

481 5590 753 5653 PATROL.
808 5590 1019 5653 CXIII.

1314 246 1568 304 GLOSSA
1604 247 2003 305 0RDINABIA.
2044 281 2112 291 —
2152 252 2279 308 LIB.
2322 251 2543 308 ECCLI.

163 385 430 440 sequere,
491 374 548 424 et
601 368 895 423 scientiam
926 368 1376 439 Scripturarum,
1406 374 1464 424 et
1509 370 1673 440 quasi
1727 387 1861 425 con-
1895 375 1941 426 Α

3531 260 3667 314 1194

2650 376 2876 432 CAPUT
2915 378 2979 432 IX

2036 482 2153 536 Non
2175 479 2309 535 zeles
2364 482 2661 549 mulierem,
2694 488 2801 537 etc.
2861 484 3047 553 (ΗΑΒ.)
3095 486 3265 539 Docet
3306 486 3663 557 pudicitiam.

1966 574 2097 633 etc.,
2127 584 2296 637 usque
2324 570 2396 623 ad
2427 586 2539 623 non
2580 570 2864 623 consentit
2884 571 3165 626 haereticos
3198 575 3483 643 pravitati.

2041 658 2199 710 Vens.
2257 660 2309 711 3.
2359 687 2427 698 —
2482 660 2761 713 Mulierem
2805 660 3161 713 multivolam.
3245 662 3659 720 Haereticorum

1963 745 2340 817 Synagogam,
2374 762 2503 817 qua:
2536 762 2633 816 per
2660 746 2908 801 diversos
2940 764 3161 802 errores
3186 750 3407 806 volitat.

2039 834 2210 888 Vens.
2246 835 2298 887 4.
2341 836 2563 890 —Cum
2583 836 2863 889 saltatrice
2891 852 2955 888 ne
3009 836 3263 892 assiduus
3315 842 3412 892 sis.
3479 841 3667 895 Hiere-

1966 921 2205 976 ticorum
2238 923 2424 988 turba,
2457 938 2585 992 quae
2613 939 2716 994 per
2758 923 3008 977 diversos
3067 941 3291 979 errores
3339 927 3567 993 dissilit,
3601 936 3665 983 ut

1966 1026 2139 1080 quem
2171 1011 2514 1080 eloquentia:
2566 1027 2684 1064 suae
2716 1017 3030 1065 amatorem
3056 1014 3419 1083 conspexerit
3476 1016 3545 1069 ad
3604 1033 3663 1071 se

1966 1100 2157 1152 trahat
2207 1099 2368 1168 quasi
2420 1099 2718 1165 meretrix;
2752 1100 2941 1154 unde:
3009 1103 3247 1155 lrretivit
3307 1117 3425 1156 eum
3478 1105 3664 1159 multis

1966 1182 2318 1249 sermonibus,
2362 1189 2413 1238 et
2464 1185 2748 1240 blanditiis
2800 1186 3067 1241 labiorum
3096 1190 3272 1243 traxit
3325 1204 3443 1243 eum
3467 1192 3659 1261 (Prov.

1967 1273 2086 1335 vn),
2116 1274 2220 1323 etc.

2042 1358 2200 1411 Vens.
2226 1361 2273 1412 5.
2306 1390 2375 1399 —
2411 1361 2688 1429 Virginem
2710 1377 2775 1415 ne
2812 1366 3139 1433 conspicias.
3205 1367 3409 1418 Averte
3465 1366 3661 1420 oculos

1968 1450 2116 1510 tuos,
2151 1462 2222 1500 ne
2272 1447 2502 1503 videant
2547 1451 2855 1504 vanitatem
2890 1467 2902 1505 :
2973 1468 3043 1506 ne
3076 1452 3249 1506 libeat
3305 1453 3501 1508 videre
3530 1470 3662 1525 quae

1968 1549 2080 1587 non
2104 1534 2233 1588 licet
2263 1538 2683 1607 concupiscere.
2716 1538 2939 1609 Mystice
2980 1545 3171 1595 autem
3197 1557 3313 1595 non
3384 1542 3662 1598 debemus

1968 1622 2233 1677 decorem
2282 1624 2625 1695 eloquentiae
2656 1626 2938 1681 haeretica).
2971 1644 3184 1695 amare,
3232 1646 3337 1683 nec
3366 1631 3661 1685 simulatas

1968 1711 2205 1765 virtutes
2235 1713 2547 1767 attendere.

2038 1797 2195 1851 Vens.
2223 1804 2275 1853 7.
2315 1826 2377 1837 -
2404 1802 2467 1855 In
2512 1804 2647 1856 vicis
2676 1804 2937 1870 civitatis,
3009 1810 3112 1860 etc.
3180 1807 3335 1861 Idem
3391 1808 3497 1861 sub
3551 1807 3663 1861 alia

1964 1884 2169 1954 ﬁgura.
2220 1887 2335 1941 Vici
2390 1889 2545 1943 enim
2591 1891 2851 1953 civitatis,
2914 1892 3314 1947 haereticorum
3374 1896 3661 1950 conventi-

1964 1975 2089 2026 cula
2113 1979 2245 2028 sunt
2285 1992 2297 2028 :
2331 1992 2460 2045 quas
2483 1993 2543 2029 se
2567 1994 2599 2030 a
2627 1978 2853 2032 civitate
2884 1985 3171 2050 separant,
3222 1981 3291 2035 de
3346 1998 3461 2053 qua
3520 1983 3660 2037 dici-

1963 2065 2102 2114 tur:
2154 2064 2405 2118 Gloriosa
2453 2065 2604 2119 dicta
2654 2072 2782 2120 sunt
2833 2067 2899 2120 de
2971 2074 3038 2135 te,
3088 2071 3281 2124 civitas
3334 2071 3441 2125 Dei
3483 2073 3654 2138 Psal.)

1963 2154 2198 2216 LXXXVI).

2033 2236 2195 2291 Vens.
2249 2239 2332 2291 14.
2392 2268 2460 2278 -
2512 2242 2590 2295 Ne
2633 2239 2977 2309 derelinquas
3035 2245 3287 2298 amicum.
3341 2245 3521 2315 Major
3574 2250 3660 2301 est

1962 2323 2173 2378 ﬁducia
2198 2342 2261 2378 ex
2290 2332 2448 2395 parte
2474 2328 2559 2381 rei
2588 2328 2854 2398 cognitas,
2884 2346 3055 2400 quam
3080 2332 3309 2402 ignotas.
3336 2334 3660 2388 Doctrinam

1963 2428 2195 2482 quoque
2244 2419 2568 2468 sanctorum
2600 2416 2833 2470 Patrum
2881 2433 2996 2471 non
3046 2418 3319 2473 debemus
3369 2420 3656 2475 declinare

1962 2504 2019 2553 et
2042 2500 2298 2553 novellos
2317 2502 2573 2557 doctores
2612 2504 2834 2561 audire.

2036 2589 2195 2642 Vens.
2261 2593 2345 2643 15.
2397 2620 2466 2632 -
2528 2593 2726 2647 Vinum
2772 2608 2985 2660 novum,
3036 2598 3142 2649 etc.
3201 2596 3390 2650 Novus
3452 2597 3655 2652 doctor

1960 2676 2188 2731 studere
2220 2677 2408 2743 debet,
2450 2684 2513 2734 ut
2550 2696 2749 2734 sanam
2778 2681 3093 2737 doctrinam
3146 2689 3202 2737 et
3260 2685 3658 2755 operationem

1962 2763 2206 2819 ﬁrmiter
2233 2767 2511 2838 percipiat
2541 2784 2554 2822 :
2586 2774 2640 2822 et
2670 2774 2869 2838 postea
2883 2770 2991 2824 sibi
3022 2776 3078 2825 et
3104 2772 3232 2825 aliis
3259 2773 3539 2843 proﬁciat.

2036 2852 2197 2907 Vens.
2244 2856 2331 2909 25.
2390 2884 2456 2895 -
2502 2858 2820 2923 Linguosus.
2878 2858 3213 2927 Haereticus,
3273 2861 3374 2932 qui
3430 2878 3660 2933 semper

1879 2920 1919 2975 ί)
1958 2943 2365 3011 contentiosus,
2386 2950 2443 2999 et
2462 2945 2591 2999 ideo
2607 2920 2840 3000 odibilis
2862 2947 2976 3002 Deo
3007 2952 3064 3002 et
3082 2920 3432 3004 hominibus.

2640 3080 2862 3134 CAPUT
2898 3081 2958 3135 X.

2040 3188 2201 3242 Vens.
2256 3188 2406 3238 l.—
2467 3183 2648 3238 Iudex
2705 3188 2945 3255 sapiens,
3026 3190 3132 3241 etc.
3197 3186 3379 3258 (ΗΑΒ.)
3451 3188 3656 3243 Factus

1961 3283 2049 3334 est
2100 3274 2454 3347 principatus
2500 3290 2672 3345 super
2750 3276 3059 3330 humerum
3105 3276 3245 3346 ejus.
3308 3277 3511 3331 Unde:
3564 3280 3657 3333 V2

1963 3371 2119 3422 terra
2148 3366 2303 3433 cujus
2357 3378 2455 3416 rea:
2490 3379 2627 3432 puer
2651 3368 2728 3417 est
2778 3365 2907 3431 (lsa.
2961 3362 3054 3433 ix),
3106 3362 3387 3431 diabolus,
3444 3365 3658 3420 scilicet

1964 3456 2065 3527 qui
2094 3468 2320 3523 semper
2340 3450 2529 3522 diligit
2543 3451 2839 3517 novitates,
2874 3457 2930 3506 et
2955 3451 3245 3522 principes
3278 3454 3440 3523 cujus
3468 3454 3656 3524 primo

1965 3560 2133 3599 mane
2185 3540 2517 3605 comedunt,
2567 3539 2625 3594 id
2668 3545 2770 3607 est,
2804 3545 2934 3593 ante
2988 3540 3141 3595 diem
3200 3541 3424 3608 mortis,
3469 3542 3657 3597 dicen-

1964 3640 2051 3689 tes
2093 3629 2523 3686 :Manducemus
2570 3633 2619 3683 et
2669 3628 2939 3696 bibamus,
2982 3644 3102 3683 cras
3163 3632 3306 3684 enim
3364 3633 3658 3685 moriemur

1967 3723 2095 3793 (lsa.
2125 3718 2283 3788 χχιι).

2036 3808 2195 3861 Vens.
2252 3808 2302 3858 5.
2351 3834 2423 3844 -
2480 3804 2654 3872 Super
2726 3803 2928 3870 faciem
2982 3805 3187 3859 scriba.
3236 3804 3356 3875 (Ιυ.)
3434 3805 3657 3875 Lingua

1965 3911 2095 3950 mea
2140 3894 2392 3948 calamus
2440 3892 2659 3957 scribae,
2694 3892 2960 3945 velociter
2988 3892 3309 3960 scribentis,
3342 3893 3477 3964 quia
3534 3895 3654 3949 vice

1967 3999 2068 4037 sua
2100 3980 2272 4036 mittit
2301 3980 2371 4034 ad
2404 3978 2853 4051 praedicandum.

2038 4073 2197 4125 Vens.
2231 4072 2281 4124 8.
2318 4099 2384 4109 ——
2413 4072 2652 4135 Regnum
2683 4084 2717 4121 a
2763 4072 2935 4135 gente.
2965 4068 3149 4138 (ΗΑΒ.)
3196 4071 3310 4124 Hoc
3367 4070 3483 4125 fere
3528 4088 3653 4127 om-

1966 4176 2068 4214 nes
2094 4163 2225 4228 etc.,
2255 4173 2425 4227 usque
2462 4157 2535 4211 ad
2564 4173 2577 4210 :
2607 4159 2887 4223 auferetur
2917 4172 2949 4211 a
3005 4158 3155 4212 vobis
3198 4174 3421 4226 regnum
3448 4162 3566 4227 Dei,
3602 4167 3657 4217 et

1968 4248 2196 4303 dabitur
2223 4248 2373 4313 genti
2393 4247 2623 4312 facienti
2664 4246 2907 4309 fructum
2940 4247 3056 4315 ejus
3085 4246 3302 4314 (Matth.
3338 4252 3470 4314 xxx).

2036 4338 2194 4390 Vens.
2246 4338 2298 4389 9.
2338 4364 2407 4373 -—
2430 4335 2634 4388 Avaro.
2667 4335 2797 4387 Post
2818 4334 3193 4388 mutationem
3225 4335 3389 4406 regni
3419 4336 3539 4405 agit
3584 4336 3655 4391 de

1964 4424 2231 4489 avaratia,
2264 4438 2368 4493 pro
2414 4438 2527 4492 qua
2563 4438 2646 4475 V18
2676 4421 2971 4491 regiminis
3003 4422 3247 4476 maxime
3294 4424 3607 4493 negligitur
3639 4440 3654 4478 :

1968 4513 2150 4569 Radix
2168 4515 2310 4566 enim
2351 4512 2595 4567 omnium
2625 4511 2889 4565 malorum
2928 4510 3207 4579 cupiditas
3266 4513 3318 4581 (Ι
3362 4514 3496 4566 Tim.
3552 4513 3653 4583 Vl).

1963 4600 2274 4656 Avaritiam
2306 4604 2498 4653 autem
2522 4598 2792 4669 superbia
2834 4598 3157 4667 comitatur,
3191 4600 3362 4667 unde,
3411 4601 3657 4671 Przcipe

1965 4689 2227 4744 divitibus
2258 4704 2364 4743 non
2394 4689 2566 4742 altum
2586 4703 2775 4756 sapere
2800 4687 3009 4753 (Ibid).

2037 4779 2199 4831 Vens.
2238 4780 2320 4831 12.
2367 4807 2435 4815 ——
2466 4777 2660 4831 Etrex
2692 4775 2850 4829 hodie
2895 4781 2993 4830 est.
3050 4777 3302 4837 Potestas
3332 4781 3387 4831 et
3441 4777 3655 4851 divitia;

1966 4882 2083 4920 non
2107 4869 2347 4937 possunt
2365 4865 2711 4936 prolongare
2751 4864 2945 4918 vitam.
2981 4864 3203 4917 Positus
3242 4870 3327 4918 est
3374 4864 3655 4919 terminus

1967 4954 2069 5027 qui
2111 4954 2394 5025 praeteriri
2452 4968 2567 5006 non
2619 4955 2823 5022 potest.
2891 4952 3223 5006 Jucunditas
3281 4951 3467 5006 carnis
3522 4968 3657 5007 con-

1965 5047 2219 5099 vertetur
2243 5042 2305 5097 in
2357 5041 2721 5112 putredineni
2780 5045 2837 5095 et
2892 5040 3139 5106 tmtores,
3200 5046 3257 5095 et
3316 5042 3546 5095 tandem
3599 5041 3659 5095 in

1968 5146 2211 5185 vermes.
2262 5128 2488 5200 Mystice
2540 5132 2733 5182 autem
2782 5128 2977 5194 homo,
3032 5128 3131 5198 qui
3184 5128 3241 5181 in
3292 5129 3533 5199 peccatis
3571 5130 3659 5184 vi-

1966 5218 2049 5273 vit
2093 5224 2151 5272 et
2193 5234 2307 5271 non
2359 5215 2667 5287 resipiscit,
2724 5216 3004 5270 morietur
3037 5221 3252 5270 aeterna
3319 5223 3540 5273 morte:
3602 5224 3661 5273 et

1967 5306 2259 5362 diabolum
2300 5310 2625 5375 serpentem
2686 5304 2989 5376 antiquum
3048 5310 3103 5357 ct
3146 5305 3354 5359 bestias
3403 5308 3545 5378 ejus,
3601 5308 3658 5363 id

1969 5400 2073 5461 est,
2107 5395 2397 5449 daemones
2428 5409 2539 5446 non
2574 5394 2797 5448 evadet.

2041 5484 2198 5537 Vens.
2240 5484 2317 5536 l-i.
2354 5483 2665 5535 —Initium
2694 5482 2983 5553 superbiae.
3014 5482 3134 5536 Non
3183 5486 3269 5535 est
3297 5482 3448 5537 enim
3483 5483 3664 5554 major

3158 5594 3240 5651 38
