4074 6186
418 231 554 284 H95

1161 230 1550 285 WALAFRIDI
1593 183 1836 284 STBADI
1876 228 2076 283 FULD.
2121 227 2280 284 MON.
2324 229 2497 284 PARS
2537 229 2577 282 I.
2621 258 2687 267 ---
2727 228 3191 284 THEOLOGICA.

3788 231 3919 281 1196

413 350 698 422 apostasia
713 366 887 422 quam
914 355 1232 404 creaturam
1260 367 1292 403 a
1317 350 1585 404 Creatore
1631 350 1920 418 recedere,
1977 365 2107 420 quae
2137 351 2182 402 Α
2222 349 2460 404 nuribus
2491 349 2796 403 mundanis
2823 364 2940 403 non
2961 353 3046 403 est
3068 347 3534 419 superbiendum,
3560 349 3700 419 quia
3723 351 3925 402 transit

412 440 618 516 merito
671 439 972 494 ascribitur
1023 438 1326 508 superbiai.
1403 437 1686 508 Superbia
1736 439 1890 492 enim
1951 443 2038 490 est
2069 435 2118 489 si

416 532 674 582 creatura
740 527 873 581 velit
918 526 1135 597 aequari
1191 525 1464 580 Creatori.
1497 527 1628 580 Haec
1666 530 1723 579 et
1772 525 2006 579 diabolo
2064 528 2122 578 et

418 613 640 668 homini
717 612 825 666 fuit
880 612 1115 664 initium
1168 611 1557 681 perditionis;
1624 611 1798 677 unde,
1857 611 2120 676 Quoniam

419 703 638 755 initium
658 703 830 754 omnis
856 701 1066 768 peccati
1086 703 1166 753 est
1192 699 1470 768 superbia.
1532 698 1802 763 Quamvis
1843 698 1981 752 alibi
2030 697 2118 751 di-

420 795 580 843 catur
609 807 626 841 :
659 787 842 844 Radix
869 789 1107 841 omnium
1124 788 1404 858 {malorum
1449 787 1728 856 cupiditas
1752 788 1800 851 (ι
1853 785 1989 840 Tim.
2019 788 2113 850 νι).

420 878 541 931 Νοη
596 885 679 930 est
726 875 1011 945 cupiditas
1063 876 1186 929 sine
1243 875 1530 946 superbia,
1585 891 1751 929 nemo
1808 875 1962 928 enim
2015 889 2118 927 su-

419 965 629 1036 perbus
660 963 770 1018 nisi
798 963 1042 1034 cupidus
1094 971 1150 1017 et
1179 979 1505 1018 econverso.
1563 964 1639 1017 De
1695 962 1962 1033 superbia
2017 977 2119 1014 na-

419 1057 656 1106 scuntur
713 1053 980 1118 hmreses,
1043 1051 1371 1116 schismata,
1427 1051 1825 1116 detractiones,
1879 1049 2118 1116 invidia,

423 1141 752 1206 verbositas,
828 1140 1121 1210 jactantia,
1168 1139 1563 1194 contentiones
1647 1144 1704 1192 et
1767 1137 2120 1209 hujusmodi,

424 1245 554 1300 qua:
583 1245 650 1283 ex
675 1228 984 1299 cupiditate
1037 1229 1374 1298 procedunt.
1419 1229 1657 1283 Gulosos
1710 1243 1863 1292 vero,
1909 1227 2121 1280 intem-

421 1322 705 1388 perantes,
740 1317 1008 1383 ebriosos,
1030 1316 1370 1370 fornicarios
1391 1321 1450 1370 et
1512 1315 1841 1385 hujusmodi
1899 1313 2119 1384 cupidi-

426 1412 510 1460 tas
534 1405 688 1471 facit,
742 1421 870 1475 qua:
902 1404 1024 1458 sine
1064 1405 1332 1476 superbia
1383 1419 1505 1458 esse
1563 1420 1683 1458 non
1729 1408 1984 1474 possunt.
2025 1402 2124 1456 Ca-

429 1508 660 1548 veamus
711 1509 849 1564 ergo
902 1493 1271 1563 cupiditatem
1320 1498 1376 1546 et
1430 1492 1779 1563 superbiam.
1837 1507 1953 1544 non
2006 1491 2121 1545 duo

427 1583 596 1650 mala,
632 1583 728 1637 sed
763 1598 941 1636 unum
964 1600 995 1636 a
1025 1599 1139 1652 quo
1162 1581 1356 1636 omnia
1395 1581 1628 1635 trahunt
1658 1580 1905 1634 initium.

500 1671 682 1726 Van.
711 1673 804 1727 l9.
839 1702 899 1710 —
942 1673 1154 1726 Terras.
1191 1671 1370 1738 (ΗΑΒ.)
1400 1669 1638 1733 Quando
1667 1669 1982 1724 Jerusalem
2016 1684 2118 1738 per

430 1760 737 1825 Romanos,
771 1764 902 1824 etc.,
934 1773 1102 1827 usque
1132 1759 1206 1812 ad
1235 1759 1422 1812 deleta
1461 1763 1547 1811 est
1574 1758 1874 1827 posteritas
1893 1772 2116 1822 eorum,

427 1848 609 1920 gloria
651 1852 969 1917 martyrum
1000 1847 1243 1900 exaltata
1296 1852 1408 1911 est;
1467 1846 1664 1900 unde:
1732 1845 1978 1902 Custodit
2024 1848 2122 1900 Do-

426 1939 605 1992 minus
662 1950 838 1990 omnes
869 1935 1150 2002 diligentes
1206 1949 1280 2002 se,
1342 1940 1393 1990 et
1421 1949 1599 1990 omnes
1640 1940 1945 2004 peccatores
2003 1934 2118 1988 dis-

422 2025 614 2094 perdet
630 2023 806 2093 (Psal.
844 2022 1038 2092 cxuv).

502 2111 663 2165 Vens.
694 2113 783 2164 22.
817 2139 886 2150 —
928 2111 1044 2164 Non
1071 2113 1151 2163 est
1197 2112 1398 2162 creata.
1453 2107 1578 2177 (ῐο.)
1629 2107 1772 2162 Vitia
1823 2123 1939 2162 non
1991 2113 2124 2162 sunt

428 2204 629 2266 creata,
678 2202 808 2264 etc.,
865 2213 1033 2266 usque
1070 2197 1146 2251 ad
1185 2195 1368 2267 surgit
1408 2195 1727 2263 iracundia,
1786 2211 1960 2267 quam
2017 2196 2125 2249 vir-

430 2287 568 2342 tutis
585 2291 817 2356 superat
845 2285 1186 2340 constantia.

505 2375 664 2428 Vnus.
687 2375 776 2429 23.
831 2403 901 2414 —
939 2373 1126 2429 Semen
1168 2372 1445 2428 hominum
1495 2371 1866 2427 honorabitur.
1931 2373 2127 2425 Docto-

437 2479 526 2518 res
553 2461 731 2516 sancti
787 2461 846 2516 in
897 2462 1114 2516 honore
1144 2466 1278 2516 sunt
1306 2460 1456 2532 apud
1484 2459 1686 2524 bonos,
1749 2460 1993 2514 maxime
2026 2460 2127 2530 qui

433 2551 641 2606 timent
669 2550 974 2604 Dominum
1010 2566 1022 2602 :
1060 2549 1228 2610 unde,
1256 2551 1361 2616 Qui
1380 2549 1506 2603 bene
1533 2554 1774 2618 praesunt
1800 2548 2125 2617 presbyteri,

432 2639 642 2709 duplici
670 2639 865 2692 honore
894 2638 1054 2705 digni
1077 2637 1378 2692 habeantur
1409 2639 1459 2707 (Ι
1490 2639 1623 2692 Tim.
1658 2638 1736 2706 v),
1767 2643 1874 2691 etc.

507 2729 667 2782 Vens.
696 2725 786 2782 25.
834 2755 908 2767 —
939 2726 1126 2781 Gloria
1177 2725 1433 2791 divitum,
1491 2729 1598 2779 etc.
1661 2724 1810 2780 Vere
1838 2724 2024 2796 gloria
2043 2729 2130 2779 est

432 2817 636 2870 timere
677 2815 876 2868 Deum.
902 2813 1011 2878 Qui
1069 2828 1202 2867 eum
1253 2812 1436 2879 timet,
1489 2811 1774 2883 justitiam
1829 2817 2014 2866 servat
2068 2811 2127 2866 in

2228 439 2475 492 mundus
2504 443 2562 492 et
2590 437 3049 508 concupiscentia
3080 439 3226 506 ejus.

2296 527 2455 580 Vens.
2489 529 2541 580 5.
2573 556 2644 568 —
2669 527 2830 581 Multi
2855 528 3091 594 tyranni.
3124 527 3313 594 (ΗΑΒ.)
3361 524 3565 579 Divina
3624 525 3922 595 dispensa-

2227 613 2383 669 tione
2428 615 2513 680 lit,
2566 619 2699 679 etc.,
2758 629 2927 684 usque
2953 615 3028 667 ad
3057 613 3511 668 benedictionem
3567 613 3921 684 patriarcha-

2227 719 2354 756 rum
2383 703 2754 758 hasreditavit.

2297 791 2458 844 Vens.
2493 793 2544 845 8.
2579 821 2647 831 —
2679 793 3007 859 Priusquam
3031 791 3248 845 audias.
3303 789 3412 854 Qui
3457 789 3618 860 prius
3679 806 3919 861 respon-

2225 877 2323 931 det
2355 894 2527 949 quam
2562 877 2779 943 audiat,
2823 877 2876 931 id
2909 882 3010 939 est,
3043 879 3143 948 qui
3201 877 3399 931 doctor
3453 893 3574 931 esse
3626 878 3920 931 desiderat

2226 970 2537 1036 antequam
2589 965 2794 1029 discat;
2882 964 2988 1030 vel,
3041 963 3288 1017 aliorum
3360 979 3558 1017 causas
3632 963 3920 1032 judicare,

2230 1053 2568 1122 priusquam
2613 1050 2911 1120 dignoscat
2942 1066 2954 1104 :
3011 1051 3248 1104 stultum
3281 1066 3342 1105 se
3375 1065 3495 1104 esse
3526 1051 3914 1105 demonstrat.

2299 1141 2462 1194 Vnns.
2524 1142 2606 1195 lO.
2657 1168 2726 1177 -—
2754 1139 2886 1204 Fili,
2920 1153 2986 1192 ne
3013 1140 3070 1191 in
3120 1141 3328 1202 multis,
3389 1145 3494 1192 etc.
3545 1138 3717 1202 Quasi
3764 1139 3924 1192 dice-

2236 1233 2364 1282 ret:
2428 1229 2506 1280 De
2554 1226 2859 1298 superlluis
2909 1241 2978 1279 ne
3028 1225 3104 1279 sis
3133 1226 3411 1289 curiosus,
3463 1232 3518 1280 et
3559 1227 3922 1296 peccantium

2231 1316 2494 1388 pravitati
2525 1332 2638 1369 non
2685 1315 3020 1370 consentias.
3055 1315 3180 1369 Non
3239 1316 3424 1368 solum
3481 1315 3638 1369 enim
3701 1314 3804 1385 qui
3850 1315 3930 1368 fa-

2231 1405 2390 1458 ciunt
2422 1405 2595 1471 mala,
2639 1403 2738 1457 sed
2793 1403 2894 1473 qui
2940 1403 3304 1456 consentiunt
3354 1401 3693 1456 facientibus
3759 1395 3925 1467 digni

2231 1499 2364 1547 sunt
2390 1498 2593 1547 morte.
2640 1493 2767 1556 Fili,
2798 1506 2863 1543 ne
2913 1493 2973 1544 in
3002 1491 3213 1555 multis,
3239 1496 3348 1544 etc.
3381 1490 3539 1544 Multi
3588 1493 3722 1542 sunt
3765 1494 3923 1540 actus

2234 1581 2654 1644 hereticorum,
2683 1579 3085 1650 quiunitatem
3125 1579 3280 1643 ﬁdei,
3336 1584 3392 1632 et
3430 1577 3717 1631 tramitem
3774 1572 3926 1627 veri-

2236 1667 2368 1723 tatis
2419 1683 2533 1722 non
2593 1667 2942 1732 custodiunt,
2972 1673 3028 1720 et
3082 1668 3338 1721 laborem
3383 1683 3560 1720 unum
3619 1665 3679 1718 in
3758 1663 3923 1716 libris

2227 1756 2635 1827 componendis
2688 1755 3036 1826 expendunt.
3128 1755 3431 1809 Rhetorica
3500 1762 3554 1808 et
3623 1753 3920 1807 dialectica

2228 1849 2348 1900 arte
2379 1844 2596 1915 copiosi
2635 1861 2646 1897 :
2685 1860 2787 1897 nec
2817 1843 3102 1898 immunes
3133 1849 3262 1897 sunt
3293 1861 3324 1896 a
3355 1843 3581 1908 dilecto,
3630 1841 3769 1912 quia
3802 1856 3922 1894 me-

2229 1934 2428 1989 ditatio
2456 1949 2655 1988 eorum
2691 1939 2776 1987 est
2804 1931 2864 1987 in
2891 1932 3045 1988 dolo.
3082 1933 3239 1987 Unde
3269 1931 3690 1986 Ecclesiasticus
3720 1947 3733 1983 :
3780 1930 3917 1994 Fili,
3949 1943 3958 1958 ⁴

2229 2039 2294 2077 ne
2311 2025 2492 2090 facias
2520 2023 2715 2076 multos
2746 2021 2935 2084 libros,
2993 2021 3190 2091 quibus
3246 2037 3351 2075 non
3398 2025 3476 2075 est
3523 2023 3670 2088 ﬁnis.
3721 2021 3925 2071 Omnes

2230 2117 2422 2165 autem
2489 2109 2621 2164 libri
2675 2109 2882 2164 divinae
2940 2109 3251 2179 Scriptura:
3297 2108 3456 2180 (quia
3537 2107 3925 2172 consentiunt)

2233 2215 2381 2252 unus
2410 2199 2556 2253 liber
2579 2203 2714 2252 sunt
2746 2214 2758 2251 :
2805 2197 2982 2262 unde,
3040 2199 3113 2250 In
3140 2199 3318 2266 capite
3347 2197 3476 2251 libri
3519 2197 3788 2264 scriptum
3846 2201 3923 2247 est

2231 2288 2408 2341 deme
2461 2288 2628 2357 (Psal.
2674 2291 2882 2352 xxxvi),
2937 2291 3042 2339 etc.
3085 2287 3211 2353 Fili,
3269 2302 3334 2339 ne
3388 2287 3447 2340 in
3486 2285 3694 2347 multis,
3752 2289 3930 2336 terre-

2235 2376 2322 2429 nis
2377 2375 2569 2440 lucris,
2628 2376 2716 2429 vel
2763 2374 3115 2445 quibuslibet
3159 2373 3428 2444 negotiis,
3473 2371 3609 2443 quia
3660 2370 3928 2442 pluribus

2235 2464 2492 2517 intentus
2522 2463 2713 2516 minor
2735 2469 2821 2516 est
2852 2463 2919 2516 ad
2941 2463 3166 2531 singula
3197 2478 3414 2516 sensus.
3459 2461 3734 2530 Suscepta
3791 2474 3928 2511 cura

2236 2552 2534 2622 regimiuis
2565 2553 2754 2621 impar
2787 2549 3079 2604 invenitur
3106 2551 3348 2620 quisque
3379 2549 3450 2603 ad
3482 2549 3730 2618 singula,
3780 2547 3922 2600 dum

2237 2641 2513 2694 dividitur
2541 2640 2612 2692 ad
2644 2639 2825 2693 multa
2859 2655 2873 2705 ;
2909 2654 3012 2692 nec
3051 2654 3153 2691 sua
3173 2639 3382 2692 damna
3409 2636 3750 2702 considerat,
3791 2650 3925 2688 cum

2237 2728 2423 2782 aliena
2446 2731 2770 2798 pertractat.

2307 2817 2468 2869 Vens.
2504 2818 2588 2869 ll.
2621 2845 2691 2854 —
2724 2816 2819 2869 Est
2849 2815 3001 2869 homo
3044 2814 3317 2868 laborans.
3371 2812 3690 2869 Christiana
3753 2824 3931 2880 opera

435 2903 704 2958 omnibus
737 2919 750 2956 :
785 2901 959 2967 unde,
986 2902 1161 2957 Nolite
1187 2903 1245 2953 in
1273 2915 1629 2970 personarum
1658 2901 1960 2969 acceptione
1988 2901 2127 2954 Jesu
2153 2897 2195 2953 C
2231 2904 2514 2976 designat,
2549 2902 2609 2956 in
2639 2903 2848 2974 quibus
2879 2917 3162 2973 pauperes
3201 2901 3402 2972 spiritu
3455 2901 3752 2954 abundant
3801 2913 3927 2951 om-

433 2993 592 3064 ﬁdem
613 2992 805 3046 habere
834 2990 1036 3062 (Iacob.
1066 2990 1145 3060 ιι).

507 3081 668 3134 Vnus.
723 3083 812 3134 27.
887 3109 955 3117 —
1011 3079 1242 3146 Magnus
1301 3081 1378 3131 est
1427 3075 1623 3145 judex.
1673 3074 1826 3128 Licet
1873 3078 2126 3146 potestas

436 3176 662 3224 terrena
687 3183 898 3239 magna
948 3165 1039 3229 sit,
1099 3166 1398 3220 timentem
1451 3164 1757 3218 Dominum
1795 3165 2124 3236 praecellere

436 3271 553 3310 non
573 3255 725 3309 valet
754 3270 768 3308 :
818 3252 1157 3307 timentibus
1180 3252 1332 3306 enim
1366 3252 1572 3317 Deum,
1632 3250 1776 3304 nihil
1807 3250 1988 3319 deest,
2032 3253 2124 3304 Di-

433 3347 568 3399 vites
601 3348 779 3397 autem
828 3346 1085 3407 eguerunt
1113 3345 1162 3394 et
1199 3342 1502 3394 esurierunt
1542 3339 1708 3406 (Psal.
1752 3338 1966 3408 χχχιιι),
2014 3343 2120 3394 etc.

505 3433 664 3484 Vens.
694 3433 783 3485 28.
815 3459 883 3468 --
915 3431 1076 3482 Servo
1115 3434 1345 3482 sensato.
1383 3427 1500 3480 Hoc
1547 3426 1618 3480 ad
1675 3425 1924 3480 litteram
1973 3443 2124 3498 saepe

435 3518 642 3577 evenit,
672 3521 736 3570 ut
791 3515 1060 3586 ignobilis
1110 3531 1320 3586 genere
1395 3513 1712 3568 nobilitatis
1764 3513 2001 3568 scientia
2066 3519 2124 3570 et

434 3606 564 3670 ﬁde,
590 3603 881 3659 nobilibus
903 3601 1276 3672 praeferatur:
1310 3601 1485 3670 unde,
1512 3601 1709 3657 Servus
1754 3599 1972 3671 sapiens
2022 3602 2122 3658 do-

433 3696 730 3748 minabitur
804 3693 935 3762 flliis
983 3692 1166 3746 stultis
1220 3691 1376 3758 (Pov.
1435 3690 1586 3759 xvu).
1643 3691 1870 3760 Mystice
1927 3695 2121 3746 autem

432 3799 626 3837 servus
670 3781 1097 3843 ecclesiasticus,
1145 3779 1245 3850 qui
1292 3779 1493 3833 devote
1537 3784 1721 3833 servat
1775 3778 2116 3850 religionem

433 3871 834 3936 Christianam,
887 3867 1245 3940 praeponitur
1299 3868 1645 3939 Synagogaa;
1712 3868 1886 3936 unde,
1941 3868 2120 3936 Major

428 3960 619 4013 serviet
639 3959 857 4013 minori.
891 3957 956 4011 Et
1008 3956 1173 4013 Iacob
1220 3956 1414 4022 dilexi,
1468 3958 1616 4010 Esau
1663 3960 1840 4010 autem
1861 3955 1984 4010 odio
2025 3956 2120 4009 ha-

431 4047 526 4100 bui
554 4047 705 4114 (Gen.
743 4044 889 4116 xxv).
1373 4093 1378 4100 .

501 4134 671 4189 Vnns.
708 4137 792 4189 30.
825 4164 894 4172 —
926 4133 1115 4187 Melior
1164 4137 1260 4187 est.
1312 4132 1481 4198 Quasi
1526 4132 1718 4187 dicat:
1763 4132 1960 4188 Melius
2009 4137 2092 4188 est

429 4227 493 4276 ut
521 4223 743 4276 studeas
801 4237 1028 4292 semper
1079 4221 1138 4275 in
1195 4221 1346 4275 bono
1407 4238 1579 4293 opere
1628 4221 1910 4290 laborare,
1965 4223 2116 4278 unde

427 4310 698 4365 reddatur
751 4310 856 4364 tibi
901 4325 1116 4363 merces
1139 4308 1400 4379 justitias,
1464 4327 1639 4382 quam
1685 4316 1748 4365 ut
1808 4327 2115 4366 consumas

425 4399 546 4454 dies
602 4405 731 4453 tuos
777 4397 838 4451 in
889 4397 1156 4464 vanitate,
1185 4401 1240 4451 et
1297 4413 1465 4468 egeas
1518 4397 1616 4452 illo
1663 4415 1833 4470 pane,
1893 4399 1992 4471 qui
2040 4399 2110 4453 de

425 4487 565 4540 caslo
598 4485 904 4540 descendit.
937 4484 1043 4549 Qui
1081 4485 1142 4539 in
1201 4485 1410 4539 timore
1461 4485 1584 4552 Dei,
1645 4492 1702 4541 et
1755 4487 2118 4542 observantia

427 4573 742 4645 religionis,
768 4578 977 4628 statuet
1000 4573 1245 4644 gloriam
1304 4590 1498 4638 suam;
1543 4575 1713 4641 unde,
1757 4576 1862 4641 Qui
1906 4577 2115 4643 gloria-

428 4669 538 4731 tur,
567 4664 626 4716 in
653 4665 882 4717 Domino
909 4663 1176 4731 glorietur
1206 4663 1276 4726 (ιι
1305 4663 1427 4718 Cor.
1456 4661 1531 4733 x).

1098 4805 1322 4860 CAPUT
1352 4805 1440 4860 XI.

495 4929 655 4984 Vnns.
707 4931 758 4995 l,
809 4930 862 4983 2.
918 4957 989 4970 —
1032 4929 1316 4998 Sapientia
1371 4929 1650 4983 humiliati
1705 4929 1976 4984 exaltabit
2029 4946 2116 4984 ca-

417 5023 540 5088 put.
601 5017 908 5088 Sequitur:
958 5019 1075 5073 Non
1118 5017 1304 5072 laudes
1353 5020 1555 5088 virum,
1605 5022 1711 5072 etc.
1772 5017 1993 5082 Quasi:
2034 5019 2111 5073 Ne

415 5107 580 5176 juxta
607 5104 855 5175 speciem
912 5105 1168 5176 corporis
1194 5107 1440 5159 aestimes
1469 5105 1806 5176 qualitatem
1853 5106 2065 5160 mentis
2093 5122 2108 5160 :

417 5193 592 5259 unde,
617 5194 738 5249 Non
764 5195 1027 5262 respicias
1057 5195 1268 5248 vultum
1296 5194 1413 5263 ejus
1441 5209 1535 5248 nec
1580 5193 1930 5248 altitudinem
1987 5197 2109 5248 sta-

417 5286 552 5335 turx
597 5281 737 5350 ejus,
783 5284 1041 5350 quoniam
1094 5281 1270 5351 abjeci
1303 5297 1442 5346 eum,
1498 5297 1592 5334 nec
1631 5281 1803 5350 juxta
1848 5283 2111 5337 intuitum

414 5368 646 5423 hominis
697 5369 888 5438 judico
939 5370 989 5438 (Ι
1030 5372 1136 5438 Reg
1189 5376 1317 5439 xvn).
1381 5371 1563 5423 Hoino
1616 5369 1772 5423 enim
1847 5369 2001 5425 videt
2039 5386 2108 5424 ea

413 5471 546 5527 quae
587 5462 806 5528 patent.
857 5457 1134 5512 Dominus
1180 5463 1373 5512 autem
1427 5459 1681 5512 intuetur
1728 5473 1842 5513 cor.
1890 5458 1956 5513 lu
1985 5459 2095 5513 ho-

2100 4175 2186 4230 ’D

2232 2993 2402 3048 nibus
2456 2991 2641 3056 bonis,
2673 2996 2730 3044 et
2780 2995 2950 3061 egent
3008 2991 3109 3061 qui
3167 2991 3427 3043 laborant
3449 2989 3510 3042 iu
3562 2985 3930 3059 nequit-endis

2237 3081 2448 3137 divitiis
2480 3096 2494 3133 :
2527 3079 2701 3145 unde,
2726 3081 2930 3133 Divites
2960 3083 3217 3146 eguerunt
3232 3086 3282 3133 et
3303 3080 3627 3144 esurierunt,
3654 3083 3762 3130 etc.

2307 3170 2471 3222 Vnns.
2509 3170 2593 3222 18.
2624 3197 2694 3206 -
2732 3169 2822 3221 Est
2859 3169 2956 3234 qui
2986 3167 3363 3235 locupletatur,
3401 3169 3506 3220 etc.
3540 3164 3724 3234 (Rm)
3767 3163 3913 3218 The-

2233 3256 2497 3322 saurizat,
2549 3261 2606 3308 et
2660 3255 2906 3325 ignorat,
2929 3259 3063 3323 etc.,
3093 3270 3262 3323 usque
3308 3255 3383 3309 ad
3430 3254 3529 3308 sed
3575 3253 3700 3307 aliis
3741 3253 3925 3308 relin-

2233 3351 2420 3416 quunt
2439 3343 2539 3414 qui
2565 3343 2862 3396 veritatem
2891 3349 2948 3396 et
2973 3343 3278 3396 falsitatem
3307 3342 3672 3414 diguoscunt.

2303 3433 2471 3486 Vens.
2520 3431 2607 3485 30.
2667 3461 2736 3470 —
2764 3433 2912 3484 Ante
2956 3435 3199 3496 mortem,
3246 3433 3351 3483 etc.
3386 3429 3510 3494 (10.)
3535 3427 3792 3482 Stultum
3844 3433 3926 3481 est

2229 3519 2483 3584 laudare,
2533 3524 2666 3582 etc.,
2714 3533 2882 3586 usque
2912 3518 2986 3572 ad
3033 3519 3133 3589 qui
3165 3518 3404 3572 veniunt
3455 3517 3517 3572 in
3565 3517 3926 3571 vestimentis

2230 3608 2444 3672 ovium,
2473 3606 2813 3661 intrinsecus
2840 3612 3034 3661 autem
3055 3611 3188 3661 sunt
3215 3606 3339 3676 lupi
3357 3621 3608 3676 rapaces.

2304 3697 2465 3750 Vnus.
2500 3697 2586 3750 32.
2613 3725 2683 3736 —
2705 3696 2853 3752 Sicut
2880 3699 3023 3750 enim
3054 3700 3322 3763 eructant,
3353 3700 3460 3749 etc.
3517 3694 3701 3764 (ΗΑΒ.)
3750 3692 3922 3748 Simi-

2231 3785 2534 3840 litudinem
2566 3783 2923 3855 sagaciorum
2967 3784 3329 3845 animalium,
3359 3788 3484 3846 etc,,
3528 3797 3697 3850 usque
3727 3782 3808 3833 ad
3839 3779 3921 3848 ,iu

2226 3888 2452 3928 caveam
2482 3871 2696 3927 erroris
2719 3878 2779 3927 et
2805 3872 3077 3943 laqueum
3133 3870 3485 3942 deceptionis
3531 3867 3920 3940 meipitent.

2885 4012 3111 4068 CAPUT
3148 4012 3260 4066 XII.

2299 4140 2458 4195 Vens.
2493 4141 2545 4194 3.
2589 4169 2656 4178 —
2702 4140 2822 4195 Non
2850 4143 2928 4192 est
2968 4139 3128 4205 enim,
3181 4142 3289 4191 etc.
3338 4135 3747 4190 Gravissimum
3789 4152 3925 4208 pec-

2227 4234 2417 4284 catum
2446 4232 2529 4282 est
2561 4227 2710 4282 nolle
2743 4227 3044 4296 poenitere,
3103 4241 3210 4280 nec
3265 4230 3497 4296 peccata
3540 4225 3926 4295 eleemosynis

2232 4317 2534 4380 redimere,
2552 4315 2648 4369 sed
2685 4319 2916 4386 peccata
2966 4313 3212 4384 peccatis
3260 4312 3517 4368 addere:
3574 4313 3753 4379 unde,
3818 4316 3924 4370 Su-

2227 4419 2326 4473 per
2389 4402 2561 4457 tribus
2590 4400 2877 4457 sceleribus
2935 4401 3218 4464 Damasci,
3265 4404 3315 4454 et
3339 4415 3503 4470 super
3529 4406 3770 4470 quatuor
3820 4416 3921 4455 non

2227 4495 2532 4546 convertam
2585 4504 2702 4544 eam
2756 4491 2968 4556 (Amos,
3020 4488 3080 4558 ι).
3135 4488 3376 4542 Dubiam
3411 4494 3466 4542 et
3506 4488 3768 4542 dolosam
3837 4490 3924 4542 do-

2226 4579 2492 4642 ctrinam,
2565 4592 2740 4648 quam
2796 4577 2857 4630 in
2904 4575 3257 4646 expositione
3321 4575 3531 4630 divinas
3606 4575 3922 4648 Scriptura:

2228 4667 2576 4736 expendunt.

2290 4755 2456 4809 Vnns.
2491 4756 2542 4808 5.
2573 4783 2644 4795 —
2673 4754 2765 4807 Da
2789 4753 2942 4820 bono,
2992 4757 3096 4808 etc.
3125 4752 3322 4808 Simile
3351 4753 3410 4807 in
3438 4752 3616 4808 Tobia
3662 4754 3881 4824 legitur
3905 4769 3919 4806 :

2225 4844 2423 4898 Panem
2456 4847 2605 4896 tuum
2635 4847 2685 4896 et
2730 4844 2917 4896 vinum
2963 4857 3128 4912 super
3154 4843 3489 4912 sepulturam
3539 4844 3687 4912 justi
3714 4845 3920 4897 consti-

2228 4936 2334 4994 tue,
2363 4935 2412 4984 et
2439 4931 2552 4984 noli
2589 4945 2658 4984 ex
2693 4945 2750 4983 eo
2788 4930 3118 4984 manducare
3171 4937 3222 4984 et
3261 4931 3437 4984 bibere
3465 4946 3585 4984 cum
3609 4935 3920 4999 peccatori-

2227 5018 2324 5072 bus
2347 5018 2500 5084 (Tob.
2568 5019 2662 5088 xv).
2695 5018 2757 5072 Id
2787 5024 2873 5072 est
2929 5034 3034 5088 pro
3078 5034 3144 5072 eo
3177 5019 3331 5088 quod
3391 5025 3718 5088 peccatores
3765 5027 3917 5083 sunt,

2226 5106 2344 5160 noli
2365 5106 2820 5173 communicare;
2844 5107 2989 5160 sicut
3005 5106 3104 5178 qui
3132 5107 3397 5161 nutriunt
3424 5107 3757 5174 histriones,
3789 5125 3917 5164 cum

2225 5194 2484 5249 esuriant
2510 5195 2720 5251 Christi
2759 5211 3061 5266 pauperes.
3093 5195 3203 5260 Qui
3258 5201 3450 5250 autem
3491 5194 3588 5250 dat
3631 5195 3916 5268 indigenti

2225 5282 2533 5354 peccatori,
2560 5298 2674 5338 non
2706 5284 2843 5354 quia
2879 5288 3147 5354 peccator
3173 5289 3260 5338 est
3305 5285 3403 5339 sed
3434 5284 3574 5356 quia
3601 5285 3781 5340 homo
3816 5293 3916 5352 est,

2226 5387 2338 5424 non
2351 5376 2706 5441 peccatorem
2723 5371 2819 5425 sed
2837 5370 3057 5441 justum
3083 5371 3302 5426 nutrit:
3332 5373 3465 5443 quia
3513 5374 3746 5443 culpam
3799 5392 3912 5430 non

2225 5459 2432 5530 diligit,
2465 5459 2561 5514 sed
2593 5465 2880 5516 naturam.
2912 5460 2970 5516 Si
3023 5466 3380 5531 peccatorem
3410 5465 3468 5516 et
3494 5461 3747 5533 impium
3802 5465 3910 5520 he.
