4074 6186
256 193 389 243 1197

1368 189 1623 245 GLOSSA
1660 189 2065 247 ORDINARIA.
2106 222 2174 232 —
2210 193 2341 247 LIB.
2396 192 2615 248 ECCLI.

3612 199 3747 252 1198

253 310 498 363 reticnm
538 308 812 379 intelligit
855 308 993 362 dum
1022 309 1081 363 in
1108 325 1302 363 errore
1336 314 1490 377 sunt,
1532 326 1646 363 non
1678 316 1762 364 est
1786 327 1940 365 com-
1971 316 2016 366 Α
2058 316 2119 365 ut
2143 312 2405 377 divitum,
2429 311 2663 373 scilicet.
2696 316 2753 365 et
2773 315 3079 381 potentum
3139 312 3471 368 societatem
3499 313 3749 369 declines

240 401 654 455 mnnicandum
698 415 830 454 cum
866 400 977 453 illis
1013 417 1025 453 :
1060 401 1228 469 unde,
1289 403 1467 457 Nolite
1506 408 1753 457 sanctum
1809 404 1942 457 dare

240 490 465 544 canibus
497 489 714 557 (Matth.
747 488 867 559 vn).

313 579 469 631 Vens.
502 580 553 632 8.
602 606 668 618 —
704 579 821 633 Non
868 583 1185 643 agnoscatur
1231 581 1289 631 in
1339 578 1487 633 bonis
1518 581 1742 633 amicus.
1786 579 1940 633 Faci-

236 666 352 719 lius
411 666 628 719 amicus
676 671 732 718 et
788 665 1054 718 inimicus
1076 665 1144 736 in
1201 665 1542 720 adversitate
1601 667 1938 737 probantur,

235 754 376 825 quia
414 753 579 806 multi
622 752 790 806 amici
820 769 1052 819 mensm,
1090 754 1190 824 qui
1232 770 1345 807 non
1377 760 1721 824 permanent
1752 755 1809 807 in
1851 756 1943 810 die

245 841 620 895 necessitatis.
666 843 843 895 Verus
899 841 1076 912 igitur
1112 848 1231 895 erat
1267 846 1481 896 amicus
1513 843 1614 913 qui
1673 841 1895 896 diccbat
1928 858 1940 894 :

240 926 379 992 Quis
410 928 808 994 inﬁrmatur,et
836 941 930 993 ego
958 942 1063 979 non
1088 928 1376 995 inﬁrmor?
1406 929 1479 991 (II
1502 928 1633 981 Cor.
1658 928 1753 997 ιι.)

312 1014 475 1067 Vens.
526 1014 608 1067 10.
676 1043 736 1052 -
800 1014 916 1067 Non
986 1014 1175 1067 credas
1237 1017 1473 1068 inimico.
1545 1015 1824 1069 Historice
1875 1016 1944 1072 de

241 1102 399 1155 falsis
429 1100 626 1155 amicis
680 1100 818 1170 agit,
856 1116 888 1153 a
945 1101 1155 1170 quibus
1221 1118 1420 1156 cavere
1476 1102 1767 1157 debemus.
1829 1104 1946 1173 My—

242 1191 380 1244 stice
410 1204 545 1243 vero
577 1188 876 1242 haireticos
906 1192 1084 1255 notat,
1120 1188 1219 1259 qui
1270 1206 1389 1243 non
1419 1206 1549 1244 vere
1581 1195 1714 1244 sunt
1751 1190 1942 1257 amici,

239 1293 487 1350 quorum
548 1276 806 1330 doctrina
834 1277 1005 1345 plena
1062 1282 1147 1330 est
1194 1277 1459 1348 rubigine
1491 1279 1722 1346 erroris,
1756 1285 1813 1331 et
1842 1294 1946 1331 ne-

241 1366 442 1437 quitias
477 1382 489 1420 :
524 1381 770 1436 quorum
825 1381 1012 1418 sermo
1042 1365 1222 1436 serpit
1251 1372 1316 1420 ut
1339 1382 1557 1433 cancer,
1588 1366 1848 1437 quamvis
1876 1366 1944 1420 ﬁ-

243 1456 402 1509 deles
432 1460 486 1507 et
529 1453 837 1507 catholicos
882 1470 941 1506 se
993 1452 1239 1523 ﬁngunt.
1302 1455 1426 1507 Non
1456 1470 1594 1525 ergo
1627 1454 1708 1508 eis
1734 1454 1946 1508 obseu-

246 1543 477 1603 tiamus.
524 1558 624 1595 ncc
682 1546 1024 1612 potestatem
1082 1541 1425 1603 tribuamus,
1459 1559 1631 1614 quam
1664 1542 1947 1613 signiﬁcat

242 1632 473 1685 dextera
522 1647 534 1684 :
581 1647 653 1683 ne
685 1647 716 1682 a
745 1632 866 1683 loco
920 1637 1134 1694 nostro,
1186 1630 1243 1684 id
1274 1637 1375 1697 est,
1428 1636 1575 1685 statu
1611 1638 1778 1685 rectae
1811 1632 1946 1685 ﬁdei

245 1735 352 1773 nos
392 1718 682 1788 dejiciant.
737 1718 1008 1771 Nituntur
1040 1718 1193 1771 enim
1232 1719 1554 1773 cathedram
1588 1726 1864 1785 nostram,
1888 1719 1944 1773 id

251 1816 337 1862 est
372 1808 713 1873 doctrinam,
738 1807 1017 1860 malitiose
1049 1807 1398 1860 subvertere.

316 1896 448 1962 Quis
480 1895 796 1949 medebitur.
839 1894 1122 1950 Hazretico
1150 1894 1250 1964 qui
1276 1894 1528 1948 ofﬁcium
1561 1896 1811 1949 doctoris
1843 1912 1944 1967 ge-

243 1983 340 2050 rit,
410 1990 467 2037 et
523 1984 659 2037 dicit
709 1999 765 2036 se
820 1983 1107 2037 medicum
1158 1984 1482 2037 animarum
1527 2001 1538 2037 :
1581 1986 1642 2039 Si
1687 1987 1827 2038 enim
1863 1986 1948 2039 sal

241 2076 583 2139 infatuatum
628 2074 819 2139 fuerit,
867 2071 941 2126 ad
968 2072 1200 2126 nihilum
1220 2073 1362 2126 valet
1390 2074 1558 2141 ultra,
1598 2075 1711 2127 nisi
1737 2079 1796 2127 ut
1825 2075 1947 2127 mit-

246 2168 400 2217 tatur
426 2165 577 2228 foras
611 2162 819 2230 (Matth.
861 2160 932 2229 v).

323 2251 480 2304 Vens.
546 2253 636 2303 15.
695 2250 853 2302 -Ιη
907 2248 1069 2301 labiis
1125 2251 1256 2302 suis.
1284 2248 1382 2302 His
1441 2248 1738 2303 sententiis
1786 2253 1949 2303 notat

251 2354 373 2401 eos,
401 2336 501 2407 qui
544 2336 605 2390 in
634 2336 803 2389 corde
844 2335 1159 2405 loquuntur
1184 2341 1239 2389 et
1286 2335 1632 2390 insidiantur
1663 2342 1724 2389 ut
1766 2336 1943 2391 inter-

245 2426 442 2479 ﬁciant
502 2424 912 2478 innocentem:
964 2423 1064 2494 qui
1120 2438 1250 2477 cum
1297 2422 1548 2495 aliquem
1595 2425 1944 2495 deceperint,

247 2518 482 2567 movent
536 2517 725 2582 caput,
783 2512 1066 2582 plaudunt
1127 2528 1323 2577 manu,
1388 2521 1445 2566 et
1498 2513 1767 2567 laetantur
1814 2528 1944 2567 cum

247 2602 401 2656 male
432 2601 687 2656 fecerint.

890 2742 1117 2797 CAPUT
1164 2743 1305 2798 XIII.

2050 406 2105 453 et
2132 401 2185 453 ei
2213 402 2600 471 conjungaris,
2633 401 2733 471 qui
2778 401 2968 455 studio
3000 408 3057 455 et
3078 401 3360 472 religione
3389 402 3493 456 tibi
3518 419 3749 458 consors

2049 494 2152 541 est.
2192 490 2320 542 Haec
2347 495 2431 542 est
2470 489 2625 542 enim
2683 488 2937 542 amicitia
2994 489 3181 555 ﬁrma,
3215 506 3387 559 quam
3426 490 3745 546 similitudo

2050 576 2326 630 virtutum
2370 577 2565 631 sociat.

2122 664 2187 719 Si
2243 665 2673 718 communicabit.
2725 664 3022 733 Rapacitas
3052 664 3173 735 lupi
3212 680 3342 719 cum
3393 665 3529 736 agni
3575 666 3747 721 inno-

2051 752 2237 806 centia
2264 767 2380 805 non
2412 752 2700 820 convenit,
2735 769 2839 805 nec
2882 753 3035 806 avari
3067 753 3252 807 rabies
3285 770 3415 807 cum
3468 755 3749 810 modestia

2051 839 2343 909 simplicis.
2381 841 2549 894 Nulla
2598 840 2753 894 enim
2797 841 3240 895 communicatio
3283 842 3581 896 munditiae
3613 858 3745 897 cum

2051 927 2417 981 immunditia
2447 945 2459 982 :
2491 930 2646 983 Sicut
2678 930 2819 983 enim
2849 932 3001 983 canis
3030 932 3320 983 revertitur
3365 930 3440 984 ad
3467 933 3747 999 vomitum,

2052 1019 2132 1069 ita
2163 1018 2261 1085 qui
2300 1019 2463 1070 iterat
2488 1019 2781 1071 stultitiam
2830 1032 2985 1071 suam
3024 1020 3198 1087 (Prov.
3248 1020 3342 1087 vi).
3392 1019 3561 1073 Nulla
3614 1036 3750 1090 ergo

2052 1104 2309 1174 parilitas
2382 1104 2615 1175 superbi
2659 1104 2852 1159 divitis
2901 1121 3033 1159 cum
3091 1104 3416 1161 humilitate
3479 1108 3749 1178 pauperis

2055 1193 2284 1247 Christi.

2130 1281 2295 1335 Vsus.
2333 1283 2420 1334 25.
2476 1311 2539 1322 —
2594 1281 2761 1335 Dives
2786 1286 3093 1337 commotus.
3144 1281 3305 1346 Quod
3365 1283 3435 1337 de
3493 1283 3668 1338 divite
3694 1289 3752 1339 et

2056 1385 2307 1438 paupere
2333 1370 2606 1439 increpat,
2657 1369 3030 1440 exsequitur:
3068 1386 3203 1441 quia
3236 1371 3404 1425 multi
3457 1376 3592 1426 sunt
3647 1373 3747 1444 qui

2056 1456 2247 1510 divitis
2274 1456 2422 1511 facta
2452 1463 2509 1511 et
2541 1457 2693 1510 dicta
2721 1458 3035 1512 extollunt:
3079 1458 3247 1528 pauci
3274 1458 3375 1529 qui
3432 1460 3751 1516 doctrinam

1979 1577 2017 1630 Β
2058 1544 2366 1599 humilium
2416 1550 2474 1598 et
2503 1546 2767 1598 virtutem
2801 1546 3149 1615 intelligunt.
3208 1551 3556 1617 Arrogantes
3586 1549 3750 1603 inve-

2060 1631 2226 1685 niunt
2280 1632 2707 1702 praedicatores,
2780 1634 3026 1687 humiles
3094 1651 3226 1688 vero
3303 1641 3746 1708 contemptores.

2060 1720 2255 1773 Unde:
2318 1722 2532 1774 Divitiae
2585 1721 2798 1774 addunt
2848 1725 3045 1775 amicos
3089 1724 3378 1791 plurimos,
3430 1739 3464 1776 a
3515 1739 3754 1793 paupere

2053 1824 2197 1873 vero,
2220 1814 2270 1861 et
2299 1808 2376 1873 hi,
2401 1824 2531 1876 quos
2562 1808 2772 1876 habuit,
2804 1815 3129 1877 separantur
3168 1811 3345 1879 (Prov.
3379 1810 3515 1880 xxx).

2127 1898 2286 1949 Vens.
2324 1899 2410 1950 3t.
2462 1927 2530 1937 —
2558 1898 2660 1952 Cor
2688 1897 2919 1951 hominis
2969 1899 3241 1951 immutat.
3278 1899 3341 1951 In
3367 1898 3587 1968 judicio
3625 1900 3752 1953 vnl-

2056 1995 2163 2051 tus,
2188 1985 2414 2038 'mentis
2438 1985 2679 2037 mutatio
2720 1984 3204 2053 deprehenditur:
3238 1986 3411 2050 unde,
3464 1987 3564 2041 Cor
3623 2003 3756 2055 gau-

2056 2073 2185 2126 dens
2214 2073 2493 2127 exhilarat
2535 2074 2752 2138 faciem,
2785 2074 2844 2125 in
2889 2087 3109 2126 maerore
3132 2075 3304 2127 animi
3334 2072 3590 2142 dejicitur
3635 2078 3752 2144 spi-

2054 2166 2211 2215 ritus.

2126 2251 2304 2303 Vsus.
2340 2250 2426 2303 32.
2462 2279 2529 2287 —
2569 2250 2866 2315 Vestigium
2894 2248 3073 2302 cordis
3101 2248 3244 2302 boni.
3295 2249 3438 2312 Quia
3477 2250 3646 2304 multi
3675 2250 3755 2304 si-

2058 2337 2259 2391 mulati
2289 2341 2345 2390 et
2366 2336 2483 2390 ﬁcti
2522 2353 2534 2391 :
2568 2336 2695 2390 ideo
2726 2336 2957 2391 difﬁcile
3012 2337 3302 2391 invenitur
3334 2337 3395 2391 in
3426 2354 3540 2408 quo
3574 2354 3673 2393 cor
3698 2344 3755 2393 et

2056 2424 2246 2487 facies,
2279 2424 2333 2477 id
2369 2430 2454 2477 est
2482 2424 2753 2493 cogitatio
2784 2429 2839 2477 et
2884 2428 3140 2495 operatio
3170 2430 3340 2495 atque
3371 2424 3652 2491 doctrina,
3688 2426 3749 2479 in

2056 2515 2207 2568 bono
2237 2512 2577 2566 conveniant
2605 2528 2617 2565 :
2652 2528 2779 2566 cum
2823 2518 3014 2566 autem
3064 2513 3170 2566 hoc
3228 2512 3501 2580 invenies,
3533 2513 3606 2568 da
3632 2513 3753 2584 glo-

2056 2601 2203 2654 riam
2236 2600 2369 2665 Deo,
2402 2599 2539 2670 quia
2566 2599 2675 2653 hoc
2704 2599 2828 2669 ejus
2857 2599 3071 2653 donum
3103 2603 3206 2653 est.

2707 2741 2933 2796 CAPUT
2969 2742 3102 2795 XIV.

322 2866 501 2921 Vsus.
546 2870 599 2919 1.
638 2896 700 2904 --
731 2864 834 2930 Qui
860 2866 1099 2931 tetigerit
1150 2867 1322 2933 picem
1350 2865 1946 2935 inquinabitur.(Raa.)
1981 2853 2022 2908 Ο
2130 2869 2288 2921 Vens.
2340 2871 2388 2920 1.
2420 2868 2705 2920 -—Beatus
2750 2868 2860 2932 vir,
2911 2871 3017 2920 etc.
3052 2866 3238 2935 (ΗΑΒ.)
3260 2867 3575 2922 Peccando.
3610 2867 3754 2921 Hinc

254 2956 362 3009 Per
412 2952 846 3007 similitudinem
904 2952 1172 3016 ostendit,
1208 2959 1337 3019 etc.,
1385 2969 1551 3023 usque
1577 2954 1651 3008 ad
1691 2971 1762 3008 ne
1794 2956 1944 3009 mala

254 3059 382 3115 qum
412 3042 742 3113 frequenter
760 3040 1063 3111 aspiciunt,
1090 3041 1303 3094 imitari
1336 3041 1527 3096 velint.

324 3133 483 3184 Vens.
538 3133 591 3183 2.
628 3159 693 3168 —
724 3128 939 3183 Pondus
970 3144 1133 3197 super
1188 3144 1243 3182 se
1274 3130 1438 3183 tollet.
1483 3130 1607 3199 (10.)
1644 3132 1770 3184 Haec
1823 3147 1947 3185 mo-

255 3222 452 3274 raliter
479 3235 586 3273 nos
616 3219 928 3287 instruunt,
976 3224 1041 3271 ut
1070 3217 1312 3271 humilia
1342 3235 1671 3288 sequamur,
1698 3220 1951 3290 superba

254 3305 544 3375 fugiamus
576 3322 588 3358 :
624 3305 763 3371 Quia
792 3308 931 3360 Deus
980 3306 1224 3375 superbis
1273 3308 1498 3372 resistit,
1529 3308 1821 3362 humilibus
1850 3324 1949 3362 au-

260 3399 362 3447 tem
402 3394 500 3448 dat
555 3396 795 3461 gratiam
830 3394 1029 3462 (Jacob
1081 3394 1179 3463 IV).
1243 3394 1468 3466 Mystice
1522 3399 1712 3449 autem
1762 3397 1950 3465 docet,

257 3487 386 3551 etc.,
418 3497 587 3549 usque
616 3482 690 3535 ad
714 3482 849 3553 quia
901 3486 1116 3536 aeterna
1146 3482 1475 3537 confusione
1508 3483 1710 3554 dignos
1755 3490 1951 3539 osten-

257 3572 414 3638 dent,
448 3586 576 3624 cum
607 3570 667 3624 in
693 3577 971 3624 aeternum
1003 3570 1429 3625 crnciabuntur.

328 3659 488 3712 Vens.
524 3662 614 3712 11.
652 3687 723 3698 -
751 3658 888 3712 Noli
911 3674 1040 3725 esse,
1093 3665 1199 3713 etc.
1262 3660 1387 3713 Non
1416 3660 1685 3714 virtutem
1712 3660 1952 3715 humili-

256 3747 389 3801 tatis
411 3746 683 3801 abhorret
715 3762 728 3799 :
764 3747 861 3801 sed
893 3748 1285 3801 auctoritatem
1318 3749 1545 3801 ﬁrmam
1593 3754 1793 3803 contra
1853 3765 1952 3802 ex—

259 3839 608 3906 pugnatores
638 3832 889 3888 veritatis
925 3834 1086 3887 docet
1116 3838 1330 3899 tenere,
1374 3833 1581 3905 quibus
1610 3835 1835 3889 fortiter
1864 3853 1950 3888 re-

258 3923 577 3978 sistendum
588 3966 600 3978 .

333 4012 493 4065 Vsus.
550 4014 630 4065 t2.
694 4043 763 4053 —
820 4010 1148 4065 Advocatus.
1226 4009 1473 4063 Modesta
1522 4010 1806 4079 agendum
1871 4014 1957 4063 est

2054 2955 2296 3010 Jacobus
2327 2954 2406 3008 ait
2439 2970 2453 3008 :
2488 2955 2596 3020 Qui
2622 2957 2683 3008 in
2708 2955 2867 3009 verbo
2896 2970 3003 3009 non
3032 2955 3279 3023 offendit,
3326 2957 3602 3024 perfectus
3668 2959 3750 3010 est

2060 3043 2254 3113 (Jacob.
2290 3041 2398 3113 ιιι).
2429 3043 2555 3111 1110,
2587 3042 2797 3097 scilicet
2828 3042 2998 3097 verbo
3049 3043 3212 3113 cujus
3241 3042 3617 3098 offensionem
3652 3045 3753 3098 hn-

2059 3147 2231 3186 mana
2253 3133 2442 3201 potest
2469 3129 2648 3183 vitare
2677 3130 2969 3200 fragilitas.

2130 3221 2292 3275 νιςιιε.
2327 3222 2377 3274 3.
2420 3248 2490 3259 —-
2533 3221 2664 3273 Viro
2692 3218 2888 3288 cupido
2908 3224 2958 3273 et
2989 3221 3188 3275 tenaci.
3227 3218 3492 3273 Avaritia?
3523 3224 3746 3291 pestem

2058 3308 2329 3362 describit
2371 3323 2500 3378 qua:
2558 3307 2843 3361 excruciat
2888 3324 3122 3361 avarum
3149 3324 3220 3361 ne
3250 3314 3638 3378 consequatur
3664 3309 3747 3361 la-

2060 3396 2215 3451 boris
2245 3395 2333 3450 sui
2362 3396 2630 3464 fructum,
2659 3396 2763 3461 Qui
2791 3397 3126 3450 thesaurizat
3174 3400 3223 3449 et
3258 3397 3476 3463 ignorat
3504 3398 3594 3450 cui
3633 3411 3751 3449 con-

2061 3484 2311 3554 gregabit
2332 3498 2398 3539 ea
2420 3483 2586 3554 (Psal.
2621 3486 2868 3550 xxxviii).

2135 3575 2302 3627 Vsas.
2341 3575 2391 3624 5.
2425 3602 2491 3611 —
2511 3572 2619 3637 Qui
2645 3572 2755 3626 sibi
2782 3588 3034 3641 nequam.
3061 3573 3185 3625 Haec
3215 3571 3280 3625 ad
3314 3571 3562 3626 litteram
3594 3587 3753 3625 men-

2060 3668 2175 3716 tem
2224 3660 2378 3713 avari
2409 3663 2465 3713 et
2492 3658 2671 3712 invidi
2732 3658 3077 3727 describunt,
3152 3659 3250 3729 qui
3300 3659 3369 3713 de
3417 3659 3585 3713 bonis
3639 3658 3754 3712 suis

2064 3762 2179 3800 non
2235 3746 2519 3799 latantur.
2560 3745 2881 3814 Allegorice
2938 3761 3069 3797 vero
3118 3742 3441 3812 signiﬁcant
3494 3745 3753 3815 philoso-

2063 3834 2210 3904 phos
2239 3837 2293 3887 et
2339 3832 2637 3886 hmreticos
2680 3832 2781 3902 qui
2823 3831 2943 3885 sine
2999 3832 3111 3885 fide
3156 3831 3362 3886 Christi
3406 3836 3758 3902 congregant

2067 3920 2290 3975 divitias
2316 3920 2475 3990 pravi
2497 3919 2800 3989 dogmatis,
2835 3934 2964 3989 quia
3005 3918 3149 3972 nihil
3178 3918 3485 3988 proficiunt
3510 3919 3612 3987 eis,
3642 3919 3758 3973 imo

2064 4024 2293 4080 pcenam
2320 4007 2621 4062 conferunt
2637 4011 2930 4061 aeternam.

260 4115 394 4155 cum
423 4099 751 4170 potentibus
782 4099 952 4168 hujus
982 4097 1196 4164 saeculi,
1259 4098 1359 4168 qui
1414 4098 1745 4168 frequenter
1796 4098 1950 4152 deri-
1987 4131 2030 4184 ι)
2140 4097 2304 4151 νειιε.
2358 4101 2409 4152 7.
2463 4126 2527 4136 —
2578 4098 2646 4150 Et
2699 4096 2748 4149 si
2792 4096 2936 4150 bene.
2987 4095 3111 4167 (1ο.)
3168 4095 3397 4149 Dixerat
3448 4095 3592 4149 nihil
3639 4111 3760 4150 esse

264 4188 405 4243 dent
452 4188 845 4242 innocentium
877 4186 1298 4257 simplicitatem
1332 4203 1345 4239 :
1378 4186 1586 4257 quibus
1638 4190 1830 4239 tamen
1861 4187 1956 4240 de-

256 4277 447 4332 bitum
478 4277 757 4330 honorem
813 4276 1069 4329 conferre
1118 4275 1413 4340 debemus,
1474 4274 1569 4328 sed
1618 4291 1733 4328 non
1762 4280 1960 4328 contra

262 4368 467 4429 Deum,
502 4365 588 4418 vel
614 4370 813 4418 contra
853 4364 1122 4417 mandata
1152 4363 1300 4433 ejus.
1351 4364 1531 4429 Unde,
1568 4366 1758 4419 Omnes
1788 4364 1959 4417 hono-

259 4458 400 4519 rate,
432 4455 834 4520 fraternitatem
873 4453 1105 4520 diligite,
1139 4455 1305 4506 Deum
1365 4454 1563 4518 timete,
1598 4468 1774 4519 regem
1805 4452 1962 4505 hono-

258 4543 473 4609 riﬁcate
504 4541 551 4605 (l
590 4543 732 4595 Petr.
772 4546 850 4607 ιι).

340 4628 502 4681 VERS.
544 4630 626 4681 16.
682 4659 747 4667 —-
805 4630 942 4684 Cave
982 4626 1102 4697 tibi,
1162 4634 1212 4682 et
1258 4627 1491 4681 attende.
1545 4627 1763 4691 Quasi:
1818 4626 1961 4681 nihil

258 4720 454 4770 tutum
482 4716 634 4785 apud
662 4722 947 4771 amatores
980 4717 1195 4781 mundi,
1231 4717 1332 4787 qui
1375 4717 1674 4771 mutabilia
1704 4732 1959 4787 sequun-

256 4810 361 4859 tur
412 4808 467 4857 et
513 4820 642 4857 cum
698 4804 810 4858 illis
860 4810 1158 4858 mutantur
1218 4805 1416 4859 Unde:
1470 4806 1680 4859 Stultus
1709 4810 1770 4858 ut
1825 4806 1955 4858 tuna

254 4895 509 4947 mutatur
534 4893 727 4959 (Eccle.
776 4893 964 4962 xxvn).
1010 4895 1253 4947 Possunt
1321 4894 1380 4946 in
1440 4892 1529 4946 his
1585 4893 1840 4946 haeretici
1895 4896 1953 4946 et

257 4979 395 5037 falsi
452 4980 760 5034 Christiani
789 4981 1057 5051 intelligi,
1087 4982 1295 5051 quibus
1328 4998 1442 5034 non
1474 4985 1559 5034 est
1586 4980 1959 5046 credendum,

257 5067 406 5142 quia
427 5067 807 5122 inconstantes
837 5075 969 5122 sunt
990 5070 1047 5122 in
1075 5068 1343 5122 omnibus
1372 5068 1479 5121 viis
1506 5068 1641 5122 suis.

336 5156 505 5210 Vsus.
570 5159 649 5211 18.
711 5188 779 5195 -
847 5158 1006 5211 Omni
1048 5160 1185 5211 vita.
1218 5156 1410 5228 (Βιιι.)
1443 5155 1644 5211 Casteri
1681 5156 1962 5224 refutatis,

257 5249 400 5310 etc.,
434 5259 601 5312 usque
620 5244 695 5298 ad
738 5244 873 5315 quia
920 5260 1099 5316 prope
1129 5249 1214 5298 est
1264 5244 1535 5298 Dominus
1566 5243 1833 5298 omnibus
1875 5244 1964 5298 in-

259 5331 605 5387 vocantibus
636 5348 768 5386 eum
797 5332 857 5385 in
883 5333 1138 5386 veritate.

347 5420 518 5476 Vsus.
554 5424 636 5474 19.
671 5450 739 5460 -
786 5422 952 5477 Omne
989 5419 1219 5475 animal.
1253 5418 1339 5474 Ad
1369 5418 1667 5489 superiora
1710 5418 1965 5490 respicit,

2071 4184 2333 4255 nequius,
2363 4189 2495 4249 etc.,
2530 4200 2698 4252 usque
2726 4184 2801 4237 ad
2832 4199 2983 4237 nunc
3007 4200 3140 4238 vero
3172 4184 3321 4238 idem
3356 4184 3582 4254 repetit.

2139 4275 2300 4327 Vens.
2341 4276 2393 4328 9.
2446 4302 2515 4312 —
2575 4273 2910 4327 Insatiabilis
2968 4273 3169 4326 oculus.
3223 4272 3367 4337 Quia
3415 4272 3538 4327 sine
3574 4272 3759 4326 fructu

2069 4363 2353 4417 bonorum
2392 4361 2681 4415 consumit
2736 4360 2934 4427 vitam,
2980 4365 3035 4414 et
3065 4361 3317 4416 sterilem
3367 4360 3617 4415 animam
3671 4376 3764 4430 ge-

2069 4448 2274 4502 hennae
2306 4448 2536 4519 ignibus
2564 4448 2738 4503 tradit
2765 4448 3149 4503 cruciendam.

2140 4538 2325 4593 Vens.
2365 4538 2448 4590 t0.
2506 4567 2573 4577 —~
2607 4537 2801 4593 Oculus
2841 4537 3015 4591 malus
3046 4537 3119 4591 ad
3148 4538 3313 4591 mala.
3356 4536 3765 4591 Hiereticorum

2070 4625 2267 4678 oculus
2297 4641 2522 4695 semper
2552 4624 2715 4679 malis
2746 4630 2830 4679 est
2848 4625 3121 4692 intentus,
3145 4630 3201 4679 et
3220 4642 3428 4696 panem
3458 4626 3766 4693 caelestem,

2071 4714 2126 4767 id
2158 4717 2243 4766 est
2271 4713 2622 4767 intellectum
2679 4713 2888 4767 divinas
2919 4714 3214 4785 sapientia:
3263 4731 3378 4768 non
3409 4717 3680 4780 meretur,
3713 4718 3770 4767 et

2073 4802 2132 4855 in
2162 4801 2469 4872 Scriptura:
2503 4817 2701 4856 mensa
2734 4801 3030 4856 marcescit
3060 4801 3399 4872 indigentia.

2143 4890 2313 4943 Vens.
2351 4894 2434 4943 11.
2467 4919 2535 4928 -
2558 4891 2683 4958 Fili,
2715 4892 2764 4943 si
2794 4890 2973 4945 habes.
3011 4891 3278 4944 Hortatur
3329 4895 3410 4957 ut,
3443 4894 3773 4961 contempta

2076 4977 2274 5032 mundi
2302 4976 2543 5043 luxuria,
2590 4976 2871 5030 bonorum
2904 4993 3144 5048 operum
3176 4979 3491 5033 oblationes
3535 4980 3650 5033 Deo
3682 4977 3767 5032 of-

2074 5066 2324 5120 feramus
2358 5082 2370 5119 :
2402 5064 2538 5135 quia
2579 5064 2748 5118 breve
2780 5070 2865 5117 est
2923 5065 3174 5135 spatium
3205 5066 3335 5120 vita:
3384 5066 3443 5120 in
3475 5083 3591 5137 quo
3634 5082 3768 5137 ope-

2074 5154 2189 5208 rari
2230 5168 2535 5224 possumus
2577 5156 2747 5222 :post
2778 5157 3023 5206 mortem
3085 5153 3261 5219 enim,
3314 5170 3446 5225 quas
3511 5155 3767 5223 festinat,

2076 5259 2191 5297 non
2221 5247 2303 5295 est
2332 5247 2559 5311 tempus
2589 5240 2885 5310 operandi,
2927 5242 3023 5295 sed
3059 5243 3376 5297 mercedem
3408 5244 3721 5315 recipiendi
3752 5260 3766 5299 :

2078 5330 2258 5395 Unde,
2285 5329 2741 5398 Operaminidum
2765 5329 2878 5383 dies
2908 5335 2985 5384 est
3014 5346 3027 5383 :
3052 5332 3195 5384 venit
3224 5333 3366 5386 enim
3390 5347 3521 5400 noce,
3553 5331 3774 5402 quando

2068 5420 2189 5487 jam
2212 5433 2319 5472 non
2349 5419 2471 5471 licet
2500 5420 2744 5487 operari.
