4018 6176
362 281 496 334 1199

965 276 1356 330 WALAFRIDI
1397 275 1645 330 STRABI
1686 274 1891 332 FULD.
1943 277 2061 333 MOI

2233 277 2304 329 'P.
2347 275 2520 330 PARS
2555 273 2604 327 Ι.
2653 304 2714 312 -
2758 274 3219 332 ΤΙλΙΕΟιΟϐΙΟΑ.

3737 281 3757 330 1
3772 279 3876 330 200

428 401 590 454 Vens.
623 403 705 454 l8.
730 428 800 440 —
830 400 1013 454 Omnis
1043 413 1186 451 caro.
1229 397 1384 452 Sicut
1426 395 1621 451 fenum
1677 397 1736 452 in
1782 404 1932 453 terra
1961 399 2046 451 vel
2077 401 2121 452 A
2159 404 2339 454 servat
2385 415 2466 465 ea,
2517 399 2610 452 ille
2655 404 2732 453 est
2763 403 2859 468 qui
2900 414 2981 452 me
3037 398 3242 466 diligit.
3286 401 3391 466 Qui
3433 406 3614 455 autem
3683 403 3876 470 diligit

357 489 560 543 folium
608 488 666 541 in
723 488 925 540 arbore
980 486 1248 551 nascitur,
1308 487 1528 550 crescit,
1589 486 1831 552 virescit,
1879 487 2049 540 sicca-

359 583 454 632 tur
487 583 544 630 et
568 575 850 644 dejicitur,
887 574 963 626 ita
997 589 1126 626 caro
1178 579 1374 626 nostra
1430 573 1680 627 nascitur
1738 591 1806 628 ex
1844 589 2052 644 proge-

360 667 454 720 nie
479 671 804 736 parentum,
836 661 1037 716 crescit
1068 661 1310 714 infantia
1359 666 1416 715 et
1456 662 1724 731 pueritia,
1801 661 2054 716 florescit

363 756 421 808 in
452 751 854 814 adolescentia,
906 749 1239 804 maturescit
1269 749 1326 802 in
1369 750 1690 819 juventute,
1745 750 1946 804 arescit
1994 750 2054 802 in

361 845 669 906 senectute,
713 838 977 909 dejicitur
1003 838 1060 890 in
1089 841 1290 890 morte.
1827 823 1838 834 ’

431 930 597 981 Vens.
635 931 721 981 22.
755 956 825 967 —
855 927 1049 979 Beatus
1082 929 1193 991 vir,
1254 930 1359 978 ctc.
1416 927 1571 978 Beati
1607 925 1950 979 immaculati
1996 927 2055 978 in

359 1021 471 1082 via,
505 1019 601 1084 qui
629 1015 914 1069 ambulant
951 1017 1007 1067 in
1039 1016 1149 1079 lege
1188 1015 1419 1068 Domini.
1467 1015 1621 1067 Beati
1675 1016 1773 1083 qui
1796 1019 2049 1068 scrutan-

361 1111 452 1160 tur
479 1106 781 1158 testimonia
805 1104 936 1170 eius.
973 1104 1135 1169 (Psal.
1162 1102 1370 1169 cxvm.)

435 1193 599 1246 Vens.
639 1193 726 1245 25.
764 1219 832 1231 —
862 1190 1073 1244 Statuet
1101 1191 1360 1244 casulam.
1424 1189 1484 1242 Id
1545 1193 1632 1243 est
1681 1189 1930 1244 doctoris
1979 1188 2059 1243 of-

364 1280 555 1334 ﬁcium
587 1295 782 1350 agens,
814 1294 966 1332 sanie
1014 1277 1284 1331 doctrinae
1321 1293 1497 1346 opera
1555 1277 1793 1347 justitiae
1825 1279 2061 1348 conjun-

365 1373 478 1439 get,
504 1372 566 1421 ut
597 1367 884 1421 auditores
916 1366 1090 1420 verbo
1109 1371 1164 1419 et
1189 1365 1448 1435 exemplo
1477 1365 1742 1420 instruat.

1039 1491 1263 1546 CAPUT
1300 1491 1406 1544 XV.

440 1603 600 1655 Vens.
637 1603 686 1655 3.
714 1628 786 1640 —
815 1599 981 1667 Aqua
1007 1599 1308 1666 sapientiae.
1357 1595 1552 1665 (ΗΑΒ.)
1586 1594 1769 1664 gratia
1818 1593 2062 1664 Spiritus

369 1689 548 1744 sancti
605 1705 617 1742 :

370 1779 470 1845 bis,
500 1778 596 1843 ﬁet
625 1779 683 1828 in
707 1791 763 1828 eo
811 1777 934 1840 fons
959 1789 1114 1841 aqua?
1166 1774 1412 1826 salientis
1463 1775 1522 1825 in
1582 1775 1749 1825 vitam
1806 1776 2063 1824 aeternam

369 1866 552 1937 (Joan.
590 1863 720 1931 xw),
775 1862 832 1915 id
880 1866 966 1914 est
1009 1877 1127 1914 non
1182 1860 1342 1914 cedet
1383 1859 1783 1930 persecutioni,
1840 1859 1927 1911 vel
1948 1856 2064 1911 haz-

370 1956 562 2010 retices
591 1951 876 2023 pravitati.

444 2043 603 2094 Vens.
633 2042 684 2092 5.
714 2067 782 2077 —
818 2039 888 2091 Et
915 2039 974 2090 in
1005 2036 1179 2090 medio
1232 2033 1498 2090 Ecclesiae.
1549 2035 1868 2105 Apostolos,
1917 2050 2065 2105 prae-

374 2130 650 2185 dicatores
704 2124 990 2195 Evangelii
1048 2123 1346 2194 signiﬁcat,
1406 2140 1551 2194 quos
1609 2124 1708 2178 Dei
1763 2122 2062 2194 sapientia,

374 2219 432 2272 id
463 2223 549 2271 est
569 2215 840 2278 Christus,
874 2212 1134 2266 Ecclesia:
1165 2212 1498 2284 praeposuit.

446 2305 622 2358 Vens.
665 2307 715 2355 7.
748 2329 818 2340 —
846 2302 1098 2354 Homines
1148 2301 1318 2363 stulti,
1373 2305 1478 2355 etc.
1519 2300 1753 2371 Pagani,
1781 2303 1838 2354 et
1880 2299 2064 2355 idolo-

372 2395 530 2449 latrtr
572 2396 629 2444 et
655 2389 859 2452 Judaei,
895 2387 995 2458 qui
1021 2387 1366 2456 cruciﬁgunt
1402 2387 1605 2441 Filium
1650 2388 1772 2453 Dei,
1817 2404 2062 2458 sequen-

373 2488 458 2538 tes
480 2479 743 2533 umbram
770 2476 935 2546 legis,
957 2480 1014 2529 et
1043 2481 1378 2545 respuentes
1409 2475 1703 2529 veritatem
1727 2475 2023 2546 Evangelii
2047 2492 2060 2529 :

373 2569 461 2622 vel
488 2565 760 2630 heretici,
793 2563 888 2634 qui
922 2561 1240 2632 Scripturas
1270 2566 1626 2631 pervertunt.

443 2657 604 2709 Vens.
647 2656 697 2707 8.
729 2681 800 2692 —
828 2653 898 2706 Et
924 2652 1034 2704 viri
1063 2664 1294 2704 veraces.
1333 2650 1532 2704 Omnis
1579 2650 1681 2721 qui
1705 2656 1793 2706 est
1822 2667 1890 2706 ex
1916 2651 2066 2706 veri-

374 2748 512 2809 tate,
536 2741 700 2796 audit
721 2755 915 2792 vocem
938 2753 1145 2791 meam.

445 2831 604 2884 Vens.
638 2831 690 2882 9.
724 2858 790 2866 —
828 2829 891 2882 In
936 2841 1026 2880 ore
1072 2827 1388 2895 peccatoris.
1456 2825 1887 2892 Haareticorum,
1967 2825 2068 2898 qui

373 2918 689 2974 doctrinam
748 2918 976 2969 Patrum
1032 2914 1376 2984 despiciunt,
1451 2919 1509 2969 et
1563 2915 1850 2985 simplices
1914 2915 2065 2969 deci-

377 3008 565 3080 piunt.
599 3007 824 3060 Donum
854 3003 1137 3074 largitatis
1166 3019 1284 3057 non
1317 3002 1533 3058 invidet
1562 3004 1711 3058 Deus
1739 3003 1931 3066 alicui,
1965 3003 2067 3074 qui

378 3097 499 3151 vult
527 3111 726 3148 omnes
756 3092 1018 3147 homines
1043 3092 1226 3145 salvos
1246 3090 1392 3145 ﬁeri.

450 3185 610 3238 Vens.
657 3185 740 3237 12.
795 3211 863 3220 -
912 3182 1031 3237 Νοη
1061 3179 1233 3234 dicas.
1273 3178 1407 3250 (10.)
1459 3179 1583 3233 Non
1607 3184 1740 3233 sunt
1780 3179 1930 3233 mala
1962 3195 2067 3232 no-

380 3278 494 3328 stra
520 3273 634 3326 Deo
665 3269 1021 3340 imputanda,
1055 3267 1146 3320 cui
1185 3283 1303 3320 non
1335 3272 1467 3321 sunt
1513 3268 1833 3322 necessaria
1867 3285 1879 3322 :
1933 3270 2068 3322 Deus

380 3364 674 3414 intentator
697 3359 961 3411 malorum
982 3360 1059 3409 est
1091 3355 1291 3423 (Jacob.
1317 3355 1374 3424 ι).

451 3448 620 3501 Vens.
685 3446 768 3498 14.
798 3473 868 3483 -
914 3443 1200 3498 Constituit
1249 3442 1512 3503 hominem
1541 3443 1613 3496 ad
1661 3442 1973 3512 imaginem
2015 3447 2072 3497 et

383 3532 818 3589 similitudinem
846 3546 1028 3596 suam,
1085 3534 1142 3582 et
1172 3529 1416 3583 liberum
1449 3529 1747 3585 arbitrium
1785 3530 1937 3585 dedit
1993 3532 2069 3586 ei.

455 3624 614 3676 Vens.
647 3623 730 3675 16.
782 3649 851 3659 --
876 3619 938 3674 Si
972 3619 1222 3672 volueris.
1256 3617 1316 3670 Id
1349 3621 1434 3671 est
1473 3617 1521 3671 si
1551 3618 1800 3673 volueris
1829 3618 2070 3690 implere

384 3728 560 3782 opera
609 3713 667 3764 et
723 3707 992 3762 mandata
1032 3705 1153 3770 Dei,
1196 3705 1432 3760 habebis
1485 3707 1934 3762 consolationem
1976 3724 1989 3763 :
2024 3707 2072 3762 si

379 3797 791 3869 contempseris
811 3796 1090 3866 gehennaa
1116 3793 1401 3848 ardorem.

450 3890 617 3944 Vens.
651 3889 734 3942 19.
787 3914 849 3926 -
898 3885 1160 3950 Quoniam
1203 3885 1376 3937 multa
1427 3885 1719 3952 sapientia.
1762 3884 1890 3956 (ῐυ.)
1933 3884 2071 3939 Nul-

380 3980 468 4034 lus
494 3979 705 4049 postest
733 3972 1151 4045 prmscientiam
1185 3971 1307 4038 Dei,
1339 3977 1470 4038 etc.,
1521 3987 1692 4042 usque
1722 3973 1796 4027 ad
1823 3973 1966 4028 nihil
1988 3973 2074 4027 fa-

381 4068 492 4122 ciat
516 4067 705 4128 homo,
742 4062 851 4115 nisi
882 4061 1031 4131 quod
1061 4060 1302 4130 dignum
1334 4061 1408 4114 sit
1436 4061 1762 4130 conspectui
1789 4061 2000 4116 divino.

451 4157 613 4208 Vens.
665 4155 755 4205 2|.
817 4179 877 4189 —
951 4150 1164 4203 Nemini
1217 4148 1521 4202 mandavit.
1572 4149 1696 4202 Non
1741 4153 1824 4202 est
1877 4154 2077 4204 auctor

383 4245 532 4298 Deus
575 4238 869 4310 peccandi,
901 4251 1004 4289 nec
1049 4235 1295 4306 spatium
1327 4237 1584 4290 concedit
1624 4236 1685 4290 in
1713 4252 1828 4307 quo
1894 4238 2069 4291 homo
2102 4235 2144 4289 D

379 4333 614 4402 impune
645 4341 876 4398 peccare
932 4324 1143 4394 possit;
1184 4340 1410 4394 semper
1465 4325 1614 4378 bona
1678 4324 1955 4395 praecipit,
2016 4328 2074 4379 et

379 4420 532 4474 mala
583 4413 891 4470 interdicit.
952 4411 1324 4466 Solummodo
1375 4413 1561 4481 placet
1590 4412 1643 4466 ei
1671 4413 1825 4483 quod
1855 4413 2072 4467 bonum

381 4514 484 4574 est,
516 4506 822 4561 inﬁdelitas
851 4508 1043 4555 autem
1094 4507 1151 4554 et
1182 4501 1460 4555 inutilitas
1491 4501 1772 4572 displicet,
1819 4504 2074 4572 quoniam

372 4598 558 4667 justus
606 4597 762 4660 Deus,
791 4597 840 4646 et
860 4591 1110 4660 justitias
1147 4589 1360 4643 dilemit.
1395 4590 1557 4660 (Psal.
1590 4591 1666 4660 κ.)

1024 4695 1250 4750 CAPUT
1287 4694 1424 4750 XVI.

450 4810 608 4862 Vens.
652 4808 703 4860 ὅ.
754 4834 822 4843 -
851 4803 937 4857 Ab
975 4817 1078 4855 uno
1135 4806 1346 4855 sensuto
1391 4800 1795 4856 inhabitabitur
1845 4803 2065 4871 patria.

380 4899 568 4970 (ΗΑΒ.)
595 4894 701 4958 Qui
741 4891 1052 4945 secundum
1087 4905 1282 4943 sanam
1316 4890 1573 4959 regulam
1607 4889 1916 4962 Scriptura:
1960 4890 2071 4945 ﬁde

379 4992 435 5042 et
463 4999 634 5054 opera
667 4985 962 5051 peimauet
991 4978 1046 5030 in
1078 4978 1282 5030 semita
1315 4977 1573 5047 justitiaa.

448 5075 499 5128 A
525 5072 697 5126 tribus
728 5070 915 5136 impiis
940 5065 1238 5120 deseretur.
1277 5066 1501 5120 Scilicet
1547 5065 1647 5137 qui
1703 5065 2068 5136 cogitatione,

377 5160 688 5224 locutione,
738 5171 909 5227 opere
940 5156 1157 5224 seipsos
1182 5159 1545 5224 sequestrant
1599 5171 1631 5208 a
1657 5155 1922 5209 societate
1963 5153 2071 5209 bo-

459 5265 605 5302 rum.

379 5267 612 5390 Ποζνέῑζ.
647 5337 699 5387 6.
748 5363 796 5373 —
837 5331 1009 5385 Multa
1066 5331 1199 5384 talia
1254 5331 1392 5384 vidit
1423 5331 1627 5386 oculus.
1686 5330 1907 5395 Quanto
1943 5330 2070 5401 quis

380 5424 671 5480 ardentius
707 5422 889 5490 legem
940 5421 1037 5474 Dei
1093 5420 1274 5484 discit,
1308 5424 1466 5473 tanto
1518 5419 1702 5490 magis
1752 5419 2073 5473 illustratur

379 5513 598 5570 lumine
635 5509 885 5564 scientia:
927 5525 940 5561 :
1002 5507 1174 5575 unde,
1216 5510 1321 5578 ()ui
1352 5507 1510 5560 habet
1546 5507 1811 5561 mandata
1865 5521 1983 5560 mea
2019 5512 2070 5559 et

674 1687 850 1753 unde,
883 1687 992 1752 Qui
1013 1685 1207 1738 biberit
1264 1701 1464 1752 aquam
1487 1700 1650 1752 quam
1682 1699 1774 1750 ego
1805 1683 1943 1737 dabo
1968 1697 2060 1735 υο-
2093 1680 2134 1733 Β

2161 503 2260 553 me,
2295 487 2554 557 diligetur
2611 501 2646 539 a
2699 489 2862 541 Patre
2887 502 3046 540 meo:
3093 492 3142 540 et
3173 503 3266 555 ego
3318 487 3551 554 diligam
3603 505 3754 554 eum,
3828 495 3876 541 et

2161 573 2520 638 mani/astabo
2541 575 2590 626 ei
2636 575 2898 642 meipsum
2937 576 3116 642 (Joan.
3151 575 3282 645 inv).

2236 661 2392 714 Vens.
2444 663 2495 715 8.
2544 690 2613 700 -ο
2667 662 2781 716 Νοη
2825 667 3188 715 θωοναυρνῑιηι
3237 678 3338 732 pro
3391 666 3632 733 peccatis
3679 664 3864 734 (Rea)

2162 748 2399 818 Antiqui
2418 748 2698 818 gigantes,
2741 748 3036 803 desideriis
3066 750 3306 804 terrenis
3343 750 3570 815 irretiti,
3633 758 3692 804 et
3752 768 3870 804 sar-

2163 837 2291 890 cina
2320 844 2684 907 peccatorum
2716 837 2935 907 gravati
2958 857 2972 904 ;
2995 837 3078 891 vel
3104 839 3374 903 haeretici,
3416 840 3518 909 qui
3560 840 3875 894 conﬁdunt

2165 925 2224 978 in
2263 925 2470 978 virtute
2520 941 2640 993 sua,
2693 932 2751 979 et
2787 926 2848 979 in
2895 925 3109 980 divitiis
3148 926 3455 981 dialecticae
3485 934 3541 982 et
3566 928 3869 982 rhetorice

2167 1013 2504 1083 gloriantur.

2235 1101 2403 1155 Vens.
2441 1103 2538 1155 -12,
2597 1131 2665 1142 -
2721 1101 3096 1162 Misericordia
3150 1104 3290 1156 enim
3323 1107 3373 1156 et
3417 1105 3505 1156 ira
3555 1119 3678 1158 cum
3753 1105 3870 1158 illo.

2169 1189 2350 1258 (ΗΑΒ.)
2381 1189 2596 1243 Divinte
2625 1204 2860 1243 censura
2882 1190 3269 1261 aequalitatem
3299 1197 3504 1256 servat,
3535 1199 3671 1258 etc.,
3699 1209 3875 1261 usque

2168 1280 2243 1333 ad
2274 1295 2286 1331 :
2313 1280 2422 1344 Qui
2454 1281 2702 1348 sequitur
2729 1281 3006 1349 justitiam
3032 1285 3082 1333 et
3126 1281 3577 1344 misericordiam,
3628 1285 3874 1335 inveniet

2167 1369 2338 1421 vitam
2367 1372 2418 1421 et
2448 1369 2729 1436 justitiam
2763 1373 2811 1420 et
2840 1369 3070 1436 gloriam
3091 1367 3269 1438 (Prov.
3301 1368 3434 1436 im).

2240 1455 2415 1510 Vens.
2450 1457 2529 1510 16.
2560 1486 2628 1495 -
2658 1458 2775 1511 Non
2817 1455 2970 1509 dicas
3003 1471 3016 1509 :
3064 1458 3116 1509 Α
3150 1457 3264 1510 Deo
3293 1456 3615 1510 abscondar.
3651 1457 3874 1528 Repre-

2169 1543 2371 1598 hendit
2397 1559 2516 1612 eos,
2563 1544 2662 1614 qui
2695 1545 2873 1598 Deum
2905 1543 3145 1597 credunt
3170 1561 3288 1598 non
3323 1560 3519 1597 curare
3552 1546 3826 1598 mortalia
3856 1561 3870 1596 :

2173 1632 2324 1685 unde
2352 1631 2605 1703 Eliphaz,
2649 1632 2792 1698 Quid
2842 1634 2982 1686 enim
3009 1635 3160 1685 novit
3209 1635 3394 1686 Deus?
3437 1635 3506 1686 Et
3555 1636 3723 1701 quasi
3779 1650 3874 1702 per

2173 1722 2458 1789 caliginem
2491 1721 2730 1789 judicat.
2789 1721 2962 1777 Nubes
3015 1721 3302 1774 latibulum
3330 1723 3466 1789 ejus,
3538 1737 3635 1775 nec
3686 1728 3875 1775 nostra

2173 1809 2481 1864 considerat
2530 1809 2666 1879 (Job.
2718 1810 2876 1877 χιιι).
2911 1809 3054 1862 Hinc
3114 1809 3322 1862 Paulus
3379 1810 3480 1876 ait,
3573 1811 3746 1864 Vicus
3795 1815 3872 1864 est

2172 1913 2343 1951 sermo
2371 1898 2474 1950 Dei
2500 1902 2551 1950 et
2579 1897 2798 1968 efficax,
2839 1901 2888 1950 et
2933 1897 3318 1966 penetrabilior
3346 1899 3491 1950 omni
3545 1897 3735 1964 gladio
3783 1914 3876 1951 an-

2173 1989 2352 2055 cipiti,
2416 1991 2468 2040 et
2515 1988 2828 2055 pertingens
2890 1999 3058 2053 usque
3107 1985 3182 2038 ad
3211 1984 3534 2039 divisionem
3575 1989 3779 2039 animae
3808 2002 3871 2039 ac

2173 2077 2422 2144 spiritus,
2455 2087 2771 2142 compagum
2800 2088 3009 2142 quoque
3052 2087 3116 2127 ac
3159 2073 3541 2136 medullarum,
3571 2079 3623 2127 et
3666 2074 3868 2128 discre-

2176 2169 2259 2217 tor
2287 2163 2672 2228 cogitationum
2705 2169 2752 2214 et
2785 2163 3141 2215 intentionum
3171 2161 3349 2216 cordis
3378 2163 3564 2230 (Hebr.
3598 2164 3699 2230 iv).

2246 2253 2408 2304 Vens.
2446 2252 2528 2304 18.
2567 2278 2636 2290 -
2664 2249 2805 2303 Ecce
2833 2251 3040 2316 caelum,
3071 2253 3120 2302 et
3145 2251 3268 2304 caeli
3320 2251 3587 2304 ccelorum.
3653 2251 3827 2314 Quasi
3860 2268 3876 2305 :

2174 2337 2230 2394 Si
2263 2339 2480 2408 majora
2508 2353 2613 2407 pro
2652 2337 2940 2391 voluntate
2994 2353 3094 2390 sua
3148 2337 3460 2407 dispensat,
3521 2343 3574 2392 et
3607 2355 3874 2408 compre-

2175 2426 2416 2482 hcndit:
2452 2426 2677 2479 minora
2727 2441 2858 2479 eum
2902 2425 3075 2478 latere
3103 2441 3219 2479 non
3266 2431 3525 2496 possunt,
3578 2427 3655 2481 ad
3712 2429 3881 2498 cujus

2176 2521 2379 2570 nutum
2409 2514 2600 2567 omnia
2633 2517 2840 2584 pavent
2886 2519 2944 2566 et
2985 2514 3459 2581 contremiscunt;
3511 2521 3569 2570 et
3622 2533 3744 2570 non
3795 2524 3882 2571 est

2176 2602 2276 2673 qui
2299 2601 2472 2672 possit
2501 2600 2624 2671 ejus
2653 2601 2913 2654 resistere
2931 2601 3228 2654 voluntati.

2246 2692 2413 2745 Vens.
2457 2693 2544 2744 22.
2587 2720 2654 2728 —
2717 2692 2782 2743 Et
2805 2705 2967 2758 opera
3018 2689 3271 2756 justitiz.
3335 2691 3515 2744 Nemo
3572 2690 3885 2745 enuntiare

2175 2784 2363 2851 potest
2391 2777 2750 2832 altitudinem
2777 2777 3004 2846 iustitiae
3033 2778 3179 2848 ejus,
3206 2793 3311 2831 nec
3336 2779 3620 2832 sustinere
3634 2780 3884 2850 justitiaa

2176 2867 2607 2922 districtionem.
2636 2867 2686 2921 A
2719 2866 3073 2935 quibusdam;
3103 2869 3153 2918 et
3191 2868 3553 2934 interrogatio
3573 2867 3881 2933 hominum,

2095 2955 2137 3012 C
2175 2961 2279 3009 etc.
2305 2954 2644 3020 Idololatris,
2678 2954 2982 3021 haereticis,
3024 2955 3112 3008 vel
3137 2954 3294 3008 falsis
3323 2955 3620 3008 catholicis
3653 2971 3668 3008 :
3704 2957 3885 3016 unde,

2175 3044 2293 3098 Non
2348 3045 2490 3096 enim
2547 3041 2820 3096 auditores
2869 3043 3000 3109 legis
3036 3042 3434 3112 justiﬁcantur,
3486 3043 3582 3098 sed
3637 3045 3882 3110 factores

2177 3131 2357 3200 (Rom.
2383 3130 2464 3201 ιι).

2245 3219 2412 3272 Vens.
2449 3220 2536 3271 25.
2572 3245 2640 3259 —
2675 3220 2741 3272 Et
2787 3217 2968 3272 dicam
2999 3219 3058 3272 in
3108 3220 3387 3286 aequitate.
3429 3218 3616 3289 (ΗΑΒ.)
3662 3219 3774 3284 Qui
3808 3221 3889 3274 in-

2174 3310 2334 3360 tento
2367 3306 2531 3359 corde
2563 3305 2868 3372 desiderat,
2896 3311 3027 3371 etc.,
3065 3321 3234 3375 usque
3262 3305 3337 3360 ad
3365 3305 3467 3360 sed
3497 3311 3712 3362 statum
3748 3324 3889 3362 san-

2177 3398 2278 3448 cta)
2311 3393 2567 3448 Ecclesia:
2597 3399 2791 3464 aperte
2818 3394 3164 3449 manifestat.

2247 3483 2410 3536 Vens.
2445 3485 2533 3535 26.
2572 3510 2637 3522 —
2673 3483 2938 3535 Distinxit
2980 3486 3171 3550 partes
3215 3481 3451 3535 illorum.
3503 3481 3890 3553 Singularum

2177 3571 2436 3640 gentium
2470 3570 2755 3640 originem
2796 3585 2901 3639 per
2928 3570 3176 3624 diversas
3208 3576 3398 3640 partes
3429 3572 3633 3625 mundi
3668 3572 3888 3626 discre-

2177 3659 2277 3725 vit,
2299 3664 2365 3714 ut
2415 3675 2659 3730 quasque
2716 3674 2856 3728 gens
2903 3657 3084 3727 partis
3137 3658 3226 3711 sui
3275 3657 3554 3712 vocabulo
3607 3661 3890 3714 denomi-

2179 3752 2311 3802 nata
2338 3747 2604 3818 proprias
2637 3746 2798 3800 sedes
2823 3745 3157 3816 possideret.
3193 3746 3420 3816 Mystice
3450 3751 3649 3802 autem
3688 3749 3889 3803 divina

2181 3835 2460 3907 sapientia
2518 3834 2819 3889 Ecclesiam
2895 3833 3217 3898 instituens,
3291 3850 3394 3904 per
3464 3836 3645 3890 totius
3727 3837 3888 3890 orbis

2179 3929 2370 3996 partes
2405 3922 2677 3990 dilatavit,
2703 3926 2759 3976 et
2786 3921 2847 3974 in
2910 3921 3153 3992 singulis
3209 3923 3476 3993 gentibus
3529 3925 3838 3978 collocavit
3871 3941 3886 3976 :

2180 4013 2339 4068 utin
2386 4011 2621 4066 diversis
2673 4010 2808 4064 locis
2838 4009 3059 4064 diversa
3088 4009 3327 4064 nomina
3373 4009 3693 4064 vindicaret
3755 4013 3886 4075 sibi,

2181 4101 2332 4156 unde
2351 4101 2594 4154 Joannes
2624 4100 2684 4153 in
2712 4098 3049 4170 Apocalypsi
3081 4099 3324 4165 :Angelo
3355 4099 3600 4166 Smyrna
3634 4102 3888 4155 Ecclesia

2182 4189 2359 4244 scribe
2384 4189 2576 4257 (Apoc.
2611 4187 2692 4257 ιι),
2725 4193 2780 4240 et
2800 4186 3063 4257 Pergami
3085 4191 3140 4240 et
3165 4187 3444 4257 Thyatira:
3473 4191 3530 4240 et
3557 4189 3816 4242 caeteris.

2253 4277 2418 4330 Vens.
2457 4277 2544 4328 29.
2576 4305 2645 4314 -—
2683 4276 2800 4329 Non
2829 4276 2905 4328 sis
2935 4275 3270 4329 incredibilis
3299 4276 3457 4329 verbo
3486 4276 3668 4331 illius.
3728 4277 3884 4330 Dixit

2180 4363 2462 4434 superius,
2488 4362 2777 4433 quomodo
2809 4363 2878 4416 ab
2909 4362 3074 4416 initio
3101 4364 3248 4417 Deus
3270 4362 3330 4416 in
3362 4363 3599 4417 scientia
3632 4371 3693 4418 et
3716 4364 3883 4434 judi-

2180 4452 2265 4506 cio
2296 4450 2577 4505 ordinavit
2606 4466 2779 4521 opera
2809 4466 2908 4503 sua
2942 4467 2954 4504 :
2995 4467 3149 4504 nunc
3206 4451 3544 4521 interposita
3592 4453 3886 4506 sententia

2180 4539 2499 4594 auditorem
2556 4539 2836 4604 hortatur,
2893 4555 2965 4593 ne
3016 4539 3365 4594 incredibilis
3416 4539 3590 4594 verbo
3645 4541 3814 4596 illius
3858 4558 3886 4594 ι

2182 4633 2330 4683 statu
2359 4627 2719 4682 rectitudinis
2746 4627 3026 4692 ﬂectatur,
3058 4632 3115 4681 et
3142 4628 3212 4682 ad
3263 4627 3659 4682 narrationem
3714 4630 3881 4692 redit,

2181 4715 2486 4772 ostendens
2518 4715 2805 4786 quouiodo
2838 4716 3139 4770 clementia
3172 4715 3273 4771 Dei
3322 4731 3504 4784 genus
3556 4717 3884 4772 humanum

2180 4805 2467 4874 reparavit
2496 4803 2608 4857 sic:
2647 4805 2765 4858 Post
2806 4805 2914 4857 ἠως
2961 4806 3100 4858 Deus
3133 4806 3192 4857 in
3215 4809 3415 4858 terram
3445 4807 3712 4874 respexit,
3775 4813 3878 4859 etc.

2252 4893 2411 4946 Vens.
2473 4894 2558 4945 31.
2619 4921 2688 4929 ——
2743 4892 3121 4957 Denunliavit,
3182 4892 3543 4962 cogitationis
3593 4909 3814 4947 arcana
3869 4911 3880 4945 :

2179 4981 2352 5043 unde,
2393 4980 2718 5034 Intellexisti
2765 4981 3116 5046 cogitationes
3159 4995 3302 5035 meas
3363 4980 3428 5034 dc
3504 4982 3663 5048 longe
3721 4983 3876 5048 (PsaL

2180 5066 2468 5137 cxxxvm).
2544 5069 2626 5132 Et,
2683 5070 2941 5121 Dominus
2993 5071 3142 5122 novit
3191 5071 3542 5137 cogitationes
3601 5070 3880 5125 hominum

2182 5158 2351 5228 (Psal.
2378 5155 2549 5225 xcm).

2816 5226 3041 5282 CAPUT
3071 5227 3234 5281 XVII.

2248 5331 2412 5385 Vens.
2445 5334 2495 5384 1.
2530 5360 2597 5369 -
2645 5331 2780 5384 Deus
2831 5333 3050 5384 creavit.
3087 5331 3280 5400 (ΗΑΒ.)
3317 5332 3386 5386 Ut
3416 5331 3494 5384 sic
3551 5332 3742 5400 vivat,
3799 5352 3871 5388 sa-

2177 5420 2316 5491 piat,
2372 5423 2500 5486 etc.,
2527 5434 2698 5487 usque
2740 5419 2814 5472 ad
2840 5419 2918 5474 ita
2943 5419 3114 5473 homo
3161 5419 3498 5474 charitatem
3536 5423 3771 5490 habeat,
3821 5429 3870 5476 ut

2178 5506 2252 5559 sit
2272 5507 2454 5560 bonus
2493 5511 2549 5561 et
2572 5507 2762 5576 justus
2787 5522 2801 5572 ;
2833 5511 2942 5560 etc.
