4074 6186
214 315 337 366 1201

1344 311 1599 368 GLOSSA
1644 313 2046 371 ORDINARIA.
2086 344 2153 355 —-
2194 317 2319 370 LIB.
2363 314 2583 370 ECCLI.

3573 316 3708 372 1202

276 430 433 483 Vens.
475 434 529 484 2.
563 460 629 469 —
660 433 730 485 Et
772 431 1062 484 secundum
1113 446 1168 484 se
1212 430 1453 497 vestivit,
1523 434 1628 484 etc.
1696 431 1894 485 Unde:
1930 436 1974 487 Α
2013 450 2200 486 ιιι-θυαε
2231 450 2243 487 :
2278 433 2413 504 quia
2465 434 2539 487 ad
2585 436 3068 504 comparationem
3125 440 3352 488 aeternas
3427 436 3707 491 felicitatis

203 520 418 573 Induite
446 535 641 572 novum
693 520 975 583 hominem,
1012 521 1129 586 quis
1160 520 1447 571 secundum
1482 522 1648 573 Deum
1698 526 1906 573 creatus

205 613 283 661 est
313 610 367 660 in
385 609 611 676 justitia
633 612 683 659 et
702 608 948 659 veritatis
988 609 1277 659 sanctitate
1307 609 1527 674 (Eplus.
1574 606 1665 677 Ix).

278 696 439 748 Vens.
488 696 538 747 3.
592 722 662 733 —
711 696 780 747 Et
818 693 967 747 dedit
1010 694 1095 746 illi
1149 699 1480 761 potestatem.
1515 694 1659 756 Quia
1709 693 1768 746 in
1800 694 1906 747 hoc

206 799 436 853 quoque
465 782 644 835 factus
676 788 762 834 est
799 780 970 834 homo
1003 780 1069 833 ad
1104 782 1412 848 imaginem
1460 781 1578 845 Dei,
1614 798 1727 850 quo
1760 782 1903 834 irra-

205 870 577 923 tionabilibus
602 868 821 921 ratione
857 870 1160 929 antecellit,
1197 876 1252 921 et
1281 884 1349 921 ea
1378 870 1522 938 regit
1550 876 1605 920 et
1635 870 1903 922 domina-

204 963 302 1012 tur
330 958 387 1010 in
417 958 518 1017 eis,
552 963 606 1009 et
632 956 891 1009 omnium
930 962 1243 1009 creatorem
1298 957 1575 1026 agnoscit.
1624 957 1730 1011 Sed
1769 957 1905 1027 quia

204 1046 482 1099 honorem
518 1061 685 1098 suum
721 1060 832 1097 non
854 1043 1146 1110 intellexit,
1180 1051 1522 1113 comparatus
1547 1049 1625 1098 est
1640 1044 1902 1114 jumentis

202 1135 589 1202 insipimitibus
630 1133 795 1200 (Psal.
828 1134 1035 1198 XLVIII).

279 1222 444 1274 Vens.
489 1224 541 1275 5.
592 1251 659 1259 —
690 1220 904 1275 Creavit
947 1235 1014 1273 ea:
1060 1221 1194 1288 ipso.
1230 1219 1387 1273 Sicut
1440 1218 1508 1273 de
1560 1220 1735 1273 latere
1766 1221 1900 1274 Adae

203 1306 539 1361 dormientis
566 1306 809 1360 formata
838 1311 921 1358 est
948 1306 1081 1369 Eva,
1139 1304 1218 1358 sic
1264 1305 1332 1358 de
1386 1306 1560 1358 latere
1602 1306 1810 1360 Christi
1841 1308 1899 1360 in

199 1412 368 1450 cruce
418 1394 717 1449 morientis
773 1394 944 1448 exivit
973 1393 1202 1463 sanguis
1257 1399 1311 1446 et
1366 1409 1532 1463 aqua,
1593 1395 1660 1446 de
1692 1393 1899 1463 quibus

198 1483 482 1537 formatur
522 1483 782 1537 Ecclesia.

273 1572 435 1627 Vens.
469 1575 519 1625 9.
569 1601 630 1611 —
666 1573 736 1626 Et
765 1572 930 1639 legem
971 1572 1114 1624 vita.
1152 1569 1502 1634 Naturalem,
1540 1585 1713 1640 quam
1746 1570 1900 1624 dedii

199 1660 357 1714 omni
380 1659 624 1725 homini,
682 1664 744 1712 ut
790 1659 1099 1729 subjicetur
1145 1674 1246 1711 suo
1297 1658 1563 1723 creatori,
1614 1663 1668 1711 et
1711 1659 1897 1712 bono-

199 1765 329 1802 rum
381 1765 623 1818 operum
671 1747 729 1801 in
762 1763 819 1800 se
874 1745 1369 1800 honoriﬁcentiam
1419 1746 1744 1800 custodiret.
1780 1747 1896 1812 Vel,

200 1838 388 1907 legem
421 1837 643 1901 litteras,
673 1851 846 1906 quam
880 1835 946 1888 ad
997 1835 1410 1887 correctionem
1457 1850 1702 1900 morum,
1734 1838 1789 1887 et
1818 1851 1901 1888 re-

201 1925 565 1995 parationem
613 1923 889 1977 naturalis
928 1923 1092 1992 legis,
1153 1922 1321 1976 scribi
1356 1923 1529 1975 voluit
1560 1939 1573 1988 ;
1609 1924 1717 1976 hoc
1746 1923 1898 1977 enim

200 2012 480 2067 naturalis
526 2012 611 2064 lex
671 2016 727 2064 et
792 2010 1051 2064 litteratis
1109 2010 1377 2076 insinuat,
1436 2016 1496 2063 ut
1556 2012 1734 2064 Deum
1782 2015 1901 2064 toto

201 2101 395 2167 corde,
429 2104 551 2153 tota
600 2098 813 2165 anima,
860 2104 980 2151 tota
1032 2098 1242 2151 virtute
1276 2098 1618 2167 diligamus:
1654 2103 1708 2151 et
1740 2114 1899 2151 man-

200 2189 337 2243 data
370 2188 575 2258 ejusin
606 2187 707 2241 Dei
743 2192 800 2240 et
855 2185 1106 2257 proximi
1141 2186 1445 2240 dilectione
1488 2184 1897 2238 custodiamus.

273 2278 433 2331 Vens.
467 2279 550 2331 13.
584 2306 651 2314 —-
684 2276 874 2331 Coram
905 2276 1017 2329 illo.
1050 2274 1236 2344 (ΗΑΒ.)
1271 2274 1428 2327 Unde
1458 2291 1469 2327 :
1517 2272 1681 2329 Novit
1716 2276 1900 2327 Domi-

198 2381 303 2419 nus
330 2367 476 2418 viam
498 2366 791 2433 justorum,
823 2367 874 2416 et
896 2365 1002 2416 iter
1026 2365 1315 2431 impiorum
1335 2362 1534 2431 peribit
1565 2362 1726 2430 (Psal.
1766 2362 1829 2429 I).

273 2454 434 2507 Vens.
472 2452 561 2506 14.
617 2481 687 2492 -
715 2454 1005 2506 Rectorem.
1058 2451 1327 2520 Angelos,
1366 2450 1573 2520 quibus
1617 2448 1905 2503 commisit

200 2544 351 2596 Deus
380 2539 695 2594 custodiam
755 2539 1111 2608 singularum
1144 2539 1401 2608 gentium
1439 2535 1449 2590 ι
1486 2537 1664 2603 Unde,
1694 2538 1904 2591 Statuit

199 2631 455 2683 terminos
503 2629 745 2696 gentium
807 2627 976 2695 juzcta
1050 2641 1331 2680 numerum
1413 2627 1723 2692 angelorum
1773 2626 1900 2678 Dei.

198 2717 388 2787 (Deut.
422 2716 628 2786 xxxn).
678 2716 798 2782 Vel,
845 2715 1104 2769 doctores
1146 2730 1288 2786 quos
1333 2714 1407 2767 ad
1468 2714 1903 2784 praedicandum

200 2806 382 2860 misit.

273 2894 443 2947 Vens.
490 2894 576 2947 21.
614 2921 676 2931 —
720 2892 1048 2949 Convertere.
1076 2891 1311 2945 Ostensa
1340 2890 1670 2943 conditione
1710 2889 1904 2944 homi-

2016 521 2193 575 nimis
2222 526 2306 575 est
2348 522 2610 589 brevitas,
2644 527 2701 574 et
2744 523 2973 575 miseria
3024 524 3269 576 maxima
3316 525 3487 592 unde,
3546 527 3707 580 Homo

2014 616 2174 665 nutus
2204 609 2269 664 de
2316 612 2535 664 muliere
2572 611 2720 664 brevi
2744 612 2926 664 vivens
2958 616 3208 678 tempore,
3245 613 3482 680 repletur
3520 613 3707 668 multis

2012 701 2246 754 miseriis
2274 698 2422 769 (Job.
2454 698 2592 767 xw).

2088 786 2242 839 Vens.
2308 787 2397 839 12.
2463 815 2533 825 —
2577 788 2854 841 Miseratio
2896 787 3144 839 hominis.
3202 786 3369 839 Pauci
3420 793 3571 849 sunt,
3608 789 3707 858 qui

2013 872 2394 927 misereantur
2422 874 2681 943 proximo
2710 890 2722 927 :
2766 889 2894 926 cum
2948 874 3334 927 misericordia
3364 875 3459 927 Dei
3492 875 3707 929 redun-

2012 961 2107 1014 dat
2136 976 2240 1030 per
2269 960 2599 1014 universum
2651 961 2949 1022 mundum,
2982 962 3081 1031 qui
3128 962 3309 1014 solem
3355 978 3523 1015 suum
3574 962 3707 1017 facit

2012 1048 2152 1101 oriri
2182 1065 2356 1120 super
2384 1049 2566 1103 bonos
2597 1053 2653 1103 et
2683 1051 2881 1102 malos.

2082 1138 2249 1190 Vens.
2289 1138 2369 1190 14.
2424 1168 2492 1176 —
2551 1139 2844 1205 Emcipiens
2908 1137 3231 1190 doctrinam.
3283 1138 3556 1190 Hortatur
3613 1154 3708 1191 eos

2008 1220 2107 1290 qui
2140 1221 2457 1275 doctrinam
2486 1221 2781 1290 Evangelii
2810 1221 3116 1290 accipiunt,
3172 1225 3231 1273 ut
3260 1221 3708 1275 misericordiam

2008 1308 2283 1377 proximis
2310 1310 2644 1379 impendant
2671 1327 2683 1362 :
2719 1316 2774 1362 et
2820 1309 3092 1362 festinent
3122 1310 3273 1361 diem
3296 1309 3502 1377 judicii
3524 1298 3707 1363 Amise-

2010 1396 2265 1450 ricordiaa
2296 1396 2565 1466 operibus
2622 1398 2977 1465 praevenire;
3033 1398 3222 1450 unde:
3281 1400 3438 1452 Beati
3493 1400 3705 1451 miseri-

2006 1484 2213 1548 cordes,
2272 1487 2522 1552 quoniam
2611 1486 2722 1552 ipsi
2807 1484 3237 1538 misericordiam
3320 1491 3707 1555 consequentur

2009 1568 2221 1634 (Matth.
2263 1577 2337 1638 v).

2080 1661 2238 1713 Vens.
2278 1662 2362 1715 15.
2396 1690 2466 1699 --
2490 1661 2651 1715 Verbi
2670 1661 2820 1713 mali.
2853 1659 3074 1729 Lingua
3103 1660 3363 1713 eucharis
3392 1661 3707 1730 gratiosum

2008 1748 2305 1803 hominem
2336 1748 2466 1803 facit
2500 1767 2514 1816 ;
2567 1749 2715 1802 unde
2748 1766 2760 1801 :
2799 1748 2901 1814 Qui
2930 1748 3241 1801 moderatur
3285 1763 3548 1803 sermones
3584 1764 3706 1805 suos

2009 1838 2195 1892 doctus
2225 1844 2273 1893 et
2298 1838 2534 1906 prudens
2556 1843 2633 1892 est
2652 1839 2837 1906 (Prov.
2876 1838 3028 1902 xvn).

2084 1928 2243 1980 Vens.
2292 1930 2381 1980 16.
2419 1956 2487 1964 —
2517 1928 2702 1981 Nonne
2747 1925 3016 1978 ardorem.
3051 1924 3284 1993 Segetes
3324 1924 3576 1978 defendit
3613 1940 3707 1977 ros

2010 2016 2079 2070 ab
2131 2015 2329 2069 ardore
2377 2014 2514 2067 solis
2540 2030 2553 2067 :
2588 2019 2644 2067 et
2670 2014 2907 2067 verbum
2938 2013 3155 2066 bonum
3186 2013 3524 2083 largientem
3554 2030 3587 2066 a
3615 2028 3710 2067 ne-

2009 2104 2191 2175 quitia
2218 2102 2549 2167 irascentis;
2587 2102 2739 2155 unde
2774 2117 2786 2155 :
2820 2100 3006 2155 Sermo
3034 2102 3207 2156 durus
3251 2104 3481 2156 suscitat
3524 2103 3704 2167 rixas,

2010 2194 2143 2247 lenis
2180 2192 2397 2256 mitigat
2425 2191 2716 2244 suscitatas
2748 2189 2922 2259 (Prov.
2956 2192 3068 2257 xv).

2080 2281 2241 2333 Vens.
2300 2282 2384 2333 18.
2426 2308 2496 2317 --
2553 2278 2763 2333 Stultus
2804 2275 3005 2330 acriter
3058 2278 3470 2345 improperabit.
3525 2276 3706 2347 (ΗΑΒ.)

2010 2370 2073 2423 In
2106 2384 2204 2421 ore
2247 2366 2408 2420 stulti
2449 2366 2665 2436 jurgia,
2727 2370 2857 2431 etc.,
2890 2379 3060 2433 usque
3087 2364 3161 2417 ad
3214 2365 3480 2434 polluunt
3534 2364 3706 2418 verbo

2012 2454 2294 2510 mendaci.

2082 2544 2239 2597 Vens.
2286 2546 2370 2596 19.
2404 2571 2472 2582 —
2520 2544 2663 2597 Paro
2688 2541 2985 2609 justitiam.
3045 2542 3111 2595 Ut
3138 2540 3330 2594 videas
3369 2539 3510 2609 quid
3560 2539 3622 2592 in
3652 2543 3707 2592 te

2015 2631 2127 2684 Deo
2155 2631 2378 2699 placeat
2406 2630 2492 2682 vel
2524 2629 2854 2699 displaceat,
2896 2634 2953 2682 et
2988 2628 3192 2682 delicta
3222 2627 3492 2697 corrigas.

2081 2720 2249 2772 Vens.
2289 2721 2376 2772 20.
2408 2747 2477 2757 —-
2506 2718 2648 2772 Ante
2665 2718 2959 2785 judicium.
2994 2717 3183 2787 (ΗΑΒ.)
3218 2717 3346 2770 Haec
3384 2720 3622 2769 monent
3648 2719 3711 2768 ut

2011 2822 2238 2876 semper
2264 2806 2449 2875 parati
2475 2804 2675 2869 simus,
2708 2820 2811 2857 nec
2832 2804 3005 2857 stulta
3026 2804 3328 2858 securitate
3350 2803 3512 2856 nobis
3539 2803 3708 2856 blan—

2012 2896 2276 2949 diamur:
2308 2895 2401 2947 sed
2435 2894 2494 2946 in
2529 2892 2629 2946 Dei
2654 2891 2922 2946 servitute
2972 2892 3294 2945 laboremus
3326 2907 3503 2961 usque
3534 2890 3604 2944 ad
3636 2890 3709 2944 ﬁ—

205 2981 314 3045 nis,
341 2980 628 3051 quomodo
678 2979 891 3033 scilicet
936 2979 1005 3033 ad
1064 2979 1375 3049 imaginem
1439 2979 1533 3031 Dei
1565 2985 1787 3031 creatus
1833 2978 1907 3034 sit
1934 2983 1972 3040 C
2013 2999 2144 3037 nem
2174 2982 2327 3035 vitae.

206 3075 263 3123 et
286 3069 507 3122 caeteris
555 3069 824 3138 praelatus
862 3068 1173 3121 creaturis:
1207 3067 1466 3120 hortatur
1522 3072 1587 3119 ut
1625 3072 1754 3135 post
1783 3067 1901 3135 lap-

206 3174 335 3211 sum
364 3157 579 3227 peccati
610 3160 926 3211 revertatur
954 3156 1023 3210 ad
1055 3156 1328 3209 factorem
1358 3170 1549 3221 suum,
1572 3154 1905 3223 relinquens

206 3261 482 3311 errorem,
530 3260 643 3315 quo
694 3243 1069 3313 semetipsum
1127 3243 1396 3312 decepit;
1453 3247 1509 3295 et
1566 3242 1905 3311 deprecetur

208 3336 387 3389 Deum
417 3349 522 3404 pro
555 3331 967 3386 offensionibus
994 3330 1131 3395 suis,
1187 3335 1244 3383 et
1274 3335 1393 3383 tota
1441 3334 1631 3383 mente
1664 3329 1906 3399 refugiat

204 3421 272 3475 ad
331 3420 585 3473 divinam
639 3417 1115 3481 misericordiam,
1180 3432 1457 3487 spernens
1522 3416 1900 3470 idololatriam

206 3514 263 3562 et
290 3508 581 3562 diabolicae
621 3507 905 3560 servitutis
955 3503 1257 3559 fallaciam.
1297 3504 1483 3558 Discat
1512 3510 1569 3558 et
1617 3502 1906 3557 mandato-

206 3612 333 3650 rum
366 3596 467 3649 Dei
498 3596 777 3666 regulam,
806 3601 871 3647 ut
898 3594 958 3647 in
989 3598 1141 3647 sorte
1186 3593 1516 3657 sanctitatis,
1554 3607 1666 3662 qua
1693 3593 1905 3645 electus

206 3689 313 3748 est,
345 3690 700 3753 permaneat,
732 3683 872 3735 etin
928 3682 1190 3735 laudibus
1241 3681 1519 3736 Altissimi
1551 3684 1896 3749 perseveret.

280 3772 449 3825 Vens.
475 3774 563 3825 2‘7.
589 3800 657 3812 —
702 3771 1041 3839 Conﬁteberis
1070 3773 1273 3825 vivens.
1318 3769 1498 3840 (ΗΑΒ.)
1540 3770 1604 3822 In
1634 3768 1907 3838 praesenti

208 3860 346 3928 vita,
395 3865 697 3931 postquam
748 3876 864 3913 non
895 3865 977 3913 est
1028 3864 1255 3928 tempus
1296 3856 1590 3927 operandi.
1637 3856 1731 3908 sed
1765 3872 1909 3924 pree-

211 3949 397 4003 mium
424 3948 739 4019 recipiendi
770 3964 784 4001 :
828 3949 1006 4014 Unde,
1027 3949 1248 4001 Currite
1276 3946 1403 4000 dum
1454 3947 1621 3999 lucem
1679 3945 1907 4010 habetis,

208 4054 277 4092 ne
310 4038 535 4092 tenebrae
561 4053 653 4092 vos
685 4037 1137 4105 comprehendant
1167 4036 1339 4106 (Joan.
1391 4034 1507 4101 XII).

284 4127 446 4179 Vens.
506 4127 599 4179 30.
656 4156 725 4165 —-
783 4126 929 4189 Quid
976 4124 1207 4177 lucidius
1260 4123 1414 4176 sole?
1480 4120 1592 4188 (11).)
1658 4117 1917 4173 Ostendit

213 4212 421 4268 mundi
453 4212 779 4266 machinam
816 4211 1197 4265 transitoriam
1252 4226 1371 4263 esse
1404 4226 1416 4261 :
1451 4224 1555 4262 nec
1585 4209 1681 4261 lux
1712 4221 1911 4274 corpo-

214 4301 355 4356 ralis
410 4304 686 4372 perpetuo
740 4300 939 4353 eadem
989 4303 1230 4365 manet;
1263 4301 1475 4367 quanto
1537 4295 1729 4349 minus
1770 4309 1914 4347 vana

212 4390 485 4461 cogitatio
523 4389 791 4443 humanae
830 4386 1167 4457 fragilitatis.

890 4529 1115 4583 CAPUT
1161 4484 1342 4581 XVIII.

288 4656 453 4710 Vens.
525 4658 573 4708 1.
605 4684 673 4695 ——
705 4655 808 4720 Qui
849 4656 986 4708 vivit
1020 4655 1079 4707 in
1127 4656 1406 4707 aeternum.
1468 4650 1650 4718 (itam)
1702 4650 1915 4701 Rerum

213 4742 541 4798 substantia
560 4741 730 4794 simul
752 4747 936 4794 creata
970 4745 1072 4808 est,
1134 4745 1264 4806 etc.,
1300 4754 1466 4807 usque
1493 4738 1566 4791 ad
1630 4735 1916 4806 magnitu-

216 4832 417 4887 dinem
447 4830 670 4883 virtutis
728 4830 871 4883 scire
902 4830 987 4882 vel
1018 4844 1285 4881 enarrare
1312 4844 1325 4880 :
1377 4826 1548 4890 unde,
1582 4827 1741 4880 Nemo
1771 4825 1920 4877 novit

212 4920 429 4974 Filium
455 4920 565 4972 nisi
595 4920 772 4981 Pater,
806 4934 975 4987 neque
996 4920 1208 4972 Patrem
1240 4918 1359 4984 quis
1400 4917 1543 4967 novit
1576 4914 1682 4966 nisi
1719 4912 1915 4976 Filius,

212 5012 269 5061 et
286 5008 377 5059 cui
404 5006 637 5058 voluerit
662 5007 832 5058 Filius
862 5005 1099 5058 revelare
1130 5003 1347 5070 (Matth.
1372 5002 1464 5067 x1).

291 5094 460 5147 Vens.
524 5096 574 5147 5.
610 5121 676 5132 —
718 5093 837 5147 Non
871 5095 949 5145 est
990 5094 1247 5144 minuere.
1308 5090 1433 5159 (lo.)
1490 5086 1640 5141 Nihil
1685 5086 1754 5139 de
1775 5084 1918 5139 Scri-

210 5183 410 5259 pturis
440 5183 649 5236 sanctis
672 5182 1172 5248 estminuendum,
1196 5179 1677 5234 nihiladdendum
1705 5194 1718 5230 :
1749 5176 1920 5240 unde,

209 5277 281 5332 Si
315 5273 439 5341 quis
483 5273 799 5341 opposuerit
826 5271 900 5324 ad
948 5273 1074 5338 hac,
1108 5274 1339 5339 apponet
1399 5283 1560 5337 super
1607 5268 1759 5321 illum
1793 5268 1923 5319 Deus

203 5362 419 5433 plagas
450 5364 684 5428 scriptas
705 5361 762 5413 in
787 5360 931 5414 libro
958 5362 1063 5414 isto
1085 5361 1275 5427 (Apoc.
1309 5361 1462 5423 χχιι),
1506 5362 1612 5409 etc.

294 5453 468 5506 Vens.
499 5454 550 5505 8.
586 5480 654 5490 —
719 5452 943 5507 Centum
1000 5454 1152 5506 anni.
1216 5451 1339 5519 (10.)
1415 5448 1761 5502 Paucitatem
1814 5446 1928 5500 die-

212 5555 360 5597 rum
410 5545 738 5593 nostrorum
786 5544 1082 5608 comparat
1145 5542 1320 5607 guttai
1354 5538 1549 5601 maris,
1598 5542 1654 5589 et
1713 5536 1928 5588 calculo

2084 3072 2241 3123 Vens.
2274 3072 2362 3123 23.
2390 3100 2458 3108 -—-
2517 3070 2659 3124 Ante
2723 3067 3009 3122 orationm.
3045 3068 3183 3123 Cum
3218 3066 3390 3120 stabis
3445 3066 3516 3119 ad
3546 3080 3709 3119 oran-

2013 3159 2169 3223 dum,
2202 3158 2425 3211 dimitte
2457 3157 2503 3210 si
2534 3157 2673 3228 quid
2696 3157 2906 3210 habeas
2936 3156 3200 3210 adversus
3230 3156 3501 3225 aliquem.

2082 3247 2239 3298 Vens.
2275 3247 2364 3298 24.
2401 3275 2459 3285 -
2499 3247 2778 3299 Memento.
2848 3244 3031 3298 Unde:
3092 3245 3278 3297 Justus
3335 3245 3614 3307 Dominus,
3660 3246 3709 3295 et

1999 3335 2255 3403 justitias
2284 3333 2480 3386 dilexit
2504 3352 2518 3386 :
2548 3335 2858 3401 equitatem
2888 3334 3028 3386 vidit
3057 3334 3237 3386 vultus
3282 3333 3396 3400 ejus
3424 3332 3598 3396 (Psal.
3624 3331 3703 3397 Χ).

2084 3423 2246 3475 Vens.
2287 3424 2376 3475 25.
2407 3452 2475 3459 —
2514 3422 2874 3489 Paupertatis.
2928 3421 3150 3473 Futurae
3182 3425 3311 3488 post
3338 3420 3484 3472 hanc
3511 3418 3705 3481 vitam,

2011 3516 2076 3563 ut
2106 3510 2276 3563 facias
2310 3508 2524 3563 amicos
2564 3510 2663 3579 qui
2711 3508 2989 3579 recipiant
3017 3514 3073 3562 te
3101 3509 3161 3562 in
3189 3514 3405 3562 aeterna
3442 3507 3708 3561 taberna-

2012 3597 2158 3651 cula.
2510 3602 2521 3605 ”

2110 3688 2268 3739 Vens.
2303 3687 2391 3738 26.
2432 3714 2501 3725 —
2529 3686 2652 3739 Hac
2686 3686 2883 3738 omnia.
2940 3685 3068 3748 Ver,
3128 3689 3312 3748 mstas,
3374 3686 3707 3745 autumnus,

2014 3774 2218 3839 hiems,
2245 3773 2365 3826 dies
2395 3777 2450 3825 et
2479 3789 2612 3835 nox,
2646 3788 2940 3841 nunquam
2983 3771 3177 3823 omnia
3223 3770 3624 3839 requiescunt;
3659 3774 3716 3821 et

2014 3869 2208 3916 tamen
2241 3860 2434 3914 omnia
2460 3860 2768 3913 aeternitati
2796 3864 3118 3927 comparata
3159 3858 3268 3912 cito
3301 3863 3633 3911 transeunt:
3661 3861 3718 3909 et

2019 3950 2213 4005 omnia
2242 3965 2432 4002 coram
2472 3946 2649 4001 oculis
2708 3947 2937 4001 Domini
2976 3953 3129 4000 certo
3186 3946 3299 4000 ﬁne
3346 3946 3711 4023 clauduntur.

2021 4041 2145 4109 Ipse
2176 4042 2366 4091 autem
2399 4051 2624 4105 semper
2654 4035 2803 4089 idem
2861 4041 2965 4103 est,
2999 4041 3055 4088 et
3086 4034 3221 4089 anni
3278 4034 3400 4103 ejus
3428 4050 3542 4087 non
3576 4031 3719 4087 defi-

2022 4128 2191 4181 cient.

2096 4215 2265 4268 Vens.
2308 4216 2395 4265 27.
2443 4242 2510 4251 —
2549 4214 2715 4265 Homo
2769 4212 3005 4279 sapiens.
3056 4211 3259 4263 Beatus
3303 4213 3386 4262 est
3413 4208 3586 4263 homo
3620 4209 3721 4279 qui

2028 4318 2255 4370 semper
2282 4305 2365 4354 est
2387 4300 2624 4369 pavidus
2652 4305 2712 4352 ut
2738 4314 2771 4350 a
2812 4298 3053 4367 peccatis
3100 4297 3217 4350 suis
3242 4302 3458 4365 caveat,
3488 4301 3544 4350 et
3570 4312 3720 4366 pres-

2027 4395 2188 4461 cepta
2221 4388 2445 4442 Domini
2494 4388 2769 4457 impleat:
2802 4386 2945 4449 Quia
3000 4389 3223 4440 initium
3252 4388 3535 4454 sapientia
3565 4386 3722 4438 timor

2028 4479 2263 4533 Domini.
2328 4476 2631 4531 Intellectus
2687 4474 2852 4527 bonus
2909 4475 3153 4529 omnibus
3226 4473 3550 4539 facientibus
3605 4486 3723 4525 eum

2026 4567 2194 4637 (Psal.
2230 4566 2335 4632 cx).

2099 4656 2261 4707 Vens.
2296 4656 2383 4707 28.
2414 4682 2478 4690 ——
2537 4654 2852 4706 Invenienti.
2910 4651 2974 4704 1d
3030 4655 3133 4714 est,
3166 4665 3296 4704 cum
3328 4645 3635 4710 invenerit,
3670 4650 3727 4699 et

2027 4742 2377 4810 agnitionem
2409 4740 2530 4808 ejus
2563 4740 2899 4809 perceperit,
2954 4739 3075 4807 ipsa
3105 4738 3259 4790 dabit
3310 4734 3726 4815 confessionem

2028 4834 2196 4883 rectas
2226 4827 2666 4898 prmdicationis,
2700 4831 2755 4879 et
2793 4826 3044 4879 studium
3077 4826 3242 4877 bona
3283 4822 3654 4892 operationis.

2102 4918 2265 4970 Vens.
2302 4918 2397 4969 29.
2429 4944 2496 4955 —
2519 4914 2938 4977 Sensati.Quasi
2960 4912 3468 4979 astutiagnoscunt
3498 4908 3728 4977 sapien-

2028 5005 2189 5070 tiam,
2214 5009 2269 5057 et
2298 5002 2508 5057 sensati
2540 5004 2597 5056 in
2629 5003 2813 5056 verbis
2843 5017 3013 5071 opere
3054 5001 3449 5054 demonstrant
3477 4996 3729 5066 pruden-

2029 5092 2191 5146 tiam.

2103 5182 2264 5234 Vens.
2308 5182 2394 5234 33.
2437 5210 2504 5218 —-
2534 5180 2607 5233 Ne
2657 5177 2831 5244 fueris
2884 5178 3183 5231 mediocris.
3232 5177 3505 5229 Provocat
3534 5188 3635 5225 nos
3664 5170 3732 5225 ad

2035 5286 2211 5340 opera
2264 5267 2687 5322 misericordiae.
2745 5266 2804 5320 Si
2859 5267 3011 5319 enim
3066 5264 3216 5334 pigri
3273 5262 3572 5327 fuerimus,
3620 5273 3734 5312 non

2037 5358 2208 5412 modo
2236 5357 2480 5411 deerunt
2507 5354 2671 5408 nobis
2714 5354 2917 5408 solatia
2969 5352 3327 5422 temporalia,
3380 5350 3498 5404 imo
3528 5347 3736 5403 animas

2038 5452 2252 5499 nostrae
2277 5444 2431 5498 bona
2455 5443 2647 5496 futura
2680 5460 2697 5494 :
2728 5442 2958 5513 quando
2987 5440 3319 5511 temporalis
3373 5440 3737 5507 eleemosyna

2041 5532 2509 5586 remunerabitur
2538 5530 2799 5585 mercede
2832 5534 3062 5582 interna.
