4018 6176
318 297 338 347 1
348 296 452 349 203

992 411 1215 466 CAPllT
1244 412 1374 464 XIX.

916 292 1305 347 WALAFRIDI
1344 291 1587 346 STRABI
1634 291 1826 345 FULD.
1872 291 2028 345 MON.
2071 290 2227 346 OPP.
2272 293 2445 347 PARS
2492 294 2535 348 1.
2578 321 2646 331 -
2685 292 3137 348 THEOLOGICA.

3684 261 3822 346 nos

2048 412 2094 463 A
2202 412 2361 465 Vens.
2411 414 2501 465 26.
2541 441 2613 453 —
2655 415 2743 466 Ea:
2797 414 2937 467 visu.
2981 412 3106 483 (11).)
3158 412 3541 466 Exterioribns
3601 413 3833 467 indiciis

392 504 558 557 Vens.
601 505 647 555 1.
677 532 742 539 -
767 502 1059 569 Operarius
1079 500 1337 553 ebriosus.
1391 500 1576 569 (Rau)
1604 499 1691 553 Ad
1722 498 2018 569 superiora
2124 498 2484 568 cognoscitur
2507 500 2744 554 affectus
2773 501 2974 567 animi,
3004 500 3158 554 unde
3187 517 3200 554 :
3236 503 3356 556 Non
3380 506 3459 555 est
3488 502 3656 555 arbor
3698 503 3833 555 bona

319 589 554 661 respicit
582 588 681 642 ubi
733 589 832 652 ait,
864 589 979 642 Non
1006 586 1283 641 oblecteris
1335 590 1394 640 in
1443 587 1635 653 turbis,
1670 587 1878 658 quibus
1909 587 2016 640 sci-

324 678 454 733 licet
476 674 761 731 ebrietatis
809 674 1011 727 vitium
1039 675 1160 727 leve
1195 691 1316 728 esse
1358 679 1609 744 putatur,
1645 690 1775 728 cum
1804 676 1875 728 sit
1926 675 2019 728 de-

322 765 660 819 trimentum
687 764 967 817 bonarum
1014 778 1227 827 rerum,
1279 768 1336 816 et
1386 762 1790 831 multiplicatio
1841 763 2015 816 scele-

324 868 471 905 rum.
505 852 738 905 Modica.
782 851 1030 903 Verbum
1078 851 1350 915 otiosum,
1406 854 1464 904 et
1500 850 1703 914 risum,
1737 866 2017 904 comessa-

322 939 526 1003 tiones,
560 938 904 1008 potationes,
938 944 992 993 et
1016 939 1367 1009 hujusmodi.

393 1028 552 1080 Vens.
606 1030 658 1081 2.
719 1056 786 1068 -—
836 1030 906 1081 Et
942 1029 1209 1082 mulieres.
1273 1029 1453 1097 (ΗΑΒ.)
1515 1028 1850 1095 Fornicatio,
1908 1045 2021 1099 qua

322 1114 593 1170 derelicta
620 1115 854 1169 veritate
885 1115 1038 1182 fidei,
1064 1116 1387 1185 junguntur
1429 1116 1743 1170 daemoniis.

416 1205 574 1256 Vens.
631 1206 681 1257 3.
734 1232 807 1244 —
865 1204 1059 1269 Jungit
1120 1204 1457 1269 fornicariis.
1526 1203 2020 1274 Reprehensibilee

324 1291 577 1345 ostendit
608 1307 622 1357 ;
657 1291 794 1361 quia
831 1291 1027 1345 relicta
1044 1307 1174 1345 vera
1204 1292 1481 1362 sapientia
1515 1292 1674 1347 stulti
1701 1292 1833 1346 facti
1866 1298 2017 1355 sunt,

274 1406 277 1407 ν
323 1384 379 1434 et
407 1379 728 1433 fornicariis
755 1395 811 1433 se
830 1379 1109 1457 jungunt.

397 1467 511 1532 Qui
537 1468 727 1535 credit,
761 1473 868 1521 etc.
898 1468 1115 1521 Levitas
1145 1467 1324 1522 animi
1382 1468 1741 1533 describitur,
1770 1485 1899 1540 quin
1932 1468 2017 1522 in-

321 1555 488 1609 firma
512 1561 567 1609 et
613 1556 904 1609 mutabilis
933 1561 1062 1610 est:
1120 1556 1294 1623 unde,
1350 1557 1562 1611 Stultus
1614 1561 1674 1611 ut
1720 1559 1851 1611 luna
1900 1573 2018 1611 mu-

322 1648 490 1697 tatur.
526 1645 633 1733 Qui
662 1644 849 1698 credit.
882 1646 958 1697 De
1006 1645 1282 1698 charitate
1336 1643 1469 1698 dicit
1516 1645 1834 1714 Apostolus,
1893 1646 2017 1701 Om-
2049 1679 2091 1733 Β

320 1734 416 1785 nia
444 1732 638 1798 credit,
671 1735 853 1786 omnia
892 1738 1101 1802 sperat,
1154 1734 1333 1786 omnia
1387 1735 1615 1786 sustinet
1654 1735 1695 1802 (I
1743 1734 1862 1790 Cor.
1894 1734 2016 1804 xu).

322 1820 429 1874 Sed
456 1820 539 1874 ibi
564 1820 837 1890 perfectio
870 1821 1034 1873 bonae
1065 1820 1394 1886 voluntatis,
1420 1836 1548 1890 quae
1572 1836 1799 1890 semper
1817 1836 2020 1890 prom-

318 1912 418 1978 pta
449 1912 535 1960 est
588 1907 661 1960 ad
720 1923 889 1961 omne
925 1923 1068 1977 opus
1124 1907 1360 1961 bonum.
1426 1908 1524 1960 Hic
1581 1912 1772 1960 autem
1805 1907 2021 1961 Levitas

320 1995 497 2050 animi
525 1994 886 2061 describitur,
934 2011 1063 2065 quas
1111 2000 1321 2048 statum
1368 1994 1654 2049 firmitatis
1682 2012 1796 2049 non
1825 1996 2015 2051 habet.

394 2084 554 2137 Vens.
616 2088 668 2136 7.
719 2113 788 2122 ——
818 2082 910 2138 Ne
965 2085 1124 2137 iteres
1178 2084 1397 2137 verbum
1446 2084 1643 2137 durum
1672 2089 1721 2137 et
1766 2099 2015 2153 nequam.

320 2171 506 2240 (ΗΔΒ.)
541 2171 603 2225 Id
633 2176 737 2232 est,
767 2175 895 2241 post
922 2171 1142 2238 ﬂetum,
1193 2176 1317 2234 etc.,
1352 2186 1521 2241 usque
1549 2172 1623 2225 ad
1652 2172 1799 2226 facto
1832 2188 1902 2226 ne
1928 2189 2018 2227 re-

320 2258 498 2330 plices
526 2258 795 2329 pessimo.

394 2347 561 2401 Vens.
593 2350 645 2401 8.
676 2377 744 2385 —
798 2346 985 2401 Amico
1031 2351 1083 2400 et
1119 2348 1358 2400 inimico.
1421 2347 1688 2400 Hortatur
1737 2354 1800 2400 ut
1828 2352 2016 2402 caute-

321 2436 435 2489 lam
464 2441 522 2489 et
549 2434 955 2489 discretionem
981 2435 1295 2488 habeamus
1328 2450 1342 2488 :
1378 2451 1447 2487 ne
1470 2434 1654 2488 amico
1676 2439 1731 2488 et
1761 2435 2018 2501 inimico,

320 2523 378 2577 id
408 2527 491 2577 est
520 2522 794 2576 catholico
823 2527 881 2576 et
912 2522 1180 2576 hasretico
1205 2526 1398 2575 nostra
1423 2522 1745 2591 pendamus
1768 2524 2014 2577 occulta:

317 2611 456 2681 quia
485 2610 772 2675 inimicus,
809 2609 938 2663 licet
957 2610 1306 2673 blandiatur,
1363 2609 1627 2679 decipere
1674 2614 1873 2665 tentat.

388 2700 552 2752 Vens.
591 2699 672 2752 IO.
705 2728 773 2737 —
816 2698 1060 2752 Audisti.
1114 2703 1220 2751 etc.
1283 2699 1405 2752 Non
1460 2699 1759 2769 aequaliter
1783 2699 2019 2754 stultum

318 2791 377 2839 et
426 2786 746 2857 sapientem
799 2792 1121 2840 commovet
1193 2787 1432 2839 stultum
1482 2788 1739 2842 verbum.
1805 2788 2020 2842 Stultus

317 2873 471 2927 enim
492 2875 789 2944 perturbat
808 2890 1060 2936 sensum,
1096 2879 1158 2927 ut
1184 2874 1463 2943 gemitum
1502 2875 1715 2929 doloris
1741 2876 2022 2945 exprimat

2126 602 2244 653 qum
2266 588 2482 652 fructus
2522 589 2689 641 malos
2736 588 2877 653 facit
2926 588 3075 657 (Luc.
3136 591 3229 654 Vl),
3261 593 3370 643 etc.
3434 592 3506 643 Et
3535 606 3606 644 ea:
3653 590 3833 643 abun-

2125 674 2319 727 dantia
2348 675 2530 729 cordis
2558 691 2613 729 os
2638 678 2880 743 loquitur
2910 678 3118 746 (Matth.
3153 678 3273 747 xu).

2801 818 3028 871 CAPUT
3078 819 3181 871 XX.

2200 940 2356 993 Vens.
2394 944 2441 993 l.
2474 969 2539 979 —
2573 940 2747 1005 Quam
2792 940 2986 994 bonum
3033 946 3131 996 est.
3164 943 3341 1010 (ΗΑΒ.)
3377 941 3686 995 Prohibuit
3718 941 3829 994 ira-

2127 1026 2395 1079 cundiam
2426 1026 2485 1079 in
2508 1028 2747 1097 judicio,
2782 1034 2922 1096 etc.,
2953 1045 3122 1097 usque
3144 1030 3218 1083 ad
3254 1035 3311 1082 et
3343 1030 3604 1083 doctrina
3640 1030 3832 1082 omnis

2127 1130 2229 1183 per
2260 1114 2593 1184 patientiam
2619 1116 2987 1187 dignoscitur.

2202 1203 2360 1255 Vens.
2403 1206 2454 1256 2.
2503 1234 2569 1242 ——
2619 1206 3078 1274 Concupiscentia.
3126 1205 3333 1259 Probat
3353 1206 3643 1275 exemplo,
3672 1205 3831 1275 quod

2128 1290 2344 1343 bonum
2374 1290 2446 1344 sit
2476 1308 2590 1345 non
2622 1292 2785 1346 irasci
2812 1311 2823 1346 :
2867 1294 3004 1364 quia
3035 1294 3177 1347 sicut
3207 1294 3675 1364 concupiscentia
3706 1310 3834 1364 spa-

2128 1377 2294 1430 donis
2311 1379 2557 1431 maculat
2575 1379 2873 1449 virginem,
2903 1398 3008 1434 nec
3024 1385 3263 1450 generat
3284 1381 3536 1435 sobolem
3565 1398 3579 1435 :
3604 1382 3685 1435 ita
3713 1382 3832 1435 vio-

2127 1465 2303 1519 lentia
2322 1466 2508 1538 iniqui
2538 1468 2773 1522 simulat
2803 1470 3105 1539 judicium,
3134 1470 3234 1524 sed
3282 1487 3399 1524 non
3430 1476 3622 1524 servat
3648 1470 3831 1541 aequi-

2127 1554 2256 1608 tatis
2293 1556 2550 1609 modum.

2193 1643 2349 1696 Vsus.
2383 1646 2434 1708 5,
2460 1646 2517 1698 6.
2555 1674 2624 1684 -
2645 1647 2742 1700 Est
2763 1650 2960 1701 tacens.
2993 1647 3091 1700 Hic
3143 1647 3404 1701 laudatur
3434 1647 3759 1711 modestus,
3780 1652 3835 1699 et

2132 1731 2394 1799 culpatur
2441 1733 2797 1787 temerarius.
2831 1736 2927 1789 Est
2970 1740 3145 1788 autem
3194 1740 3389 1797 tacens,
3424 1740 3529 1788 etc.
3588 1735 3835 1804 Exponit

2131 1834 2304 1889 quam
2357 1820 2803 1875 taciturnitatem
2850 1822 3058 1876 laudet.
3095 1823 3205 1876 Alii
3256 1822 3408 1875 enim
3444 1826 3658 1885 tacent,
3698 1821 3835 1891 quia

2129 1906 2389 1960 nesciunt
2419 1908 2580 1978 loqui
2615 1926 2626 1962 :
2661 1909 2755 1962 alii
2812 1914 3003 1964 autem
3058 1911 3190 1980 quia
3245 1910 3429 1963 sciunt
3457 1925 3581 1963 esse
3603 1913 3835 1979 tempus

2130 1994 2376 2063 tacendi,
2407 2000 2465 2048 et
2493 2002 2719 2066 tempus
2743 1997 3042 2066 loquendi.

2202 2083 2363 2136 Vsns.
2398 2089 2448 2136 7.
2502 2113 2570 2123 —
2623 2086 2785 2138 Homo
2837 2089 3073 2153 sapiens,
3121 2091 3226 2139 etc.
3278 2084 3595 2138 Prudentes
3629 2085 3832 2138 mode-

2128 2175 2329 2224 rantur
2357 2186 2654 2226 sermones
2703 2188 2853 2239 suos,
2913 2178 2969 2226 et
3017 2179 3245 2243 tempus
3294 2177 3558 2227 servant:
3620 2173 3835 2227 stultus

2129 2273 2263 2312 vero
2296 2263 2479 2313 totum
2508 2258 2775 2328 spiritum
2808 2276 2976 2313 suum
3008 2262 3248 2329 profert.

2201 2347 2359 2401 Vens.
2400 2350 2483 2403 12.
2518 2378 2585 2385 ——
2615 2350 2713 2402 Est
2742 2351 2837 2416 qui
2866 2350 3059 2412 multa,
3093 2353 3198 2401 etc.
3236 2349 3416 2417 (ΗΑΒ.)
3459 2348 3570 2412 Qui
3616 2349 3835 2402 scilicet

2129 2450 2233 2503 per
2265 2434 2676 2489 confessionem
2709 2435 3047 2489 humilitatis
3077 2437 3147 2490 ab
3185 2436 3345 2489 omni
3370 2443 3535 2490 reatu
3564 2437 3831 2492 solvitur.

2129 2524 2198 2576 Et
2227 2524 2510 2576 restituens
2545 2527 2688 2588 ;etc.
2718 2523 2957 2586 Quando
2988 2522 3047 2576 in
3079 2523 3265 2577 locum
3299 2522 3568 2576 vitiorum
3629 2524 3833 2578 subro-

2127 2615 2220 2680 gat
2244 2610 2620 2678 multiplicem
2669 2626 2974 2665 numerum
3029 2612 3351 2666 virtutum:
3390 2613 3460 2666 Ut
3506 2612 3607 2665 ubi
3657 2614 3835 2665 abun-

2129 2696 2282 2751 davit
2314 2698 2584 2763 delictum,
2618 2699 3016 2767 superabundet
3044 2702 3229 2766 gratia
3269 2703 3437 2765 (Rom.
3468 2702 3546 2767 v).

2202 2786 2355 2839 Vens.
2387 2787 2468 2838 14.
2503 2815 2564 2824 -
2600 2788 2757 2843 Oculi
2785 2785 2946 2854 enim,
2997 2794 3099 2841 etc.
3148 2788 3207 2841 Id
3253 2794 3358 2853 cst,
3417 2788 3687 2851 intentio,
3725 2788 3836 2841 sci—

2131 2873 2261 2927 licet
2310 2872 2479 2925 variis
2528 2873 2799 2943 nequitiis
2863 2876 3164 2937 maculata,
3230 2890 3455 2944 semper
3513 2876 3590 2929 ad
3622 2892 3837 2929 nocen-

312 2977 416 3031 per
435 2966 626 3015 actum
656 2960 1004 3016 nefandum:
1036 2962 1132 3016 sed
1166 2963 1593 3016 nonconturbat
1633 2962 1812 3017 ictum
1854 2963 2018 3034 quid-
2052 2954 2093 3010 C
2130 2961 2265 3015 dum
2288 2966 2485 3031 parata
2542 2961 2905 3032 Septenarius
2961 2962 3113 3015 enim
3171 2963 3605 3016 universitatem
3657 2964 3836 3034 signi-

317 3050 454 3121 quid
487 3049 769 3104 acciderit.
823 3049 935 3104 Sed
988 3049 1303 3104 cavendum
1336 3058 1422 3104 est
1459 3050 1565 3115 illi,
1615 3051 1713 3121 qui
1743 3050 1811 3105 de
1837 3050 2017 3104 firmi-

319 3142 434 3192 tate
472 3138 659 3193 cordis
716 3136 970 3204 conﬁdit,
1041 3153 1111 3192 ne
1168 3138 1504 3192 memoriam
1561 3138 1805 3192 retineat
1862 3137 2019 3191 verbi

320 3223 467 3278 duri.

393 3312 555 3365 Vens.
593 3315 678 3366 15.
737 3342 802 3351 -
835 3311 1061 3380 Corripe
1115 3315 1376 3366 amicum.
1412 3314 1712 3383 Corripere
1743 3314 2019 3367 debemus

321 3398 538 3452 amicos
569 3400 969 3468 delinquentes
1028 3415 1159 3452 cum
1199 3400 1359 3453 omni
1418 3402 1715 3470 patientia,
1757 3401 1891 3472 quia
1921 3403 2019 3455 ali-

324 3486 554 3557 quando
602 3502 706 3555 per
748 3486 1158 3556 ignorantiam,
1212 3487 1523 3557 aliquando
1576 3504 1678 3558 per
1722 3489 2019 3559 negligen-

320 3573 484 3642 tiam,
520 3572 827 3644 aliquando
850 3589 955 3643 per
1011 3573 1463 3629 inobedieutiam
1518 3580 1573 3629 et
1626 3582 2019 3648 contemptum

323 3665 579 3732 peccant,
603 3661 650 3714 si
679 3662 825 3715 forte
882 3677 1012 3716 cum
1043 3653 1384 3716 discretione
1432 3664 1679 3734 correpti
1708 3670 1880 3735 agant
1909 3682 2023 3735 poe-

327 3749 650 3815 nitentiam,
685 3753 739 3803 et
767 3750 827 3803 in
858 3750 1053 3804 futuro
1084 3750 1329 3803 habeant
1353 3750 1712 3821 diligentiam
1739 3758 1795 3807 et
1822 3760 2019 3808 caute-

325 3840 474 3893 lam:
510 3838 684 3906 unde,
741 3841 999 3893 Instruite
1053 3839 1377 3907 hujusmodi
1414 3843 1469 3893 in
1525 3843 1730 3907 spiritu
1784 3841 2021 3896 lenitatis

324 3927 468 3999 (Gal.
501 3927 597 3995 vi).

395 4016 557 4070 Vens.
594 4018 677 4070 16.
732 4045 804 4056 -
856 4015 964 4070 Est
1019 4018 1115 4085 qui
1171 4017 1377 4070 labitur
1426 4018 1615 4083 lingua
1669 4032 1788 4071 sua.
1823 4019 2025 4088 Magna

327 4102 653 4158 differentia
680 4108 768 4157 est
818 4102 969 4157 inter
1000 4120 1154 4168 eum,
1190 4104 1288 4174 qui
1323 4109 1515 4174 peccat
1551 4121 1654 4174 per
1687 4105 2022 4175 simplicita-

326 4196 443 4246 tem
474 4191 563 4245 vel
593 4191 1072 4262 ignorantiam,et
1092 4207 1223 4245 eum
1248 4192 1347 4262 qui
1369 4196 1563 4261 peccat
1596 4208 1700 4262 per
1720 4193 2018 4249 malitiam.
2050 4232 2093 4284 Β

332 4281 521 4333 Potest
546 4279 701 4333 enim
730 4278 878 4344 ﬁeri,
909 4285 974 4333 ut
1003 4280 1131 4350 quis
1160 4280 1410 4333 offendat
1437 4280 1497 4333 in
1528 4281 1721 4343 verbo,
1755 4283 1908 4352 quod
1935 4288 2021 4336 ta-

330 4383 466 4422 men
496 4384 610 4422 non
638 4370 806 4437 putat
833 4384 953 4423 esse
1000 4368 1215 4421 malum
1252 4368 1389 4433 ;sed
1434 4368 1617 4438 magis
1681 4375 1874 4440 peccat
1923 4371 2023 4441 qui

330 4457 535 4527 plenus
564 4460 648 4510 est
671 4456 800 4509 dolo
831 4459 888 4509 et
915 4455 1188 4524 nequitia.

403 4543 566 4596 Vens.
596 4545 685 4597 20.
741 4572 804 4582 —
854 4544 1126 4597 Minuitur
1171 4545 1467 4613 sapientia.
1521 4546 2021 4614 Mysteriornmin-

330 4630 672 4701 telligentia,
703 4646 821 4684 non
849 4635 1044 4685 tamen
1064 4648 1097 4685 a
1134 4632 1535 4686 mandatorum
1595 4632 1694 4687 Dei
1750 4635 2020 4689 custodia.

333 4719 493 4773 Unde
517 4717 797 4789 sequitur.

405 4808 563 4862 Vens.
596 4811 685 4861 21.
719 4834 789 4847 -
837 4808 1027 4863 Melior
1075 4812 1175 4873 est,
1237 4812 1343 4862 etc.
1403 4807 1510 4871 Qui
1559 4808 1771 4862 scilicet
1816 4810 2023 4865 timore

334 4895 433 4949 Dei
462 4894 665 4966 implet
687 4894 840 4966 quod
878 4894 1075 4950 novit:
1108 4896 1281 4961 unde,
1316 4898 1425 4960 Qui
1450 4899 1590 4950 enim
1616 4900 1719 4952 scit
1772 4900 2022 4953 volunta-

330 4987 436 5038 tem
468 4984 677 5038 domini
699 4987 751 5037 et
784 4999 892 5038 non
942 4986 1101 5052 facit,
1140 4984 1425 5052 vapulabit
1476 4988 1664 5053 paucis
1699 4984 1854 5054 (Luc.
1883 4988 2020 5051 xu):

330 5070 539 5142 exiguo
566 5070 719 5125 enim
749 5071 1081 5126 conceditur
1118 5070 1525 5125 misericordia.

402 5159 560 5212 Vens.
608 5161 698 5212 22.
731 5188 801 5199 —
845 5161 945 5214 Est
995 5159 1217 5213 solertia
1262 5163 1426 5224 certa,
1482 5162 1586 5213 etc.
1636 5158 1840 5229 Incipit
1890 5159 2024 5213 dare

335 5243 717 5301 differentiam
745 5246 896 5301 inter
947 5251 1170 5301 sanctos
1222 5252 1280 5300 et
1332 5247 1680 5318 hypocritas.
1732 5247 1913 5318 (ΒΔΗ.)
1936 5247 2024 5302 Sic

329 5331 583 5385 haeretici
604 5337 662 5387 et
706 5333 1020 5405 hypocrita
1082 5335 1389 5389 ostendunt
1436 5335 1707 5389 virtutum
1753 5335 2019 5406 speciem,

330 5418 430 5473 sed
461 5419 757 5476 veritatem
783 5423 905 5493 ejus
932 5439 1049 5477 non
1080 5422 1330 5477 habent:
1359 5428 1416 5477 et
1436 5428 1499 5477 ut
1527 5423 1799 5494 peccandi
1830 5424 2019 5478 locum

320 5506 667 5574 invenerint,
698 5510 1009 5565 ostendunt
1026 5510 1176 5582 quod
1205 5509 1267 5565 in
1285 5510 1456 5565 corde
1499 5511 1808 5567 habebant.

2127 3049 2278 3103 ficat.

2199 3138 2359 3189 Vens.
2389 3141 2470 3191 l6.
2503 3166 2571 3177 —-
2622 3137 2794 3191 Hodie
2851 3140 3168 3203 faeneratur,
3229 3143 3334 3191 etc.
3390 3139 3838 3194 Instabilitatem

2128 3224 2529 3279 haereticorum
2561 3225 3003 3296 ostenditzquia
3057 3241 3285 3279 sensum
3317 3226 3403 3279 sui
3446 3228 3663 3281 erroris
3718 3230 3838 3281 vio-

2128 3313 2312 3367 lenter
2339 3314 2410 3368 ab
2462 3313 2820 3367 auditoribus
2879 3320 3240 3385 extorquent,
3292 3322 3346 3368 et
3404 3315 3533 3369 ideo
3592 3316 3841 3371 odibiles

2130 3406 2266 3455 sunt
2294 3402 2410 3455 Deo
2443 3405 2500 3454 et
2549 3400 2898 3454 hominibus.
2952 3403 3070 3467 Vel,
3118 3401 3215 3471 qui
3247 3402 3315 3456 de
3371 3403 3751 3473 eleemosyna
3779 3406 3839 3457 in

2128 3489 2399 3560 prmsenti
2460 3489 2892 3544 retributionem
2935 3490 3165 3560 quierit,
3207 3490 3475 3544 odibilem
3534 3507 3596 3542 se
3637 3491 3780 3545 facit
3820 3510 3837 3544 :

2128 3577 2301 3639 unde,
2369 3577 2507 3630 Voca
2554 3592 2818 3646 pauperes
2876 3582 2927 3631 et
2987 3578 3208 3642 debiles,
3264 3593 3443 3642 czcos,
3486 3580 3737 3633 claudos.
3792 3585 3841 3632 et

2133 3665 2317 3719 beatus
2338 3666 2465 3718 eris:
2499 3666 2632 3733 quia
2675 3681 2781 3719 non
2835 3666 3030 3719 habent
3076 3666 3370 3720 retribuere
3428 3667 3544 3720 tibi.
3583 3669 3841 3722 Retribu-

2130 3758 2249 3807 ctur
2277 3758 2455 3806 autem
2488 3753 2591 3806 tibi
2642 3756 2701 3807 in
2756 3752 3143 3807 resurrectione
3194 3754 3470 3822 justorum
3501 3755 3657 3822 (Luc.
3696 3759 3839 3824 xw).

2203 3841 2365 3895 Vens.
2406 3844 2488 3895 I7.
2521 3870 2591 3881 —
2624 3842 2796 3895 Fatuo
2824 3857 2931 3895 non
2981 3844 3084 3896 erit
3113 3844 3340 3908 amicus,
3401 3847 3506 3896 etc.
3558 3843 3712 3907 Quia
3756 3846 3838 3897 la-

2131 3927 2284 3981 boris
2314 3928 2618 3998 praemium
2652 3929 2710 3982 in
2740 3928 2853 3983 vita
2881 3930 2983 3983 hac
3011 3932 3236 4000 quaerit,
3270 3930 3355 3983 vel
3389 3931 3701 3984 haereticus
3734 3933 3838 4003 qui

2132 4016 2374 4085 gloriam
2401 4016 2715 4070 humanam
2747 4018 2983 4086 appetit.

2208 4105 2375 4158 Vens.
2416 4108 2499 4159 18.
2548 4134 2617 4146 -
2667 4106 2883 4171 Quoties
2931 4112 2982 4160 et
3032 4108 3251 4174 quanti,
3308 4112 3413 4159 etc.
3466 4107 3838 4162 Detestabilis

2134 4198 2219 4246 est
2244 4197 2419 4246 coetus
2449 4193 2871 4261 haereticorum,
2927 4194 3063 4265 quia
3115 4196 3464 4265 Scripturam
3518 4195 3622 4248 Dei
3658 4212 3839 4265 pravo

2131 4297 2300 4334 sensu
2324 4281 2793 4352 interpretantur,
2841 4287 2899 4335 et
2955 4282 3365 4352 expositionem
3422 4299 3583 4336 suam
3636 4286 3842 4356 inique

2135 4369 2464 4439 praedicant.

2206 4456 2363 4509 Vens.
2397 4458 2491 4510 20.
2547 4486 2615 4496 —
2660 4458 2870 4525 Lapsus
2920 4459 3077 4525 falsa
3125 4460 3344 4524 linguae,
3403 4462 3507 4512 etc.
3565 4459 3736 4513 Sicut
3783 4463 3840 4514 in

2133 4532 2369 4614 planitie
2398 4544 2734 4614 pavimenti,
2764 4545 2861 4599 ubi
2888 4545 3231 4599 offendicula
3262 4562 3377 4599 non
3426 4552 3583 4611 sunt,
3623 4548 3840 4602 frustra

2133 4633 2262 4703 quis
2292 4632 2494 4686 cadet:
2538 4633 2616 4686 sic
2672 4633 3073 4687 hiereticorum
3130 4650 3327 4687 sensus
3366 4634 3603 4704 propria
3634 4634 3839 4706 nequi-

2133 4721 2214 4775 tia
2243 4726 2571 4786 excsecatus,
2628 4720 2691 4775 in
2733 4721 2936 4775 semita
2989 4721 3245 4775 veritatis
3290 4738 3419 4794 quae
3476 4729 3683 4794 aperta
3737 4729 3838 4778 est.

2131 4825 2325 4863 casum
2357 4809 2591 4863 invenit.

2214 4898 2377 4951 Vens.
2405 4900 2491 4951 21.
2526 4926 2596 4937 -
2624 4899 2789 4951 Homo
2826 4897 3063 4962 acharis,
3125 4902 3233 4952 etc.
3295 4898 3426 4953 Sine
3482 4899 3675 4970 gratia
3707 4900 3840 4969 Spi-

2133 4984 2277 5039 ritus
2305 4985 2530 5049 sancti;
2562 4986 2648 5039 vel
2693 5001 2941 5052 amarus,
2996 4985 3133 5056 quia
3173 5002 3430 5040 amarum
3481 4992 3537 5039 et
3596 4989 3837 5041 noxium

2133 5089 2364 5127 sensum
2388 5073 2598 5143 ingerit
2625 5074 3000 5128 auditoribus.

2209 5162 2363 5216 Vens.
2411 5164 2499 5215 22.
2569 5192 2638 5201 -
2698 5161 2868 5217 Fatui
2920 5163 3301 5232 reprobabitur
3374 5163 3673 5232 parabole,
3730 5172 3830 5220 etc.

2132 5249 2311 5318 (ΗΑΒ.)
2352 5247 2551 5314 Judaei,
2587 5249 2688 5319 qui
2718 5248 2904 5303 adhuc
2955 5256 3180 5319 putant,
3238 5256 3368 5318 etc.,
3422 5267 3595 5320 usque
3624 5254 3706 5307 ad
3732 5255 3832 5307 hae-

2133 5336 2312 5401 retici,
2364 5336 2464 5407 qui
2513 5336 2835 5407 sophisticis
2877 5338 3230 5409 argumentis
3278 5339 3542 5393 nituntur
3574 5348 3827 5395 evertere

2133 5428 2424 5478 veritatem
2460 5424 2769 5494 Evangelii.

2201 5514 2362 5567 Vens.
2410 5515 2503 5567 23.
2564 5539 2635 5556 —
2683 5516 2782 5569 Est
2827 5516 2924 5584 qui
2972 5518 3203 5567 velatur.
3254 5514 3627 5585 Reprehensa
3668 5519 3820 5573 falsi-
