4018 6176
192 339 331 391 I205

1308 336 1566 394 GLOSSA
1610 335 2015 392 ORDINARIA.
2066 364 2135 375 —
2181 334 2309 389 LIB.
2340 336 2562 392 ECCLI.

3557 340 3693 392 i206

179 463 304 514 tate
339 459 766 526 haereticorum,
817 458 1199 512 intentionem
1232 474 1420 528 pravae
1442 459 1750 513 voluntatis
1806 458 1886 510 vi-
1916 458 1964 511 Α
2074 458 2235 511 Vens.
2276 459 2455 513 18.-
2501 458 2761 527 Displicet
2809 458 2897 512 illi
2947 462 3055 513 etc.
3113 458 3273 513 Unde
3307 460 3472 514 :Filii
3529 460 3690 528 hujus

176 553 432 619 tuperat.
468 548 614 602 Sunt
644 548 822 612 enim,
856 547 955 618 qui
986 563 1115 600 cum
1152 564 1262 600 non
1296 554 1536 618 possunt
1572 552 1699 601 actu
1749 564 1877 617 pec-

170 651 330 693 care.
362 636 567 689 nolunt
593 635 655 688 in
679 637 970 688 vcluntate
993 635 1303 705 quiescere.

254 724 417 777 Vens.
449 725 537 777 24.
570 752 641 764 —
666 726 764 777 Est
787 726 884 792 qui
908 722 1098 793 perdet
1128 726 1367 777 animam
1396 739 1569 779 suam.
1602 723 1745 787 Quia
1802 723 1877 775 ti-

170 825 346 863 mens
373 810 547 880 hujus
580 810 782 864 mundi
839 814 1201 881 potestatem,
1236 827 1349 865 non
1406 812 1579 865 audet
1624 810 1879 882 proﬁteri

172 898 474 968 Evangelii
496 898 801 952 veritatem
832 914 845 951 :
880 898 1053 959 unde,
1092 899 1203 963 Qui
1232 900 1508 953 erubuerit
1536 915 1618 953 me
1663 905 1713 954 et
1742 915 1879 954 meos

170 1002 462 1048 sermones.
499 988 639 1041 hunc
663 986 933 1041 erubescet
964 987 1143 1041 Filius
1177 988 1408 1041 hominis
1442 988 1596 1055 (Luc.
1631 987 1726 1058 ιχ.)

258 1076 418 1130 Vens.
444 1078 529 1129 25.
564 1104 634 1115 —-
664 1078 761 1128 Bst
782 1076 880 1144 qui
907 1090 1020 1144 pra,
1048 1078 1379 1141 confusione,
1412 1080 1517 1129 etc.
1580 1076 1723 1131 Sunt
1780 1076 1880 1147 qui

178 1164 354 1233 plura
384 1162 745 1233 promittunt,
787 1167 842 1215 et
870 1179 1051 1232 pauca
1089 1162 1356 1227 reddunt,
1414 1167 1464 1217 et
1516 1180 1614 1217 eos
1669 1164 1878 1234 quibus

178 1251 519 1304 mentiendo
549 1250 913 1321 promittunt,
936 1250 1202 1304 inimicos
1231 1250 1338 1305 sibi
1376 1252 1611 1306 faciunt.

260 1339 444 1393 Vens.
482 1341 571 1392 27.
601 1368 670 1377 —-
700 1340 881 1392 Potior
908 1341 1023 1405 fur.
1061 1340 1184 1392 Non
1233 1344 1463 1392 excusat
1510 1340 1719 1406 furem,
1777 1339 1876 1393 sed

181 1428 312 1497 ejus
331 1426 759 1496 comparatione
790 1426 1053 1496 ingravat
1086 1426 1403 1480 mentiendi
1459 1426 1871 1481 assiduitatem.

183 1516 414 1587 Mystice
444 1519 641 1570 autem
670 1515 843 1581 fures,
878 1518 1014 1568 sunt
1040 1514 1243 1577 Judaei,
1276 1514 1485 1585 quibus
1510 1515 1737 1580 dicitur,
1771 1517 1879 1585 ()ui

181 1602 457 1672 pradicas
482 1617 591 1655 non
612 1602 937 1668 furandum,
978 1604 1191 1668 iuraris
1243 1604 1418 1673 (Rom.
1466 1602 1555 1672 u).
1615 1602 1875 1657 Haeretici

176 1707 319 1745 vero
348 1691 653 1744 mendaces
686 1689 785 1761 qui
835 1691 1059 1760 pejores
1104 1694 1256 1757 sunt,
1308 1691 1443 1761 quia
1493 1695 1620 1762 post
1677 1708 1873 1761 perce-

1988 546 2173 599 saecuti
2202 546 2576 614 prudentiores
2601 548 2733 612 filiis
2765 547 2898 600 lucis
2928 549 2986 600 in
3015 550 3356 611 generatione
3409 563 3511 603 sua
3567 556 3693 604 sunt

1988 632 2144 702 (Luc.
2174 634 2311 703 xv1).

2060 720 2221 775 Vens.
2258 724 2347 776 22.
2378 751 2447 762 —
2476 721 2761 791 Compedes
2800 724 2860 775 in
2886 721 3141 790 pedibus,
3193 724 3299 775 etc.
3357 721 3483 792 (11).)
3542 722 3687 787 Quia

1985 808 2271 877 gressibus
2302 825 2527 877 eorum,
2560 809 2770 879 quibus
2802 809 3092 875 incedunt,
3139 808 3309 861 ruina
3360 808 3681 879 iniquitatis

1985 897 2345 961 contradicit,
2370 899 2623 952 actiones
2656 913 2855 950 eorum
2895 895 3222 949 damnando
3279 896 3671 964 reprehendit.

2058 984 2216 1038 Vens.
2249 987 2343 1042 23.
2375 1015 2447 1026 —
2475 988 2677 1041 Fatuus
2710 987 2768 1037 in
2808 986 2947 1046 risu,
2983 988 3084 1035 etc.
3150 984 3336 1036 Ccetus
3381 983 3679 1037 haeretico-

1986 1096 2115 1140 rum
2148 1074 2436 1144 plausibili
2461 1073 2794 1144 operatione
2823 1085 2928 1139 per
2957 1069 3299 1123 rhetoricam
3346 1075 3529 1124 artem
3577 1071 3681 1124 do-

1986 1172 2162 1227 cendo
2193 1165 2407 1238 quaerit
2436 1160 2764 1215 auditorum
2798 1159 3068 1211 favorem.
3118 1157 3307 1211 Sancti
3330 1174 3461 1211 vero
3489 1159 3682 1212 docto-

1984 1278 2074 1315 res
2096 1255 2514 1330 jucunditatem
2568 1246 2855 1301 locutione
2900 1245 2978 1299 sic
3034 1244 3427 1299 intermiscent
3471 1245 3679 1315 praedi-

1987 1346 2219 1411 cationi,
2253 1348 2453 1397 utnon
2484 1337 2752 1391 recedant
2781 1350 2812 1386 a
2842 1333 3071 1386 tramite
3102 1332 3373 1387 veritatis,

2055 1437 2218 1487 Vens.
2248 1434 2337 1483 25.
2369 1456 2439 1468 —
2473 1426 2573 1479 Pes
2607 1423 2777 1489 fatui,
2825 1426 2930 1474 etc.
2990 1420 3134 1484 Quia
3184 1420 3435 1474 haeretici
3473 1426 3674 1474 aucto-

1988 1538 2115 1577 rum
2146 1532 2377 1573 suorum
2406 1518 2618 1567 sectam
2644 1510 2704 1563 in
2735 1508 3022 1563 domicilio
3051 1508 3394 1579 scriptorum
3438 1526 3674 1564 suorum

1984 1611 2304 1666 latitantem
2335 1602 2563 1658 student
2587 1598 2822 1654 imitari.

2052 1700 2220 1752 Vens.
2243 1696 2335 1748 26.
2368 1720 2437 1730 —
2483 1689 2692 1745 Stultus
2723 1704 2757 1741 a
2805 1688 3064 1752 fenestra.
3097 1684 3223 1752 (11).)
3280 1685 3450 1738 Notat
3486 1684 3674 1738 haere-

178 1786 343 1850 ptam
391 1777 662 1849 baptismi
700 1777 946 1849 gratiam
1005 1778 1075 1832 ad
1119 1778 1399 1833 vomitum
1446 1779 1761 1845 redierunt,
1820 1785 1876 1834 et
1905 1772 1945 1787 ’³
1982 1786 2229 1840 ticorum
2275 1778 2667 1840 calliditatem,
2702 1780 2758 1829 et
2787 1772 3194 1828 catholicorum
3226 1772 3670 1842 simplicitatem.

178 1868 419 1939 Spiritui
446 1866 644 1937 gratia:
678 1865 1086 1919 contumeliam
1119 1866 1390 1921 fecerunt.

249 1957 422 2011 Vens.
456 1958 638 2009 29.—
664 1955 899 2025 Sapiens
924 1956 985 2008 in
1036 1956 1231 2020 verbis,
1282 1964 1386 2010 etc.
1446 1956 1589 2021 Quia
1650 1957 1874 2027 sapien-

171 2045 317 2098 tiam
350 2042 559 2097 mentis
587 2043 941 2097 demonstrat
972 2043 1034 2097 in
1055 2043 1202 2097 bene
1232 2043 1395 2098 dictis
1426 2044 1641 2113 :unde,
1696 2048 1875 2101 Bonus

177 2133 334 2185 homo
390 2130 456 2184 de
514 2131 646 2184 bono
729 2130 980 2184 thesauro
1032 2131 1211 2185 cordis
1267 2136 1355 2186 sui
1422 2134 1636 2200 profert
1682 2133 1876 2188 bonum

179 2220 406 2287 (Matth.
438 2223 558 2283 xu).

253 2309 420 2361 Vens.
469 2310 557 2361 32.
588 2336 660 2347 —
689 2308 973 2376 Sapientia
1000 2307 1279 2361 absconsa.
1326 2307 1490 2360 Nulla
1520 2311 1605 2360 est
1656 2307 1876 2361 utilitas

181 2396 462 2459 thesauri,
514 2396 617 2466 qui
672 2395 1036 2450 absconditus
1092 2400 1178 2448 est
1206 2400 1263 2449 et
1296 2412 1413 2448 non
1444 2395 1639 2462 scitur,
1674 2402 1730 2449 et
1786 2414 1873 2450 sa-

179 2484 417 2555 pientiai
450 2484 572 2538 sine
602 2483 945 2539 discretione
979 2483 1285 2537 absconsaa.

833 2571 1056 2625 CAPUT
1092 2571 1224 2627 XXI.

283 2663 456 2716 Vens.
504 2664 550 2715 1.
601 2691 669 2699 -
705 2660 834 2725 Fili,
863 2662 1119 2729 peccasti,
1164 2665 1270 2713 etc.
1313 2660 1502 2725 (ΗΑΒ.)
1556 2658 1872 2713 Consilium

177 2750 300 2817 dat,
319 2764 453 2803 cum
487 2763 790 2819 peccamus
822 2763 836 2801 :
869 2748 1102 2801 Non‘est
1129 2748 1275 2800 enim
1312 2748 1410 2816 qui
1436 2748 1611 2813 faciat
1657 2747 1870 2814 bonum,

172 2839 227 2889 et
265 2849 375 2888 non
399 2838 578 2903 peccet
608 2832 803 2901 (Eccle.
853 2836 971 2898 vn),
1002 2848 1073 2886 ne
1121 2832 1331 2886 iterum
1386 2848 1717 2902 peccemus;
1773 2833 1871 2887 sed

174 2922 248 2976 de
275 2920 583 2992 praeteritis
626 2919 1025 2991 paenitentiam
1074 2935 1333 2990 agamus,
1393 2921 1762 2990 deprecantes
1805 2926 1873 2975 ut

172 3010 346 3065 nobis
375 3009 758 3063 dimittantur.

246 3100 407 3152 Vens.
441 3099 494 3151 2.
530 3126 592 3140 —
629 3097 865 3154 Colubri.
902 3096 1027 3167 (11).)
1067 3095 1288 3150 Diaboli
1345 3096 1444 3167 qui
1502 3112 1728 3167 semper
1774 3114 1866 3151 co-

174 3185 244 3239 lit
261 3185 495 3239 umbras
533 3184 764 3255 peccati,
795 3188 851 3237 et
882 3189 1085 3254 regnat
1103 3185 1163 3238 in
1184 3184 1318 3237 ﬁliis
1356 3185 1745 3239 tenebrarum.

247 3275 406 3328 Vens.
442 3276 492 3328 3.
524 3301 595 3314 —
663 3276 845 3327 Dentes
875 3273 1061 3337 leonis,
1099 3276 1203 3326 etc.
1265 3272 1632 3328 Adversarius
1688 3278 1868 3329 noster

176 3362 429 3416 diabolus
460 3365 719 3429 tanquam
753 3362 831 3414 leo
868 3362 1109 3426 rugiens,
1166 3362 1359 3414 circuit
1416 3376 1656 3429 querens
1713 3378 1867 3430 quem

174 3451 389 3505 devoret
421 3451 461 3517 (Ι
490 3452 635 3504 Petr.
660 3453 733 3515 v).

248 3538 410 3591 Vens.
443 3540 591 3592 5.-
621 3538 942 3608 Objurgatio
983 3541 1033 3592 et
1083 3537 1324 3605 injuriae,
1384 3541 1491 3591 etc.
1540 3538 1661 3608 (11).)
1720 3538 1867 3592 Con-

170 3626 373 3680 cordia
397 3625 654 3679 minimas
684 3642 774 3679 res
804 3630 1080 3687 crescunt,
1116 3630 1247 3689 etc.,
1279 3640 1448 3693 usque
1474 3625 1553 3681 ad
1583 3625 1719 3696 quia
1772 3643 1868 3680 ve-

168 3714 401 3769 ritatem
442 3713 576 3768 ﬁdei
604 3718 662 3768 et
689 3713 974 3767 unitatem
1005 3713 1159 3783 pacis
1197 3712 1583 3767 abominetur.

241 3803 415 3857 Vens.
458 3804 509 3856 6.
550 3830 619 3840 —
654 3804 969 3870 Deprecatio
994 3802 1277 3870 pauperis,
1309 3805 1415 3854 etc.
1455 3801 1601 3865 Quia
1641 3801 1867 3871 judica—

168 3889 258 3945 bit
284 3890 434 3943 Deus
458 3888 689 3960 impios,
714 3889 815 3959 qui
835 3888 1103 3960 afﬂigunt
1122 3893 1365 3945 sanctos.

244 3978 412 4031 Vens.
461 3982 512 4031 7.
560 4007 630 4017 —
686 3978 1107 4046 Correptionem.
1171 3977 1232 4031 Id
1289 3982 1395 4045 est,
1440 3976 1723 4046 judicium
1778 3976 1867 4030 sui

170 4066 415 4138 peccati,
442 4066 577 4136 quia
618 4070 869 4119 mentem
925 4082 1088 4118 suam
1118 4064 1407 4119 induravit
1442 4106 1456 4131 ,
1480 4081 1551 4119 ne
1610 4065 1871 4119 obediret

171 4153 425 4209 veritati.

2054 1875 2217 1927 Vens.
2255 1872 2341 1926 30.
2394 1897 2464 1908 —
2523 1867 2671 1919 Dum
2711 1862 3007 1917 maledicit.
3074 1860 3198 1914 Non
3242 1858 3379 1930 quia
3435 1859 3671 1914 maledi-

1984 1965 2140 2015 ctum
2179 1957 2317 2013 dicit
2370 1952 2686 2018 diabolum,
2745 1950 2845 2004 sed
2892 1948 3031 2021 quia
3083 1964 3255 2019 quem
3309 1948 3674 2002 maledictum

1980 2049 2159 2111 novit,
2190 2062 2307 2101 non
2334 2046 2515 2099 cessat
2534 2040 2769 2095 imitari.
2834 2041 2982 2093 Dum
3013 2036 3170 2091 enim
3218 2036 3436 2091 mavult
3489 2036 3674 2090 diabo-

1981 2139 2103 2193 lum
2133 2133 2369 2198 imitari,
2395 2145 2569 2202 quam
2599 2127 2910 2191 Christum,
2938 2127 3069 2194 jure
3100 2125 3423 2179 damnatur.

2620 2215 2849 2270 CAPUT
2877 2213 3034 2267 XXII.

2052 2314 2211 2367 Vens.
2248 2314 2301 2364 1.
2333 2336 2393 2348 —-
2428 2308 2490 2361 In
2539 2302 2744 2373 lapide,
2775 2306 2885 2355 etc.
2930 2298 3119 2368 (Rea).
3183 2298 3425 2363 Quando
3472 2315 3669 2370 pecca-

1980 2407 2173 2456 torum
2223 2396 2382 2453 duris
2439 2393 2864 2462 Scripturarum
2894 2387 3189 2441 sententiis
3240 2386 3485 2453 fceditas,
3545 2391 3672 2448 etc.,

1980 2504 2148 2557 usque
2171 2487 2246 2540 ad
2268 2502 2299 2539 a
2328 2478 2803 2555 praedicatoribus
2833 2476 3279 2546 improperatur.

2051 2577 2230 2631 Vens.
2299 2576 2348 2625 6.
2399 2601 2467 2609 —-—
2520 2569 2747 2624 Musica.
2803 2566 2907 2618 Eos
2946 2567 3123 2629 notat,
3166 2561 3265 2632 qui
3318 2560 3378 2615 in
3429 2560 3674 2615 Ecclesia

1979 2665 2244 2734 plausum
2275 2658 2470 2730 populi
2505 2661 2560 2711 et
2583 2655 2836 2708 favorem
2857 2656 3145 2722 quaerunt,
3167 2665 3272 2703 nec
3302 2649 3487 2720 magis
3515 2664 3671 2703 com-

1980 2750 2354 2823 punctionem
2384 2747 2769 2814 lacrymarum
2793 2739 3056 2794 excitant.

2055 2840 2221 2892 Vens.
2254 2841 2310 2891 7.
2332 2865 2400 2875 —
2429 2834 2531 2899 Qui
2550 2832 2699 2885 docet
2727 2832 2964 2896 fatuum.
3026 2827 3193 2879 Testa
3249 2825 3430 2878 multo
3477 2824 3671 2879 labore

1982 2927 2239 2982 confecta
2266 2922 2637 2993 fragilitatem
2664 2933 2827 2972 suam
2854 2931 2971 2969 non
3001 2913 3205 2968 evadit.
3266 2915 3474 2967 Fatuus
3528 2929 3669 2983 quo-

1920 3005 2089 3088 1que
2119 3011 2380 3086 quamvis
2429 3008 2675 3064 sollicite
2732 3004 3049 3067 erudiatur,
3112 3001 3208 3055 vix
3237 3001 3309 3055 ad
3363 3002 3673 3072 perfectio-

1976 3120 2108 3157 nem
2130 3099 2483 3172 perducitur.

2047 3192 2208 3244 Vens.
2244 3192 2327 3243 10.
2364 3216 2430 3226 -
2458 3187 2646 3253 Supra
2672 3188 2970 3236 mortuum.
3018 3180 3140 3245 (11).)
3166 3178 3360 3232 Altera
3389 3184 3475 3231 est
3514 3193 3671 3231 mors

1975 3277 2254 3348 corporis,
2306 3279 2436 3338 etc.,
2484 3287 2653 3340 usque
2695 3270 2768 3324 ad
2824 3283 2978 3322 mors
3019 3266 3174 3319 enim
3203 3264 3481 3335 corporis,
3534 3265 3665 3318 ﬁnis

1976 3365 2190 3420 laboris
2217 3360 2514 3417 mundani.

2047 3453 2206 3506 Vens.
2246 3451 2326 3504 14.
2360 3478 2433 3490 -
2464 3449 2607 3500 Cum
2653 3445 2838 3499 stulto.
2878 3444 3003 3510 (ln.)
3069 3444 3239 3496 Docet
3293 3456 3421 3493 cum
3482 3438 3666 3491 stultis

1976 3554 2302 3595 sermonem
2336 3552 2452 3590 non
2483 3550 2603 3589 esse
2656 3530 3138 3602 protrahendum,
3196 3532 3498 3595 etc.,usque
3543 3525 3663 3579 ad:

1977 3631 2087 3695 Qui
2123 3630 2266 3682 enim
2308 3626 2518 3679 dixerit
2553 3624 2604 3676 ei
2659 3637 2777 3685 ave,
2833 3620 3189 3674 communicat
3243 3616 3360 3684 ejus
3418 3615 3667 3683 operibus

1974 3718 2234 3784 malignis
2266 3714 2340 3783 (Il
2368 3714 2537 3766 Joan.
2571 3712 2623 3776 1),

2046 3805 2209 3858 Vens.
2244 3805 2334 3856 17.
2375 3830 2444 3839 —
2480 3800 2654 3866 Super
2676 3794 2976 3865 plumbum.
3031 3792 3165 3846 Hinc
3220 3789 3488 3844 Salomon
3538 3789 3661 3843 ait:

1976 3896 2158 3948 Grave
2186 3895 2264 3944 est
2286 3902 2481 3942 samum
2504 3891 2555 3939 et
2582 3897 2808 3938 onerosa
2847 3897 3035 3944 arena,
3067 3879 3163 3933 sed
3196 3881 3284 3931 ira
3312 3879 3471 3933 stulti
3514 3882 3664 3930 utro-

1976 3996 2078 4051 que
2122 3979 2350 4047 gravior
2404 3975 2581 4045 (Prov.
2638 3970 2832 4039 xxvn).
2896 3968 3062 4038 Pejus
3113 3970 3308 4035 peccat
3361 3963 3666 4018 haereticus

1977 4084 2151 4139 quam
2208 4063 2534 4126 catholicus,
2592 4059 2650 4112 in
2716 4055 3081 4110 multitudine
3138 4053 3449 4107 multorum
3492 4051 3667 4139 malo-

1978 4137 2137 4219 rum;
2170 4154 2259 4207 vel
2288 4148 2663 4222 philosophus
2688 4145 2787 4217 qui
2816 4146 3067 4198 humana
3100 4141 3302 4195 nititur
3353 4137 3664 4209 sapientia;

244 4242 409 4295 Vens.
446 4244 499 4295 8.
529 4271 602 4281 —
636 4243 804 4297 Notus
836 4257 871 4294 a
913 4241 1083 4309 longe.
1144 4239 1535 4295 Manifestatur
1587 4256 1865 4311 pressum-
1891 4275 1936 4329 Β
1976 4244 2063 4297 vel
2098 4238 2354 4312 gentilis,
2375 4236 2477 4306 qui
2515 4250 2630 4287 non
2660 4230 2921 4327 pervenit
2956 4228 3025 4283 ad
3058 4228 3337 4329 ﬁdem,”et
3386 4226 3666 4329 ignoran-

170 4329 297 4401 ptio
320 4329 587 4383 haeretica
607 4329 667 4383 in
696 4330 895 4399 lingua
925 4328 1251 4393 temeraria,
1282 4344 1412 4399 qua:
1458 4328 1716 4400 loquitur
1770 4328 1866 4382 ad-

168 4432 373 4471 versus
406 4416 584 4470 Deum
614 4415 997 4487 iniquitatem.

247 4506 408 4559 Vens.
429 4507 482 4558 9.
541 4534 609 4545 —
654 4505 758 4571 Qui
787 4504 1021 4573 zdiﬁcat
1072 4504 1309 4570 domum,
1362 4510 1470 4558 etc.
1530 4503 1866 4558 Haereticum

168 4592 482 4665 signiﬁcat,
509 4592 608 4664 qui
656 4592 965 4664 Scriptura:
991 4592 1323 4647 testimonia
1376 4609 1409 4645 a
1464 4608 1637 4662 pravo
1698 4608 1869 4645 sensu

164 4682 382 4746 aliena,
413 4681 484 4735 ad
511 4681 1005 4735 conﬁrmationem
1038 4681 1127 4735 sui
1149 4680 1359 4735 erroris
1388 4684 1719 4751 congregat.
1760 4679 1867 4733 Sed

172 4770 424 4824 vindicta
464 4770 699 4824 ultionis
738 4771 910 4840 justas
949 4770 1291 4824 dissolvetur
1341 4769 1551 4823 duritia
1607 4767 1870 4822 nefandae

172 4857 446 4925 actionis;
481 4858 568 4912 vel
603 4858 952 4929 tropologice
986 4874 998 4911 :
1026 4861 1274 4911 Avarum
1314 4861 1630 4927 raptorem,
1673 4855 1770 4926 qui
1803 4870 1869 4907 ex

171 4947 383 5001 alienis
434 4946 601 5000 rebus
630 4950 804 5017 auget
832 4945 1061 4999 divitias
1094 4951 1152 4998 et
1179 4961 1391 4998 vacuus
1448 4944 1713 4998 omnibus
1766 4942 1868 4995 bo-

175 5036 269 5090 nis
299 5035 360 5089 in
389 5035 482 5089 die
505 5034 711 5104 judicii
734 5050 838 5103 pro
861 5033 1163 5105 iniquitate
1195 5050 1295 5085 sua
1318 5032 1605 5102 punietur.

249 5124 411 5176 Vens.
474 5110 558 5176 11.
614 5152 681 5162 --
748 5124 853 5176 Via
877 5123 1233 5190 peccantium.
1290 5120 1422 5174 Ideo
1474 5112 1633 5171 velox
1693 5118 1869 5171 malo-

173 5226 309 5265 rum
338 5209 623 5275 interitus,
658 5210 795 5280 quia
815 5209 923 5271 via,
951 5209 1008 5263 id
1036 5213 1121 5262 est
1149 5208 1265 5261 vita
1294 5208 1523 5261 illorum
1565 5207 1734 5275 plena
1788 5209 1872 5258 est

172 5299 513 5354 doloribus:
548 5305 603 5351 et
631 5298 789 5351 duris
815 5302 1176 5368 peccatorum
1208 5296 1497 5366 operibus.

250 5386 410 5438 Vens.
459 5387 541 5438 14.
573 5414 646 5426 -
682 5387 798 5441 Non
835 5384 1133 5449 erudietur,
1189 5390 1292 5437 etc.
1347 5383 1535 5451 (ΗΑΒ.)
1594 5381 1687 5434 His
1744 5396 1870 5435 sen-

171 5472 378 5527 tentiis
429 5472 749 5539 confundit,
801 5479 935 5538 etc.,
975 5486 1142 5539 usque
1175 5472 1250 5524 ad
1301 5474 1358 5523 et
1385 5469 1506 5540 ipse
1563 5468 1874 5523 immiscuit

171 5578 238 5616 se
271 5559 510 5618 inﬁnitis
537 5560 970 5631 questionibus.

1972 4337 2058 4385 ter
2087 4331 2323 4399 peccat:
2377 4323 2549 4387 unde,
2580 4323 2775 4377 Servus
2830 4318 2984 4372 enim
3034 4317 3130 4384 qui
3181 4316 3283 4369 scit
3338 4315 3668 4368 voluntatem

1978 4419 2192 4473 domini
2212 4416 2325 4475 sui,
2354 4417 2403 4466 et
2430 4426 2537 4465 non
2561 4410 2701 4476 facit
2734 4425 2746 4461 :
2779 4405 3063 4475 vapulabit
3103 4404 3287 4457 multis
3345 4403 3493 4471 (Luc.
3542 4405 3662 4470 xu).

1978 4506 2084 4571 Qui
2101 4508 2294 4557 autem
2327 4499 2527 4563 nescit,
2562 4495 2779 4568 paucis.

2048 4595 2209 4647 Vens.
2245 4594 2329 4645 19.
2381 4617 2449 4627 ——
2495 4588 2894 4641 Loramentum.
2959 4579 3137 4649 Ligna
3173 4578 3389 4648 justos:
3412 4577 3665 4648 signant,

1979 4680 2343 4753 quifructum
2376 4677 2515 4731 dant
2536 4674 2595 4727 in
2627 4679 2905 4741 tempore,
2938 4682 3185 4739 quorum
3226 4666 3360 4721 folia
3406 4683 3522 4721 non
3576 4667 3669 4721 de-

1977 4770 2175 4826 cidunt
2204 4784 2217 4819 :
2253 4771 2308 4819 et
2337 4763 2534 4817 omnia
2565 4776 2694 4831 qua:
2726 4758 2941 4812 faciunt
2966 4760 3405 4826 prmperantur;
3463 4755 3666 4809 funda-

1979 4859 2240 4909 mentum
2265 4857 2456 4906 autem
2481 4846 3037 4915 sediﬁcii,apostolos
3066 4844 3152 4897 vel
3178 4842 3505 4913 prophetas,
3530 4860 3668 4914 quo-

1978 4959 2106 4997 rum
2189 4938 2519 5011 praedicatio
2570 4933 2870 4991 Ecclesiam
2942 4931 3205 4986 sustinet.
3288 4932 3670 4986 Loramentum

1978 5046 2103 5098 ergo
2131 5030 2367 5097 ligneum
2395 5026 2708 5093 colligatum
2735 5020 3089 5087 fundamento
3113 5018 3334 5084 aediﬁcii
3384 5033 3491 5072 non
3546 5019 3669 5072 dis-

1978 5120 2240 5173 solvitur:
2283 5113 2419 5186 quia
2440 5113 2581 5166 ﬁdes
2603 5108 2882 5181 passionis
2921 5106 3128 5162 Christi
3154 5107 3213 5159 in
3246 5105 3513 5159 cordibus
3571 5105 3670 5160 ho-

1979 5202 2205 5257 minum
2247 5202 2515 5270 adjuncta
2562 5196 2837 5252 doctrinae
2886 5195 3299 5266 apostolorum,
3360 5193 3667 5247 indissolu-

1979 5291 2093 5346 bile
2117 5290 2253 5344 facit
2276 5288 2533 5344 Ecclesiae
2554 5284 2878 5340 aediﬁcium.

2048 5379 2229 5433 Vens..
2273 5380 2331 5431 2t
2382 5407 2449 5416 —
2479 5377 2631 5432 Sicut
2681 5373 2871 5442 palea,
2932 5376 3041 5425 etc.
3096 5370 3289 5425 Unde:
3342 5368 3451 5433 Qui
3506 5370 3667 5425 audit

1976 5468 2143 5521 verba
2173 5480 2315 5524 mea,
2354 5469 2410 5516 et
2443 5480 2558 5516 non
2589 5461 2723 5516 facit
2777 5476 2864 5522 ea,
2913 5458 3117 5512 similis
3143 5464 3228 5511 est
3281 5457 3405 5511 viro
3467 5459 3668 5525 stulto,

1984 5554 2080 5626 qui
2106 5550 2350 5607 aediﬁcat
2376 5552 2612 5605 domum
2635 5564 2797 5603 suam
2825 5564 2996 5619 super
3025 5561 3280 5600 arenam.
