4074 6186
375 265 508 317 1207

981 261 1374 318 WALAFRIDI
1415 264 1660 317 STRABI
1701 263 1900 319 FULD.
1949 263 2116 320 MON.
2161 263 2318 320 OPP.
2367 263 2540 318 PARS
2578 262 2628 318 Ι.
2672 291 2741 301 -
2779 260 3241 318 THEOLOGICA.

3740 265 3882 317 1208

445 389 609 441 Vens.
637 389 726 440 23.
759 413 828 426 -
877 387 1028 440 Sicut
1079 399 1187 439 cor.
1211 385 1391 455 (ΗΑΒ.)
1443 383 1602 438 Sicut
1637 384 1912 455 limpidus
1963 401 2065 456 pa—
2096 388 2144 439 A
2181 385 2347 450 itum,
2373 390 2427 438 et
2457 383 2599 438 nihil
2629 383 2888 438 futurum
2919 387 3005 436 est
3037 399 3050 436 :
3111 382 3307 437 omnia
3360 384 3668 454 praesentia
3715 391 3873 438 sunt.

371 475 502 539 ries,
535 478 664 538 etc.,
708 487 878 542 usque
927 472 1002 526 ad
1043 473 1122 525 sic
1184 488 1280 526 cor
1326 472 1470 526 fatui
1514 474 1733 543 spernit
1780 472 2061 527 scelerum

371 561 829 616 recordationem
857 576 962 613 nec
992 576 1186 629 poenas
1210 560 1378 614 timet
1407 565 1674 615 aeternas.

439 651 602 703 Vens.
641 651 730 702 25.
755 678 823 687 —
847 649 1065 702 Mittens
1110 648 1366 717 lapidem.
1403 648 1662 703 Ostendit
1715 648 1857 720 quid
1910 648 2054 703 ami-

369 753 499 791 cum
551 737 768 789 bonum
823 741 1131 800 conservet,
1193 737 1280 790 vel
1322 735 1513 806 potius
1560 736 1790 791 alienat.
1844 739 2064 791 Mittens

370 823 624 893 lapidem.
659 821 812 876 Sicut
841 822 1044 892 lapidis
1101 823 1214 877 ictu
1255 824 1472 877 volatus
1519 824 1712 877 avium
1778 823 2061 896 dejicitur,

374 912 455 965 ita
484 910 727 964 convicii
764 910 934 963 verbo
964 911 1048 963 vis
1072 911 1336 965 amicitiae
1362 911 1706 967 dissolvitur.

443 1000 606 1052 Vsus.
631 1001 720 1052 26:
760 1029 829 1038 —
858 1001 978 1053 Non
1002 998 1266 1068 desperes.
1303 1001 1380 1054 De
1437 1000 1686 1054 amicitia
1730 1001 1872 1071 ejus,
1931 1001 2068 1072 quia

372 1088 566 1158 agnita
593 1087 963 1141 correctionis
993 1088 1236 1143 utilitate
1269 1090 1592 1158 regreditur
1635 1089 1705 1143 ad
1744 1089 1839 1159 jus
1871 1089 2063 1160 pristi-

376 1191 465 1228 nae
494 1173 778 1228 amicitiae.

447 1261 606 1315 Vens.
640 1265 726 1315 27.
777 1291 845 1301 —
894 1261 1130 1330 Effugiet
1162 1264 1386 1316 amicus.
1438 1263 1560 1315 Non
1595 1263 1900 1331 rediturus,
1962 1280 2067 1318 nec

375 1355 505 1420 post
533 1349 1092 1416 reconciliationem;
1123 1349 1272 1403 unde
1309 1367 1321 1404 :
1365 1349 1557 1405 Amico
1604 1352 2063 1406 reconciliatione

377 1438 575 1492 credas
591 1437 649 1492 in
678 1445 983 1492 internum.

446 1526 607 1580 Vens.
631 1528 719 1580 29.
753 1527 914 1579 —In
963 1529 1195 1594 tempore
1249 1524 1637 1579 tribulationis.
1693 1526 1760 1579 In
1811 1527 2061 1580 adversi-

375 1618 489 1668 tate
518 1613 700 1684 magis
729 1614 1004 1684 probatur
1033 1613 1268 1666 amicus.
1303 1613 1461 1667 Multi
1491 1613 1646 1666 enim
1682 1612 1848 1668 amici
1893 1630 2063 1669 men-

377 1716 473 1765 sae,
498 1705 554 1753 et
580 1715 690 1752 non
723 1704 1067 1769 permanent
1095 1698 1157 1752 in
1183 1699 1275 1753 die
1305 1699 1670 1754 necessitatis.

447 1788 620 1842 Vens.
649 1790 734 1842 30.
771 1817 836 1826 --
863 1787 1004 1840 Ante
1035 1788 1233 1854 ignem,
1257 1791 1364 1840 etc.
1425 1786 1580 1840 Sicut
1608 1787 1801 1841 fumus
1855 1804 2066 1858 prince-

378 1875 462 1929 dit
489 1875 638 1944 ignis
691 1873 1045 1939 incendium,
1098 1873 1177 1926 sic
1236 1873 1380 1927 dura
1422 1874 1593 1927 verba
1651 1874 2063 1942 homicidium;

376 1963 550 2023 unde,
596 1963 777 2018 Sermo
833 1961 1003 2015 durus
1083 1963 1312 2016 suscitat
1404 1964 1560 2016 rixas
1618 1950 1795 2032 (Prov.
1836 1967 1942 2032 xv).
2004 1965 2066 2018 Et

378 2051 561 2105 alibi:
605 2052 711 2117 Qui
763 2051 1025 2104 irascitur
1073 2052 1248 2117 fratri
1321 2065 1433 2115 suo,
1501 2065 1624 2104 reus
1675 2053 1779 2106 erit
1852 2052 2066 2121 judicio

379 2138 610 2204 (Matth.
634 2141 710 2204 v).

449 2225 613 2278 Vens.
643 2226 734 2278 31.
782 2226 1038 2278 Amicum
1087 2225 1344 2279 salutare.
1387 2225 1560 2279 Multa
1613 2223 1767 2278 bona
1818 2229 1952 2278 sunt
2006 2224 2067 2278 in

375 2309 627 2364 amicitia
664 2326 795 2364 vera
827 2311 1183 2381 :congaudet
1212 2311 1366 2365 enim
1394 2327 1562 2366 verus
1590 2312 1809 2366 amicus
1856 2311 1916 2366 in
1974 2312 2068 2366 bo-

376 2398 465 2453 nis
489 2399 622 2464 tuis,
645 2404 703 2452 et
727 2403 1122 2453 constristatur
1152 2399 1210 2452 in
1243 2400 1426 2454 malis.

449 2488 614 2542 Vens.
652 2489 739 2542 32.
771 2518 839 2526 —
869 2488 1052 2543 Omnis
1075 2490 1174 2556 qui
1215 2488 1420 2542 audiet.
1469 2488 1530 2542 Id
1569 2492 1674 2557 est,
1715 2487 1816 2559 qui
1863 2503 2067 2557 cogno-

381 2575 487 2629 scit
511 2580 727 2645 quanta
757 2575 907 2629 bona
947 2575 1062 2629 sint
1090 2575 1148 2628 in
1205 2576 1456 2629 amicitia
1517 2592 1670 2642 vera,
1730 2576 1949 2630 cavebit
1995 2592 2066 2630 ne

372 2663 604 2735 injuria,
640 2663 728 2718 vel
758 2663 1012 2718 convicio
1058 2663 1308 2718 amicum
1349 2664 1539 2718 laedat.

1002 2767 1228 2861 CAPUT
1266 2806 1451 2860 XXIII.

448 2929 612 2983 Vsus.
643 2932 689 2983 l.
717 2958 787 2968 —
810 2929 1029 2983 Domine
1055 2933 1232 2996 pater.
1269 2929 1466 2998 (ΗΑΒ.)
1494 2927 1666 2993 Quasi
1706 2943 1720 2982 :

377 3033 513 3072 nere
535 3016 808 3071 defendar
836 3033 870 3069 a
899 3015 1171 3086 voragine
1192 3015 1482 3069 vitiorum.

445 3104 608 3160 Vens.
639 3106 691 3158 2.
723 3135 792 3143 —
814 3104 945 3170 Quis
981 3109 1318 3173 superponet.
1366 3103 1656 3157 Desiderat
1701 3101 1760 3155 in
1815 3102 2066 3173 cogitatu

377 3208 481 3244 suo
514 3191 738 3260 ﬂagella
781 3190 1118 3261 disciplinae,
1151 3195 1206 3244 et
1257 3190 1315 3243 in
1375 3191 1545 3244 corde
1604 3189 1924 3243 doctrinam
1971 3206 2068 3243 sa-

383 3279 656 3349 pientiae:
688 3294 760 3332 ne
789 3278 933 3332 forte
960 3295 1063 3348 per
1087 3279 1472 3349 ignorantiam
1506 3293 1620 3331 non
1651 3283 1923 3347 agnoscat
1971 3277 2066 3331 de-

375 3366 642 3420 lictorum
667 3365 941 3433 pericula,
965 3371 1018 3418 et
1065 3366 1520 3435 multiplicentur
1549 3370 1607 3418 et
1636 3364 1902 3430 crimina,
1960 3381 2066 3435 pro

379 3452 589 3524 quibus
612 3454 773 3504 cadat
795 3452 855 3504 in
878 3468 1083 3505 manus
1111 3453 1588 3506 adversariorum.

449 3540 612 3592 Vens.
645 3541 697 3593 8.
733 3567 795 3578 -—
854 3540 916 3592 In
959 3542 1220 3596 vanitate.
1262 3541 1384 3610 (Ιο.)
1433 3540 1578 3604 Quia
1631 3539 1791 3594 illam
1838 3555 2068 3610 praepo-

377 3626 462 3680 nit
487 3626 672 3680 amori
700 3627 796 3681 Dei
817 3633 874 3681 et
903 3627 1186 3682 desiderio
1216 3634 1442 3683 aeternae
1462 3627 1850 3683 beatitudinis.

444 3715 603 3768 Vsas.
665 3717 716 3780 9,
768 3717 852 3770 10.
901 3745 970 3756 -—
1042 3718 1334 3784 Jurationi,
1386 3722 1498 3771 etc.
1573 3717 1736 3771 Vetat
1775 3717 2070 3787 jnramen-

373 3805 517 3867 tum,
571 3817 642 3855 ne
696 3801 795 3856 fiat
822 3803 1174 3872 perjurium;
1203 3805 1357 3858 unde
1388 3822 1400 3859 :
1425 3805 1603 3862 Nolite
1642 3805 1869 3874 jurare,
1897 3820 2067 3874 neque

395 3905 498 3959 per
526 3891 715 3944 calum
737 3906 905 3960 neque
929 3907 1028 3960 per
1063 3897 1262 3946 terram
1293 3891 1498 3962 (Iacob.
1527 3893 1601 3964 ν).

441 3979 604 4032 Vsus.
646 3980 729 4032 l3.
762 4007 834 4019 —
874 3978 1207 4048 Dupliciter.
1256 3982 1382 4048 (ιιι.)
1453 3979 1598 4045 Quia
1669 3997 1774 4051 per
1829 3980 2062 4036 simula-

370 4065 588 4120 tionem
614 4067 758 4120 celat
780 4066 1099 4132 veritatem,
1131 4072 1186 4120 et
1217 4068 1356 4121 alios
1387 4083 1490 4138 per
1526 4067 1830 4123 falsitatem
1887 4070 2066 4125 mittit

371 4154 432 4208 in
455 4170 729 4209 errorem.

442 4243 602 4297 Vens.
639 4246 731 4299 l5.
797 4274 864 4282 —
901 4245 1000 4298 Est
1054 4245 1167 4298 alia
1211 4244 1437 4312 loquela.
1501 4244 1880 4315 Blasphemia,
1932 4262 2060 4319 quas

372 4331 710 4402 supradictis
739 4332 902 4402 pejor
930 4335 1047 4386 est:
1111 4332 1259 4385 unde
1305 4337 1530 4402 oportet
1556 4338 1616 4386 ut
1642 4349 1757 4388 non
1810 4335 2062 4389 invenia-

372 4425 466 4474 tur
493 4422 553 4474 in
579 4415 893 4476 haereditate
922 4420 1105 4488 Iacob,
1141 4420 1197 4474 id
1230 4425 1331 4485 est,
1372 4421 1587 4491 populo
1620 4422 1901 4491 Ecclesiae,
1961 4425 2061 4495 qui

369 4509 698 4577 supplantat
730 4507 886 4574 vitia,
913 4513 971 4562 et
1003 4508 1062 4561 in
1095 4508 1398 4562 virtutibus
1417 4508 1589 4563 servit
1627 4511 1768 4566 Deo.

444 4595 608 4649 Vens.
656 4599 738 4649 17.
789 4623 860 4634 -
906 4594 1351 4664 Indisciplinatee.
1423 4596 1641 4660 Quasi:
1694 4597 2060 4668 Disciplinam

366 4697 438 4736 ne
468 4681 714 4740 deseras.
743 4684 799 4734 et
839 4680 1261 4751 indisciplinato
1319 4697 1419 4737 ore
1469 4698 1760 4736 sermones
1807 4688 1934 4738 tuos
1980 4699 2054 4738 ne

370 4769 650 4842 proferas.

440 4859 602 4913 Vens.
663 4859 753 4912 22.
805 4886 867 4898 —-
937 4858 1141 4912 Anima
1198 4859 1419 4914 callida.
1495 4858 1624 4928 (Ιο.)
1679 4859 1944 4914 Ηωνειὶοἰ
2003 4865 2060 4914 et

367 4945 710 5001 schismatici
732 4945 1031 5000 ardentem
1061 4945 1313 5000 animam
1361 4946 1591 5014 habent,
1625 4950 1757 5013 etc.,
1788 4962 1957 5016 usque
1985 4949 2060 5003 ad

369 5035 462 5089 sed
518 5036 707 5090 virum
765 5034 1019 5106 priorem
1088 5035 1495 5105 relinquentes,
1527 5050 1659 5088 cum
1685 5034 1854 5090 idolis
1883 5036 2060 5091 forni-

370 5123 480 5178 cati
510 5127 664 5178 sunt.

441 5213 601 5267 Vnus.
624 5213 714 5266 26.
751 5240 814 5251 —
849 5210 1098 5265 Tenebrz
1143 5210 1500 5265 circumdant.
1531 5210 1666 5282 (Ιο.)
1728 5211 1835 5276 Qui
1889 5213 2056 5267 casti-

363 5301 498 5353 tatis
513 5300 781 5354 virtutem
812 5298 1022 5370 perdit,
1053 5303 1183 5363 etc.,
1210 5313 1379 5369 usque
1407 5299 1480 5352 ad
1517 5314 1648 5353 cum
1702 5299 1894 5354 vultus
1944 5301 2054 5356 Do-

369 5387 513 5440 mini
534 5387 608 5441 sit
629 5403 801 5458 super
822 5386 1097 5441 facientes
1129 5387 1298 5440 mala.

435 5472 705 5529 Veas.28.
736 5502 809 5516 —
835 5475 992 5530 Oculi
1013 5475 1251 5530 Domini.
1308 5472 1453 5538 Quia
1471 5472 1557 5528 illi
1615 5473 1760 5528 nihil
1811 5478 2054 5545 prater-

2247 473 2409 527 Veas.
2446 474 2539 528 30.
2600 502 2669 512 —
2709 473 2810 527 Hic
2837 473 2896 525 in
2939 472 3156 540 plateis.
3212 471 3452 526 Adulter
3507 471 3876 536 libidinosus,

2175 561 2245 614 de
2273 577 2388 631 quo
2409 559 2672 631 superius
2694 559 2906 614 dictum
2939 565 3046 625 est,
3072 559 3173 630 qui
3199 561 3359 630 quasi
3379 577 3561 631 equus
3591 567 3648 615 et
3677 562 3874 614 mulus

2173 647 2518 702 lasciviendo
2551 647 2819 701 discurrit.
2856 662 2960 715 per
3008 646 3182 700 latam
3216 652 3272 700 et
3335 649 3641 718 spatiosam
3695 650 3868 714 viam,

2175 751 2304 806 quia
2334 735 2488 789 ducit
2523 733 2596 788 ad
2625 750 2889 787 mortem.

2245 823 2410 879 Vens.
2445 825 2531 876 32.
2564 853 2633 862 —
2658 823 2747 877 Sic
2778 825 2830 876 et
2849 822 3062 876 mulier.
3106 821 3417 892 Equaliter
3447 827 3502 875 et
3530 823 3590 876 in
3629 823 3756 876 viro
3820 830 3876 876 et

2173 909 2234 963 in
2259 908 2471 963 femina
2515 909 2822 964 damnatur
2871 908 3236 976 adulterium,
3302 914 3359 962 et
3403 925 3640 980 germen
3694 910 3875 979 hujus

2175 999 2396 1069 copulae
2428 996 2816 1052 abominabile
2847 1001 2930 1050 est
2971 997 3106 1050 Deo.
3167 996 3393 1067 Mystice
3447 1003 3636 1050 autem
3692 998 3877 1051 haere-

2175 1087 2416 1141 ticorum
2449 1086 2770 1156 Synagoga.
2804 1086 2891 1138 vel
2917 1084 3112 1138 anima
3142 1085 3409 1138 haeretica
3439 1085 3718 1155 pravitate
3773 1085 3876 1140 de-

2175 1178 2356 1244 cepta,
2414 1173 2817 1228 abominabilis
2855 1177 2941 1227 est
2974 1174 3110 1236 Deo,
3166 1173 3301 1243 quia
3351 1173 3626 1244 relinquit
3683 1174 3870 1227 virum

2175 1263 2450 1334 priorem,
2484 1262 2582 1333 qui
2626 1261 2730 1314 sibi
2759 1277 2885 1315 eam
2939 1261 2997 1314 in
3049 1261 3391 1331 baptismate
3448 1261 3758 1333 copulavit,
3816 1267 3873 1316 et

2175 1355 2514 1404 ornamento
2545 1349 2813 1402 virtutem
2847 1347 3153 1402 decoravit.

2246 1439 2416 1510 Vens.
2471 1437 2557 1490 34.
2620 1465 2679 1476 --
2741 1437 2862 1490 Haec
2905 1437 2964 1488 in
2994 1436 3250 1489 Ecclesia.
3307 1434 3452 1499 Quia
3476 1435 3599 1506 ejus
3647 1451 3872 1506 perver-

2175 1524 2307 1578 sitas
2338 1525 2398 1578 in
2425 1528 2709 1578 conventu
2757 1521 3037 1589 ﬁdelium,
3064 1538 3170 1592 per
3216 1522 3508 1577 solertiam
3565 1523 3868 1577 doctorum

2177 1613 2516 1668 declaratur.

2245 1702 2394 1756 Vens
2423 1703 2510 1756 35.
2542 1730 2611 1740 —
2640 1700 2721 1754 Et
2750 1701 2913 1754 rami.
2941 1698 3084 1764 Quia
3108 1703 3256 1753 secta
3314 1698 3469 1752 illius
3518 1698 3867 1754 fundamen-

2175 1792 2297 1841 tum
2327 1787 2584 1842 veritatis
2643 1804 2759 1841 non
2813 1787 3002 1850 habet,
3037 1787 3284 1842 fructum
3309 1787 3590 1841 bonorum
3619 1804 3866 1858 operum

2175 1877 2411 1947 gignere
2444 1892 2562 1930 non
2593 1882 2798 1948 potest.

2247 1964 2416 2018 Vsus.
2453 1965 2540 2018 38.
2575 1993 2640 2004 —
2673 1963 2998 2030 Longitudo,
3035 1967 3138 2017 etc.
3184 1963 3326 2028 Quia
3356 1963 3416 2017 in
3462 1968 3678 2018 aeterna
3733 1963 3868 2016 bea-

2175 2051 2422 2106 titudine
2489 2051 2548 2105 in
2611 2057 2892 2106 aeternum
2948 2051 3368 2122 permanebunt
3398 2052 3498 2124 qui
3544 2057 3873 2123 sequuntur

2180 2138 2378 2191 Deum.

2804 2207 3027 2261 CAPUT
3064 2207 3238 2261 XXIV.

2247 2313 2408 2367 Vens.
2437 2316 2492 2377 2,
2520 2315 2570 2368 3.
2599 2343 2670 2352 —
2699 2316 2770 2368 Et
2805 2315 2864 2366 in
2891 2313 3067 2366 medio
3098 2314 3309 2381 populi,
3341 2317 3444 2366 etc.
3479 2314 3662 2382 (Ras)
3725 2315 3868 2378 Quia

2177 2401 2235 2454 in
2264 2401 2589 2455 ostensione
2619 2401 3029 2455 miraculorum
3065 2401 3135 2454 ad
3165 2401 3394 2454 laudem
3433 2401 3531 2454 Dei
3589 2418 3868 2472 provoca-

2177 2489 2276 2542 bat
2305 2490 2602 2560 populum.
2637 2491 2869 2545 Virtutis
2897 2489 3070 2558 illius,
3100 2494 3210 2542 etc.
3242 2489 3612 2558 Angelorum,
3647 2490 3873 2561 religio-

2178 2591 2391 2630 surum.

2249 2667 2410 2720 Vens.
2444 2667 2495 2717 5.
2531 2693 2596 2704 -—
2627 2666 2740 2732 Ego
2769 2680 2836 2718 ea:
2861 2680 2968 2719 ore.
3019 2664 3163 2729 Quia
3202 2664 3450 2718 Verbum
3489 2665 3868 2720 consubstan-

2179 2752 2331 2818 tiale,
2384 2757 2760 2806 coaeternum.
2804 2752 2950 2816 Quia
2981 2768 3096 2806 non
3144 2769 3270 2806 sum
3306 2758 3589 2808 creatura.
3645 2753 3869 2808 Dicitur

2180 2847 2373 2895 tamen
2401 2841 2818 2912 primogenitus
2848 2841 3039 2894 omnis
3068 2847 3365 2908 creaturas,
3410 2857 3526 2896 non
3579 2847 3866 2914 tempore,

1777 2928 1898 2982 Tuo
1938 2942 2069 2982 mu-
2099 2931 2140 2987 C
2177 2929 2410 2996 scilicet,
2444 2929 2543 2983 sed
2564 2929 2782 2983 honore
2801 2930 3003 2998 (Ea-od.
3037 2930 3130 3001 iv).

2245 3018 2406 3071 Vens.
2439 3020 2489 3071 6.
2523 3047 2590 3058 —
2616 3020 2730 3084 Ego
2775 3020 2885 3085 feci
2932 3021 2992 3072 in
3020 3021 3182 3073 caelis.
3218 3017 3407 3088 (ΗΔΒ.)
3451 3018 3515 3072 In
3541 3019 3702 3073 caelis
3748 3021 3870 3074 ori-

2171 3109 2268 3158 tur
2299 3106 2514 3168 lumen,
2557 3105 2767 3159 nebula
2799 3105 3013 3176 tegitur
3040 3122 3190 3173 caro,
3251 3107 3351 3176 qui
3404 3107 3551 3160 sicut
3605 3108 3869 3162 claritate

2174 3209 2275 3246 sua
2327 3193 2603 3262 praecellit
2675 3193 3077 3247 obscuritatem
3134 3194 3379 3258 nebula,
3420 3194 3498 3248 sic
3553 3195 3871 3265 spiritualis

2173 3284 2430 3334 creatura
2457 3281 2810 3351 corporalem
2845 3281 3114 3351 praecellit
3148 3282 3508 3352 dignitatem.

2245 3370 2404 3423 Vens.
2426 3373 2480 3423 7.
2514 3399 2584 3409 —
2616 3371 2861 3424 Thronus
2895 3385 3062 3424 meus.
3100 3370 3223 3439 (ln.)
3273 3370 3602 3425 Humanum
3659 3388 3868 3442 corpus

2174 3457 2332 3510 nullo
2353 3457 2605 3527 pondere
2633 3457 2847 3527 peccati
2877 3463 3320 3528 praegravatum,
3363 3459 3460 3513 sed
3504 3460 3603 3514 Dei
3652 3459 3867 3514 virtute

2173 3544 2570 3613 sublimatum,
2601 3544 2660 3598 in
2717 3561 2832 3616 quo
2879 3545 3140 3615 potentia
3185 3546 3497 3601 divinitatis
3522 3547 3744 3618 judicia
3764 3565 3866 3602 sua

2173 3632 2443 3686 exercuit.

2243 3721 2400 3775 Vens.
2438 3722 2521 3775 12.
2573 3749 2643 3761 --
2698 3720 2912 3777 Creavit
2939 3737 3040 3787 me,
3089 3725 3191 3775 etc.
3237 3721 3561 3776 Secundum
3592 3724 3866 3780 humani-

2171 3811 2347 3862 tatem
2379 3808 2652 3878 singulari
2673 3809 2919 3879 puritate
2949 3808 3018 3862 de
3043 3807 3259 3879 Spiritu
3281 3814 3474 3863 sancto
3501 3817 3861 3882 conceptam,

2173 3895 2243 3950 de
2266 3895 2498 3966 Virgine
2528 3895 2762 3951 editam.

2244 3984 2404 4037 Vsus.
2455 3986 2536 4038 l3.
2598 4013 2668 4024 —
2714 3985 2776 4039 In
2827 3984 3007 4038 Iacob.
3068 3984 3468 4038 Incaruatione
3552 3985 3864 4040 Salvatoris

2173 4071 2492 4142 specialiter
2517 4068 2729 4126 Iudaeis
2780 4071 2866 4125 uti
2903 4087 3233 4126 concessum
3289 4075 3395 4139 est,
3453 4076 3510 4126 et
3534 4074 3864 4142 specialiter

2173 4160 2239 4212 ad
2269 4159 2496 4213 Judaaos
2526 4159 2699 4212 venit.
2724 4160 2885 4213 Unde
2913 4175 3018 4229 per
3071 4160 3234 4214 Iacob
3285 4159 3606 4230 ﬁgurantur
3643 4163 3861 4228 Judai;

2171 4263 2274 4318 per
2300 4247 2480 4300 Israel
2507 4262 2663 4312 vero,
2696 4246 2963 4301 Gentiles.

2243 4336 2402 4390 Vens.
2440 4336 2526 4389 14.
2559 4364 2622 4375 -
2655 4335 2741 4389 Ab
2770 4336 2950 4390 initio.
2979 4335 3407 4390 Sacramentum
3448 4335 3865 4392 incarnationis

2170 4428 2300 4478 ante
2330 4423 2534 4478 saecula
2563 4423 2890 4494 praescitum
2944 4428 3001 4477 et
3037 4423 3525 4494 praedestinatum,
3556 4433 3864 4494 permanet

2169 4512 2230 4565 in
2274 4512 2546 4566 seculum
2612 4511 2823 4565 saeculi.
2880 4512 2944 4565 Et
2974 4511 3424 4567 inhabitationes
3452 4513 3744 4582 Ecclesiae,
3805 4514 3861 4568 id

2169 4603 2252 4654 est
2273 4599 2451 4653 ritum
2481 4614 2627 4652 verae
2650 4597 2944 4668 religionis
2967 4599 3263 4669 disposuit.

2241 4687 2395 4741 Vsus.
2430 4689 2512 4741 15.
2537 4717 2606 4726 -
2635 4689 2707 4742 Et
2760 4689 2838 4742 sic
2884 4689 2945 4740 in
2975 4689 3123 4744 Sion.
3181 4687 3366 4756 (ΕΑΒ.)
3403 4688 3540 4743 Sion
3591 4689 3859 4755 Ecclesia,

2169 4790 2296 4845 quae
2318 4777 2374 4828 et
2402 4775 2738 4840 Jerusalem,
2763 4791 2892 4846 quae
2923 4791 2957 4829 a
2985 4775 3174 4844 primo
3211 4775 3366 4846 justo
3414 4793 3596 4848 usque
3647 4778 3716 4832 ad
3763 4795 3863 4833 no-

2167 4862 2468 4917 vissimum
2525 4863 2862 4930 aediﬁcatur,
2913 4863 3052 4918 etin
3096 4879 3211 4934 qua
3267 4865 3549 4935 sapientia
3601 4866 3861 4936 quotidie

2169 4949 2488 5006 fructiﬁcat.

2240 5039 2396 5093 Vens.
2464 5041 2552 5093 l7.
2586 5039 2737 5092 -ιη
2784 5039 3010 5093 Libano.
3056 5039 3250 5108 (ΗΑΒ.)
3280 5041 3520 5096 Libanus
3553 5057 3722 5096 mons
3778 5048 3862 5096 est

2166 5125 2468 5190 Phoenicis,
2499 5131 2632 5192 etc.,
2683 5141 2852 5195 usque
2903 5127 2978 5181 ad
3032 5128 3409 5185 constantiam
3458 5133 3515 5184 et
3571 5130 3860 5186 actionem

2166 5229 2367 5269 eorum
2398 5214 2743 5283 exprimens,
2806 5213 2906 5285 qui
2963 5214 3258 5270 altioribus
3293 5217 3594 5272 Ecclesiam
3651 5223 3862 5274 ornant

2166 5301 2489 5356 virtutibus.

2234 5391 2390 5444 Vsus.
2427 5391 2508 5445 18.
2542 5420 2610 5430 ——
2639 5389 2810 5456 Quasi
2850 5390 3060 5459 palma.
3093 5389 3279 5445 Arbor
3316 5391 3624 5447 diuturnus
3683 5395 3856 5459 foliis,

2163 5481 2219 5533 et
2255 5477 2524 5533 suavibus
2551 5478 2766 5550 pomis;
2787 5479 2980 5549 palma
3009 5479 3158 5535 dicta
3188 5479 3326 5552 quia
3351 5479 3596 5535 victricis
3651 5497 3859 5538 manus
