4018 6176
231 246 248 295 1
260 245 367 297 209

1343 239 1605 296 GLOSSA
1642 238 2051 297 ORDINARIA.
2090 271 2159 279 —
2200 240 2328 295 LIB.
2373 240 2590 297 ECCLI.

3594 245 3730 296 1210

224 369 310 417 est
341 369 608 418 ornatus:
663 365 746 417 vel
808 364 943 434 quia
1000 364 1059 417 in
1091 364 1327 417 modum
1394 364 1663 418 humanae.
1714 364 1997 435 palmaaA
2034 379 2203 433 usque
2229 364 2303 419 ad
2358 369 2414 417 et
2469 364 2665 417 salutis
2713 369 3070 417 sacramenta
3118 364 3389 434 profudit.
3453 365 3629 433 Unde,
3664 370 3733 421 Et

222 468 424 506 ramus
481 451 769 522 expandit,
836 452 984 505 hanc
1033 451 1458 522 Grmcieoivizov
1513 453 1728 518 dicunt,
1791 453 1927 523 quia

223 540 469 594 Pbcenix
492 541 610 593 avis
659 540 841 593 multo
874 546 1131 609 tempore
1163 540 1319 594 vivit.
1376 539 1515 594 Huic
1560 546 1927 611 cemparatur

226 628 522 690 Ecclessia,
585 644 714 698 quas
760 628 1047 681 incurvari
1100 629 1171 682 ad
1213 634 1441 682 terrena
1471 629 1809 698 despiciens,
1855 629 1925 683 ad

223 714 478 769 coelestia
509 731 567 767 se
611 715 889 768 sustollit:
937 722 1001 769 ut
1039 715 1200 769 ﬁnito
1250 733 1431 786 agone
1488 717 1773 770 caelestem
1804 716 1925 786 pal-

224 818 385 856 mam
418 802 704 873 suscipiat,
748 809 801 856 et
833 803 996 873 quasi
1042 804 1181 857 folia
1233 804 1524 871 diuturna,
1558 805 1729 859 verba
1758 810 1926 859 recta:

222 890 601 943 confessionis
631 896 905 961 perpetuo
945 896 1258 945 conservat.

328 979 488 1030 Vens.
560 982 644 1032 l9.
706 1008 774 1019 —
818 979 986 1045 Quasi
1029 980 1190 1032 oliva.
1244 981 1432 1034 Graece
1464 979 1652 1048 ἐλαῖον,
1710 981 1924 1035 fructus

225 1066 440 1119 scilicet
494 1064 684 1118 εέ).αία
731 1066 886 1119 enim
937 1066 1107 1120 arbor
1160 1066 1389 1132 dicitur,
1449 1085 1648 1122 succus
1710 1070 1922 1123 oleum.

224 1154 326 1206 Est
357 1159 550 1206 autem
589 1153 759 1207 arbor
820 1154 974 1223 pacis
1023 1154 1263 1223 insignis
1299 1173 1310 1209 :
1344 1172 1447 1225 per
1490 1157 1636 1210 hanc
1684 1158 1927 1212 Ecclesia

225 1240 509 1311 signatur,
543 1258 673 1313 qum
706 1258 935 1313 campos
982 1244 1153 1297 totius
1194 1244 1393 1297 mundi
1422 1246 1624 1298 decore
1656 1246 1921 1308 illustrat,

226 1334 284 1383 et
316 1329 546 1400 speciali
591 1330 772 1399 gratia
822 1347 925 1401 per
982 1332 1307 1385 unctionem
1342 1333 1663 1387 chrismatis
1719 1334 1923 1387 sancti-

226 1418 388 1471 ﬁcat.
428 1421 598 1489 Quasi
637 1420 923 1489 platanus.
994 1422 1259 1473 Platanus
1295 1422 1363 1474 ab
1401 1422 1703 1475 altitudine
1751 1422 1920 1489 dicta,

224 1507 319 1559 vel
349 1507 487 1576 quia
515 1507 710 1577 patula
737 1512 791 1561 et
814 1508 1028 1577 ampla.
1058 1509 1199 1562 Nam
1242 1508 1432 1571 πλατὸς
1464 1511 1641 1564 ϐπ·ωοὶ
1667 1513 1922 1582 amplum

224 1599 451 1648 vocant.
524 1596 741 1648 Nomen
789 1613 949 1667 ergo,
1004 1602 1060 1650 et
1098 1593 1342 1651 formam
1390 1598 1607 1653 arboris
1647 1599 1922 1669 expressit
1952 1637 1992 1690 Β

226 1681 421 1736 dicens
457 1699 469 1735 :
504 1682 675 1747 Quasi
722 1684 982 1754 platanus
1014 1684 1245 1740 dilatata
1293 1703 1418 1740 sum
1471 1688 1528 1740 in
1572 1688 1792 1757 plateis.
1828 1691 1921 1743 Est

224 1774 418 1824 autem
452 1772 783 1837 tenerrima,
816 1779 873 1826 et
920 1774 1108 1827 mollis
1146 1775 1316 1841 foliis,
1359 1781 1416 1829 et
1455 1776 1663 1830 vitibus
1697 1778 1919 1847 similis,

220 1866 281 1913 et
301 1859 587 1913 Christum
634 1861 938 1930 signiﬁcat,
970 1863 1069 1933 qui
1118 1881 1219 1935 per
1263 1866 1521 1920 membra
1559 1882 1659 1919 sua
1694 1866 1753 1919 in
1783 1868 1918 1921 orbe

219 1945 496 2000 dilatatur
524 1948 680 2001 mitis
708 1957 765 2002 et
791 1956 1140 2005 mansuetus.

296 2035 457 2089 Vens.
491 2038 577 2089 20.
612 2066 679 2077 ——-
733 2038 882 2093 Sicut
928 2042 1340 2095 cinnamomum.
1392 2042 1833 2098 Cinnamomum
1864 2049 1922 2097 et

217 2120 542 2175 balsamum
566 2126 889 2179 aromatica:
918 2126 1149 2181 arbores
1170 2134 1319 2183 sunt.
1355 2130 1792 2185 Cinnamomum
1832 2131 1919 2186 di-

218 2215 402 2275 ctum,
431 2210 568 2281 quia
590 2218 783 2267 cortex
815 2215 936 2284 ejus
966 2214 1027 2267 in
1060 2216 1294 2270 modum
1318 2233 1515 2272 cannae
1552 2220 1830 2273 rotundus
1864 2226 1920 2274 et

219 2297 471 2365 gracilis.
498 2299 761 2367 Giguitur
815 2300 872 2353 in
896 2302 1058 2355 India
1098 2307 1154 2356 et
1204 2303 1483 2374 EtbiOpia,
1532 2306 1733 2359 frutice
1764 2306 1919 2359 brevi

221 2386 471 2439 duorum
523 2391 743 2440 tantum
785 2388 1129 2457 cubitorum,
1189 2392 1374 2445 colore
1431 2392 1699 2463 subnigro
1727 2395 1811 2448 vel
1840 2394 1917 2449 ci-

222 2489 420 2539 nereo,
451 2474 915 2529 tenuissimarum
940 2476 1247 2547 virgarum.
1286 2479 1427 2533 Nam
1471 2481 1619 2550 quod
1667 2497 1917 2537 crassum

220 2566 311 2614 est
365 2560 705 2630 despicitur;
757 2563 1025 2632 gracilius
1070 2580 1201 2618 vero
1258 2565 1526 2621 charius:
1582 2569 1736 2638 quod
1786 2587 1917 2624 cum

219 2648 529 2717 frangitur,
584 2648 802 2702 visibile
851 2649 1267 2720 spiramentum
1326 2654 1535 2708 emittit
1580 2656 1639 2709 in
1682 2658 1914 2712 modum

218 2735 451 2789 nebula
479 2736 562 2788 vel
591 2736 860 2804 pulveris.

291 2824 456 2877 Vens.
520 2826 608 2877 2t.
666 2854 735 2864 —
790 2826 1120 2881 Balsamum.
1182 2828 1365 2897 (ΗΑΒ.)
1428 2832 1723 2901 Aspaltum
1779 2831 1917 2887 dicit

218 2909 462 2976 Plinius,
520 2909 576 2962 in
638 2910 839 2965 eodem
913 2912 1195 2968 curriculo
1241 2917 1366 2970 cceli
1429 2918 1700 2985 nascitur,
1783 2924 1912 2986 etc.,
1945 2908 1986 2963 (ἶ

216 3011 391 3065 usque
418 2997 492 3051 ad
529 3013 811 3052 memores
860 3000 1169 3056 Dominicm
1219 3004 1498 3074 passionis
1528 3022 1632 3077 pro
1672 3008 1917 3063 Domino

222 3085 410 3156 parati
430 3092 562 3140 sunt
588 3086 727 3156 pati.
762 3089 929 3153 Quasi
958 3093 1205 3160 myrrha.
1245 3094 1469 3163 Myrrha
1514 3100 1598 3148 est
1629 3096 1690 3149 in
1713 3098 1918 3151 Arabis

218 3174 392 3228 arbor
448 3174 702 3245 quinque
758 3176 962 3229 cubitis
1009 3179 1143 3245 alta,
1203 3182 1381 3250 spina:
1462 3182 1685 3247 similis,
1744 3200 1916 3255 quam

220 3260 443 3313 amico»
487 3267 690 3315 vocant
727 3263 927 3332 Graeci,
960 3265 1121 3335 cujus
1162 3272 1326 3337 gutta
1370 3268 1565 3323 viridis
1597 3275 1652 3324 et
1700 3288 1914 3340 amara,

221 3351 375 3404 unde
424 3356 479 3405 et
523 3368 736 3406 nomen
790 3353 1008 3423 accepit
1057 3371 1070 3408 :
1124 3372 1252 3426 quae
1323 3358 1517 3412 omnia
1572 3362 1920 3416 conveniunt

222 3436 658 3492 mortiﬁcatione
686 3440 896 3507 carnis,
924 3458 1053 3512 quae
1082 3458 1277 3497 amara
1297 3445 1367 3499 ad
1392 3451 1617 3517 tempus
1653 3449 1916 3516 sentitur,

221 3524 325 3577 sed
357 3523 416 3576 in
439 3540 535 3595 spe
557 3542 787 3596 semper
814 3528 1047 3583 virentis
1076 3532 1275 3602 patria:
1314 3533 1559 3589 libenter
1588 3536 1915 3608 suscipitur,

219 3610 417 3681 Spinaa
473 3617 661 3667 autem
702 3622 1087 3687 comparatur,
1139 3622 1275 3691 quia
1327 3627 1391 3675 ut
1436 3629 1687 3677 mentem
1742 3626 1921 3680 salvet

194 3713 430 3769 corpus
454 3699 672 3770 afﬂigit.
721 3702 887 3759 Gutta
930 3711 1134 3775 sponte
1183 3724 1421 3763 manans
1468 3711 1772 3781 pretiosior
1801 3718 1913 3781 est;

220 3784 410 3839 elicita
458 3788 679 3842 corticis
730 3792 963 3846 vulnere
1024 3794 1210 3860 vilior,
1262 3796 1397 3865 quia
1427 3798 1661 3867 majoris
1688 3804 1771 3852 est
1815 3799 1915 3853 vir-

220 3872 359 3926 tutis
387 3888 591 3943 corpus
657 3892 859 3929 sanum
905 3878 1021 3945 (cui
1071 3880 1283 3935 arridet
1329 3883 1491 3952 copia
1523 3884 1731 3953 rerum)
1765 3901 1917 3938 mor-

217 3963 455 4028 tiﬁcare,
484 3979 655 4033 quam
684 3971 963 4036 aegrotum
1018 3969 1103 4022 vel
1142 3976 1476 4041 paupertate
1512 3973 1805 4028 afﬂictum.

289 4049 460 4115 Quasi
502 4057 749 4105 stomax.
785 4055 915 4123 (ιο.)
970 4056 1173 4111 Storax
1214 4058 1509 4128 galbanus,
1544 4065 1672 4126 etc.,
1748 4076 1917 4131 usque

214 4138 293 4191 ad
352 4144 540 4191 storax
588 4139 758 4207 dicta,
818 4142 953 4212 quia
998 4149 1083 4197 est
1146 4152 1308 4215 gutta
1365 4147 1582 4200 arboris
1615 4149 1909 4218 profluens

214 4229 276 4277 et
340 4226 659 4294 congelata,
729 4243 863 4281 nam
912 4229 1088 4284 Grmci
1146 4235 1378 4305 στακτὴμ
1417 4238 1635 4304 guttam
1688 4236 1904 4291 dicunt.

215 4313 289 4365 Et
340 4312 625 4379 galbanus.
672 4314 985 4370 Galbanum
1042 4318 1157 4387 (Ιο.)
1212 4325 1344 4390 etc.,
1376 4338 1544 4390 usque
1594 4324 1668 4376 ad
1711 4324 1779 4378 ad
1838 4324 1913 4377 si-

214 4397 604 4454 militudinem
661 4404 1001 4459 ammoniaci
1058 4406 1410 4480 minimeque
1470 4410 1772 4480 lignosum.
1806 4414 1914 4467 Un-

212 4486 368 4554 gula.
421 4486 644 4557 Ungula
689 4497 774 4545 est
848 4509 977 4563 quae
1051 4494 1112 4548 in
1161 4497 1351 4551 Exodo
1410 4500 1629 4567 onycha
1684 4499 1910 4555 dicitur.

214 4573 410 4659 Graece
441 4574 595 4629 enim
626 4576 762 4645 όνύξ,
793 4580 986 4635 Latine
1013 4584 1248 4653 ungula,
1283 4585 1416 4655 quia
1442 4585 1693 4640 humano
1734 4588 1914 4659 ungui

215 4658 587 4716 assimilatur.
636 4666 824 4720 Gutta.
889 4669 1016 4737 (10.)
1064 4671 1231 4724 Gutta
1261 4689 1391 4743 quae
1435 4680 1492 4726 et
1555 4658 1915 4731 ammoniaca

214 4746 442 4812 dicitur,
466 4754 593 4818 etc.,
616 4768 785 4823 usque
813 4757 888 4809 ad
916 4764 1131 4827 quanto
1181 4759 1358 4814 virtus
1414 4761 1609 4815 virtuti
1625 4762 1909 4831 jungitur,

210 4846 374 4896 tanto
414 4842 710 4897 incensum
774 4842 1047 4898 sincerius
1123 4846 1438 4903 exhibetur.
1492 4850 1752 4904 Libanus.
1816 4849 1912 4904 Li-

206 4925 415 4995 banus,
451 4935 515 4982 ut
544 4930 725 4997 aiunt,
768 4930 938 4983 arbor
970 4937 1055 4985 est
1083 4932 1215 5002 (Ῑο.)
1263 4939 1392 4998 etc.,
1422 4950 1590 5004 usque
1618 4936 1692 4988 ad
1719 4936 1911 4989 incisis

205 5012 515 5071 arboribus
562 5018 812 5087 lacryma
880 5018 1024 5085 ﬁuit,
1082 5019 1218 5089 quia
1246 5027 1580 5089 compuncta
1601 5022 1909 5076 humilium

203 5103 383 5157 corda
432 5119 637 5175 puram
701 5105 811 5158 Deo
853 5104 1172 5160 orationem
1212 5107 1500 5163 emittunt.
1557 5109 1802 5163 Libanus
1848 5109 1908 5163 in

200 5191 447 5248 Hebraeo
524 5193 833 5248 candorem
865 5193 1149 5265 signiﬁcat
1186 5211 1199 5249 :
1241 5196 1301 5250 in
1331 5198 1539 5264 Graeco,
1575 5200 1712 5259 θοῦς.
1749 5199 1906 5254 Unde

202 5281 271 5335 in
307 5281 571 5348 Canticis,
603 5282 699 5337 ubi
743 5283 983 5353 legimus
1013 5283 1087 5337 ad
1116 5284 1298 5338 collem
1354 5287 1529 5341 thuris
1570 5286 1747 5355 (Cant.
1783 5287 1901 5357 iv.),

202 5368 445 5441 quidem
502 5370 723 5425 codices
773 5370 988 5425 habent
1041 5372 1117 5426 ad
1144 5373 1325 5427 collem
1354 5374 1546 5429 libani.
1595 5376 1905 5430 Batsamum

203 5472 318 5510 non
374 5460 612 5513 mistum.
670 5458 797 5529 (11).)
858 5460 1103 5514 Balsami
1159 5460 1329 5515 arbor
1401 5461 1462 5516 in
1503 5463 1717 5530 Iudaea,
1771 5469 1899 5518 etc..

2034 455 2196 522 quasi
2217 453 2517 506 balsamum
2542 467 2647 505 non
2670 454 2889 506 mistum
2919 452 3051 504 odor
3070 467 3233 505 meus.
3361 502 3365 508 .

2108 540 2266 593 Vens.
2306 544 2401 595 22.
2440 569 2500 579 —
2529 540 2899 603 Terebinthus,
2932 546 3065 605 etc.,
3115 540 3239 609 (Ιο.)
3266 540 3447 595 Arbor
3467 546 3569 611 est,
3603 546 3731 611 etc.,

2031 642 2201 695 usque
2229 628 2303 682 ad
2329 634 2385 681 et
2413 634 2534 681 sine
2558 628 2778 681 macula
2809 633 2942 681 sunt
2970 634 3101 680 ante
3133 629 3405 680 thronum
3442 629 3560 682 Dei.

2105 715 2271 768 Vens.
2331 718 2421 770 29.
2503 744 2571 755 —
2622 716 2731 780 Qui
2772 714 2935 768 edunt
2994 730 3094 781 me,
3150 720 3252 767 etc.
3313 715 3439 785 (lo.)
3495 716 3731 770 Edimus

2032 802 2393 871 sapientiam,
2414 808 2544 869 etc.,
2572 818 2739 871 usque
2782 803 2887 856 ad:
2936 801 3163 855 Gustate
3182 804 3440 869 etvidete,
3473 809 3729 872 quoniam

2031 893 2215 945 suavis
2242 897 2319 945 est
2358 894 2612 946 Dominus
2646 892 2820 959 (Psal.
2858 894 3069 955 xxxm),
3096 895 3199 944 etc.

2104 978 2261 1031 VERS.
2329 980 2415 1033 34.
2473 1008 2541 1018 -
2588 980 2772 1033 Posuit
2830 979 3024 1033 Davii.
3083 979 3217 1046 (In)
3270 978 3525 1041 Quatuor
3572 995 3733 1048 para-

2031 1064 2137 1118 disi
2170 1066 2430 1133 ﬂumina,
2465 1071 2605 1126 etc.,
2666 1080 2831 1134 usque
2877 1066 2950 1119 ad
2998 1066 3095 1136 qui
3148 1066 3320 1118 mittit
3370 1065 3728 1134 disciplinam

2032 1154 2175 1207 sicut
2205 1156 2410 1219 lucem,
2462 1155 2598 1224 quia
2628 1159 2912 1224 praecepta
2956 1154 3078 1222 eius
3111 1154 3284 1206 vitam
3341 1159 3611 1206 aeternam
3639 1152 3730 1205 tri-

2032 1242 2237 1308 buunt,
2267 1243 2421 1296 unde
2455 1259 2466 1296 :
2502 1243 2695 1296 Docete
2713 1258 2889 1296 omnes
2946 1248 3145 1310 gentes,
3201 1242 3536 1310 baptizantes
3557 1255 3641 1294 eos
3670 1243 3728 1294 in

2028 1332 2242 1382 nomine
2281 1332 2477 1393 Patris,
2534 1336 2584 1383 et
2629 1331 2783 1397 Filii,
2841 1336 2889 1384 et
2939 1332 3177 1399 Spiritus
3227 1332 3404 1383 sancti
3460 1329 3727 1394 ;docentes

2030 1432 2244 1471 servare
2318 1420 2499 1471 omnia
2572 1434 2898 1488 quaecunque
2958 1418 3217 1472 mandavi
3284 1418 3433 1471 vobis
3509 1418 3721 1487 (Matth.

2030 1506 2219 1573 xxvn).

2104 1593 2264 1648 VERS.
2323 1596 2410 1649 35.
2476 1623 2536 1633 —
2571 1595 2740 1659 Quasi
2788 1594 3007 1649 Phison.
3066 1592 3194 1664 (11).)
3252 1593 3480 1659 Phison,
3546 1592 3727 1663 quiet

2032 1681 2274 1749 Ganges,
2336 1687 2466 1747 etc.,
2514 1696 2681 1751 usque
2722 1682 2795 1735 ad
2845 1686 2901 1734 et
2950 1682 3130 1735 fertur
3176 1682 3321 1735 sicut
3366 1681 3525 1735 Nilus
3555 1696 3727 1750 super

2030 1768 2277 1822 Orientis
2306 1774 2486 1823 terras
2517 1771 2821 1823 exundare.
2876 1772 3031 1826 Sicut
3091 1773 3294 1839 Tigris,
3355 1774 3459 1823 etc.
3496 1769 3611 1839 (ιο.)
3638 1769 3725 1822 Ti-

2012 1856 2145 1925 ’gris
2171 1858 2376 1910 ﬂuvius
2424 1858 2866 1928 Mesopotamiae,
2914 1864 3057 1925 etc.,
3108 1874 3276 1927 usque
3304 1858 3377 1944 aq
3423 1857 3558 1929 quia
3582 1856 3726 1911 sicut

2027 1945 2208 2016 Tigris
2240 1945 2420 1999 bestia
2450 1947 2717 2000 velociter
2748 1948 2945 2000 fertur.

2090 2053 2257 2107 Vens.
2325 2054 2410 2106 36.
2468 2081 2531 2091 —
2590 2054 2759 2119 Quasi
2828 2054 3155 2122 Euphrates.
3207 2053 3335 2124 (Ιο.)
3409 2052 3727 2124 Euphrates

2028 2140 2237 2194 ﬂuvius
2278 2140 2721 2211 Mesopotamiae,
2772 2147 2901 2204 etc.,
2957 2157 3126 2210 usque
3182 2142 3256 2195 ad
3310 2146 3577 2212 terraque
3598 2157 3726 2211 quae

2028 2229 2099 2283 ab
2155 2228 2295 2299 ipsis
2342 2228 2610 2294 ambitur,
2664 2230 3067 2299 Mesopotamia
3098 2229 3334 2286 dicitur.
3394 2231 3562 2295 Quasi
3611 2232 3728 2283 Jor-

2026 2317 2207 2372 danis.
2253 2317 2517 2371 Jordanis
2575 2316 2781 2371 ﬂuvius
2836 2318 3067 2376 Iudaeae.
3099 2334 3131 2370 a
3190 2317 3412 2371 duobus
3475 2314 3726 2369 fontibus

2029 2406 2365 2459 nominatur
2388 2421 2401 2459 :
2423 2406 2551 2470 Jor,
2586 2405 2794 2459 scilicet
2816 2411 2871 2459 et
2893 2409 3030 2470 Dan,
3063 2404 3270 2475 quibus
3300 2403 3585 2458 foederatis
3613 2404 3724 2457 col-

2026 2493 2239 2563 ligitur.
2267 2493 2462 2548 Oritur
2487 2492 2591 2545 sub
2625 2492 2836 2546 Libano
2887 2498 3100 2558 monte,
3134 2497 3191 2545 et
3234 2491 3431 2545 dividit
3469 2490 3723 2543 Iudaeam

2026 2586 2083 2634 et
2106 2581 2397 2650 Arabiam,
2431 2586 2487 2635 et
2527 2581 2691 2651 juxta
2728 2580 2951 2634 Jericlio
2978 2580 3166 2634 influit
3203 2580 3346 2633 mari
3376 2580 3614 2633 Mortuo.

2098 2686 2257 2740 Vens.
2309 2688 2396 2741 37.
2451 2714 2521 2726 —-
2572 2688 2741 2756 Quasi
2804 2688 2965 2740 Geon.
3025 2686 3180 2741 Geon
3234 2685 3326 2739 hic
3380 2683 3724 2754 Ethiopiam

2023 2772 2219 2843 cingit,
2274 2773 2355 2827 sic
2394 2778 2620 2827 vocatus
2665 2774 2801 2844 quia
2831 2774 3030 2843 irrigat
3068 2779 3278 2827 terram
3322 2772 3563 2842 IEgypti.
3616 2774 3726 2826 Ge-

2024 2862 2180 2915 enim
2207 2862 2395 2916 Graece
2425 2868 2638 2916 terram
2670 2861 2981 2931 signiﬁcat:
3033 2862 3132 2932 qui
3190 2862 3338 2933 apud
3394 2860 3726 2931 ngpyptios

2029 2950 2187 3004 Nilus
2220 2956 2451 3004 vocatur
2478 2954 2713 3021 propter
2740 2950 2941 3003 limum
2973 2965 3146 3019 quem
3176 2949 3367 3014 trahit,
3399 2949 3498 3019 qui
3527 2948 3727 3002 fecun-

2028 3037 2267 3093 ditatem
2294 3038 2487 3105 efﬁcit,
2524 3038 2673 3091 unde
2711 3042 2767 3092 et
2792 3038 2947 3091 Nilus
2973 3036 3154 3090 dictus
3184 3040 3288 3089 est.

2104 3142 2269 3198 Vens.
2302 3147 2388 3199 38.
2440 3173 2509 3184 -—
2537 3146 2655 3200 Non
2696 3144 3065 3209 investigabit.
3121 3142 3301 3211 (ΗΑΒ.)
3334 3140 3586 3195 Christus
3615 3156 3723 3195 au-

2028 3237 2152 3285 ctor
2179 3237 2266 3285 est
2294 3232 2614 3301 sapientiae,
2645 3235 2777 3298 etc.,
2806 3246 2974 3299 usque
2993 3230 3066 3283 ad
3091 3244 3103 3283 :
3137 3231 3301 3285 Nemo
3326 3231 3475 3282 novit
3505 3229 3713 3283 Filium

2024 3323 2138 3374 nisi
2165 3323 2345 3385 Pater,
2398 3336 2491 3374 nec
2508 3322 2723 3374 Patrem
2775 3321 2897 3387 quis
2945 3321 3116 3386 novit,
3148 3320 3260 3373 nisi
3296 3318 3477 3373 Filius
3506 3319 3720 3387 (Matth.

2025 3409 2130 3479 xu).
2159 3412 2264 3461 etc.

2097 3513 2263 3567 Vens.
2305 3514 2390 3567 39.
2422 3541 2495 3553 —
2524 3513 2573 3566 Α
2606 3515 2749 3566 mari
2766 3516 2925 3567 enim.
2975 3514 3126 3567 Mare
3182 3512 3468 3585 signiﬁcat
3492 3512 3727 3584 profun-

2025 3601 2263 3655 ditatem
2296 3600 2592 3670 sapientiaa
2646 3601 3128 3667 inaestimabilem,
3187 3608 3245 3656 et
3274 3602 3723 3673 incomprehen-

2024 3689 2247 3743 sibilem
2299 3704 2466 3741 esse:
2519 3688 2795 3758 quoniam
2840 3705 3009 3742 nemo
3044 3693 3346 3758 penetrare
3396 3693 3583 3759 potest
3612 3690 3722 3741 nisi

2022 3792 2173 3831 unus
2202 3780 2259 3830 et
2287 3776 2439 3829 solus
2487 3776 2636 3829 Deus
2690 3777 2856 3829 Pater
2882 3780 2937 3828 et
2991 3775 3165 3828 Filius
3196 3780 3254 3828 et
3298 3774 3541 3845 Spiritus
3594 3792 3725 3830 san-

2023 3870 2165 3930 ctus,
2197 3864 2296 3935 qui
2321 3864 2573 3934 seipsum
2618 3878 2748 3916 vere
2772 3862 2947 3929 novit,
2990 3868 3047 3915 et
3082 3861 3384 3915 consilium
3437 3878 3625 3928 suum,
3667 3870 3724 3918 et

2024 3954 2121 4008 dat
2146 3958 2369 4006 tantum
2390 3968 2556 4005 nosse
2576 3956 2849 4004 creaturae
2880 3966 3019 4015 suae,
3036 3954 3316 4020 quantum
3347 3951 3601 4020 expedit.

2092 4041 2258 4095 Vsus.
2304 4041 2392 4093 41.
2465 4070 2531 4079 --
2590 4040 2764 4104 Quasi
2818 4044 3033 4092 trames.
3124 4039 3239 4108 {10.)
3281 4038 3425 4103 Quia
3477 4040 3621 4093 Deus
3650 4040 3719 4093 de

2027 4130 2162 4193 Deo,
2196 4128 2389 4180 lumen
2439 4125 2508 4179 de
2550 4123 2787 4179 lumine.
2840 4126 3076 4196 Tropice
3110 4126 3318 4179 dicitur
3372 4128 3538 4181 Pater
3556 4126 3719 4198 origo

2020 4214 2342 4269 Divinitatis
2374 4229 2387 4278 ;
2421 4213 2555 4284 quia
2582 4213 2651 4267 de
2709 4215 2873 4267 Patre
2930 4215 3190 4285 gignitur
3249 4214 3420 4268 Filius
3476 4220 3532 4268 et
3586 4232 3717 4285 pro-

2024 4303 2173 4357 cedit
2199 4302 2445 4372 Spiritus
2490 4307 2738 4368 sanctus,
2786 4302 2885 4373 qui
2916 4319 3019 4373 per
3069 4318 3280 4373 aquam
3324 4302 3714 4373 signiﬁcatur:

2021 4393 2198 4458 unde,
2242 4391 2501 4445 Flumina
2567 4391 2634 4443 de
2686 4395 2868 4445 ventre
2937 4392 3054 4457 ejus
3128 4394 3295 4459 ﬂuent
3353 4406 3509 4460 aqua:
3580 4393 3719 4445 vivae

2023 4480 2161 4549 (Job.
2212 4479 2329 4551 vn).
2388 4480 2553 4548 Aqua
2618 4482 2898 4549 sapientia:
2960 4481 3223 4534 salutaris
3276 4481 3489 4548 potavit
3562 4480 3718 4534 illum

2022 4566 2207 4637 (Eccli.
2240 4567 2357 4638 vn).
2410 4570 2523 4634 Ego
2574 4571 2737 4636 quasi
2763 4570 2958 4635 ﬂuvius
3010 4570 3201 4622 Dorias.
3244 4567 3534 4637 Sapientia
3562 4583 3716 4620 com-

2021 4661 2255 4726 paratur
2285 4656 2457 4709 ﬂuvio
2492 4656 2875 4726 rapidissimo,
2941 4660 3068 4721 etc.,
3102 4671 3272 4723 usque
3318 4657 3393 4709 ad
3424 4656 3575 4709 unde
3606 4659 3715 4708 ter-

2019 4744 2099 4798 tia
2133 4744 2329 4816 lingua
2358 4746 2683 4800 Graacorum
2710 4744 2909 4798 Dorica
2930 4744 3157 4797 dicitur.

2083 4840 2247 4895 Vsus.
2302 4841 2391 4895 46.
2453 4870 2520 4881 -
2573 4840 2773 4895 Adhuc
2825 4839 3148 4893 doctrinam.
3197 4839 3379 4907 (ΗΑΒ.)
3413 4838 3716 4908 Signiﬁcat

2016 4926 2191 4997 hujus
2226 4928 2416 4999 operis
2447 4928 2687 4997 scriptor
2716 4927 2925 4981 librum
2982 4944 3104 4982 esse
3157 4927 3482 4998 mysticum,
3514 4932 3569 4980 et
3596 4926 3713 4981 uti-

2014 5015 2130 5070 lem
2160 5017 2231 5070 ad
2288 5017 2617 5086 legendum.
2671 5014 2942 5069 Historice
2995 5015 3149 5069 enim
3198 5015 3580 5069 moralitatem
3612 5015 3713 5069 do-

2014 5113 2119 5173 cet,
2146 5110 2202 5159 et
2233 5104 2536 5177 allegorice
2558 5105 2691 5159 ﬁdei
2721 5109 3160 5158 sacramentum.

2084 5201 2246 5256 Vens.
2270 5202 2356 5255 47.
2388 5228 2461 5241 -
2503 5198 2707 5265 Videte,
2758 5202 2862 5251 etc.
2925 5197 3342 5252 Ecclesiasticus
3371 5199 3567 5253 doctor
3595 5213 3711 5252 non

2011 5289 2196 5343 solum
2291 5288 2419 5353 sibi,
2502 5287 2597 5341 sed
2664 5291 2722 5339 et
2786 5284 2911 5338 aliis
2958 5285 3258 5340 scribendo
3311 5290 3367 5339 et
3458 5285 3711 5341 docendo

2011 5376 2273 5445 proﬁcit;
2329 5375 2503 5440 unde,
2555 5375 2664 5439 Qui
2721 5371 2867 5426 docti
2938 5374 3166 5438 fuerint,
3226 5374 3512 5443 fulgebunt
3570 5378 3711 5429 sicut

2006 5464 2237 5533 plendor
2302 5464 2645 5533 ﬁrmamenti,
2710 5466 2789 5516 est
2852 5463 2949 5529 qui
2998 5461 3073 5514 ad
3112 5462 3393 5531 justitiam
3449 5464 3710 5518 erudiun-
