4074 6186
336 320 461 372 1211

956 317 1347 374 WALAFRIDI
1387 318 1634 374 STRABI
1673 318 1870 374 FULD.
1913 319 2078 376 MON.
2127 319 2277 376 OPP.
2321 319 2494 374 PARS
2534 321 2577 375 l.
2617 347 2686 358 --
2723 317 3191 374 THEOLOGICA.

3697 321 3837 373 1212

329 440 546 505 multos,
576 441 740 508 quasi
791 441 957 494 stellae
1005 441 1065 492 in
1115 444 1410 509 perpetuas
1472 442 1798 494 aeternitates
1858 441 2027 512 (Dan.
2059 443 2106 495 Α
2146 441 2380 495 visionis
2411 442 2510 496 Dei
2555 445 2831 512 perpetuo
2884 439 3127 508 fruetur,
3176 438 3315 510 quia
3367 456 3483 494 non
3535 444 3623 494 est
3645 456 3847 511 perso-

329 542 448 581 XII).

410 526 448 596 )’
1006 597 1230 652 CAPUT
1265 598 1413 653 xxv.

405 703 562 757 Vens.
593 705 646 754 2.
705 731 774 740 —
830 703 925 756 Vir
970 707 1019 756 et
1068 705 1277 757 mulier.
1349 705 1528 775 (ΗΑΒ.)
1584 704 1741 760 Unde
1796 706 2024 772 Paulus,

338 793 480 855 Viri,
503 791 716 857 diligite
764 806 960 845 umores
1009 796 1242 857 vestras,
1290 795 1430 847 sicut
1458 798 1509 846 et
1555 794 1800 848 Christus
1856 795 2028 848 Eccle-

329 879 469 931 siam
490 877 654 946 (Eph.
683 881 758 943 v).
793 879 1098 932 Possumus
1120 879 1180 933 in
1211 879 1330 933 viro
1360 881 1651 950 spiritum,
1697 883 1756 936 in
1787 882 2027 936 muliere

331 965 580 1018 animam
615 965 889 1037 accipere,
936 968 1036 1038 qui
1066 968 1113 1020 si
1159 967 1220 1022 in
1249 969 1458 1022 timore
1506 974 1563 1023 et
1591 970 1892 1024 dilectione
1932 970 2028 1024 Dei

329 1053 742 1119 consenserint,
785 1055 1064 1126 quidquid
1109 1055 1381 1124 petierint
1431 1057 1530 1110 tiet
1578 1057 1681 1122 eis,
1743 1057 1928 1112 unde:
1963 1057 2029 1110 Si

329 1141 435 1196 duo
447 1145 810 1196 consenserint
834 1159 901 1197 ea:
925 1143 1196 1212 vobis,fiet
1223 1145 1332 1198 illis
1356 1145 1568 1207 (Matth.
1592 1149 1767 1211 xviii).

401 1229 560 1283 Vens.
609 1232 661 1284 3.
735 1261 800 1270 —
862 1233 988 1285 Tres
1042 1235 1262 1301 species.
1323 1232 1443 1304 (lo.)
1502 1234 1742 1286 Possunt
1789 1233 1910 1286 haec
1954 1232 2027 1287 ad

333 1315 625 1372 diabolum
670 1319 983 1382 transferri,
1047 1326 1179 1384 etc.,
1232 1335 1401 1388 usque
1454 1321 1529 1374 ad
1576 1321 1712 1391 quia
1741 1320 2029 1376 Conditori

332 1421 435 1459 suo
463 1406 669 1478 subjici
707 1408 909 1462 noluit.

401 1495 566 1549 Vens.
621 1499 672 1549 5.
728 1525 795 1534 ——
847 1496 973 1562 Quae
1009 1499 1068 1549 in
1125 1497 1420 1567 iuventute.
1471 1497 1579 1562 Qui
1623 1497 1681 1551 in
1728 1499 2028 1568 jnventute

330 1597 446 1636 non
497 1582 664 1638 discit
714 1583 1074 1654 sapientiam,
1136 1585 1197 1638 in
1243 1590 1535 1639 senectute
1607 1585 1855 1640 fructum
1905 1586 2029 1656 ejus

333 1685 450 1724 non
505 1670 697 1726 habet.
758 1673 938 1738 Unde,
988 1674 1306 1739 Egestatem
1346 1679 1570 1743 operata
1597 1680 1674 1728 est
1727 1689 1920 1729 manus
1944 1691 2028 1728 re-

332 1761 522 1824 missa,
569 1775 764 1814 manus
803 1765 982 1815 autem
1023 1764 1252 1828 fortium
1291 1761 1517 1816 divitias
1547 1767 1712 1831 parat
1752 1765 1924 1830 (Prov.
1951 1767 2026 1829 Χ).

334 1849 444 1913 Qui
463 1853 640 1902 autem
670 1849 968 1903 meditatur
994 1851 1054 1902 in
1086 1851 1198 1916 lege
1251 1852 1482 1916 Domini,
1531 1850 1687 1904 dabit
1713 1852 1954 1917 fructum
1975 1855 2032 1905 in

333 1941 566 2005 tempore
583 1951 678 1990 suo
703 1936 868 2007 (Psal.
892 1937 951 2008 ι).

405 2025 571 2078 Vens.
600 2027 652 2078 6.
697 2053 771 2065 —
820 2025 992 2091 Quam
1042 2028 1356 2095 speciosum.
1407 2026 1532 2096 (In.)
1590 2028 1805 2082 Canum
1861 2030 2033 2096 caput

334 2112 514 2178 decet,
575 2117 705 2176 etc.,
756 2128 925 2182 usque
960 2114 1034 2168 ad
1088 2130 1205 2168 non
1259 2114 1392 2169 licet
1443 2115 1525 2169 eis
1591 2115 1858 2185 ignorare
1889 2114 2030 2186 legis

331 2197 627 2253 scientiam
657 2205 713 2254 et
733 2201 1090 2270 sapientiam.

405 2287 563 2342 Vens.
593 2291 644 2343 9.
699 2319 761 2329 —
817 2293 1012 2345 Novem
1062 2293 1494 2361 insuspicabilia,
1531 2295 1637 2346 etc.
1697 2293 1876 2347 Corde
1913 2307 2030 2346 cre—

331 2374 483 2429 ditur
510 2376 586 2429 ad
631 2376 929 2446 justitiam,
961 2394 1051 2432 ore
1101 2384 1281 2434 autem
1313 2381 1575 2446 confessio
1601 2382 1664 2448 ﬁt
1692 2380 1767 2434 ad
1802 2381 2030 2434 salutem

329 2461 506 2532 (Rom.
539 2464 621 2532 ι).
691 2463 902 2519 Novem
962 2481 1098 2537 ergo
1156 2473 1290 2522 sunt
1341 2467 1784 2539 insuspicabilia,
1840 2467 1896 2522 id
1945 2472 2031 2522 est

331 2549 402 2604 ab
427 2550 587 2604 omni
617 2551 939 2622 suspicione
995 2554 1261 2610 falsitat.s
1315 2555 1522 2623 aliena,
1552 2572 1680 2627 quae
1737 2556 1886 2627 parit
1922 2556 2026 2610 ho-

330 2638 473 2693 mini
506 2640 645 2694 tides
675 2646 844 2697 recta.

403 2729 565 2783 Vens.
603 2733 685 2784 13.
721 2731 1160 2802 —Sapientiam.
1195 2733 1332 2797 Quae
1389 2738 1474 2788 est
1523 2733 1737 2788 malum
1795 2749 2019 2787 cavere.

335 2817 513 2883 Unde,
545 2820 614 2872 Et
661 2833 773 2873 ecce
821 2822 982 2875 timor
1013 2822 1236 2876 Domini
1253 2825 1370 2891 ipse
1423 2828 1501 2877 est
1537 2823 1829 2891 sapientia,
1859 2827 1911 2876 et
1937 2837 2028 2876 re-

331 2904 512 2958 cedere
539 2920 574 2957 a
620 2907 762 2960 malo
817 2907 1230 2974 intelligentiam
1291 2909 1426 2976 (Job.
1475 2909 1690 2975 xxviii).
1750 2908 1895 2963 Hinc
1945 2913 2030 2963 est

335 2991 490 3061 quod
520 3007 700 3046 unum
718 2993 1014 3063 speciebus
1042 2995 1323 3050 virtutum
1350 2996 1776 3067 superadditur.

403 3080 564 3134 Vens.
599 3083 682 3135 16.
715 3111 783 3122 --
838 3084 1018 3138 Timor
1071 3086 1183 3138 Dei.
1229 3085 1410 3155 (ΗΑΒ.)
1461 3084 1606 3149 Quia
1662 3085 1808 3139 sicut
1846 3075 2028 3140 nove-

332 3167 529 3223 uarius
561 3169 926 3240 imperfectus
957 3176 1060 3238 est,
1107 3177 1238 3241 etc.,
1286 3189 1456 3242 usque
1495 3175 1569 3228 ad
1596 3174 1693 3228 sed
1718 3189 1789 3227 ne
1836 3178 1891 3227 te
1924 3173 2029 3227 de-

331 3261 486 3311 serat
511 3259 817 3326 praesentia
859 3260 983 3324 Dei,
1034 3275 1208 3330 quam
1262 3261 1640 3331 amplecteris,
1697 3265 1755 3316 et
1782 3261 1845 3315 in
1871 3267 2030 3315 aster-

333 3360 475 3398 num
505 3345 620 3398 frui
639 3345 948 3400 desideras.

405 3432 570 3486 Vens.
632 3435 722 3486 17.
778 3464 845 3473 -
887 3437 1072 3490 Omnis
1124 3437 1316 3507 plaga.
1370 3437 1495 3491 Non
1524 3441 1610 3491 est
1638 3438 1823 3507 major
1846 3438 2028 3508 gratia

333 3533 508 3588 quam
533 3535 665 3572 vera
719 3519 914 3574 latitia
972 3525 1203 3589 mentis,
1260 3540 1365 3578 nec
1421 3526 1606 3595 major
1648 3527 1816 3596 plaga
1853 3543 2028 3597 quam

332 3605 582 3669 tristitia,
615 3607 962 3663 fraudulenti
1012 3610 1202 3665 cordis
1239 3611 1302 3665 in
1351 3612 1673 3668 idololatria
1701 3615 1788 3669 vel
1818 3614 1880 3669 in
1911 3615 2026 3671 has-

333 3693 464 3760 resi,
498 3694 633 3764 quia
661 3695 722 3750 in
751 3697 876 3767 ejus
905 3699 1163 3770 nequitia
1191 3700 1381 3755 omnis
1411 3701 1630 3756 malitia
1653 3707 1760 3758 est.

405 3783 560 3839 Vens.
634 3789 717 3840 18.
771 3816 841 3828 -
886 3792 956 3844 Et
1017 3803 1221 3844 omnem
1257 3791 1502 3860 plagam.
1563 3791 1729 3846 Videt
1798 3794 2026 3864 plagam

333 3869 518 3924 cordis
546 3870 646 3942 qui
677 3871 946 3939 intelligit
971 3874 1245 3945 injuriam
1273 3892 1392 3931 suae
1441 3879 1756 3947 pravitatis,
1788 3880 1885 3933 sed
1914 3896 2028 3934 non

331 3958 500 4020 videt,
542 3959 641 4030 qui
672 3976 774 4030 per
793 3963 1191 4032 paenitentiam
1225 3980 1341 4018 non
1359 3964 1616 4036 corrigit.

402 4047 565 4102 Vens.
614 4050 704 4103 22.
735 4052 953 4105 —Non
1006 4057 1084 4106 est
1138 4057 1321 4122 caput,
1382 4057 1490 4108 etc.
1542 4053 1727 4123 (ΗΑΒ.)
1760 4055 2028 4126 Nequitia

334 4135 730 4190 haereticorum
761 4145 1108 4208 comparata.
1140 4145 1270 4207 etc.,
1319 4155 1486 4210 usque
1529 4141 1604 4196 ad
1622 4142 1751 4198 ideo
1777 4143 1899 4212 ejus
1925 4160 2026 4198 co-

331 4221 608 4277 habitatio
641 4225 908 4279 omnibus
935 4227 1102 4280 noxia
1130 4233 1232 4283 est.

403 4311 675 4365 Vens.‘26.
705 4341 777 4353 —
826 4313 1207 4370 Brevisomnis
1260 4317 1495 4374 malitia.
1555 4319 1736 4373 Parva
1789 4323 1874 4373 est
1897 4336 2021 4374 om-

333 4396 421 4450 nis
450 4398 670 4452 malitia
701 4400 774 4454 ad
825 4402 1309 4471 comparationem
1367 4404 1707 4461 idololatrias
1751 4412 1808 4461 et
1836 4408 2022 4478 pravi-

332 4485 462 4538 tatis
491 4485 794 4557 htereticae,
841 4489 975 4560 quia
1022 4496 1280 4560 peccant,
1331 4508 1448 4546 non
1492 4509 1595 4564 per
1650 4494 2022 4566 fragilitatem

329 4573 535 4642 carnis,
569 4575 663 4630 sed
685 4592 788 4646 per
807 4578 1133 4648 superbiam
1165 4579 1392 4634 mentis.

405 4663 564 4717 Vens.
597 4666 684 4718 30.
704 4694 772 4704 —
827 4667 1021 4722 Mulier
1048 4669 1099 4720 si
1148 4669 1451 4736 primatum
1495 4668 1716 4724 haheat.
1748 4669 2024 4726 Historice

332 4750 602 4816 ostendit,
634 4767 808 4822 quam
849 4754 1048 4807 noxius
1098 4754 1170 4808 sit
1225 4754 1507 4824 primatus
1563 4757 1844 4823 mulieris,
1891 4763 2019 4822 etc.,

329 4852 498 4908 usque
515 4839 590 4893 ad
613 4839 900 4896 contraria
945 4841 1052 4895 erit
1087 4841 1230 4911 viro,
1283 4842 1341 4896 id
1369 4847 1455 4897 est
1498 4843 1717 4899 doctori
1746 4847 2024 4902 catholico

327 4941 593 4995 perversa
619 4927 918 4982 sentiendo
947 4933 1004 4982 et
1032 4943 1206 4998 prava
1234 4930 1513 4984 docendo.

932 5066 1162 5123 CAPUT
1216 5069 1389 5124 XXVI.

401 5193 565 5246 Vens.
633 5195 680 5246 1.
739 5220 808 5232 -
859 5193 1116 5248 Mulieris
1190 5193 1355 5248 bona.
1429 5195 1612 5263 (ΗΑΒ.)
1652 5195 1810 5250 Sicut
1863 5196 2023 5266 prius

329 5280 630 5335 mulierem
681 5296 928 5352 nequam
979 5280 1338 5351 vituperavit,
1397 5289 1524 5347 etc.,
1580 5299 1748 5354 usque
1779 5285 1854 5339 ad
1881 5285 2022 5340 etin

327 5369 519 5421 futuro
548 5369 818 5439 gaudebit
841 5370 911 5425 de
937 5370 1302 5440 perceptione
1345 5371 1734 5442 praemiorum.

401 5456 559 5510 Vens.
581 5457 633 5509 4.
666 5487 731 5495 -
757 5461 950 5512 Divitis
995 5463 1189 5513 autem.
1238 5459 1401 5514 Dives
1430 5461 1514 5514 vel
1549 5477 1770 5532 pauper
1797 5462 1867 5516 ad
1891 5478 2020 5534 gra-

327 5543 465 5598 tiam
523 5543 733 5597 Christi
780 5547 983 5600 devota
1043 5552 1233 5602 mente
1281 5549 1638 5618 perveniens,
1661 5549 2020 5620 jucunditate

2137 545 2342 584 narum
2376 534 2638 600 acceptor
2677 531 2850 583 Deus.

2209 618 2373 672 Vens.
2409 619 2460 672 5.
2493 649 2560 656 —
2597 617 2808 672 Tribus.
2870 617 2964 670 His
3019 615 3488 670 similitudinibus
3534 621 3700 669 vocat
3723 632 3840 680 eos,

2135 706 2234 777 qui
2257 706 2328 760 ab
2361 706 2577 760 unitate
2608 721 2755 758 verae
2815 704 3108 776 religionis
3163 704 3406 776 separati
3437 709 3591 769 sunt,
3647 704 3705 758 id
3737 711 3840 772 est,

2133 795 2379 857 Juda'os,
2406 810 2679 864 paganos,
2705 791 3022 857 haereticos,
3073 797 3127 846 et
3157 792 3326 846 falsos
3356 792 3729 846 Christianos.

2205 882 2373 935 Vens.
2409 883 2460 934 6.
2510 911 2578 920 —--
2632 881 2948 935 Delaturam
3003 882 3261 933 civitatis.
3326 879 3664 948 [nsipientia
3706 881 3841 932 stul-

2135 973 2341 1024 torum.
2378 969 2534 1024 Sicut
2579 969 2736 1022 enim
2789 969 2956 1022 bruta
3003 967 3274 1020 animalia
3327 967 3590 1020 nesciunt
3633 969 3842 1021 discer-

2136 1074 2270 1111 nere
2299 1057 2446 1110 inter
2467 1057 2715 1111 amicum
2769 1062 2825 1110 et
2871 1055 3190 1121 inimicum,
3237 1060 3293 1108 et
3338 1055 3486 1110 inter
3532 1055 3755 1109 bonum
3785 1060 3842 1108 et

2136 1147 2352 1199 malum
2378 1162 2392 1210 ;
2423 1145 2502 1198 ita
2531 1145 2864 1216 insipientes
2896 1144 3165 1214 ignorant
3192 1143 3520 1197 distantiam
3543 1143 3841 1197 catholicas

2136 1234 2412 1288 doctrinas
2439 1239 2495 1288 et
2523 1232 2829 1300 hmreticm,
2862 1233 2955 1286 sed
2988 1233 3134 1285 veris
3182 1236 3239 1285 et
3301 1231 3458 1284 falsis
3509 1231 3840 1285 doctoribus

2136 1321 2412 1376 obediunt
2459 1337 2642 1392 asque.
2699 1321 2907 1375 Contra
2946 1337 3088 1390 quos
3141 1319 3351 1373 dicitur
3405 1319 3557 1385 alibi,
3617 1320 3837 1383 Statim,

2136 1425 2254 1464 eam
2308 1412 2554 1480 sequitur
2583 1411 2744 1479 quasi
2780 1409 2870 1463 bos
2908 1408 2986 1462 ad
3041 1410 3342 1472 victimam,
3390 1413 3441 1462 et
3479 1409 3643 1476 quasi
3665 1423 3840 1473 agnus

2139 1499 2438 1562 lasciviens,
2497 1502 2548 1551 et
2597 1500 2818 1566 ignorat
2859 1496 3003 1564 quod
3045 1495 3118 1547 ad
3172 1497 3446 1548 victimam
3483 1495 3842 1564 pertrahatur

2139 1583 2316 1653 (Prov.
2384 1584 2500 1650 vu).
2558 1583 2667 1637 Sed
2726 1583 3134 1636 haereticorum
3190 1581 3396 1635 astutia
3468 1596 3587 1634 non
3642 1584 3840 1650 aperta

2137 1673 2344 1738 fronte,
2377 1671 2473 1725 sed
2494 1671 2689 1726 dolose
2719 1671 2974 1724 incautos
2994 1669 3226 1740 decipit.

2212 1761 2370 1813 Vens.
2427 1762 2512 1813 11.
2556 1789 2618 1799 -
2673 1760 2868 1814 Mulier
2914 1759 3142 1813 ebriosa.
3200 1756 3462 1812 Habitum
3523 1756 3839 1811 meretricis

2139 1849 2424 1914 describit,
2455 1864 2583 1918 quae
2641 1854 2802 1900 motu
2841 1847 3094 1918 corporis
3132 1850 3189 1900 et
3234 1851 3393 1899 motu
3423 1845 3725 1899 oculorum
3747 1862 3836 1898 os-

2140 1939 2320 1989 tentat
2357 1935 2675 2002 libidinem,
2730 1935 2956 2005 Mystice
3014 1940 3205 1989 autem
3264 1933 3599 1989 haereticum
3658 1934 3837 2004 signi-

2136 2023 2287 2091 ﬁcat,
2314 2024 2414 2095 qui
2445 2025 2504 2077 in
2554 2024 2824 2094 superbia
2879 2039 3079 2077 sensus
3117 2028 3173 2076 et
3216 2021 3482 2076 facundia
3529 2022 3836 2075 verborum

2135 2112 2574 2167 fornicationem
2604 2128 2765 2166 suam
2815 2112 3012 2181 jactat,
3071 2116 3129 2164 ut
3179 2110 3492 2164 novitatum
3553 2113 3841 2163 amatores

2137 2199 2358 2254 facilius
2412 2201 2659 2254 attrahat
2718 2199 3045 2270 prurientes
3091 2199 3347 2267 auribus,
3396 2197 3560 2268 quia
3596 2197 3834 2250 veritate

2135 2289 2395 2343 auditum
2427 2294 2690 2343 avertunt
2717 2294 2772 2342 et
2801 2289 2871 2342 ad
2899 2287 3118 2342 fabulas
3156 2290 3581 2340 convertuntur.

2212 2379 2369 2432 Vens.
2426 2381 2510 2432 12.
2556 2409 2624 2416 -
2666 2378 2978 2432 Fornicatio
3033 2377 3296 2429 mulieris.
3354 2375 3536 2443 (ΗΑΒ.)
3580 2375 3686 2428 Per
3714 2372 3839 2427 hinc

2136 2465 2248 2520 tria
2300 2465 2685 2520 curiositatem
2761 2465 3028 2518 humanae
3089 2461 3298 2536 mentis
3369 2461 3640 2529 ostendit,
3699 2467 3832 2525 etc.,

2135 2570 2304 2622 usque
2332 2555 2406 2608 ad
2460 2570 2565 2624 per
2622 2553 2951 2622 superbiam
3011 2552 3162 2617 vitae,
3217 2567 3348 2604 cum
3377 2551 3629 2616 adderet,
3661 2552 3835 2605 Eritis

2134 2646 2276 2697 sicut
2312 2643 2397 2696 dii
2415 2643 2566 2712 (Gen.
2601 2643 2724 2708 ιιι).

2206 2732 2365 2785 Vens.
2414 2734 2496 2784 16.
2556 2760 2625 2771 -
2681 2731 2816 2786 Ossa
2881 2730 3030 2784 illius
3107 2727 3492 2798 impingnabit.
3551 2727 3837 2783 Cbaritate

2135 2819 2368 2884 scilicet,
2399 2819 2586 2873 unde:
2619 2819 2730 2884 Qui
2755 2823 2937 2873 servat
2980 2817 3244 2872 mandata
3293 2832 3430 2880 mea,
3490 2817 3582 2871 ille
3637 2821 3719 2869 est
3743 2816 3842 2883 qui

2137 2907 2319 2976 diligit
2374 2923 2478 2974 me,
2533 2911 2583 2961 et
2634 2907 2896 2976 diligetur
2923 2923 2959 2960 a
2995 2908 3157 2961 Patre
3213 2921 3346 2971 meo,
3395 2909 3444 2958 et
3471 2919 3565 2971 ego
3607 2903 3840 2970 diligam

2057 2999 2098 3054 C
2134 3012 2253 3050 eum
2280 2998 2453 3060 (Joan.
2484 2995 2619 3065 xxv).

2205 3085 2367 3138 Vens.
2406 3086 2490 3138 18.
2515 3113 2583 3124 -
2614 3083 2832 3148 Mulier,
2894 3086 3000 3137 etc.
3055 3082 3198 3147 Quia
3250 3081 3530 3153 sapientia
3577 3081 3679 3134 Dei
3709 3080 3841 3134 ani-

2137 3189 2259 3227 mas
2288 3174 2602 3226 electorum
2633 3171 2863 3238 imbuit,
2885 3176 2943 3225 et
2993 3171 3193 3225 tribuit
3222 3170 3304 3224 eis
3361 3169 3675 3223 custodiam
3724 3169 3842 3222 oris

2136 3266 2194 3316 et
2219 3261 2528 3314 efﬁcaciam
2559 3259 2768 3330 operis,
2820 3275 2926 3313 nec
2953 3275 3048 3313 eos
3088 3275 3120 3312 a
3151 3275 3210 3312 se
3269 3257 3553 3312 declinare
3601 3257 3842 3328 permit-

2136 3349 2228 3415 tit,
2259 3349 2395 3420 quia
2423 3347 2610 3402 omnis
2649 3347 2749 3419 qui
2778 3346 2956 3400 'natus
3009 3351 3095 3400 est
3149 3363 3218 3400 ex
3279 3347 3415 3412 Deo,
3475 3361 3589 3398 non
3621 3347 3840 3414 peccat,

2137 3437 2332 3503 fidem,
2364 3436 2576 3492 scilicet
2603 3436 2889 3498 violando,
2924 3434 3011 3488 vel
3055 3433 3390 3488 charitatem
3419 3449 3432 3486 :
3493 3433 3632 3498 Quia
3661 3447 3842 3486 semen

2137 3529 2254 3594 Dei,
2279 3525 2336 3580 id
2371 3531 2455 3579 est
2485 3525 2742 3590 verbum,
2785 3540 2898 3594 quo
2931 3527 3165 3577 renatus
3185 3527 3287 3588 est,
3321 3524 3380 3575 in
3398 3537 3452 3576 se
3482 3521 3660 3575 habet.

2206 3615 2368 3668 Vens.
2405 3616 2493 3667 23.
2555 3642 2623 3652 —
2662 3613 2928 3668 Columnae
2983 3627 3177 3665 aureae.
3236 3611 3500 3664 Doctores
3550 3607 3839 3679 sapientia

2135 3703 2439 3774 fulgentes,
2502 3716 2676 3772 super
2723 3701 2884 3754 bases
2930 3704 3231 3770 argenteas
3278 3700 3557 3758 locantur,
3617 3713 3749 3750 cum
3778 3696 3838 3749 in

2135 3795 2325 3846 sancta
2364 3789 2656 3861 Scriptura
2685 3787 3094 3860 praedicatione
3130 3803 3232 3840 sua
3275 3785 3688 3857 insigniuntur.

2207 3880 2368 3933 Vens.
2423 3881 2512 3933 25.
2582 3906 2645 3919 -
2709 3879 2774 3931 1n
2823 3875 3048 3930 duobus.
3103 3875 3298 3943 (ΗΔΒ.)
3380 3875 3551 3928 Notat
3606 3872 3837 3944 sapien-

2135 3967 2234 4033 tia,
2268 3972 2398 4034 etc.,
2454 3982 2623 4035 usque
2668 3965 2743 4019 ad
2785 3965 2873 4018 vel
2928 3964 3150 4018 deserto
3194 3966 3420 4016 tramite
3465 3961 3723 4016 veritatis
3756 3978 3839 4015 se-

2137 4055 2335 4126 quitur
2363 4053 2524 4108 devia
2554 4052 2784 4107 erroris.

2212 4144 2373 4197 Vens.
2405 4145 2494 4197 28.
2529 4173 2596 4182 —
2627 4131 2863 4211 Difﬁcile
2907 4141 3128 4193 exuitur
3201 4138 3385 4208 (ΗΑΒ.)
3445 4140 3616 4192 Actus
3646 4138 3837 4208 pessi-

2138 4248 2284 4298 mus,
2306 4247 2425 4285 non
2465 4246 2553 4284 res
2599 4230 2837 4283 honesta
2876 4228 3199 4282 damnatur.
3235 4226 3335 4280 Ille
3389 4225 3711 4296 negotiator
3735 4227 3833 4280 ab-

2135 4315 2497 4380 ominandus,
2527 4314 2624 4386 qui
2645 4331 2747 4384 per
2767 4313 3207 4366 immoderatam
3227 4310 3598 4366 ambitionem
3618 4327 3839 4366 merces

2134 4421 2264 4459 suas
2294 4405 2422 4474 plus
2453 4403 2706 4474 perjurio
2733 4405 2928 4455 onerat
2957 4416 3132 4472 quam
3162 4400 3369 4470 pretio.

2771 4545 2997 4599 CAPUT
3023 4544 3224 4598 XXVII.

2207 4674 2366 4726 Vens.
2413 4675 2552 4726 t.-—
2601 4673 2824 4740 Propter
2882 4672 3140 4737 inopiam,
3191 4672 3319 4734 etc.,
3377 4667 3563 4737 (ΗΔΒ.)
3593 4667 3755 4722 Sicut
3778 4668 3839 4721 in

2134 4761 2342 4815 medio.
2387 4759 2484 4814 Hic
2505 4758 2949 4828 comparatione,
3001 4762 3130 4822 etc.,
3164 4771 3332 4825 usque
3360 4755 3434 4809 ad
3460 4761 3517 4809 et
3544 4755 3606 4809 in
3635 4757 3839 4810 futuro

2132 4864 2301 4920 paena
2331 4854 2546 4902 aeterna
2577 4850 2788 4899 manet.

2224 4936 2382 4990 Vens.
2433 4938 2485 4988 ὅ.
2543 4964 2611 4972 -
2638 4935 2793 4989 Sicut
2823 4932 2887 4987 in
2935 4947 3257 5001 percussum
3286 4931 3475 4986 crebri.
3508 4932 3640 4994 (10.)
3670 4930 3836 4986 Sicut

2131 5024 2402 5087 cribrum,
2461 5026 2593 5088 etc.,
2653 5037 2819 5090 usque
2848 5021 2969 5076 ad:
3002 5023 3242 5076 Satanas
3299 5021 3561 5088 expetivit
3607 5034 3725 5084 vos,
3776 5025 3840 5074 ut

2131 5111 2392 5165 cribraret
2433 5113 2575 5165 sicut
2604 5113 2862 5164 triticum.

2205 5200 2364 5252 Vens.
2399 5203 2448 5253 7.
2481 5227 2552 5240 --
2579 5201 2736 5255 Sicut
2769 5196 3054 5252 rusticatio
3083 5196 3148 5250 de
3204 5197 3370 5265 ligno.
3401 5197 3524 5262 (lo.)
3559 5197 3843 5268 Unaquae-

2131 5302 2244 5358 que
2299 5286 2488 5352 arbor,
2549 5291 2680 5353 etc.,
2733 5301 2902 5354 usque
2957 5286 3032 5338 ad
3101 5286 3326 5339 cultura
3382 5301 3519 5356 ergo
3577 5285 3725 5355 ligni
3772 5285 3838 5339 in

2129 5374 2312 5428 fructu
2349 5372 2674 5428 manifestat
2701 5374 3034 5444 qualitatem
3066 5373 3208 5442 ejus.

2201 5463 2361 5516 Vens.
2396 5466 2448 5517 8.
2507 5491 2577 5503 —
2629 5463 2772 5517 Ante
2825 5477 3135 5516 sermonem.
3192 5460 3336 5524 Quia
3391 5477 3580 5515 sermo
3614 5461 3840 5516 indicat

2130 5549 2555 5622 cogitationem.
2589 5550 2759 5614 Quasi
2799 5550 2948 5604 dicat
2977 5566 2991 5604 :
3027 5551 3204 5604 Nemo
3250 5549 3445 5603 laudet
3465 5565 3623 5616 eum,
3651 5565 3836 5621 quem
