4018 6176
221 305 365 358 1213

1362 305 1619 361 GLOSSA
1656 305 2064 360 ORDINARIA.
2104 332 2177 344 —
2216 303 2347 359 LIB.
2391 306 2606 361 ECCLI.

3586 312 3719 365 1214

221 423 540 477 manifestis
607 421 828 476 indiciis
896 439 1012 477 non
1070 424 1336 495 cognovit
1414 424 1581 478 laude
1655 424 1912 494 dignum.
1946 426 1992 478 Α
2031 423 2193 492 quasi
2265 440 2493 494 semper
2570 431 2916 497 praesentem
2991 426 3360 498 pertimescit,
3430 428 3719 483 neminem

218 513 417 566 Potest
446 515 639 564 autem
668 526 857 565 sermo
916 528 1018 582 pro
1055 512 1209 566 bono
1240 528 1415 583 opere
1446 513 1646 583 accipi,
1705 518 1769 567 ut
1815 530 1920 566 ne-

219 604 446 654 minem
494 604 623 653 ante
665 600 1070 669 probationem
1111 601 1393 655 bonorum
1426 618 1669 672 operum
1718 603 1923 656 laude-

220 705 378 743 mus.
413 688 606 743 Unde:
641 690 760 743 Non
790 689 976 742 laudes
998 693 1122 743 ante
1150 700 1370 743 mortem
1400 706 1740 759 quemquam.

298 778 464 830 Vens.
506 779 589 830 13.
622 807 691 817 -
746 779 809 831 In
865 777 1056 831 medio.
1120 778 1305 846 (ΗΑΒ.)
1359 778 1820 848 Temperantiam
1869 782 1925 831 et

222 866 507 919 cautelam
559 865 832 935 loquendi
878 866 1059 932 docet,
1093 872 1179 919 etc
1211 907 1225 931 ,
1258 881 1425 935 usque
1463 866 1571 920 ad:
1600 867 1703 932 Qui
1745 871 1925 919 autem

218 956 418 1020 fecerit
474 959 525 1007 et
580 953 838 1019 docuerit,
903 955 987 1007 hic
1040 969 1267 1020 magnus
1324 955 1605 1008 vocabitur
1656 957 1716 1008 in
1762 969 1925 1021 regno

222 1043 479 1095 cmlorum
505 1042 721 1111 (Matth.
756 1042 833 1108 v).

304 1130 472 1184 Vens.
512 1132 593 1183 15.
625 1158 699 1170 -
726 1130 976 1197 Loquela,
1026 1133 1131 1184 etc.
1167 1129 1310 1193 Quia
1363 1129 1511 1184 sicut
1541 1130 1684 1184 actio
1722 1147 1925 1185 eorum

221 1216 399 1270 bonis
427 1216 709 1270 contraria
732 1233 745 1269 :
780 1222 834 1270 et
864 1218 1091 1287 loquela
1115 1217 1184 1271 ad
1209 1218 1356 1272 mala
1390 1218 1696 1272 dicendum
1724 1235 1923 1290 prona,

222 1304 303 1357 ad
334 1305 685 1358 audiendum
714 1304 921 1376 gravis.

303 1394 462 1446 Vens.
504 1396 587 1446 17.
630 1423 695 1431 -
738 1394 846 1457 Qui
864 1392 1123 1445 denudat.
1157 1391 1418 1446 Ostendit
1448 1393 1507 1446 in
1532 1410 1646 1464 quo
1677 1395 1925 1449 maxime

220 1480 461 1535 laeditur
489 1479 759 1547 amicitia,
820 1480 879 1532 in
927 1481 1099 1545 malo,
1160 1481 1373 1534 scilicet
1404 1482 1761 1551 proditionis,
1795 1499 1925 1553 qua:

220 1568 424 1637 ﬁdem,
448 1567 663 1622 scilicet
692 1568 898 1638 perdit,
933 1584 1038 1621 nec
1069 1567 1337 1623 amicitim
1377 1570 1708 1639 aequitatem
1737 1576 1925 1625 custo-

223 1657 333 1722 dit,
366 1661 421 1710 et
450 1656 580 1710 ideo
606 1657 842 1727 dissipat
861 1655 1214 1710 charitatem.

300 1746 461 1799 Vens.
518 1749 608 1799 22.
639 1775 707 1786 —
760 1746 932 1812 Quasi
984 1762 1198 1816 caprea.
1258 1745 1491 1815 Caprea,
1524 1763 1694 1817 capra
1741 1748 1922 1817 sylve-

220 1831 379 1897 stris,
438 1831 589 1886 dicta
644 1832 809 1903 quasi
881 1832 1111 1902 capiens
1166 1833 1365 1887 ardua.
1439 1834 1668 1905 Caprea:
1729 1839 1923 1889 autem

220 1920 402 1974 ibices
433 1921 522 1975 vel
573 1920 753 1974 avices
786 1920 1075 1983 dicuntur,
1105 1936 1173 1976 eo
1221 1921 1373 1990 quod
1426 1922 1495 1976 ad
1525 1922 1702 1976 instar
1731 1923 1922 1977 avium

222 2010 343 2062 alta
373 2022 428 2063 et
448 2010 663 2063 excelsa
695 2014 964 2063 teneant:
998 2015 1053 2063 et
1081 2010 1143 2063 in
1164 2010 1505 2064 sublimibus
1534 2010 1815 2077 habitent,
1844 2011 1926 2065 ita

224 2101 295 2151 ut
349 2097 420 2151 de
476 2096 823 2151 sublimitate
872 2098 960 2151 vix
1008 2098 1276 2151 humanis
1334 2098 1622 2152 obtutibus
1670 2103 1920 2170 pateant.

230 2187 329 2239 He
383 2185 431 2238 si
489 2185 718 2255 quando
750 2184 1152 2239 adversitatem
1199 2185 1472 2251 ferarum,
1506 2186 1593 2239 vel
1621 2186 1925 2241 hominum

226 2274 665 2343 praesenserint:
700 2273 771 2327 de
819 2273 947 2326 altis
977 2273 1366 2328 cacuminibus
1413 2290 1533 2328 sese
1563 2276 1924 2345 praecipitan-

228 2366 337 2426 tes,
390 2361 507 2415 suis
566 2378 624 2414 se
679 2362 946 2415 cornibus
1000 2360 1061 2414 in
1110 2361 1284 2415 ramis
1342 2362 1612 2417 arborum
1643 2364 1928 2434 recipiunt

227 2448 455 2502 illaesas.

304 2538 466 2590 Vens.
527 2537 614 2591 24.
666 2566 733 2576 -
780 2537 1069 2591 Denudare
1114 2542 1311 2604 autem,
1347 2543 1451 2592 etc.
1514 2539 1699 2609 (ΗΑΒ.)
1733 2540 1923 2595 Prodi-

223 2625 370 2679 toris
400 2624 841 2678 inconstantiam
887 2641 1110 2679 morum
1159 2626 1427 2694 ostendit,
1461 2632 1591 2694 etc.,
1616 2644 1784 2697 usque
1811 2629 1921 2682 ad:

226 2716 397 2767 Homo
428 2717 698 2781 apostata,
731 2715 817 2766 vir
864 2715 1078 2767 inutilis
1106 2714 1363 2780 graditur
1390 2731 1477 2769 ore
1517 2731 1791 2785 perverso,
1823 2733 1922 2770 an-

227 2802 353 2855 nuit
372 2802 558 2865 oculis,
600 2805 725 2855 terit
750 2800 907 2871 pede,
929 2806 1032 2855 etc.
1067 2801 1242 2872 (Prov.
1270 2805 1371 2871 γι).

301 2890 465 2942 Vens.
508 2891 594 2943 30.
626 2920 695 2929 —
746 2891 989 2944 Facienti
1017 2893 1404 2958 nequissimum
1443 2894 1743 2948 consilium.
1779 2892 1925 2957 Quia

2030 509 2297 565 fraudare
2324 511 2589 566 intendit.

2108 599 2260 653 Vens.
2322 602 2404 653 10.
2456 631 2524 639 -
2583 602 2803 670 Multis,
2867 605 2971 655 etc.
3025 602 3147 669 (Io.)
3202 603 3332 656 Illos
3388 607 3565 666 notat,
3625 603 3725 673 qui

2032 685 2324 739 neminem
2352 686 2557 741 laedere
2588 688 2808 753 volunt,
2862 688 2960 741 sed
3021 705 3136 758 pra!
3190 690 3398 742 timore
3448 691 3725 759 peritura-

2030 788 2161 826 rum
2212 790 2403 827 rerum
2449 776 2721 844 prodesse
2756 776 2976 830 nolunt.
3040 780 3248 831 Contra
3279 793 3425 847 quos
3475 777 3720 830 dicitur:

2031 862 2206 915 Nolite
2252 862 2625 918 thesaurizarc
2686 866 2830 919 vobis
2890 867 3166 919 thesauros
3214 868 3270 918 in
3301 870 3447 918 terra
3499 866 3720 934 (Matth.

2031 948 2126 1019 νι).

2102 1037 2262 1093 Vens.
2304 1040 2388 1091 12.
2446 1069 2514 1076 -
2571 1041 2794 1108 Pr0pter
2849 1042 3193 1096 mandatum.
3254 1041 3527 1095 Omnibus
3581 1039 3725 1093 indi-

2030 1124 2295 1191 gentibus
2347 1126 2733 1181 misericordia
2783 1133 2866 1182 est
2895 1129 3171 1195 facienda,
3203 1145 3304 1183 nec
3351 1145 3454 1198 pro
3485 1127 3723 1181 avaritia

2031 1213 2276 1267 charitas
2297 1214 2547 1284 proximi
2578 1217 2909 1271 amittenda.

2104 1302 2263 1354 Vens.
2322 1305 2403 1356 13.
2441 1334 2505 1342 -—
2561 1308 2630 1358 Et
2675 1320 2782 1358 non
2837 1306 3152 1359 abscondas.
3186 1305 3291 1369 Qui
3338 1304 3493 1358 enim
3521 1304 3727 1359 viderit

2032 1387 2266 1443 fratrem
2317 1406 2483 1445 suum
2533 1408 2761 1447 necesse
2793 1393 3025 1455 habere,
3087 1398 3143 1446 et
3199 1393 3464 1446 clauserit
3510 1392 3721 1446 viscera

2034 1492 2137 1530 sua
2173 1478 2243 1531 ab
2264 1494 2349 1545 eo,
2384 1482 2672 1550 quomodo
2692 1481 2935 1534 charitas
2970 1482 3067 1535 Dei
3092 1485 3285 1535 manet
3313 1481 3370 1533 in
3393 1496 3459 1533 eo
3482 1480 3510 1535 ?

2116 1572 2276 1625 Vens.
2342 1571 2427 1637 l6,
2476 1572 2674 1634 17,18.
2725 1598 2793 1608 -
2824 1570 2996 1638 Super
3050 1574 3260 1623 scutum
3304 1567 3563 1636 potentis,
3613 1571 3719 1622 etc.

2033 1660 2206 1731 Magis
2227 1658 2376 1712 valet
2408 1657 2772 1726 eleemosyna
2819 1664 3015 1710 contra
3056 1657 3247 1727 jacula
3275 1656 3515 1721 inimici,
3549 1671 3722 1725 quam

2034 1764 2193 1802 arma
2223 1752 2489 1799 terrena:
2542 1744 2679 1815 quia
2718 1745 2839 1798 haec
2894 1744 3146 1811 dubiam,
3196 1744 3296 1797 illa
3340 1743 3721 1797 certissimam

2032 1836 2185 1906 parit
2215 1833 2529 1894 victoriam,
2566 1837 2628 1885 ut
2657 1831 3028 1886 absorbeatur
3055 1848 3208 1885 mors
3246 1831 3305 1885 in
3331 1831 3585 1886 victoria.

2107 1924 2263 1975 Vens.
2294 1924 2385 1975 23.
2418 1951 2487 1959 ——
2519 1923 2624 1986 Qui
2658 1921 2987 1989 perdiderit,
3017 1925 3121 1974 etc.
3153 1920 3214 1974 Id
3261 1924 3366 1985 est,
3401 1920 3500 1990 qui
3531 1918 3721 1973 unita-

2032 2016 2146 2066 tem
2178 2010 2333 2075 ﬁdei,
2390 2015 2447 2062 et
2496 2008 2881 2062 sinceritatem
2928 2008 3073 2079 legis
3130 2024 3244 2063 non
3309 2007 3579 2073 custodit,
3627 2007 3724 2061 sed

2033 2098 2363 2169 implicatur
2393 2096 2687 2151 erroribus
2718 2096 2905 2150 variis.

2105 2188 2263 2240 Vens.
2300 2188 2389 2240 20.
2422 2214 2490 2224 —-
2550 2185 2798 2241 Gratiam
2848 2184 3208 2253 ﬁdejussoris,
3267 2189 3371 2238 ctc.
3426 2186 3725 2239 Doctorem

2033 2275 2244 2329 scilicet
2273 2274 2373 2346 qui
2427 2289 2532 2343 pro
2567 2272 2676 2327 fide
2724 2278 2779 2325 et
2828 2272 2989 2326 bonis
3019 2272 3286 2342 operibus
3314 2273 3599 2343 promittit
3642 2272 3724 2326 vi-

2031 2369 2150 2418 tam
2208 2367 2509 2417 aeternam.
2567 2362 2697 2415 Haec
2750 2361 3034 2414 sententia
3082 2360 3373 2431 Pelagium
3420 2361 3723 2430 reprehen-

2033 2452 2118 2506 dit
2143 2451 2243 2522 qui
2294 2451 2541 2505 liberum
2572 2448 2873 2502 arbitrium
2902 2447 3101 2518 gratiae
3127 2448 3429 2518 prazponit,
3464 2463 3589 2500 cum
3625 2463 3726 2517 per

2033 2541 2210 2594 solam
2239 2538 2480 2610 gratiam
2510 2538 2826 2591 liberentur
2855 2536 3036 2589 electi.

2102 2629 2264 2681 Vens.
2323 2630 2408 2680 27.
2468 2655 2535 2665 -
2588 2628 2863 2694 Recupera
2916 2627 3248 2693 proximum.
3321 2624 3601 2689 Consulit,
3658 2628 3727 2677 ut

2034 2717 2346 2769 secundum
2403 2715 2547 2769 vires
2602 2713 2861 2783 proximo
2911 2713 3167 2782 praebeas
3223 2711 3514 2777 solatium,
3547 2716 3599 2766 et
3647 2711 3725 2765 sic

2033 2803 2136 2857 tibi
2158 2802 2493 2874 praevideas,
2519 2818 2590 2855 ne
2612 2801 2669 2854 in
2704 2802 2970 2871 laqueum
2994 2801 3179 2855 cadas.

2104 2891 2262 2944 Vens.
2301 2892 2388 2944 28.
2439 2920 2504 2928 —
2539 2891 2772 2943 Initium
2826 2888 2971 2951 vitae,
3022 2892 3126 2941 etc.
3186 2887 3370 2959 (Il/le.)
3421 2886 3725 2957 Fragilita-

230 2991 351 3029 non
398 2976 677 3046 prospicit
731 2977 885 3046 quod
913 2977 1106 3031 veniat
1133 2978 1254 3032 dies
1284 2982 1426 3045 ejus.
1486 2980 1747 3033 Estimat
1770 2981 1922 3036 enim
1954 2985 1994 3040 C
2031 2982 2170 3045 tem,
2220 2984 2279 3032 et
2334 2976 2783 3047 hospitalitatem
2836 2981 2893 3029 et
2942 2977 3303 3030 honestatem
3349 2977 3534 3041 docet,
3594 2979 3722 3039 etc.,

229 3062 531 3117 hereticus
586 3064 671 3116 vel
728 3062 1139 3131 schismaticus,
1201 3066 1356 3135 quod
1406 3068 1610 3121 melior
1679 3068 1753 3122 sit
1803 3069 1926 3139 ejus

229 3155 383 3204 secta
434 3166 609 3222 quam
639 3151 846 3205 veritas
875 3152 1188 3207 catholica:
1225 3154 1377 3209 unde
1411 3154 1598 3209 illudit
1650 3156 1922 3227 seipsum.

833 3276 1057 3330 CAPUT
1104 3278 1331 3330 XXVIII.

306 3381 474 3435 Vens.
528 3383 579 3433 8.
628 3411 693 3419 —
751 3383 1061 3436 Memorare.
1108 3382 1299 3453 (ΗΑΒ.)
1351 3382 1459 3447 Qui
1510 3384 1689 3439 Deum
1739 3385 1922 3446 timet.

230 3469 379 3522 iram
426 3469 513 3521 vel
581 3469 834 3523 furorem
896 3470 1225 3541 compescit,
1286 3475 1342 3525 et
1414 3488 1530 3526 non
1577 3473 1927 3529 obliviscitur

230 3558 555 3611 testamenti
594 3557 714 3623 Dei,
776 3558 875 3629 qui
920 3558 1036 3613 ait:
1070 3562 1337 3615 Dimittite
1366 3564 1417 3614 et
1445 3561 1748 3617 dimittetur
1776 3565 1926 3619 vobis

232 3647 391 3713 (Luc.
425 3644 519 3715 ix).

300 3734 463 3786 Vens.
502 3736 591 3787 13.
649 3764 717 3773 —-
775 3737 1073 3802 Certamen,
1132 3735 1447 3790 Indiscreta
1505 3737 1687 3792 actio:
1749 3741 1921 3806 unde,

226 3823 358 3877 Noli
420 3836 529 3876 esse
585 3825 814 3877 nimium
853 3824 1059 3892 justus,
1116 3840 1286 3893 neque
1342 3827 1467 3894 plus
1519 3829 1706 3895 sapias
1761 3843 1924 3896 quam

226 3922 436 3961 necesse
460 3912 557 3970 est,
586 3925 654 3963 ne
701 3911 1061 3980 obstupescas.
1122 3912 1433 3982 Disciplina
1463 3929 1600 3984 ergo
1646 3915 1921 3969 immode-

227 4000 355 4049 rata
384 3996 585 4050 excitat
638 3998 846 4052 furoris
895 4001 1179 4063 ardorem,
1234 4005 1289 4054 et
1342 4018 1547 4071 procax
1578 4004 1805 4074 loquela
1842 4005 1925 4058 ef-

230 4084 518 4138 fusionem
544 4086 859 4156 sanguinis.

306 4169 465 4224 Vens.
538 4174 618 4225 19.
679 4203 746 4211 -
802 4174 1014 4240 Lingua
1069 4176 1247 4227 tertia.
1310 4175 1584 4229 Haeretica
1640 4177 1916 4246 doctrina,

230 4273 365 4327 qua:
402 4273 507 4311 nec
538 4256 724 4312 Veteri
769 4275 873 4313 nec
919 4260 1074 4313 Novo
1113 4262 1471 4316 Testamento
1514 4266 1836 4331 concordat,
1868 4272 1924 4321 et
1954 4254 1995 4309 υ

229 4345 566 4400 auditorum
622 4347 791 4401 corda
834 4350 1157 4415 conturbat,
1190 4354 1247 4404 et
1300 4350 1369 4404 de
1402 4357 1569 4422 gente
1609 4352 1664 4406 in
1698 4360 1926 4424 gentem

229 4448 500 4504 pergens,
524 4434 861 4488 seditionem
895 4436 1118 4490 excitat.

305 4523 463 4576 Vens.
535 4527 622 4578 21.
671 4553 740 4564 -
804 4525 975 4591 Plaga
1030 4531 1228 4580 autem.
1300 4527 1468 4599 Pejor
1522 4535 1606 4583 est
1663 4529 1926 4585 interitus

227 4609 443 4663 animle
473 4626 647 4681 quam
703 4612 969 4667 occidunt
996 4614 1269 4677 haeretici,
1301 4632 1473 4686 quam
1502 4618 1745 4688 quilibet
1796 4636 1925 4673 cru—

225 4698 413 4751 ciatus
442 4698 718 4769 corporis.

302 4788 499 4841 Beatus
530 4790 628 4856 qui
665 4792 848 4843 tectus.
895 4790 1114 4857 Beatus,
1156 4790 1256 4861 qui
1312 4807 1428 4846 non
1486 4793 1765 4847 consentit
1809 4794 1923 4849 ha:-

225 4874 441 4943 reticis,
488 4879 546 4930 et
590 4877 752 4947 cujus
780 4893 880 4931 cor
909 4895 1109 4932 eorum
1161 4879 1491 4950 eloquentia
1518 4896 1637 4934 non
1694 4882 1925 4936 subver-

223 4963 320 5029 tit,
363 4964 500 5034 quia
530 4965 675 5019 sicut
703 4956 928 5020 alienus
974 4971 1060 5021 est
1089 4967 1158 5021 ab
1185 4983 1382 5022 eorum
1427 4968 1665 5033 malitia,
1711 4970 1790 5023 ita
1840 4987 1926 5024 se-

224 5057 469 5124 paratur
498 5069 527 5105 a
559 5069 747 5123 poena.

303 5138 464 5191 Vens.
504 5140 594 5194 28.
629 5170 697 5178 -—
725 5140 853 5210 Sepi
890 5156 1069 5197 aures.
1102 5144 1413 5215 Postquam
1470 5145 1685 5199 malum
1716 5144 1927 5215 lingua:

226 5224 557 5295 extirpavit,
589 5226 661 5280 ad
692 5226 1009 5282 doctrinam
1040 5230 1319 5284 auditoris
1348 5247 1405 5285 se
1431 5232 1727 5286 convertit.

854 5336 1078 5391 CAPUT
1115 5338 1289 5393 XXIX.

307 5438 470 5493 Vens.
540 5442 591 5492 5.
644 5470 711 5480 —
760 5443 933 5495 Donec
996 5443 1289 5511 accipiant.
1355 5442 1532 5513 (ΒΑΕ.)
1594 5444 1931 5512 Hujusmodi

228 5526 503 5581 morbum
554 5527 759 5583 melius
806 5534 969 5583 curat
1012 5529 1184 5586 timor
1213 5530 1340 5586 Dei.
1403 5531 1513 5596 Qui
1555 5531 1709 5586 enim
1749 5533 1927 5587 Deum

2035 3082 2203 3137 usque
2238 3066 2313 3120 ad
2380 3070 2436 3119 et
2492 3064 2766 3119 Dominus
2822 3064 3022 3135 primis
3076 3065 3403 3135 parentibus
3459 3062 3727 3134 pelliceas

2033 3153 2255 3207 tunicas
2280 3158 2407 3223 post
2434 3159 2730 3225 peccatum
2761 3153 2911 3207 fecit.

2106 3243 2265 3296 Vens.
2314 3245 2407 3296 29.
2452 3271 2519 3281 —
2559 3242 2747 3296 Melior
2795 3246 2875 3296 est
2929 3244 3100 3295 victus
3147 3243 3423 3311 pauperis,
3480 3244 3583 3293 etc.
3640 3238 3723 3292 Ad

2033 3330 2299 3384 litteram.
2352 3328 2546 3384 Melius
2590 3334 2674 3383 est
2697 3333 2931 3383 tenuem
2962 3330 3171 3383 victum
3225 3329 3328 3382 sub
3360 3326 3455 3381 vili
3497 3327 3726 3396 tugurio

2033 3434 2258 3472 sumere
2289 3418 2347 3471 in
2382 3417 2706 3483 securitate,
2764 3433 2936 3488 quam
2986 3417 3314 3488 splendidas
3363 3417 3561 3487 epulas
3592 3431 3722 3469 cum

2032 3507 2366 3578 fatigatione
2422 3506 2480 3559 in
2530 3505 2759 3560 incertis
2788 3506 2921 3560 locis
2974 3522 3248 3577 quaerere.
3291 3507 3423 3571 (Io.)
3495 3504 3726 3575 Allego-

2033 3595 2147 3649 rice
2193 3594 2395 3648 melior
2442 3598 2525 3647 est
2576 3594 2780 3661 victus,
2834 3600 2966 3659 etc.,
2999 3611 3167 3663 usque
3215 3594 3290 3647 ad
3343 3593 3438 3647 ubi
3484 3593 3643 3647 labor
3672 3595 3729 3645 et

2034 3684 2321 3752 superflua
2352 3699 2418 3735 cu
2428 3698 2511 3734 ra.

2104 3772 2263 3825 Vens.
2299 3774 2385 3824 30.
2422 3799 2490 3808 —-
2521 3771 2825 3823 Minimum.
2852 3769 2970 3838 (Io.)
3003 3769 3259 3824 Sufﬁciat
3290 3768 3392 3822 tibi
3433 3769 3584 3839 quod
3621 3769 3722 3822 ha-

2031 3859 2151 3919 bes,
2175 3863 2304 3923 etc.,
2341 3872 2509 3925 usque
2538 3857 2612 3910 ad
2658 3856 2863 3910 melius
2892 3862 2978 3910 est
3026 3873 3237 3910 nomen
3298 3858 3510 3909 bonum
3551 3870 3726 3926 quam

2032 3947 2251 4000 delicias
2278 3947 2495 3999 multae.

2106 4034 2266 4087 Vens.
2319 4035 2406 4086 33.
2464 4063 2531 4071 —
2568 4034 2780 4087 Transi.
2838 4032 3046 4097 Quasi:
3099 4033 3205 4097 Qui
3250 4032 3437 4085 alieno
3487 4030 3728 4084 delecta-

2031 4120 2109 4174 ris
2138 4119 2408 4190 hospitio,
2464 4119 2581 4173 redi
2612 4121 2677 4173 ad
2711 4120 2963 4190 propria,
2996 4126 3051 4173 et
3106 4121 3175 4174 de
3226 4120 3417 4174 labore
3448 4125 3544 4173 tuo
3592 4123 3647 4171 te
3673 4122 3730 4172 et

2034 4209 2174 4263 alios
2205 4225 2387 4278 pasce.
2440 4208 2567 4261 Noli
2594 4207 2663 4261 de
2704 4208 2888 4261 aliena
2917 4209 3086 4262 domo
3137 4213 3362 4278 pastum
3401 4207 3505 4261 tibi
3535 4222 3730 4276 super-

2034 4299 2214 4352 ﬂuam
2246 4312 2526 4367 quaerere.
2577 4296 2797 4350 Sufﬁcit
2831 4296 2937 4351 tibi
2984 4297 3265 4368 susceptio
3318 4295 3726 4367 proximorum.

2108 4387 2268 4439 Vens.
2327 4386 2419 4439 35.
2474 4413 2545 4425 —
2600 4387 3009 4454 Improperium.
3090 4385 3272 4456 (ΗΑΒ.)
3342 4384 3566 4455 Mystice
3625 4400 3725 4436 au-

2034 4480 2152 4530 tem
2184 4477 2449 4527 monetur
2482 4472 2568 4526 vir
2615 4473 3048 4540 ecclesiasticus,
3089 4479 3219 4539 etc.,
3252 4490 3421 4542 usque
3449 4473 3523 4525 ad
3552 4472 3610 4525 in
3637 4473 3727 4525 fu-

2034 4567 2164 4617 turo
2188 4566 2379 4615 autem
2439 4560 2701 4615 examine
2740 4566 3018 4615 veternum
3050 4562 3396 4616 confusionis
3438 4561 3726 4630 imprope-

2036 4647 2183 4701 rium
2216 4647 2510 4702 sustineat.

2674 4795 2898 4849 CAPUT
2937 4795 3083 4848 XXX.

2107 4918 2266 4973 Vens.
2304 4923 2352 4973 1.
2416 4950 2483 4958 —-
2517 4920 2625 4985 Qui
2676 4918 2861 4985 diligit
2914 4919 3103 4986 ﬁlium.
3162 4918 3343 4988 (ΗΑΒ.)
3376 4920 3565 4972 Patres
3613 4922 3728 4971 tam

2036 5007 2290 5060 carnales
2316 5023 2490 5077 quam
2546 5006 2867 5077 spirituales
2895 5012 3109 5071 monet,
3140 5012 3204 5060 ut
3239 5007 3389 5061 ﬁlios
3437 5022 3568 5059 suos
3599 5004 3726 5058 dili-

2036 5103 2238 5165 genter
2282 5095 2568 5161 erudiant,
2611 5098 2672 5147 ut
2720 5094 2957 5149 honeste
3007 5094 3221 5161 vivant,
3271 5111 3344 5149 ne
3387 5092 3727 5148 lasciviendo

2037 5198 2139 5253 per
2170 5182 2412 5236 aliorum
2445 5183 2713 5253 dogmata
2731 5182 3071 5237 discurrant.

2110 5270 2266 5326 Vens.
2313 5274 2365 5325 8.
2425 5300 2496 5311 —-
2544 5274 2727 5339 Equus
2784 5273 3102 5327 indomitus.
3158 5273 3347 5342 Equus
3411 5268 3729 5324 indomitus

2038 5357 2097 5411 in
2149 5358 2532 5428 praecipitium
2571 5358 2753 5427 vadit;
2808 5360 2961 5413 ﬁlius
3006 5359 3459 5429 indisciplinatus
3500 5358 3559 5412 in
3603 5374 3731 5427 pec-

2037 5448 2228 5498 catum
2275 5444 2410 5498 ruit.
2447 5447 2617 5499 Docet
2668 5462 2805 5517 ergo
2859 5446 3182 5516 spirituales
3223 5450 3433 5516 patres,
3465 5447 3527 5498 ut
3582 5444 3730 5499 ﬁlios

2038 5548 2171 5583 suos
2201 5532 2467 5587 erudiant
2496 5538 2552 5588 et
2575 5534 2864 5605 corrigunt
2890 5551 2904 5601 ;
2942 5550 3012 5588 ne
3042 5534 3122 5588 eis
3164 5534 3538 5590 immoderate
3568 5534 3732 5587 frena
