4018 6176
309 245 442 296 1215

947 236 1347 293 WALAFRIDI
1385 237 1633 294 STRABI
1675 235 1872 293 FULD.
1918 236 2075 292 MON.
2116 235 2267 290 OPP.
2311 236 2487 290 PARS
2525 235 2566 288 Ι.
2607 264 2675 275 -
2712 234 3178 295 THEOLOGICA.

3674 241 3816 292 t2l6

298 367 572 429 relaxant,
631 380 700 417 ne
747 362 949 417 cadant
998 362 1060 416 in
1115 361 1529 433 turpitudinem
1591 361 1880 429 vitiorum,
1931 365 1989 414 et
2016 363 2062 415 A
2099 373 2209 427 pus
2237 359 2559 426 perdamus.
2612 358 2755 410 bene
2786 374 3110 428 ορθΐεωιιτν
3152 365 3215 413 ιη
3256 360 3529 414 "laudata
3568 362 3673 415 Πθί
3713 377 3815 414 οιι·

298 454 408 524 ipsi
440 453 796 522 ignominiaa
826 452 1147 504 sustineant
1171 450 1598 521 sempiternam.

369 541 530 594 Vens.
568 543 652 595 14.
684 571 752 579 -
777 541 970 595 Melior
997 545 1075 592 est
1103 555 1333 608 pauper.
1387 538 1578 592 Dulcis
1625 541 1708 590 est
1756 554 1990 591 somnus

297 628 577 698 operanti,
612 629 726 680 sive
755 627 999 680 multum
1038 626 1317 688 comedat,
1349 626 1463 679 sive
1500 642 1728 696 parum.
1770 627 1985 681 Saturi-

295 721 381 770 tas
410 716 564 770 enim
597 717 788 770 divitis
829 731 944 768 non
975 715 1110 768 sinit
1140 714 1391 768 dormire
1421 730 1572 769 eum.

373 805 528 858 Vens.
601 806 683 858 15.
743 833 812 842 —-
864 805 1024 859 Salus
1097 805 1309 856 animae.
1378 803 1519 856 Vera
1574 803 1725 856 salus
1782 803 1990 858 animae

289 891 512 962 justitia
569 897 673 956 est,
749 891 840 944 cui
895 906 1100 944 aurum
1155 895 1212 944 et
1271 896 1574 959 argentum
1632 908 1742 944 non
1801 891 1992 945 valent

296 979 637 1050 comparari,
693 979 829 1049 quia
877 994 993 1032 non
1048 977 1368 1048 proderunt
1412 976 1624 1031 divitiae
1682 976 1740 1029 in
1787 975 1876 1028 die
1908 977 1990 1028 ul-

293 1067 485 1120 tionis.
516 1066 744 1120 Justitia
777 1071 967 1119 autem
992 1065 1246 1119 animam
1273 1065 1542 1118 liberabit
1571 1081 1604 1118 a
1635 1068 1835 1118 morte.

365 1155 529 1209 Vnns.
568 1157 651 1209 18.
711 1183 781 1193 ——-
825 1156 976 1208 Bona
1022 1153 1360 1207 abscondita.
1419 1153 1606 1220 (ΗΑΒ.)
1653 1152 1863 1206 Contra
1891 1167 1989 1205 eos

296 1242 574 1312 loquitur,
607 1241 708 1312 qui
771 1241 1050 1295 talentum
1103 1241 1259 1294 verbi
1319 1240 1988 1310 abscondunt;quorum

293 1327 530 1381 scientia
568 1328 872 1382 virtutibus
920 1327 1162 1396 inutilis,
1211 1327 1357 1381 sicut
1410 1327 1596 1398 epulas
1641 1327 1884 1380 mortuis
1932 1332 1989 1381 et

298 1416 620 1470 thesaurus.

361 1505 521 1558 Vens.
546 1505 634 1558 2t.
676 1533 746 1543 —
774 1504 928 1559 Sicut
973 1503 1162 1572 spado.
1197 1503 1316 1556 Non
1369 1503 1501 1556 facit
1525 1504 1593 1557 ad
1624 1504 1986 1574 complexum

290 1592 551 1663 virginis,
615 1593 693 1647 sic
747 1593 1005 1647 adoratio
1054 1591 1212 1658 idoli,
1262 1591 1631 1646 adorantibus
1671 1593 1988 1662 incongrua

292 1685 348 1735 et
373 1681 616 1736 inutilis.

363 1770 522 1824 Vens.
559 1772 647 1824 23.
673 1751 749 1808 '—
801 1769 1142 1823 Jucunditas
1199 1767 1393 1843 cordis.
1436 1766 1578 1831 Quia
1622 1767 1779 1821 nulla
1808 1768 1984 1822 virtus

289 1857 412 1911 sine
456 1875 524 1912 ea
588 1857 864 1912 consistit.
929 1858 1108 1926 Major
1155 1861 1333 1910 autem
1392 1857 1581 1910 horum
1608 1860 1686 1910 est
1740 1857 1984 1912 charitas

289 1947 347 2016 (Ι
367 1948 485 2001 Cor.
513 1946 658 2013 xm).

360 2033 522 2086 Vens.
564 2035 653 2087 26.
711 2063 779 2072 -—
831 2034 1087 2087 Minuunt
1131 2032 1266 2097 dies,
1319 2037 1425 2086 etc.
1487 2033 1610 2086 Viri
1653 2034 1983 2102 sanguinum

287 2136 394 2175 non
442 2121 814 2175 dimidiabunt
859 2121 975 2174 dies
1025 2135 1149 2175 suos
1201 2121 1366 2190 (Psal.
1424 2121 1552 2190 LIV).
1586 2120 1718 2192 (11).)
1767 2121 1828 2175 Id
1879 2126 1978 2183 est,

290 2210 746 2279 prosperitatem,
771 2224 947 2280 quam
969 2208 1076 2263 sibi
1096 2208 1460 2279 promittunt,
1486 2224 1599 2263 non
1622 2213 1861 2279 possunt
1886 2210 1983 2263 ha-

290 2297 426 2351 bere
450 2296 508 2351 in
532 2301 897 2369 perpetuum.

904 2438 1132 2494 CAPUT
1186 2438 1358 2492 XXXI.

361 2562 524 2617 Vens.
610 2565 658 2616 1.
730 2593 798 2603 -
870 2564 1102 2632 Lignum
1161 2563 1491 2632 offensionis.
1561 2563 1746 2634 (ΗΑΒ.)
1822 2564 1980 2619 Sicut

290 2650 473 2705 Adam
500 2650 559 2704 in
610 2651 763 2722 ligno
808 2651 1000 2715 vetito,
1036 2656 1164 2717 etc.,
1216 2667 1384 2720 usque
1413 2651 1488 2705 ad
1517 2668 1646 2723 quae
1675 2652 1977 2722 splendore

287 2738 633 2809 eloquentia
663 2739 826 2808 nitet,
866 2744 922 2792 et
944 2739 1198 2793 curiosos
1224 2739 1461 2796 seducit.

355 2826 524 2881 Vnns.
591 2829 676 2881 12.
721 2857 790 2867 —-
828 2827 1011 2897 Supra
1064 2843 1321 2882 mensam.
1377 2827 1509 2897 (lo.)
1566 2829 1648 2882 Ad
1704 2828 1973 2895 litteram,

2096 442 2410 497 s'todientes
2435 446 2689 514 requiem
2721 447 3074 500 inveniamus
3098 447 3398 501 animabus
3427 449 3658 502 nostris.

2166 531 2324 585 Vens.
2356 534 2442 586 28.
2477 563 2546 572 ——
2598 534 2975 601 Splendidam.
3032 535 3117 588 Ad
3176 536 3459 590 litteram:
3517 536 3590 589 ad
3652 538 3806 590 elee-

2096 632 2394 688 mesynam
2452 621 2692 673 invitat:
2756 622 2891 691 quia
2936 626 3033 692 qui
3081 626 3312 679 seminat
3357 627 3416 678 in
3475 625 3807 679 benedictio-

2092 707 2274 772 nibus,
2323 707 2389 760 de
2447 708 2900 764 benedictionibus
2956 716 3005 764 et
3053 718 3207 766 metet
3247 712 3334 782 (II
3376 714 3507 766 Cor.
3553 717 3651 781 ix).
3688 715 3808 783 My-

2094 791 2229 844 stice
2278 801 2470 846 autem
2503 796 2600 864 qui
2661 811 2866 864 panem
2898 798 3053 852 verbi
3107 798 3354 852 ﬁdeliter
3395 801 3717 870 dispensat,
3753 806 3809 854 et

2095 879 2491 934 testimonium
2539 882 2790 936 veritatis
2823 901 2933 938 non
2979 887 3243 952 occultat,
3310 888 3370 940 in
3406 889 3705 958 praesenti,
3753 894 3809 941 et

2097 965 2156 1019 in
2181 966 2374 1020 futuro
2409 969 2801 1024 benedicetur.

2165 1053 2336 1108 Vens.
2372 1057 2458 1110 30.
2491 1087 2560 1096 —
2605 1059 2800 1113 Multos
2849 1063 3010 1124 enim,
3047 1066 3150 1115 etc.
3188 1062 3375 1129 (ΗΑΒ.)
3407 1062 3467 1116 Id
3498 1067 3582 1116 est
3614 1064 3806 1118 ebrie-

2092 1145 2179 1194 tas
2205 1144 2416 1196 multos
2464 1145 2757 1210 subvertit,
2806 1163 2934 1217 quae
2963 1164 3194 1202 sensum
3241 1151 3469 1216 minuit,
3519 1152 3668 1205 iram
3700 1169 3810 1206 ex-

2093 1227 2245 1291 citat,
2306 1229 2602 1286 libidiuem
2666 1233 3007 1300 inﬂammat,
3065 1236 3242 1289 animi
3291 1244 3508 1291 secreta
3563 1240 3805 1292 revelat.

2169 1317 2337 1371 Vens.
2378 1321 2464 1372 31.
2500 1349 2568 1360 -
2597 1323 2772 1388 Ignis.
2808 1322 2866 1375 Id
2893 1330 2977 1375 est
3021 1323 3167 1377 sicut
3185 1325 3333 1394 ignis
3363 1325 3501 1379 ferri
3528 1327 3808 1380 duritiam

2094 1404 2298 1470 mollit,
2347 1410 2404 1458 et
2431 1408 2768 1462 candescere
2797 1410 2966 1479 facit;
3017 1414 3097 1465 sic
3129 1413 3325 1466 vinum
3369 1414 3545 1468 corda
3601 1431 3807 1485 super-

2093 1490 2298 1546 borum
2330 1493 2717 1562 inﬂaminans,
2743 1497 2810 1552 ad
2841 1498 3063 1552 facinus
3083 1499 3348 1570 impellit.

2168 1578 2332 1634 Vens.
2371 1583 2462 1635 32.
2529 1614 2597 1622 —
2637 1587 2814 1654 liqua
2862 1589 2998 1640 vita.
3039 1587 3242 1642 Vinum
3291 1589 3479 1643 sobrie
3537 1594 3806 1661 potatum

2096 1665 2270 1721 vitam
2295 1670 2581 1740 aequitatis
2599 1688 2716 1726 non
2743 1674 2928 1740 tollit;
2958 1676 3054 1729 sed
3083 1677 3470 1744 sobrietatem,
3504 1687 3561 1731 et
3592 1684 3801 1733 caetera

2092 1753 2370 1810 virtutum
2423 1767 2760 1813 ornamenta
2805 1761 3055 1817 adducit.
3119 1766 3336 1820 Vinum.
3391 1767 3553 1821 Patet
3601 1767 3798 1821 irrita-

2089 1841 2329 1913 tionem,
2387 1845 2551 1913 iram,
2607 1852 2662 1900 et
2712 1849 2906 1902 ruinas
2955 1851 3162 1905 multas
3208 1852 3484 1907 ebrietate
3536 1855 3715 1916 nasci.
3746 1861 3805 1909 et

2089 1933 2536 1990 amaritudinem
2584 1937 2813 2005 animas,
2877 1944 2934 1992 et
2982 1941 3264 1995 scelerum
3319 1943 3556 1997 vulnera
3603 1944 3802 1998 multi-

2091 2020 2311 2090 plicari.

2711 2096 2936 2150 CAPUT
2977 2098 3173 2152 XXXII.

2158 2196 2318 2253 Vans.
2353 2202 2401 2253 1.
2435 2229 2503 2239 -ο
2543 2203 2830 2256 Rectorem.
2883 2204 3070 2273 (ΗΑΒ.)
3099 2204 3206 2268 Qui
3245 2204 3524 2276 dignitate
3563 2214 3801 2278 praest,

2088 2297 2206 2338 non
2252 2286 2422 2340 debet
2469 2289 2800 2358 superbire:
2854 2292 2963 2356 Qui
3014 2292 3192 2361 major
3238 2298 3317 2347 est
3373 2299 3636 2362 vestrum,
3701 2299 3804 2364 ﬁat

2087 2371 2229 2424 sicut
2258 2374 2451 2438 minor,
2488 2379 2592 2428 etc.
2626 2376 2847 2444 (Matth.
2881 2379 2959 2447 κ).

2162 2460 2322 2514 Vens.
2378 2465 2432 2514 7.
2493 2491 2561 2501 —
2609 2465 2885 2518 Gemmula
2933 2466 3268 2520 carbunculi.
3325 2468 3514 2537 (ΗΑΒ.)
3566 2469 3796 2524 Arden-

2088 2545 2240 2600 tium
2295 2564 2656 2616 gemmarum
2704 2551 3088 2622 principatum
3138 2559 3316 2622 tenet,
3362 2561 3494 2626 etc.,
3528 2572 3699 2626 usque
3729 2559 3806 2611 ad

2089 2641 2147 2688 et
2175 2637 2444 2706 mysteria
2490 2639 2806 2694 Dominicse
2847 2642 3132 2712 passionis
3169 2643 3344 2715 digno
3377 2653 3686 2700 veneratur
3718 2665 3806 2701 sa-

2091 2737 2282 2777 crame
2295 2730 2410 2778 nto.

285 2914 718 2982 continentiam,
777 2920 864 2970 etc
893 2959 908 2982 ’
966 2931 1135 2986 usque
1162 2915 1236 2970 ad
1263 2916 1363 2970 sed
1408 2922 1737 2972 sanctorum
1783 2917 1979 2972 docto,
2010 2910 2051 2966 α
2087 2899 2356 2952 scationis
2385 2901 2612 2971 praeibit
2648 2905 2871 2974 pondus
2927 2908 3251 2977 grandinis;
3297 2910 3376 2964 sic
3407 2911 3564 2964 nitor
3593 2915 3803 2984 gratiae

287 3015 414 3054 rum
446 3002 593 3056 viam
628 3010 945 3058 teneamus.

355 3088 518 3144 Vens.
584 3094 664 3146 13.
712 3120 785 3134 -
844 3095 964 3149 Non
1027 3093 1199 3161 dicas,
1255 3098 1361 3149 etc.
1415 3093 1544 3165 (Ιο.)
1593 3093 1763 3158 Quasi
1838 3094 1985 3148 dice-

286 3179 410 3231 ret:
450 3178 529 3232 Ne
559 3181 1009 3251 praesumptione
1059 3181 1279 3252 aliquid
1335 3198 1492 3252 agas,
1539 3183 1628 3236 vel
1671 3187 1982 3253 antequam

284 3263 465 3320 discas
497 3267 569 3320 ad
595 3268 960 3323 scribendum
991 3285 1224 3323 manum
1258 3269 1472 3324 mittas.

358 3354 522 3408 Vens.
561 3357 645 3410 19.
677 3386 745 3394 -
780 3358 955 3422 Utere,
983 3361 1090 3410 etc.
1120 3356 1323 3420 Quasi:
1375 3357 1751 3412 Sobrietatem
1783 3357 1978 3429 dilige,

284 3443 674 3508 temperanter
727 3456 855 3511 age,
887 3445 944 3494 et
996 3456 1067 3494 ne
1097 3440 1232 3512 quid
1287 3441 1482 3510 nimis,
1539 3459 1612 3497 ne
1652 3443 1714 3496 in
1751 3444 1982 3497 scanda-

285 3527 408 3581 lum
454 3527 804 3582 confusionis
852 3528 1085 3584 incidas.
1129 3528 1410 3584 Convenit
1464 3546 1601 3601 ergo
1657 3531 1980 3586 Christiano

287 3620 420 3669 ante
463 3615 659 3670 omnia
704 3616 1088 3671 humilitatem
1135 3617 1392 3688 diligere,
1448 3617 1510 3673 in
1558 3619 1798 3674 lectione
1830 3619 1978 3674 Scri-

287 3707 472 3774 ptura:
521 3708 751 3760 cautum
807 3721 949 3773 esse,
995 3711 1207 3761 rectam
1257 3706 1430 3761 ﬁdem
1467 3711 1682 3776 tenere,
1744 3708 1977 3763 modum

286 3791 346 3845 in
405 3791 642 3846 scientia
690 3810 936 3862 servare,
990 3800 1048 3849 et
1084 3793 1376 3849 charitatis
1427 3795 1708 3866 regulam,
1767 3801 1828 3850 ut
1855 3811 1981 3867 pro-

285 3879 453 3934 batus
483 3879 557 3935 sit
577 3897 772 3936 coram
802 3883 913 3936 Deo
941 3887 997 3937 et
1025 3883 1376 3938 hominibus.

361 3970 525 4024 Vnas.
581 3973 672 4025 22.
726 4000 795 4010 —
844 3971 1018 4036 Quam
1046 3971 1344 4042 sufﬁciens.
1403 3971 1611 4026 Tenuis
1649 3971 1828 4026 victus
1858 3977 1978 4028 tam

287 4058 495 4112 animae
572 4075 745 4129 quam
820 4059 1048 4128 corpori
1103 4060 1260 4114 utilis
1311 4065 1415 4126 est,
1470 4061 1793 4132 superﬂuus
1846 4078 1977 4116 vero

287 4162 318 4201 e
364 4151 578 4202 contra.
616 4147 816 4202 Vinum
842 4149 1119 4216 exiguum.
1167 4147 1378 4202 Vinum
1408 4164 1637 4220 quoque
1679 4149 1976 4219 spirituale
2005 4185 2048 4239 Β

290 4240 584 4306 sumptum
641 4236 957 4304 moderate,
1021 4235 1162 4290 utile
1212 4241 1297 4291 est
1343 4242 1460 4291 tam
1502 4238 1730 4308 corpori
1803 4253 1976 4309 quam

289 4323 532 4378 animai:
569 4323 946 4378 immoderate
995 4323 1151 4378 enim
1199 4323 1449 4379 insanire
1494 4325 1646 4392 facit,
1681 4333 1737 4380 et
1775 4342 1810 4378 a
1863 4327 1976 4380 Deo

289 4412 585 4483 disjungit,
620 4413 770 4467 unde
802 4412 968 4466 anxia
1023 4429 1179 4480 cura,
1229 4417 1287 4466 et
1318 4413 1562 4468 turbatio
1614 4413 1880 4482 maxima,
1923 4418 1980 4468 et

287 4505 564 4570 perpetua
589 4505 828 4554 tortura.

361 4588 519 4642 Vens.
563 4588 651 4642 24.
697 4616 764 4628 -
818 4589 1048 4643 Somnus
1073 4590 1355 4643 sanitatis.
1398 4588 1670 4643 Subtilior
1699 4596 1784 4644 est
1826 4605 1978 4643 som-

288 4690 396 4727 nus
427 4675 486 4728 in
532 4690 708 4745 parvo
763 4674 933 4728 victu.
993 4675 1221 4746 Mystice
1257 4679 1452 4729 autem
1500 4676 1601 4746 qui
1647 4676 1868 4730 sobrius
1895 4681 1982 4731 est

289 4763 348 4816 in
393 4763 680 4834 spirituali
729 4763 886 4829 vino,
917 4763 978 4817 in
1027 4763 1508 4835 contemplatione
1539 4763 1791 4817 veritatis
1820 4763 1980 4835 quie-

288 4851 392 4904 scit
431 4867 610 4923 usque
638 4851 700 4904 in
726 4867 892 4905 mane
915 4852 1366 4906 resurrectionis.

360 4939 519 4993 Vans.
560 4941 646 4993 25.
706 4969 772 4979 —
826 4942 897 4995 Et
940 4955 1106 5003 vome,
1157 4944 1262 4994 etc.
1319 4940 1496 4994 Aiunt
1541 4939 1771 5007 medici,
1830 4940 1983 5010 quod

289 5027 534 5080 vomitus
601 5027 956 5080 stomachum
1045 5031 1289 5097 purgat:
1375 5027 1665 5080 choleram
1750 5027 1979 5081 minuit.

292 5112 515 5184 Mystice
536 5117 725 5166 autem
760 5112 860 5183 qui
881 5112 1300 5182 transgreditur
1330 5128 1656 5167 mensuram
1701 5121 1755 5169 et
1776 5128 1983 5182 grava-

289 5207 385 5254 tur
422 5199 743 5254 carnalibus
771 5199 1005 5266 delictis,
1039 5217 1143 5271 per
1187 5200 1604 5270 professionem
1641 5201 1856 5272 peccati
1889 5200 1987 5255 foe-

292 5289 532 5343 ditatem
580 5295 824 5358 evomat,
874 5293 931 5345 et
974 5306 1076 5361 per
1129 5289 1383 5360 corporis
1427 5289 1860 5360 castigationem
1915 5291 1985 5345 ad

297 5379 603 5434 sanitatem
638 5379 855 5435 redeat.

366 5465 523 5520 Vens.
552 5470 639 5520 27.
673 5495 741 5506 —
790 5469 850 5522 In
893 5467 1138 5521 omnibus
1189 5466 1458 5538 operibus.
1515 5465 1701 5520 Monet
1729 5480 1800 5518 ne
1847 5469 1989 5519 tem-

2157 2811 2312 2864 Vans.
2377 2813 2460 2866 14.
2510 2844 2580 2854 —
2635 2815 2779 2871 Ante
2832 2818 3177 2884 grandinem.
3237 2821 3360 2888 (11).)
3390 2823 3603 2893 Fulgor
3640 2841 3804 2878 coru-

2095 2989 2520 3044 verecundiam.

2165 3076 2326 3130 Vnns.
2387 3081 2470 3132 15.
2530 3109 2598 3118 ——
2628 3082 2775 3135 Hora
2801 3086 3065 3151 surgenti.
3101 3085 3224 3156 (1ο.)
3253 3087 3538 3142 Admonet
3588 3106 3661 3144 ne
3716 3093 3799 3145 si-

2098 3178 2225 3217 mus
2253 3163 2462 3231 tristes,
2497 3170 2628 3234 etc.,
2660 3184 2830 3238 usque
2857 3171 2932 3225 ad
2961 3173 3060 3242 qui
3086 3190 3188 3244 per
3229 3177 3474 3245 gratiam
3507 3194 3614 3231 nos
3643 3179 3798 3245 fecit,

2092 3257 2150 3304 et
2178 3251 2341 3306 bonis
2367 3252 2684 3327 [operibus]
2716 3259 2984 3313 omnibus
3015 3261 3275 3330 replevit.

2163 3341 2332 3395 Vens.
2361 3343 2448 3396 22.
2503 3373 2565 3383 —
2604 3345 2705 3400 Vir
2733 3349 2962 3402 consilii.
3012 3348 3235 3413 Quanto
3263 3351 3392 3422 quis
3431 3354 3797 3423 prudentior,

2088 3432 2246 3482 tanto
2294 3429 2476 3484 utitur
2527 3433 2925 3503 proximorum
2955 3439 3219 3506 consilio,
3258 3446 3324 3493 ut
3351 3440 3522 3495 addat
3567 3443 3681 3497 sibi
3713 3444 3800 3498 in-

2088 3517 2491 3587 telligentiam.

2161 3606 2320 3660 Vens.
2370 3611 2423 3660 5.
2481 3637 2550 3648 -
2603 3610 2731 3674 Fili,
2791 3613 2906 3666 sine
2949 3615 3188 3669 consilio.
3246 3616 3486 3671 Possunt
3548 3617 3673 3674 haec
3727 3621 3799 3675 de

2087 3693 2365 3748 catholico
2396 3700 2452 3748 et
2508 3695 2776 3752 haeretica
2807 3699 3003 3770 accipi.
3053 3702 3370 3757 Catholicus
3399 3705 3554 3759 enim
3607 3707 3792 3762 Deum

2086 3780 2295 3836 timens
2345 3783 2540 3837 omnia
2590 3785 2709 3855 agit
2741 3786 3041 3844 doctorum
3099 3790 3339 3845 consilio
3382 3798 3437 3846 et
3463 3793 3793 3866 Scriptura-

2087 3885 2217 3924 rum
2271 3871 2635 3928 documento.
2691 3875 3002 3932 Haereticus
3051 3894 3184 3932 vero
3210 3881 3443 3951 propria
3491 3884 3796 3940 conlidens

2087 3957 2387 4028 sapientia,
2421 3966 2478 4014 et
2523 3963 2771 4032 propriis
2817 3964 2991 4020 instat
3020 3967 3448 4023 inventionibus
3476 3988 3490 4024 :
3521 3973 3625 4026 sed
3657 3990 3793 4029 cum

2087 4047 2331 4101 stultitia
2377 4049 2500 4120 ejus
2555 4053 2906 4121 apparuerit,
2952 4071 3057 4125 per
3103 4063 3328 4111 sanctos
3377 4059 3794 4128 praedicatores

2088 4135 2293 4191 divinis
2313 4143 2585 4209 arguatur
2612 4141 2926 4196 sententiis.

2697 4284 2922 4340 CAPUT
2958 4287 3188 4341 XXXIII.

2161 4405 2318 4458 Vnns.
2382 4409 2432 4461 5.
2492 4435 2562 4448 -
2610 4407 2914 4461 Prwcordia
2972 4411 3138 4476 fatui.
3208 4411 3396 4481 (ΗΑΒ.)
3448 4412 3607 4468 Sicut
3667 4423 3798 4471 rota

2089 4487 2232 4541 carri
2282 4494 2339 4540 et
2367 4489 2504 4555 axis,
2556 4497 2687 4558 etc.,
2735 4509 2904 4564 usque
2935 4496 3044 4551 ad:
3077 4499 3180 4554 Cor
3197 4501 3495 4567 stultorum
3523 4502 3797 4558 dissimile

2090 4579 2193 4631 erit
2227 4577 2408 4645 (Prov.
2442 4580 2556 4649 xv).

2165 4667 2324 4721 Vens.
2353 4669 2404 4721 6.
2449 4697 2520 4707 —
2553 4672 2758 4738 Equus,
2811 4675 2914 4724 etc.
2965 4673 3093 4741 (1ο.)
3134 4672 3290 4727 Sicut
3328 4674 3594 4744 jnmento
3635 4677 3799 4731 nulla

2091 4760 2178 4809 est
2198 4755 2364 4821 ratio,
2399 4760 2530 4826 etc.,
2561 4773 2730 4827 usque
2759 4759 2833 4813 ad
2872 4760 2966 4814 sed
2992 4777 3096 4830 per
3119 4761 3236 4814 oris
3263 4761 3452 4816 ofﬁcia
3491 4765 3798 4835 aequaliter

2110 4843 2324 4913 itrique
2344 4845 2546 4913 pandit
2574 4853 2809 4900 secreta.

2166 4932 2324 4986 Vens.
2356 4938 2410 4987 '7.
2441 4963 2508 4972 —
2558 4935 2740 4999 Quare
2785 4936 2920 4990 dies.
2977 4937 3103 5007 ([o.)
3143 4937 3289 5001 Quia
3339 4939 3608 5010 superius
3650 4942 3797 4996 stul-

2092 5023 2216 5075 tum
2247 5021 2606 5092 vituperavit,
2642 5027 2766 5091 etc.,
2817 5040 2984 5092 usque
3030 5025 3104 5079 ad
3163 5031 3227 5080 ut
3264 5027 3380 5082 sint
3423 5028 3484 5081 in
3541 5029 3712 5100 signa
3743 5036 3800 5084 et

2093 5113 2368 5180 tempora,
2393 5117 2450 5164 et
2480 5111 2622 5179 dies,
2654 5117 2711 5166 et
2730 5129 2929 5167 annos.

2166 5199 2308 5252 Vens
2337 5201 2388 5252 8.
2424 5229 2491 5238 —
2518 5201 2685 5254 Facto
2731 5202 2856 5256 sole.
2891 5201 3016 5273 (Ιο.)
3047 5203 3325 5273 Ριυωοθρὶῐ
3354 5204 3504 5258 Deus
3548 5205 3613 5260 in
3645 5207 3797 5278 lege.

2095 5291 2225 5354 etc.,
2258 5303 2427 5355 usque
2464 5287 2539 5342 ad
2567 5293 2624 5342 et
2650 5290 2898 5344 maxime
2929 5291 3153 5360 placere
3183 5291 3338 5362 quod
3384 5293 3591 5348 ordine
3615 5302 3675 5348 et
3707 5311 3797 5349 ra-

2095 5375 2252 5429 tione
2281 5375 2374 5431 ﬁt.

2166 5465 2326 5519 Vens.
2373 5467 2458 5522 10.
2491 5494 2556 5505 -
2609 5466 2708 5522 Ea:
2757 5468 2893 5538 ipsis
2935 5469 3223 5524 exultavit.
3258 5468 3380 5540 (1ο.)
3436 5468 3495 5522 id
3537 5475 3644 5537 est,
3697 5486 3797 5524 sua
