4074 6186
264 255 403 309 1217

1384 256 1639 313 GLOSSA
1678 257 2082 315 ORDINARIA.
2122 289 2190 300 -—
2233 260 2357 314 LIB.
2402 259 2617 317 ECCLI.

3633 267 3768 319 1218

261 380 610 434 discretione
640 380 765 434 illos
794 380 1073 447 distinxit,
1107 397 1251 452 quos
1282 355 1727 451 pro'benefactis
1763 399 1957 438 remu-
1987 385 2034 436 A
2071 387 2192 437 tur.
2233 382 2477 446 Quidem
2500 385 2743 453 pensant
2772 386 2987 452 quanta
3018 382 3300 449 tribuunt,
3331 388 3387 436 et
3417 399 3527 436 non
3553 390 3769 454 quanta

261 468 508 536 neravit,
533 474 588 522 et
617 469 827 539 quibus
856 485 960 540 pro
1020 470 1335 523 malefactis
1370 470 1605 541 dignam
1639 474 1960 527 mercedem

263 556 556 609 retribuit.
582 560 653 611 Et
692 572 869 610 omnes
919 558 1174 611 homines.
1208 559 1339 611 Post
1395 559 1832 629 dispositionem
1884 560 1958 613 si—

265 644 498 710 derum,
531 650 662 710 etc.,
719 660 889 713 usque
932 645 1007 699 ad
1038 644 1250 716 impios
1299 662 1432 699 vero
1461 652 1677 701 aeterna
1723 647 1961 702 maledi-

263 732 459 785 ctione
489 732 795 786 damnavit.

340 820 502 874 Vens.
540 823 623 874 13.
658 849 725 860 —
748 822 916 888 Quasi
944 821 1135 888 lutum,
1172 824 1276 875 etc.
1305 820 1483 891 (ΗΑΒ.)
1516 822 1579 876 In
1633 839 1808 877 manu
1863 840 1965 878 sua

263 908 441 975 habet
470 908 733 962 conditor
762 924 1009 962 massam
1049 908 1288 963 humani
1319 909 1566 979 generis,
1621 917 1751 977 etc.,
1797 926 1966 980 usque

263 996 345 1050 ad
365 1000 423 1049 et
451 1011 622 1066 quem
645 996 847 1050 debeat
867 996 1136 1051 indurare
1169 998 1480 1051 secundum
1507 999 1810 1068 justitiam.

343 1084 505 1137 Vens.
544 1086 629 1152 15,
659 1115 725 1125 --
783 1086 980 1141 Contra
1025 1086 1246 1139 malum.
1292 1086 1665 1156 Investigatur
1723 1104 1963 1157 operum

266 1172 373 1224 Dei
404 1171 624 1226 invenit
671 1173 732 1226 in
788 1172 928 1243 ipsis
984 1174 1290 1244 quamdam
1343 1175 1827 1241 contrarietatem,
1867 1176 1962 1230 sed

262 1260 610 1314 mirabiliter
638 1278 672 1315 a
713 1264 825 1315 Deo
857 1262 1201 1315 ordinatam.
1234 1263 1359 1316 Non
1389 1268 1477 1317 est
1507 1279 1644 1334 ergo
1670 1265 1805 1317 mali
1836 1280 1965 1317 con-

265 1348 424 1402 ditor
447 1350 617 1416 Deus,
651 1350 751 1420 qui
789 1350 923 1403 fecit
954 1350 1148 1403 omnia
1178 1350 1329 1404 bona
1356 1351 1519 1405 valde
1544 1369 1557 1417 ;
1592 1368 1693 1409 nec
1721 1357 1965 1406 mortem

266 1436 421 1500 fecit,
452 1452 557 1490 nec
587 1439 812 1491 lietatur
840 1437 900 1490 in
924 1438 1244 1507 perditione
1270 1448 1651 1503 mortuorum,
1696 1440 1792 1493 sed
1835 1439 1962 1493 uni-

268 1524 552 1578 versitatis
583 1531 667 1578 est
690 1526 967 1579 mirabilis
1009 1528 1322 1582 ordinator.
1369 1529 1597 1582 Natura:
1647 1544 1782 1598 ergo
1808 1528 1966 1585 bona:

266 1617 424 1678 sunt,
458 1618 515 1667 et
545 1631 577 1667 a
608 1616 721 1669 Deo
754 1620 885 1669 sunt
916 1633 929 1670 :
964 1616 1099 1670 vitia
1129 1633 1263 1671 vero
1296 1634 1414 1671 non
1446 1635 1513 1671 ex
1553 1620 1683 1673 Deo.

344 1702 505 1757 Vens.
546 1704 628 1756 18.
652 1731 724 1743 -
753 1706 1036 1771 Respicite.
1100 1705 1310 1759 Omnes
1340 1706 1724 1759 communiter
1762 1708 1967 1761 admo-

270 1794 391 1854 net,
453 1794 514 1842 ut
548 1790 697 1860 juris
749 1792 837 1844 sui
887 1793 1163 1847 rationem
1214 1810 1330 1847 non
1373 1795 1616 1861 omittat,
1661 1795 1794 1865 quia
1848 1812 1966 1850 non

269 1877 442 1931 aliter
464 1883 650 1947 potest
678 1879 887 1933 habere
911 1896 1109 1950 pacem
1142 1884 1197 1934 et
1226 1881 1497 1951 quietem.
1529 1881 1636 1945 Qui
1662 1882 1815 1935 enim
1848 1881 1965 1951 pri-

269 1972 461 2020 matus
490 1966 578 2020 sui
605 1968 997 2021 auctoritatem
1017 1969 1224 2039 perdit,
1253 1970 1312 2021 in
1333 1970 1754 2038 despectionem
1778 1974 1835 2022 et
1866 1985 1965 2022 an-

269 2055 521 2123 gustiam
551 2070 608 2107 se
633 2054 807 2107 mittit
833 2071 844 2108 :
879 2055 978 2125 qui
1005 2060 1196 2109 autem
1236 2056 1425 2109 locum
1468 2072 1633 2110 suum
1681 2057 1968 2126 sapienter

271 2142 543 2203 custodit,
573 2159 631 2195 se
659 2148 717 2196 et
746 2159 878 2195 suos
908 2144 977 2196 ad
1010 2144 1326 2212 profectum
1352 2144 1577 2199 virtutis
1607 2143 1821 2214 dirigit.

344 2231 506 2283 Vens.
536 2233 619 2283 19.
654 2260 722 2268 —-
748 2229 971 2284 Audite.
1001 2230 1085 2284 Ad
1122 2231 1368 2284 litteram
1421 2236 1611 2301 patres
1666 2232 1850 2300 docet,
1910 2237 1970 2286 ut

272 2318 424 2372 ﬁlios
454 2323 677 2389 regant,
719 2324 776 2373 et
804 2334 933 2372 cum
988 2319 1287 2389 disciplina
1339 2320 1616 2385 nutriant,
1661 2323 1841 2375 donec
1870 2339 1969 2376 ve-

272 2406 438 2460 niant
477 2407 545 2460 ad
568 2412 797 2460 aetatem
828 2407 1159 2477 perfectam,
1195 2412 1256 2460 ut
1277 2408 1436 2477 digni
1459 2409 1713 2463 baeredes
1740 2415 1966 2479 patrum

271 2510 511 2547 suorum
546 2494 767 2563 possint
796 2511 937 2549 esse.
974 2495 1359 2564 Spiritualiter
1398 2514 1532 2549 vero
1582 2498 1815 2551 instruit
1873 2516 1960 2553 re-

274 2588 463 2636 ctores
493 2582 776 2647 Ecclesiaz,
803 2588 863 2636 ut
893 2582 1235 2653 dignitatem
1268 2600 1428 2638 suam
1452 2601 1634 2655 usque
1665 2586 1735 2640 ad
1793 2586 1967 2640 tinem

272 2676 509 2724 teneant
532 2676 587 2723 et
616 2670 925 2741 discipulos
956 2688 1087 2725 suos
1129 2672 1272 2726 bene
1294 2673 1539 2726 nutritos
1570 2674 1824 2728 haeredes
1879 2676 1967 2729 sui

273 2757 489 2811 laboris
526 2758 830 2828 reliquant.
891 2761 1105 2813 Tenere
1158 2760 1370 2814 debent
1410 2772 1655 2816 rectores
1718 2763 1968 2817 exterius

274 2847 428 2918 quod
456 2863 560 2916 pro
596 2848 837 2900 aliorum
882 2847 1124 2901 utilitate
1148 2848 1483 2920 suscipiunt.

2072 471 2321 541 rapiunt.
2353 472 2420 524 Et
2451 476 2806 540 congregant
2826 472 3136 531 mercedes,
3171 476 3226 523 et
3278 471 3512 524 mittunt
3550 488 3643 525 eas
3707 473 3767 526 in

2072 575 2296 613 saccum
2326 563 2643 629 pertusum.
2678 559 2742 611 In
2788 573 2947 611 sacco
2976 565 3207 627 pertuso
3238 559 3482 627 videtur,
3539 560 3767 629 quando

2070 649 2314 717 pecunia
2344 647 2611 714 mittitur,
2647 645 2747 699 sed
2774 663 2884 699 non
2908 646 3139 716 quando
3170 645 3469 700 amittitur.
3503 646 3610 711 Qui
3632 664 3768 716 ergo

2069 740 2283 805 quanta
2310 734 2636 805 largiuntur
2666 734 2970 805 aspiciunt,
2998 735 3093 788 sed
3119 750 3229 787 non
3260 739 3472 803 quanta
3510 735 3769 820 rapiunt,

2069 823 2129 876 iu
2160 823 2379 876 sacculo
2419 828 2653 892 pertuso
2704 822 2994 876 mercedes
3054 824 3310 889 mittunt,
3370 822 3504 892 quia
3550 839 3645 876 eas
3700 829 3762 877 in

2074 927 2234 981 spem
2265 911 2491 965 ﬁducia:
2519 927 2635 964 suae
2666 910 2955 964 intuentes
3012 914 3354 980 congerunt,
3383 910 3478 964 sed
3536 926 3653 964 non
3706 927 3764 965 se

2073 998 2359 1053 intuentes
2390 998 2658 1068 perdunt.

2144 1089 2304 1142 Vens.
2338 1090 2427 1141 26.
2482 1088 2679 1151 —Qui
2729 1087 2931 1150 aufert.
2987 1084 3263 1154 (RAB.)1n
3318 1086 3524 1140 sudore
3578 1088 3767 1140 vultus

2076 1173 2163 1227 sui
2192 1190 2413 1244 pauper
2444 1174 2689 1244 acquirit
2720 1188 2945 1243 panem.
2970 1172 3077 1235 Qui
3105 1173 3256 1226 hunc
3289 1174 3568 1227 violenter
3596 1174 3764 1241 tollit,

2075 1261 2238 1333 quasi
2271 1262 2369 1332 qui
2396 1262 2599 1315 occidit
2631 1260 2955 1331 proximum
2996 1276 3184 1313 suum.

2150 1351 2311 1406 Vens.
2345 1352 2430 1404 28.
2483 1379 2551 1389 —
2601 1351 2745 1404 Unus
2774 1349 3067 1415 :ediﬁcans.
3102 1350 3215 1402 Hoc
3244 1353 3327 1402 est
3376 1349 3531 1419 quod
3591 1365 3765 1420 supra

2076 1438 2239 1506 dixit,
2291 1436 2635 1491 sacriﬁcium
2684 1437 2754 1491 de
2786 1436 2990 1506 rapina
3043 1453 3163 1490 non
3218 1452 3339 1490 esse
3390 1437 3760 1507 acceptabile.

2076 1525 2184 1589 Qui
2214 1525 2381 1579 otiert
2410 1525 2479 1579 de
2510 1525 2732 1595 rapina,
2767 1524 2989 1578 videtur
3017 1524 3124 1577 sibi
3154 1524 3457 1580 aediﬁcium
3487 1526 3768 1579 virtutum

2076 1630 2421 1684 praeparare,
2444 1629 2559 1666 non
2590 1614 2808 1666 crimen
2837 1612 3089 1665 avaritias
3129 1612 3374 1666 attendit
3404 1618 3458 1667 et
3512 1614 3759 1684 rapinai.

2147 1702 2307 1755 Vens.
2344 1702 2429 1755 30.
2464 1729 2528 1742 —
2561 1701 2664 1766 Qui
2693 1701 3032 1769 baptizatur.
3084 1700 3213 1769 (10.)
3261 1700 3575 1767 Lavamini,
3634 1706 3763 1768 etc.,

2078 1805 2244 1858 usque
2279 1790 2353 1843 ad
2373 1794 2428 1844 et
2460 1804 2689 1843 rursum
2719 1788 2909 1843 ﬂenda
2936 1788 3325 1843 committunt.

2694 1931 2921 1985 CAPUT
2958 1931 3151 1985 XXXV.

2148 2057 2306 2110 Vens.
2338 2059 2386 2110 1.
2424 2085 2489 2096 --
2519 2056 2627 2121 Qui
2663 2060 2961 2109 conservat.
3004 2055 3200 2125 (ΗΑΒ.)
3226 2054 3375 2107 Bene
3423 2056 3569 2118 orat,
3631 2055 3762 2119 etc.,

2077 2161 2244 2214 usque
2265 2145 2338 2199 ad
2367 2144 2512 2198 bene
2534 2143 2828 2213 operando
2860 2149 3038 2197 servat
3069 2142 3377 2213 justitiam.

2148 2235 2305 2287 Vens.
2340 2235 2391 2287 3.
2424 2261 2492 2272 -
2540 2234 3016 2301 Propitiationum.
3073 2233 3226 2285 Inter
3255 2232 3414 2283 litare
3439 2234 3489 2283 et
3551 2230 3762 2297 sacriﬁ-

2078 2336 2199 2375 care
2227 2322 2334 2374 hoc
2357 2319 2545 2373 distat.
2578 2320 2719 2373 Nam
2756 2318 3035 2371 sacriﬁcat
3062 2318 3161 2389 qui
3212 2315 3554 2370 sacriﬁcium
3611 2315 3762 2368 facit.

2081 2407 2230 2461 Litat
2286 2407 2627 2461 sacriticium
2681 2406 2835 2471 facit,
2908 2410 2964 2458 et
3022 2404 3176 2474 quod
3244 2402 3521 2457 sacriﬁcio
3575 2402 3764 2473 petiit,

2078 2495 2155 2548 im
2164 2502 2341 2564 petra.

2148 2584 2315 2640 Vens.
2349 2584 2402 2637 4.
2434 2615 2500 2622 -
2523 2583 2828 2645 Retribuat,
2863 2586 2968 2636 etc.
3005 2581 3341 2651 Utrumque,
3373 2579 3585 2633 scilicet
3631 2594 3764 2649 gra-

2077 2676 2202 2725 tum
2235 2673 2369 2736 Deo,
2414 2677 2472 2725 et
2517 2671 2671 2742 quod
2726 2671 2786 2723 in
2844 2669 3009 2723 altari
3063 2669 3121 2722 in
3161 2667 3765 2722 commemorationem

2074 2760 2202 2814 Jesu
2236 2760 2439 2814 Christi
2461 2759 2717 2826 offertur,
2753 2759 2979 2829 etquod
3006 2773 3111 2828 per
3138 2757 3473 2810 charitatem
3504 2755 3766 2827 proximo

2076 2849 2372 2903 tribuitur.

343 2935 504 2989 Vens.
542 2938 623 2989 25.
661 2965 729 2974 --
772 2936 993 2991 Cibaria
1031 2941 1081 2990 et
1121 2939 1298 3004 virga,
1341 2942 1445 2991 etc.
1508 2939 1669 3007 (ΗΑΒ)
1729 2940 1966 2996 Necesse
1998 2940 2039 2993 C
2146 2937 2306 2991 Vens.
2361 2939 2444 2991 10.
2495 2965 2564 2975 -
2642 2937 2787 2989 Bono
2844 2936 3042 2990 animo.
3099 2933 3225 3003 (10.)
3275 2932 3561 3004 Quidquid
3611 2932 3765 2986 bono

276 3027 362 3076 est
392 3027 454 3076 ut
485 3022 671 3093 iniqui
710 3024 878 3089 servi,
939 3029 1069 3090 etc.,
1128 3040 1296 3093 usque
1325 3025 1400 3079 ad
1430 3031 1494 3079 ut
1551 3026 1783 3097 habent,
1806 3028 1967 3083 scili-

274 3114 363 3164 cet
399 3112 608 3165 victum
644 3116 700 3165 et
724 3112 988 3179 vestium,
1018 3128 1133 3166 non
1166 3113 1407 3183 vagandi
1441 3114 1641 3168 otium.

344 3200 506 3253 Vens.
539 3201 626 3253 3t.
652 3200 801 3255 —-Si
824 3204 901 3254 est
949 3201 1048 3255 tibi
1074 3200 1270 3268 ﬁdelis,
1305 3206 1412 3255 etc.
1451 3202 1574 3271 ([0.)
1634 3201 1773 3256 Boni
1821 3203 1966 3257 servi

273 3288 461 3357 legem
514 3288 761 3354 tradidit,
792 3294 922 3354 etc.,
982 3303 1151 3356 usque
1192 3288 1267 3343 ad
1315 3306 1434 3344 non
1482 3295 1566 3345 est
1604 3291 1757 3345 enim
1791 3292 1966 3346 homo

277 3376 730 3447 persequendus,
765 3377 866 3431 sed
886 3376 1043 3431 vitia.

879 3520 1104 3574 CAPUT
1141 3520 1360 3574 XXXIV.

350 3645 512 3698 Vens.
553 3647 603 3697 2.
638 3644 895 3710 —Quasi
920 3646 1017 3712 qui
1071 3644 1450 3713 apprehendit.
1500 3645 1681 3714 (ΗΑΒ.)
1737 3646 1967 3716 Signifi-

273 3732 407 3786 ﬁcat
444 3732 661 3785 somnia
700 3732 942 3799 fallacia,
966 3737 1097 3797 etc.,
1130 3748 1297 3800 usque
1323 3732 1397 3785 ad
1434 3736 1497 3787 ut
1529 3734 1710 3787 sciant
1741 3736 1877 3805 quid
1937 3753 1969 3790 a

272 3820 427 3874 bono
463 3819 668 3890 spiritu
700 3821 1039 3890 percipiant,
1090 3822 1177 3873 vel
1210 3820 1347 3891 quid
1393 3820 1462 3874 ab
1530 3820 1800 3876 illusione
1858 3840 1964 3893 pa-

277 3907 517 3962 tiantur.

351 3998 517 4050 Vens.
558 3998 609 4050 8.
644 4025 712 4037 -—
741 3997 866 4052 Sine
912 3996 1206 4051 mendacio.
1240 3996 1487 4067 Abjectis
1538 3998 1776 4051 somniis
1829 3999 1964 4054 hor-

274 4090 431 4138 tatur
468 4085 817 4139 credendum
865 4101 986 4139 esse
1042 4085 1315 4139 doctrinae
1373 4086 1688 4157 sapientiae,
1736 4103 1865 4157 quin
1906 4089 1966 4142 in

274 4188 376 4226 ore
407 4172 587 4226 ﬁdelis
616 4173 721 4226 viri
742 4173 1129 4244 complantata
1158 4173 1279 4227 sine
1337 4173 1636 4228 mendacio
1693 4191 1964 4230 consum-
1991 4213 2035 4265 Β

272 4265 397 4314 mat
428 4260 684 4314 verbum.

346 4347 505 4400 Vens.
536 4350 592 4401 9.
636 4376 697 4387 —-
755 4347 1055 4401 Enarrabit
1083 4349 1427 4402 intellectum.
1480 4348 1616 4401 Aliis
1674 4349 1959 4404 instruen-

271 4435 406 4489 dis:
469 4434 640 4497 unde,
702 4435 1015 4489 Benedictus
1063 4439 1222 4504 Deus,
1273 4440 1370 4505 qui
1409 4438 1715 4491 consolatur
1765 4454 1860 4492 nos
1904 4441 1961 4493 in

271 4525 421 4576 omni
477 4524 825 4577 tribulatione
875 4528 1081 4589 nostra,
1136 4530 1196 4578 ut
1240 4528 1509 4593 possimus
1550 4528 1823 4581 consolari
1875 4544 1959 4583 eos

270 4612 372 4678 qui
400 4611 458 4663 in
482 4614 626 4664 omni
652 4625 913 4679 pressura
940 4616 1067 4664 sunt
1098 4611 1181 4680 (II
1200 4612 1318 4666 Cor.
1350 4612 1473 4681 xu).

345 4698 506 4753 Vens.
552 4702 634 4766 10,
674 4703 757 4753 11.
808 4729 877 4738 —-
921 4699 1025 4765 Qui
1054 4706 1232 4753 autem
1262 4702 1319 4753 in
1377 4702 1577 4767 multis,
1614 4710 1719 4755 etc.
1779 4703 1957 4757 Muta-

268 4785 422 4852 bilis,
455 4786 667 4841 scilicet
697 4792 909 4853 mente,
960 4786 1241 4841 instabilis
1272 4792 1356 4840 est
1403 4789 1644 4843 actione.
1689 4790 1803 4853 Vel,
1860 4789 1961 4859 qui

268 4872 407 4926 ﬁdei
454 4874 671 4926 unitate
709 4874 930 4943 perdita
978 4875 1323 4944 multiplices
1352 4877 1608 4945 sequitur
1661 4876 1959 4930 haeretico-

267 4976 397 5013 rum
433 4966 634 5023 sectas,
670 4962 865 5015 multis
895 4962 1291 5032 impietatibus
1325 4964 1516 5017 servit.

343 5048 504 5102 Vens.
544 5051 634 5103 l2.
680 5080 747 5089 —
779 5051 1049 5104 Plurimus
1100 5051 1402 5105 verborum.
1468 5051 1651 5120 (ΗΑΒ.)
1704 5051 1959 5122 Scriptu-

268 5152 394 5191 ram
428 5138 735 5207 signiﬁcat;
772 5140 868 5209 qui
901 5139 1115 5193 intente
1162 5140 1511 5209 Scriptura!!!
1548 5141 1873 5208 meditatur,
1906 5148 1962 5196 et

271 5225 571 5280 humiliter
612 5227 918 5280 Dominum
948 5228 1306 5298 deprecatur,
1339 5236 1395 5282 et
1426 5246 1613 5282 rerum
1665 5236 1720 5282 et
1766 5230 1962 5284 verbo-

269 5330 400 5369 rum
435 5314 729 5368 scientiam
759 5314 1109 5385 adipiscitur.

341 5401 507 5455 Vens.
564 5403 653 5454 23.
716 5432 783 5441 —
836 5405 985 5457 Dona
1032 5405 1364 5471 iniquorum.
1415 5402 1588 5457 Valde
1630 5404 1961 5459 detestabile

269 5493 358 5542 est
387 5489 751 5556 sacriﬁcium,
784 5492 939 5561 quod
978 5491 1163 5545 orbati
1191 5492 1373 5561 patris
1419 5493 1630 5546 doloris
1662 5508 1959 5562 compara-

2078 3024 2271 3078 animo
2298 3040 2413 3078 non
2453 3023 2640 3089 datur,
2663 3023 2815 3093 apud
2846 3023 3021 3076 Deum
3052 3021 3296 3092 gratiam
3326 3038 3438 3075 non
3489 3025 3763 3075 meretur.

2078 3113 2261 3166 Homo
2300 3111 2452 3165 enim
2477 3111 2628 3165 videt
2665 3110 2726 3164 in
2769 3110 2933 3176 facie,
2970 3111 3118 3163 Deus
3159 3116 3350 3163 autem
3382 3110 3441 3162 in
3473 3109 3662 3163 corde.
3698 3111 3769 3162 Et

2075 3217 2185 3256 non
2214 3203 2429 3255 minuas
2461 3204 2567 3254 etc.
2599 3198 2846 3270 Mystice.
2906 3198 3178 3252 Primitiae
3224 3198 3454 3267 frugum
3516 3201 3645 3260 etc.,
3678 3212 3766 3250 us-

2078 3305 2179 3358 que
2212 3289 2285 3342 ad
2309 3305 2341 3342 a
2362 3304 2475 3358 quo
2506 3286 2715 3342 etboni
2742 3286 2930 3357 operis
2960 3286 3190 3340 initium
3223 3291 3280 3340 et
3327 3285 3605 3356 perfectio
3654 3285 3764 3339 do-

2076 3383 2266 3431 natur.

2148 3465 2314 3520 Vens.
2355 3467 2439 3518 l3.
2481 3494 2550 3504 —
2607 3465 2812 3533 Septies
2868 3465 3102 3517 tantum.
3163 3462 3497 3527 Perfectam,
3554 3460 3768 3515 scilicet

2078 3550 2619 3605 remunerationem.
2662 3550 3032 3620 Septenarius
3065 3549 3241 3614 enim,
3297 3555 3428 3616 etc.,
3478 3563 3645 3617 usque
3691 3549 3765 3603 ad

2076 3640 2171 3693 sed
2195 3640 2366 3693 etiam
2399 3645 2646 3709 quatuor
2681 3637 3086 3708 principalium
3144 3636 3418 3689 virtutum
3477 3637 3766 3706 operatio-

2080 3744 2211 3781 nem
2239 3725 2471 3796 praebet.

2147 3816 2308 3868 Vens.
2345 3814 2427 3868 14.
2461 3844 2529 3852 -—
2567 3812 2696 3868 Noli
2739 3811 2898 3880 o/fere
2927 3825 3167 3876 munera,
3220 3814 3323 3863 etc.
3357 3810 3520 3880 Apud
3582 3812 3762 3865 Deum

2076 3919 2194 3956 non
2245 3908 2328 3955 est
2376 3900 2664 3971 quantitas
2712 3899 2996 3964 muneris;
3052 3914 3156 3951 nec
3212 3914 3455 3968 persona
3512 3898 3761 3968 potentis

2076 3990 2387 4060 aspicitur:
2415 3990 2512 4043 sed
2540 3987 2768 4042 dilectio
2803 3991 2860 4040 et
2886 3986 3181 4039 humilitas
3210 3986 3417 4040 cordis.
3453 3987 3583 4041 Ideo
3642 4003 3760 4040 non

2076 4081 2243 4134 debet
2266 4078 2457 4133 offerri
2488 4076 2827 4131 sacriﬁcium
2861 4076 2930 4129 de
2981 4075 3301 4146 iniquitate,
3349 4074 3445 4128 sed
3503 4074 3572 4128 de
3603 4075 3761 4145 justo

2076 4168 2290 4221 labore.

2144 4255 2304 4309 Vens.
2340 4256 2435 4309 2t.
2476 4283 2545 4294 -—
2575 4253 2654 4306 Et
2692 4252 2855 4307 donec
2877 4253 3229 4321 propinquet,
3290 4255 3395 4305 etc.
3445 4250 3533 4305 Ad
3585 4266 3761 4321 supe—

2073 4343 2225 4397 riora
2255 4342 2502 4413 respicit,
2550 4341 2861 4406 afﬁrmans,
2924 4341 3059 4411 quia
3120 4340 3391 4394 Dominus
3445 4339 3759 4393 orationem

2070 4431 2377 4485 humilium
2415 4429 2856 4483 misericorditer
2889 4429 3137 4495 exaudit,
3186 4428 3286 4499 qui
3347 4444 3463 4482 non
3517 4434 3759 4494 cessant,

2072 4520 2253 4573 donec
2284 4519 2732 4573 consolationem
2757 4518 3059 4589 accipiant.

2673 4662 2899 4718 CAPUT
2937 4663 3155 4721 XXXVI.

2140 4788 2300 4843 Vens.
2339 4791 2387 4844 1.
2464 4817 2534 4829 -
2586 4789 2836 4842 Miserere
2882 4788 3077 4841 nostri.
3137 4787 3325 4857 (ΗΑΒ.)
3391 4787 3469 4840 Ex
3511 4802 3758 4856 persona

2071 4875 2550 4946 ﬁdetium‘dirigit
2580 4877 2894 4929 oralionem
2917 4876 2988 4929 ad
3024 4875 3218 4939 Deum,
3254 4880 3316 4927 ut
3336 4874 3463 4927 illos
3494 4874 3756 4927 defendat

2071 4964 2405 5020 etinimicos
2435 4964 2740 5034 deprimat,
2766 4968 2826 5015 ut
2846 4964 3017 5032 digne
3044 4962 3281 5017 correcti
3320 4962 3500 5014 Deum
3542 4961 3755 5015 iterum

2072 5056 2409 5123 agnoscant,
2441 5057 2496 5104 et
2526 5050 2681 5104 idola
2707 5049 2993 5103 deserant.

2142 5142 2303 5195 Vens.
2360 5144 2412 5192 ’7.
2464 5169 2533 5177 —
2618 5139 2900 5213 Gloriﬁcat
2946 5152 3186 5201 manum,
3241 5140 3345 5190 etc.
3402 5134 3525 5205 (10.)
3566 5135 3755 5205 Optat,

2070 5235 2135 5282 ut
2178 5229 2373 5281 divina
2432 5228 2698 5296 majestas
2751 5242 2854 5296 per
2913 5241 3148 5279 manum
3194 5230 3250 5277 et
3308 5226 3570 5278 dextrum
3628 5225 3756 5276 bra-

2070 5317 2285 5383 chium,
2346 5315 2401 5369 id
2458 5320 2560 5381 est,
2623 5331 2725 5385 per
2774 5314 3084 5378 Christum,
3145 5329 3246 5382 per
3298 5328 3469 5383 quem
3525 5311 3760 5382 antiqua

2069 5405 2344 5459 miracula
2387 5404 2535 5457 facta
2613 5408 2764 5470 sunt,
2844 5403 3073 5456 innovet
3120 5407 3375 5471 tempore
3427 5403 3650 5471 gratias,
3697 5404 3759 5453 ut

2070 5492 2275 5546 veteris
2305 5492 2449 5562 legis
2479 5500 2535 5546 et
2560 5508 2722 5545 nove:
2752 5491 2901 5545 idem
2944 5490 3297 5560 intelligatur
3324 5506 3443 5543 esse
3480 5491 3649 5545 Deus.
