4074 6186
360 222 492 271 1219

986 216 1380 271 WALAFRIDI
1420 216 1661 272 STRABI
1705 217 1904 272 FULD.
1951 216 2038 270 ΜΟ

2190 215 2298 270 re.
2342 200 2536 271 mins.
2581 217 2624 270 1.
2667 245 2734 254 -
2772 214 3210 272 THEOLOGICA

3715 220 3853 271 i220

427 340 592 392 Vens.
632 341 714 392 15.
774 367 842 377 -
885 338 1098 392 Εωιοιιε
1144 338 1539 405 adversarium,
1585 309 1691 392 etc.
1733 337 1913 409 (ΗΑΒ.)
1960 337 2043 391 Si-
2072 341 2120 391 A
2157 343 2314 408 gunt,
2343 343 2398 392 et
2441 337 2680 392 insidias
2717 338 2979 393 tendunt.
3012 337 3171 391 Unde
3210 338 3507 408 leremias,
3545 340 3856 408 Unusquis-

357 427 590 498 gniﬁcat
616 443 720 497 per
741 426 1045 480 adventum
1070 426 1296 493 Christi,
1325 431 1454 490 etc.,
1477 442 1647 495 usque
1669 427 1743 481 ad
1767 443 1870 496 pro
1896 431 2045 481 statu

357 514 635 577 Ecclesiae,
662 519 716 566 et
747 513 1003 567 ﬁdelium
1032 513 1232 566 salute.

427 603 588 656 Vens.
626 604 709 655 16.
743 631 811 640 —
839 601 996 667 Sion,
1029 606 1136 654 etc.
1198 599 1406 654 Notitia
1437 600 1767 671 Scripturte,
1817 601 1876 654 in
1929 617 2043 671 qua

355 690 700 761 praedicatur
729 687 1126 741 inenarrabilis
1155 689 1336 741 virtus
1364 689 1484 742 Dei.

425 779 590 831 Vens.
621 781 704 830 17.
741 805 808 815 -
835 775 915 828 Et
943 777 1166 836 suscita,
1200 780 1304 828 etc.
1347 776 1559 830 Omnes
1597 775 1895 846 prophetas
1954 775 2040 827 in-

354 864 669 918 carnationi
692 863 896 918 Christi
917 863 1055 917 dant
1070 863 1484 930 testimonium,
1507 863 1656 933 quod
1693 865 1838 917 Deus
1867 865 2038 918 homo

352 952 532 1006 factus
563 953 866 1006 Ecclesiam
887 952 995 1005 sibi
1027 953 1417 1023 desponsaret.

424 1041 583 1094 Vens.
639 1044 720 1094 l9.
773 1069 841 1081 —
896 1039 1205 1096 Secundum
1255 1040 1690 1104 benedictionem,
1739 1044 1844 1094 etc.
1907 1040 2037 1109 (ln.)

353 1128 624 1183 Ordinem
656 1128 886 1194 scilicet,
917 1133 973 1181 et
1029 1128 1203 1181 ritum
1232 1127 1548 1195 sacerdotii,
1582 1134 1714 1196 etc.,
1761 1142 1931 1197 usque
1967 1127 2043 1181 ad

353 1216 506 1288 quod
538 1220 722 1270 Aaron
754 1216 1021 1287 ﬁguravit
1052 1215 1112 1269 in
1142 1216 1552 1286 temporalibus
1581 1216 1892 1279 sacriﬁciis,
1933 1216 2042 1270 hoc

349 1303 591 1375 impleat
618 1303 680 1358 in
709 1303 1102 1376 spiritualibus
1133 1304 1440 1374 Evangelii.

421 1395 584 1447 Vens.
619 1393 798 1446 20.-
844 1393 1062 1448 Omnem
1113 1407 1308 1446 escam.
1344 1391 1470 1460 (11).)
1523 1393 1829 1462 Postquam
1884 1407 2040 1462 prae-

353 1481 492 1535 dixit
530 1480 885 1534 vocationem
944 1481 1223 1549 gentium,
1271 1486 1398 1541 etc.,
1458 1495 1625 1548 usque
1654 1481 1727 1533 ad
1756 1479 1832 1533 sic
1880 1495 2041 1533 vera-

351 1586 473 1624 cem
503 1569 818 1623 doctrinam
851 1569 1260 1631 discernamus,
1286 1573 1342 1621 et
1371 1569 1647 1621 fallacem.

425 1659 590 1712 Vens.
632 1660 722 1710 2s.
752 1687 820 1698 —
846 1658 1058 1726 Species
1089 1659 1350 1710 mulieris.
1395 1655 1602 1710 Christi
1653 1655 1854 1725 gratia,
1909 1672 2038 1726 quas

349 1761 453 1814 per
501 1744 970 1814 praedicationem
1029 1744 1250 1796 animas
1289 1749 1468 1808 curat,
1502 1749 1560 1796 et
1615 1744 1800 1796 carnis
1838 1760 2042 1796 concu-

348 1833 686 1904 piscentiam
718 1832 959 1901 mitigat.
993 1833 1121 1885 Haec
1154 1831 1213 1885 in
1245 1832 1491 1886 Ecclesia
1544 1832 1815 1898 abundat,
1875 1833 2040 1902 cujus

352 1921 696 1976 desiderium
728 1924 812 1974 est
840 1935 1012 1990 super
1041 1935 1271 1973 omnem
1304 1920 1824 1990 concupiscentiam
1853 1920 2040 1974 homi-

352 2009 465 2077 nis,
505 2009 605 2078 qui
655 2011 716 2061 in
764 2023 830 2061 ea
887 2007 1056 2060 decor
1111 2008 1388 2060 virtutum
1433 2013 1488 2061 et
1530 2007 1892 2078 pulchritudo
1939 2008 2040 2062 do-

352 2097 568 2150 ctrinae.
601 2096 780 2164 Super
801 2110 1022 2149 omnem.
1060 2095 1224 2148 Nulla
1279 2095 1739 2165 concupiscentia
1788 2095 2040 2149 hominis

354 2185 488 2240 huic
513 2183 790 2238 desiderio
812 2188 998 2253 potest
1027 2184 1348 2253 comparari
1382 2198 1394 2236 :
1430 2183 1580 2254 quia,
1614 2184 1816 2239 Faltam
1855 2186 2040 2252 gratia

353 2279 403 2328 et
454 2288 598 2327 vana
656 2277 734 2326 est
773 2271 1154 2340 pulchritudo;
1202 2272 1397 2326 mulier
1467 2275 1658 2326 timens
1710 2275 1870 2328 Deum
1915 2275 2040 2342 ipsa

352 2361 670 2417 laudabitur
690 2359 878 2429 (Prov.
911 2360 1080 2429 xxxi).

422 2451 581 2502 Vens.
615 2452 702 2502 25.
738 2477 805 2489 —
829 2449 943 2504 Non
969 2453 1046 2502 est
1080 2451 1182 2502 vir.
1219 2448 1475 2502 Christus
1525 2448 1624 2518 qui
1669 2448 1891 2502 excedit
1937 2449 2040 2502 hn-

349 2555 577 2593 manam
651 2543 935 2592 naturam.
999 2536 1178 2603 Unde,
1237 2537 1519 2604 Speciosus
1547 2538 1728 2602 forma
1766 2553 1884 2606 prae
1906 2539 2038 2605 ﬁliis

351 2627 623 2679 hominum
650 2625 833 2696 (Psal.
873 2624 1038 2693 κων).
1083 2625 1182 2678 Hic
1211 2625 1366 2678 enim
1394 2629 1692 2697 peccatum
1718 2640 1836 2679 non
1882 2625 2037 2693 fecit,

350 2729 455 2768 nec
483 2718 569 2768 est
593 2713 858 2766 inventus
883 2712 1049 2766 dolus
1076 2711 1135 2764 in
1167 2727 1265 2765 ore
1290 2711 1434 2780 ejus.

419 2803 579 2855 Vens.
605 2805 692 2855 26.
723 2830 792 2840 —
815 2800 1189 2868 Adjutorium.
1221 2798 1581 2870 Adjutorium
1641 2799 1899 2853 Ecclesia:
1954 2804 2039 2854 est

2155 441 2256 495 que
2287 441 2341 480 se
2364 443 2397 479 a
2423 429 2675 495 proximo
2709 441 2804 481 suo
2829 425 3102 480 custodiat
3133 426 3270 494 (λεν.
3305 425 3405 494 1x).

2222 516 2382 568 Vens.
2421 516 2504 568 14.
2565 516 2773 570 -Νοη
2821 515 3099 569 attendite.
3166 513 3349 584 (ΗΑΒ.)
3405 515 3666 568 Diversas
3710 531 3848 585 spe-

2152 599 2266 654 cies
2295 601 2722 655 consiliantium
2754 603 3127 668 enumeravit,
3161 603 3218 655 in
3253 602 3458 672 quibus
3478 603 3675 673 plures
3724 619 3852 672 per-

2151 705 2320 742 sonas
2348 691 2586 755 notavit,
2609 706 2738 760 quin
2761 707 2792 744 a
2820 691 3055 744 veritate
3078 689 3424 744 discordant.
3481 692 3638 746 Unde
3695 708 3845 762 prea-

2151 777 2304 847 cepit
2338 793 2468 832 cum
2527 779 2734 832 talibus
2765 795 2883 832 non
2931 794 3051 832 esse
3102 779 3538 846 consiliandum,
3592 795 3842 850 quorum

2149 865 2454 920 consilium
2481 865 2857 936 periclitatur.
2891 865 3257 920 Prasvidenda
3289 872 3373 920 est
3397 883 3534 938 ergo
3567 868 3842 921 consilia-

2150 953 2219 1007 rii
2246 953 2572 1024 prudentia,
2603 953 2765 1020 ﬁdes,
2792 955 3076 1018 voluntas,
3107 961 3162 1009 et
3192 955 3415 1025 religio.

2220 1042 2377 1094 Vens.
2418 1044 2497 1095 18.
2553 1072 2617 1080 -
2666 1043 2869 1096 Anima
2927 1045 3107 1096 sancti
3153 1045 3282 1096 viri.
3339 1042 3843 1112 Consiliariorum,

2148 1129 2470 1183 diversitate
2505 1135 2751 1191 ostensa,
2775 1130 3056 1200 adjungit,
3092 1137 3372 1201 quantum
3423 1131 3692 1186 humanm
3754 1147 3842 1184 sa-

2150 1217 2380 1286 pientia:
2407 1222 2734 1272 sanctorum
2770 1219 3008 1273 excellat
3035 1218 3270 1272 scientia
3300 1235 3334 1272 a
3371 1218 3585 1288 Spiritu
3639 1225 3839 1273 sancto

2150 1305 2359 1358 infusa.

2221 1394 2381 1447 Vens.
2403 1396 2491 1447 22.
2526 1425 2590 1432 —
2631 1396 2726 1449 Vir
2751 1397 2982 1464 peritus.
3041 1394 3185 1459 Quia
3209 1395 3278 1448 de
3309 1395 3508 1466 lingua
3554 1397 3842 1466 praedixe-

2152 1487 2240 1534 rat
2272 1498 2284 1534 :
2314 1482 2383 1535 de
2414 1481 2579 1535 bonis
2611 1482 2891 1552 malisque
2908 1482 3231 1536 doctoribus
3253 1483 3568 1536 continuat.

2225 1571 2383 1624 Vens.
2411 1573 2495 1624 28.
2527 1599 2597 1610 —
2647 1573 2770 1624 Vita
2819 1573 2946 1624 viri.
3006 1571 3130 1640 (ln.)
3181 1573 3434 1624 Praesens
3483 1571 3598 1625 vita
3657 1573 3845 1625 homi-

2151 1673 2290 1710 num
2321 1657 2379 1710 in
2403 1658 2618 1711 incerto
2659 1674 2779 1712 non
2845 1663 2932 1712 est
2977 1658 3131 1728 apud
3183 1674 3335 1712 eum.
3401 1659 3580 1725 Unde,
3640 1662 3840 1714 Breve:

2149 1747 2264 1800 dies
2321 1746 2551 1800 hominis
2609 1751 2755 1814 sunt,
2835 1762 3087 1801 numerus
3147 1749 3409 1801 mensium
3460 1747 3618 1820 apud
3660 1753 3710 1801 te
3765 1753 3844 1802 est

2150 1834 2284 1903 (Job.
2321 1834 2452 1903 xxv).

2221 1922 2381 1976 Vens.
2416 1923 2744 1978 32.—Noli
2766 1923 2990 1977 avidus.
3047 1923 3212 1977 Juxta
3269 1922 3595 1990 historiam,
3650 1923 3841 1994 parci-

2150 2009 2402 2064 maniam
2434 2009 2650 2078 laudat,
2675 2012 2966 2081 crapulam
3001 2011 3304 2081 vituperat,
3337 2027 3466 2082 quae
3489 2011 3558 2065 ad
3589 2011 3841 2064 inﬁrmi-

2147 2103 2322 2152 tatem
2354 2098 2614 2168 perducit
2643 2098 3034 2152 devorantem.
3087 2098 3313 2168 Mystice
3371 2115 3503 2152 vero
3539 2098 3841 2167 admonet,

2150 2185 2299 2240 utin
2337 2185 2750 2256 temporalibus
2803 2186 2982 2239 simus
3028 2189 3433 2256 temperantes.
3498 2187 3679 2252 Unde,
3733 2188 3842 2241 Mel

2145 2274 2419 2339 invenisti,
2469 2273 2678 2327 comede
2718 2273 2862 2342 quod
2898 2275 3105 2342 sufficit
3150 2275 3252 2328 tibi
3281 2274 3456 2344 (Prov.
3519 2275 3670 2343 xxv),
3728 2282 3841 2328 etc.

2148 2362 2212 2415 Et
2242 2360 2413 2414 alibi:
2440 2361 2581 2431 {Non
2608 2361 2733 2430 plus
2762 2375 2951 2430 sapere
3000 2377 3163 2428 quam
3228 2366 3435 2430 oportet
3491 2362 3666 2429 (Rom.
3715 2377 3792 2414 xu
3799 2371 3841 2430 }.

2722 2502 2946 2557 CAPUT
2984 2502 3255 2556 XXXVIII.

2216 2628 2378 2681 Vens.
2437 2631 2485 2681 1.
2517 2655 2590 2667 -
2667 2627 2884 2680 Honora
2950 2626 3234 2680 medicum.
3296 2626 3476 2691 (ΗΑΒ.)
3555 2627 3845 2682 Discretos

2145 2716 2266 2769 vult
2291 2731 2392 2769 nos
2448 2730 2586 2776 esse,
2645 2719 2776 2779 etc.,
2820 2728 2990 2782 usque
3027 2713 3101 2767 ad
3163 2713 3392 2784 utrique
3449 2729 3590 2785 ergo
3656 2715 3844 2769 hono-

2146 2803 2333 2869 randi,
2353 2802 2448 2857 sed
2474 2801 2798 2872 spirituales
2828 2800 3195 2872 praeferendi.

350 2889 666 2944 secundum
695 2887 1180 2959 dispensationem
1202 2886 1432 2940 Christi.
1482 2887 1657 2954 Unde,
1683 2889 1896 2941 Iustum
1931 2888 2036 2941 ad-
2073 2893 2113 2948 C
2225 2892 2383 2945 Vens.
2437 2894 2488 2945 5.
2533 2919 2605 2930 —
2653 2890 3086 2958 Nonnealigno.
3119 2889 3428 2960 Antiquam
3483 2891 3668 2960 tangit
3721 2891 3845 2945 his-

342 2979 804 3046 jutoriummeum
835 2993 869 3030 a
918 2975 1153 3031 Domino
1206 2976 1371 3042 (Psal.
1430 2979 1551 3042 vn),
1606 2982 1711 3029 etc.
1774 2977 1901 3046 Ipse
1954 2981 2042 3030 est

349 3065 649 3120 infinitatis
681 3066 804 3136 ejus
829 3067 1112 3132 columna,
1141 3070 1199 3118 et
1236 3063 1445 3118 laboris
1466 3063 1715 3134 requies.
1977 3115 1980 3118 .

421 3156 588 3209 Vens.
622 3157 709 3209 28.
740 3183 812 3195 —
841 3154 951 3220 Qui
985 3169 1092 3208 non
1139 3153 1298 3207 habet
1334 3153 1544 3206 nidum.
1602 3152 1661 3207 Id
1691 3156 1788 3215 est,
1853 3153 2040 3207 Eccle-

352 3243 514 3307 siam,
540 3243 638 3297 ubi
661 3243 970 3296 electorum
1002 3241 1209 3295 animae
1263 3241 1412 3295 ﬁlios
1459 3241 1747 3295 bonorum
1801 3257 2042 3311 operum

352 3331 631 3385 nutriunt.
661 3330 841 3396 Unde,
890 3333 1099 3384 Invenit
1126 3331 1235 3383 sibi
1267 3344 1459 3398 passer
1487 3329 1722 3393 domum,
1781 3335 1832 3383 et
1863 3334 2046 3384 turtur

348 3417 561 3483 nidum,
593 3417 690 3469 ubi
716 3421 941 3484 reponat
965 3416 1145 3484 pullos
1175 3430 1298 3470 suos
1332 3415 1497 3485 (Psal.
1529 3418 1776 3480 Lxxxm).

947 3557 1171 3612 CAPUT
1206 3557 1453 3612 XXXVII.

423 3682 656 3736 Vens.i.
716 3711 784 3721 —
842 3681 1026 3736 Omnis
1074 3683 1299 3736 amicus.
1336 3681 1520 3751 (ΗΑΒ.)
1578 3681 1853 3751 Superius
1907 3681 2043 3735 dili-

352 3769 622 3841 gentibus
650 3769 929 3841 expressit
952 3784 1151 3823 verum
1180 3770 1428 3824 amicum
1460 3774 1514 3824 et
1551 3769 1780 3836 falsum,
1811 3769 2002 3824 dicens
2027 3787 2040 3824 :

351 3861 421 3914 Et
443 3874 550 3912 non
575 3859 919 3928 permanebit
937 3860 996 3912 in
1021 3857 1110 3912 die
1140 3859 1527 3912 tribulationis.

425 3947 584 3999 Vens.
644 3947 698 3998 2.
753 3975 820 3984 —
871 3943 1085 4000 Sodalis
1141 3950 1340 3998 autem.
1421 3945 1597 3999 Verus
1667 3945 1886 3999 amicus
1923 3949 2044 3998 toto

355 4034 547 4088 animo
578 4032 788 4103 diligit,
831 4037 886 4086 et
909 4048 1081 4102 opere
1111 4032 1354 4103 proﬁcit.
1393 4033 1570 4095 Unde,
1604 4034 1723 4088 Non
1748 4032 2043 4098 diligamus

351 4123 510 4177 verbo
535 4137 704 4190 neque
724 4122 932 4188 lingua,
960 4121 1057 4174 sed
1084 4123 1237 4191 operi
1263 4125 1314 4175 et
1370 4123 1593 4174 veritate
1612 4119 1661 4190 (Ι
1700 4121 1870 4174 Joan.
1930 4121 2031 4184 111).

428 4212 590 4265 Vens.
624 4213 674 4266 3.
701 4241 766 4250 —
817 4211 860 4265 0
891 4212 1258 4279 praesumptio.
1291 4211 1613 4264 Detestatur
1666 4209 2036 4280 hypocrisin),

355 4316 482 4353 cum
508 4300 693 4353 malus
726 4315 783 4352 se
812 4298 1027 4353 bonum
1055 4314 1174 4352 esse
1197 4297 1430 4352 simulat
1447 4298 1793 4367 cooperiendo
1824 4297 2043 4351 aridam

352 4390 649 4453 malitiam,
683 4387 742 4441 in
773 4403 888 4458 qua
917 4386 1129 4440 scilicet
1157 4402 1275 4440 non
1302 4391 1385 4441 est
1417 4387 1710 4457 pinguedo
1751 4386 2042 4440 charitalis

355 4477 442 4530 vel
474 4474 902 4530 misericordiae.

427 4565 592 4618 Vens.
626 4567 676 4618 5.
712 4591 772 4604 —
807 4564 988 4619 Causa
1014 4565 1240 4617 ventris.
1263 4564 1372 4616 Pro
1402 4562 1558 4632 gula,
1608 4578 1724 4616 non
1753 4578 1856 4634 pro
1892 4563 2039 4616 ami-

354 4652 505 4718 citia,
533 4653 779 4706 Possunt
803 4651 863 4705 in
893 4650 1049 4705 falsis
1079 4650 1278 4704 amicis
1308 4649 1563 4704 heretici
1617 4650 1883 4721 intelligi,
1939 4649 2042 4722 qui

355 4740 548 4796 omnia
571 4744 718 4794 recte
776 4739 1012 4804 faciunt,
1073 4739 1239 4810 quasi
1283 4738 1608 4792 animarum
1664 4739 2038 4804 consultores,

353 4846 482 4884 cum
506 4829 617 4883 sint
646 4827 984 4899 proditores.
1021 4828 1196 4895 Unde,
1233 4827 1513 4882 Attendite
1544 4843 1578 4880 a
1605 4828 1768 4894 falsis
1803 4828 2040 4896 prophe-

357 4921 424 4973 tis
455 4921 551 4988 qui
584 4917 802 4983 (Matth.
850 4917 964 4986 vu),
1003 4920 1109 4971 etc.
1144 4917 1286 4970 Cum
1341 4931 1539 4970 socero.
1601 4915 1792 4981 Socer,
1852 4915 1952 4986 qui
2009 4931 2042 4968 a

354 5013 516 5079 parte
544 5005 790 5060 feminea
821 5010 906 5058 est
929 5009 1224 5074 cognatus.
1258 5003 1598 5058 muliebrem
1625 5008 1680 5058 et
1710 5003 2041 5057 mutabilem

353 5095 601 5150 ostendit
627 5093 908 5156 animum,
933 5092 1198 5147 similiter
1226 5097 1279 5146 et
1311 5093 1464 5146 zelus
1486 5092 1582 5163 qui
1614 5092 1903 5163 praecipue
1956 5097 2042 5146 est

351 5183 695 5238 animarum.

422 5270 580 5325 Vens.
614 5272 665 5325 8.
706 5301 772 5310 -—
816 5271 998 5326 Omnis
1051 5270 1416 5323 consiliarius.
1467 5267 1663 5322 Adhuc
1691 5267 1855 5322 docet
1905 5283 2038 5321 cau-

350 5357 524 5411 telam
541 5373 772 5412 omnem
803 5357 1128 5412 habendam
1187 5357 1245 5410 in
1301 5355 1676 5427 suscipiendis
1733 5355 1933 5410 amicis
1982 5361 2042 5412 et

351 5445 714 5500 consiliariis.
743 5446 902 5502 Multi
929 5446 1086 5501 enim
1117 5461 1176 5499 se
1193 5445 1406 5500 amicos
1446 5449 1504 5500 et
1530 5444 1884 5500 consiliarios
1923 5443 2038 5502 ﬁn-

2150 2979 2358 3033 toriam
2396 2979 2533 3050 quia
2581 2977 2641 3032 in
2706 2977 2927 3032 deserto
2972 2977 3083 3032 Sur
3128 2977 3472 3032 invenerunt
3508 2978 3612 3031 ﬁlii
3669 2980 3844 3033 Israel

2153 3083 2359 3138 aquam
2411 3081 2687 3129 amaram,
2717 3066 2812 3119 sed
2869 3067 3021 3120 Deus
3066 3066 3317 3120 ostendit
3367 3067 3539 3136 Moysi
3587 3064 3843 3137 lignum,

2151 3157 2304 3228 quod
2337 3157 2655 3210 immissum
2687 3170 2897 3224 aquam
2925 3153 3270 3221 indulcavit;
3321 3154 3417 3208 ubi
3446 3156 3604 3225 juxta
3659 3155 3843 3210 histo-

2152 3245 2296 3299 riam
2338 3247 2763 3300 demonstratur
2792 3242 2936 3314 ligni
2992 3243 3274 3297 medicina
3328 3243 3608 3298 indulcari
3661 3261 3848 3315 aquas

2154 3333 2378 3404 Mystice
2405 3337 2596 3386 autem
2629 3347 2778 3402 aqua
2808 3345 3003 3384 amara
3048 3331 3332 3400 signiﬁcat
3379 3331 3586 3400 legem,
3648 3332 3742 3384 cui
3794 3333 3842 3386 si

2152 3421 2428 3476 confessio
2453 3419 2637 3474 crucis
2682 3425 2740 3473 et
2769 3424 3186 3472 sacramentum
3211 3419 3512 3490 jungatur,
3560 3420 3836 3490 potabilis

2155 3509 2418 3565 efﬁcitur.

2226 3598 2384 3651 Vens.
2419 3600 2472 3650 7.
2521 3626 2589 3634 —
2638 3597 2708 3650 In
2763 3595 2847 3648 his
2875 3609 3092 3649 curans.
3149 3594 3286 3665 (11).)
3337 3595 3546 3649 Contra
3588 3594 3842 3649 diversas

2154 3685 2538 3747 inﬁrmitates,
2579 3682 2798 3737 diversa
2819 3687 3120 3752 opponunt
3167 3681 3393 3743 medici,
3424 3682 3578 3737 cibos
3621 3683 3843 3736 scilicet

2154 3775 2209 3825 et
2229 3775 2416 3841 potus,
2445 3770 2768 3841 emplastra,
2796 3774 2850 3823 et
2889 3773 3186 3839 unguenta
3212 3787 3224 3822 :
3279 3775 3342 3823 ut
3371 3770 3588 3826 morbis
3634 3786 3841 3824 conve-

2154 3859 2318 3913 niant
2341 3859 2780 3913 medicamenta.
2813 3857 3088 3912 Similiter
3130 3857 3345 3912 faciunt
3404 3859 3612 3912 medici
3665 3859 3844 3929 spiri-

2151 3947 2352 4001 tuales.

2227 4035 2390 4088 Vens.
2426 4035 2508 4086 10.
2543 4062 2612 4072 -
2646 4035 2864 4086 Averte.
2921 4031 3120 4086 Simile
3175 4037 3262 4086 est
3307 4031 3451 4087 illud
3493 4049 3506 4086 :
3559 4035 3778 4087 Declina
3807 4050 3844 4087 a

2151 4123 2314 4191 malo,
2335 4127 2384 4176 et
2413 4124 2506 4188 fac
2531 4121 2744 4175 bonum.
2780 4123 2848 4174 Et
2878 4121 2946 4174 ab
2998 4119 3162 4186 omni,
3206 4126 3340 4186 etc.,
3382 4129 3438 4175 et
3464 4137 3576 4175 non
3616 4127 3843 4176 tantum

2153 4226 2380 4279 corpus,
2415 4209 2514 4263 sed
2569 4214 2634 4262 ut
2663 4209 2739 4261 sis
2780 4211 3030 4264 innocens
3053 4209 3303 4264 manibus
3330 4215 3381 4264 et
3417 4209 3617 4264 mundo
3659 4210 3839 4264 corde.

2222 4299 2382 4352 Vens.
2419 4300 2501 4351 11.
2535 4327 2604 4335 -
2640 4297 2727 4350 Da
2753 4298 3096 4350 suavitatem.
3158 4296 3327 4350 Panis
3359 4301 3415 4352 et
3463 4297 3577 4351 vini
3633 4297 3845 4352 sacriﬁ—

2151 4385 2302 4441 cium
2342 4386 2404 4440 in
2442 4386 2776 4441 memoriam
2832 4385 3142 4440 Dominicaa
3215 4383 3497 4456 passionis
3557 4383 3841 4450 oblatum,

2149 4475 2438 4547 praecipue
2468 4480 2631 4529 curat
2658 4475 2897 4528 vulnera
2927 4474 3251 4527 animarum
3277 4489 3382 4526 nec
3429 4473 3618 4526 solum
3682 4473 3840 4538 vivis,

2152 4565 2253 4619 sed
2283 4568 2339 4618 et
2369 4563 2609 4618 mortuis
2638 4562 2801 4616 valde
2831 4561 3212 4616 necessarium
3234 4567 3339 4616 est.

2223 4653 2378 4706 Vens.
2456 4655 2539 4706 15.
2611 4681 2674 4691 -
2755 4650 2964 4705 Incidet
3017 4652 3076 4703 in
3154 4664 3348 4703 manus
3426 4648 3643 4703 medici.
3714 4648 3843 4718 (ιο.)

2150 4738 2522 4809 Ᾰέετίῑυὰὶῑιίε
2547 4742 2603 4792 et
2632 4737 2932 4805 molestiae,
2965 4742 3094 4804 etc.,
3123 4752 3291 4806 usque
3320 4736 3395 4790 ad
3449 4742 3506 4791 et
3562 4737 3845 4791 instanter

2153 4827 2460 4881 Dominum
2508 4827 2886 4896 deprecantur
2916 4830 2982 4879 ut
3035 4825 3245 4896 dirigat
3299 4841 3473 4896 opera
3522 4841 3744 4894 eorum,
3790 4831 3845 4880 et

2151 4915 2513 4986 refrigerium
2544 4919 2776 4986 praestet
2803 4914 3248 4968 inﬁrmantibus.

2222 5005 2382 5058 Vens.
2421 5007 2502 5059 16.
2532 5004 2754 5069 —Fili,
2786 5007 2892 5057 etc.
2945 5001 3091 5066 Quia
3136 5001 3208 5056 de
3263 5001 3723 5068 inﬁrmitatibus,
3787 5008 3844 5058 et

2149 5092 2502 5146 medicorum
2535 5091 2928 5146 curationibus
2957 5090 3290 5161 disputavit,
3347 5091 3417 5146 de
3474 5095 3843 5146 mortuorum

2116 5253 2125 5260 ι
2150 5180 2436 5252 exsequiis
2464 5180 2744 5251 adjungit.

2220 5269 2381 5323 Vens.
2441 5271 2531 5323 21.
2591 5297 2661 5310 -
2724 5269 2982 5323 Memento
3039 5269 3470 5324 novissimorum.
3527 5267 3670 5338 (Ιο.)
3723 5269 3843 5323 Ad-

2149 5356 2392 5410 monitio
2420 5355 2705 5411 honorum
2734 5360 2964 5426 patrum
2993 5360 3058 5410 ut
3087 5355 3194 5410 ﬁlii
3226 5362 3552 5427 praeparent
3582 5356 3693 5411 sibi
3720 5357 3846 5410 via-

2149 5445 2329 5501 ticum
2358 5445 2639 5501 bonorum
2661 5460 2925 5516 operum.
