4018 6176
241 220 375 271 1221

1389 212 1643 269 GLOSSA
1681 213 2079 269 ORDINARIA.
2118 244 2186 255 —
2230 215 2351 269 LIB.
2395 214 2616 270 ECCLI.

3604 224 3623 274 1
3636 222 3741 274 222

315 339 482 391 Vitas.
514 340 603 393 22.
636 367 703 375 -—
735 339 916 405 Neque
946 340 1087 390 enim
1115 342 1193 390 est
1238 340 1525 390 conversio.
1576 336 1747 400 Quasi
1786 336 1936 390 dice-
1966 340 2013 391 Δ
2124 338 2292 392 Vens.
2327 340 2413 391 35.
2444 335 2516 379 ’—
2543 341 2692 405 Ignis
2738 339 2973 404 grando.
3033 341 3220 410 (8.53.)
3272 342 3475 397 Omnia
3523 344 3744 399 homini

238 432 367 480 ret:
402 427 549 494 Ergo
579 429 778 479 cautus
806 430 924 478 esto
954 424 1013 477 in
1042 424 1327 488 omnibus,
1382 440 1453 477 ne
1486 424 1634 479 forte
1691 424 1748 478 in
1782 424 1942 479 obitu

238 514 486 583 proximi
516 515 642 584 plus
668 529 833 583 aequo
863 512 1073 566 doleas.

316 602 477 655 Vens.
520 602 607 655 24.
642 631 710 640 ——
750 603 810 654 In
868 602 1073 669 requie.
1105 600 1313 663 Quasi:
1350 599 1611 654 Morituri
1660 600 1942 654 memoria

236 689 515 742 continuo
545 704 837 755 conserva,
868 694 925 741 et
943 688 1184 754 conﬁde,
1214 692 1271 741 et
1317 703 1415 758 spe
1468 686 1749 756 contorta,
1779 704 1850 741 ne
1880 687 1942 741 in

241 778 452 831 ultimo
475 777 718 831 articulo
740 776 982 831 deﬁciat.

317 866 474 919 Vitas.
532 868 619 919 26.
651 894 721 904 —
780 866 887 929 Qui
942 868 1080 917 tenet
1184 869 1451 917 aratrum.
1534 863 1941 918 Praedicatores

235 956 471 1007 sanctos
510 952 815 1022 signiﬁcat,
868 951 968 1022 qui
1016 952 1176 1005 omni
1230 958 1491 1021 tempore
1531 951 1809 1019 docendo,
1842 968 1936 1006 ex-

235 1041 548 1106 hortando,
580 1041 869 1094 auditores
903 1055 1035 1093 suos
1065 1039 1358 1092 instruunt
1414 1044 1478 1093 ut
1508 1038 1797 1092 interioris
1828 1038 1937 1091 ho-

236 1130 416 1183 minis
466 1130 734 1183 virtutem
791 1128 1041 1188 eliciant.
1097 1132 1153 1180 et
1209 1128 1462 1181 animam
1495 1128 1807 1181 humanam
1862 1126 1931 1180 ad

234 1217 555 1288 imaginem
590 1216 690 1271 Dei
720 1216 1052 1270 reforment.
1091 1216 1271 1279 Unde,
1333 1217 1400 1271 Ut
1447 1219 1666 1284 sapiens
1696 1216 1936 1269 archite-

234 1312 358 1360 ctus
386 1305 801 1370 fundamentum
829 1306 987 1373 posui
1017 1305 1076 1372 (Ι
1102 1306 1222 1359 Cor.
1287 1308 1389 1370 ui).
1420 1304 1487 1357 Et
1515 1304 1650 1357 alibi
1693 1320 1705 1357 :
1756 1304 1940 1357 Filioli

234 1397 348 1449 mei
375 1409 505 1462 quos
551 1396 748 1445 iterum
792 1395 1064 1461 parturio,
1128 1391 1291 1446 donec
1348 1394 1615 1457 formetur
1672 1395 1731 1446 in
1786 1393 1937 1446 vobis

237 1483 501 1535 Christus
531 1480 677 1546 (Gal.
730 1480 824 1549 iv).
885 1480 1034 1543 Quot
1063 1480 1278 1549 species
1325 1481 1599 1533 virtutum
1655 1486 1808 1549 sunt,
1855 1485 1939 1534 tot

236 1569 609 1639 operationes
638 1575 691 1621 et
734 1569 1075 1622 documenta
1132 1570 1419 1622 mentibus
1470 1570 1778 1623 electorum
1827 1570 1937 1623 do-
1970 1606 2010 1658 Β

237 1658 425 1711 ctrina
453 1657 816 1726 imprimunt.

315 1746 473 1799 Vens.
506 1748 595 1800 28.
631 1776 699 1783 -—
756 1746 905 1800 Sicut
946 1748 1118 1799 omnis
1142 1744 1322 1810 faber,
1354 1751 1458 1798 etc.
1494 1745 1642 1799 Ordo
1666 1745 1937 1815 praedica-

237 1839 455 1897 torum,
515 1833 615 1903 qui
670 1848 773 1902 per
831 1833 1054 1887 diversa
1105 1832 1291 1885 ofﬁcia
1322 1833 1702 1887 ministerium
1768 1848 1935 1887 suum

240 1928 442 1992 agunt,
490 1921 808 1976 doctrinam
866 1922 1180 1974 secundum
1238 1920 1524 1974 auditores
1567 1926 1933 1991 temperant:

238 2010 343 2081 qui
369 2010 600 2079 fragiles
630 2014 686 2062 et
741 2009 1000 2062 inﬁrmos
1028 2008 1215 2062 verbis
1256 2014 1313 2062 et
1357 2010 1620 2079 exemplo
1668 2008 1933 2076 formant,

238 2106 309 2153 ut
343 2114 474 2151 vasa
493 2099 552 2150 in
582 2097 857 2151 honorem
878 2097 1104 2150 faciant.

316 2187 420 2241 Cor
457 2200 612 2239 suum
660 2185 835 2238 dabit.
898 2187 1042 2239 Dum
1096 2184 1395 2254 presentis
1448 2184 1575 2238 vita:
1627 2184 1937 2239 volubilem

241 2274 731 2328 conversationem
768 2289 869 2343 per
920 2273 1155 2342 vestigia
1191 2273 1472 2327 bonorum
1505 2290 1743 2343 operum
1798 2274 1939 2328 sub-

234 2362 408 2431 jectis
437 2361 685 2414 ostendit
714 2361 1162 2416 immutabilem.

316 2449 477 2503 Vnus.
536 2452 622 2503 33.
658 2479 719 2489 —
770 2450 833 2503 In
890 2450 1109 2502 brachio
1152 2465 1266 2503 suo.
1324 2450 1511 2519 (Rm)
1552 2449 1695 2512 Quia
1744 2448 1941 2503 multis

244 2538 543 2607 exemplis,
578 2544 709 2602 etc.,
745 2553 912 2606 usque
959 2538 1031 2591 ad
1085 2543 1145 2590 ut
1170 2537 1229 2590 in
1261 2538 1486 2591 fornace
1516 2538 1701 2592 cordis
1748 2554 1943 2608 Opera-

243 2626 464 2680 tionem
495 2625 908 2696 discipulorum
935 2626 1064 2695 igne
1114 2626 1319 2679 solidet
1345 2626 1655 2681 charitatis.

870 2768 1097 2823 CAPUT
1134 2767 1354 2823 XXXIX.

2051 430 2181 479 ante
2212 431 2507 495 peccatum
2538 426 2879 480 obediebant
2915 444 2928 493 ;
2981 434 3107 498 post
3137 436 3430 499 peccatum
3475 448 3607 486 vero
3639 450 3745 503 pu-

2050 519 2187 584 gnat
2216 519 2411 568 contra
2443 531 2573 568 eum
2598 514 2749 568 orbis
2770 520 3071 569 terrarum.
3102 518 3238 571 lnde
3262 518 3440 572 fames
3472 525 3529 573 et
3568 537 3743 588 mors,

2049 608 2104 656 et
2139 603 2293 655 mille
2325 602 2577 672 pericula
2627 602 2848 667 mortis,
2897 604 3093 657 bestiae
3123 622 3352 676 quoque
3386 613 3583 662 contra
3612 626 3745 665 eum

2048 691 2309 756 saeviunt,
2340 696 2397 744 et
2422 691 2757 760 rhomphaaa
2794 692 3035 745 cmlestis
3063 693 3342 746 vindictae.

2120 777 2278 830 Vnas.
2325 780 2412 830 37.
2448 805 2521 818 —
2574 779 2638 831 In
2692 777 2987 831 mandatis.
3042 778 3185 841 Quia
3217 780 3382 849 juxta
3437 798 3747 852 supernam

2046 864 2408 928 sententiam,
2441 864 2502 918 in
2528 870 2788 935 tempore
2821 873 3148 935 opportuno
3179 868 3352 937 digna
3381 869 3521 923 ultio
3554 887 3747 941 pecca-

2046 956 2200 1005 tores
2230 952 2486 1006 vastabit.

2120 1041 2278 1093 Veas.
2311 1043 2397 1094 38.
2430 1070 2501 1081 —
2542 1042 2831 1110 Propterea
2882 1042 2949 1095 ab
2996 1044 3173 1107 initio,
3231 1049 3573 1113 conﬁrmatus
3602 1064 3739 1103 sum.

2046 1128 2132 1182 Ad
2164 1130 2460 1199 superiora
2507 1129 2751 1198 respicit,
2809 1130 2907 1183 ubi
2965 1132 3081 1183 ait:
3138 1134 3257 1187 Non
3287 1139 3365 1187 est
3407 1134 3599 1202 dicere,
3634 1141 3739 1190 etc.

2049 1215 2210 1268 Videt
2226 1215 2382 1270 enim
2413 1216 3018 1285 incomprehensibilia
3048 1217 3397 1289 Deijudicia.
3424 1228 3479 1275 et
3508 1224 3741 1277 investi-

2044 1303 2258 1373 gabiles
2286 1305 2423 1368 vias,
2455 1320 2557 1357 nec
2582 1304 2754 1358 audet
2787 1304 2917 1358 inde
2964 1305 3178 1376 aliquid
3211 1313 3425 1363 temere
3465 1311 3625 1381 loqui
3655 1312 3745 1366 vel

2043 1391 2293 1445 scribere
2324 1411 2339 1445 :
2369 1393 2466 1446 sed
2497 1398 2813 1461 temperate
2860 1393 2929 1447 de
2975 1394 3061 1447 his
3106 1395 3424 1466 disputans,
3469 1415 3583 1453 non
3619 1415 3748 1455 cau-

2046 1494 2186 1546 sam,
2219 1480 2314 1534 sed
2344 1480 2579 1534 modum
2608 1481 2801 1534 divino
2832 1483 3068 1535 consilio
3110 1485 3474 1541 manifestum
3506 1488 3745 1543 dimisit.

2118 1569 2278 1622 Vens.
2311 1571 2405 1623 40.
2439 1600 2505 1608 —
2556 1572 2671 1624 Non
2705 1576 2783 1623 est
2841 1571 3033 1624 dicere.
3090 1572 3232 1625 Utile
3275 1575 3368 1627 dat
3421 1576 3743 1632 consilium.

2046 1658 2107 1709 ut
2138 1673 2311 1727 Opera
2340 1658 2393 1710 ei
2418 1673 2530 1711 non
2573 1657 2795 1711 incaute
2844 1659 3229 1719 discutiamus.
3280 1662 3374 1716 sed
3419 1664 3745 1720 Creatorem
3812 1722 3817 1725 .

2048 1743 2106 1796 in
2135 1746 2401 1799 omnibus
2434 1746 2730 1799 laudemus
2761 1751 2817 1799 et
2846 1746 3267 1803 benedicamus.

2121 1833 2278 1885 Vens.
2315 1832 2403 1886 41.
2430 1863 2497 1871 -
2541 1833 2620 1886 Et
2662 1850 2802 1887 nunc
2862 1837 2919 1887 in
2966 1839 3111 1888 omni
3149 1843 3380 1906 tempore
3424 1854 3538 1894 suo.
3574 1841 3747 1905 Quasi

2049 1920 2198 1974 dicat
2231 1937 2244 1974 :
2277 1921 2353 1973 Ne
2383 1920 2535 1975 dicas
2565 1924 2756 1991 priora
2803 1927 3060 1993 tempora
3093 1925 3324 1979 meliora
3370 1927 3529 1982 fuere
3573 1946 3747 1999 quam

2049 2026 2201 2063 nunc
2231 2014 2391 2064 sunt.
2430 2009 2676 2062 Virtutes
2731 2010 2947 2065 faciunt
2978 2012 3098 2065 dies
3146 2014 3346 2080 bonos,
3378 2016 3513 2070 vitia
3548 2020 3746 2075 malos.

2749 2133 2975 2188 CAPUT
3000 2137 3109 2191 XL.

2121 2259 2285 2311 Vens.
2359 2259 2412 2310 2.
2478 2287 2540 2295 -
2583 2258 2961 2325 Cogitationes.
3021 2261 3207 2326 (ΗΑΒ.)
3247 2263 3557 2317 Enumerat
3600 2266 3750 2320 mala

2050 2362 2179 2416 qua:
2200 2345 2371 2399 homo
2397 2360 2501 2414 pro
2534 2346 2773 2415 peccatis
2804 2346 3066 2400 sustinet.

2122 2434 2282 2487 Vens.
2317 2436 2366 2488 6.
2410 2462 2477 2471 —
2534 2432 2822 2488 Modicum.
2860 2433 3001 2497 Quia
3057 2451 3187 2489 caro
3218 2443 3442 2491 mortua
3470 2445 3528 2493 et
3555 2440 3752 2494 insen-

2052 2520 2229 2573 sibilis
2267 2520 2336 2573 ad
2386 2524 2613 2590 tempus
2673 2521 3027 2591 requiescere
3077 2522 3318 2587 videtur,
3381 2527 3570 2580 anima
3626 2528 3748 2598 jam

2054 2610 2228 2662 sentit
2258 2608 2538 2673 dolorem,
2580 2613 2635 2661 et
2665 2615 2791 2678 post
2844 2610 3318 2666 resurrectionem
3350 2630 3479 2669 cum
3509 2632 3747 2685 corpore

2054 2712 2156 2749 suo
2184 2696 2242 2750 in
2273 2696 2455 2766 pcenis
2476 2696 2628 2750 vivet
2656 2698 2905 2753 aeternis.

2129 2785 2289 2839 Vens.
2342 2789 2395 2837 7.
2453 2815 2521 2823 ——
2563 2785 2923 2840 Conturbatus
2968 2791 3065 2841 est.
3126 2788 3248 2858 (In.)
3289 2790 3420 2845 ldeo
3454 2792 3589 2845 mali
3614 2808 3749 2847 cru-

316 2894 477 2947 Vens.
512 2897 594 2947 l5.
626 2923 695 2933 —
735 2894 797 2949 Si
833 2896 1209 2962 permanserit.
1270 2893 1464 2962 (ΗΑΒ.)
1521 2892 1747 2961 Christi,
1781 2894 1941 2964 cujus

2126 2864 2358 2927 ibuntur
2400 2872 2459 2925 in
2508 2888 2697 2943 poena,
2761 2878 2893 2942 etc.,
2959 2890 3129 2943 usque
3183 2879 3257 2930 ad
3310 2879 3590 2934 nobilium
3640 2882 3747 2935 sci-

246 2990 385 3037 suut
413 2982 691 3049 membra,
723 2999 755 3035 a
811 2998 926 3052 quo
973 2982 1186 3036 habent
1236 2982 1434 3036 omnia
1481 2998 1493 3035 :
1528 2981 1627 3052 qui
1660 2987 1744 3035 est
1764 2982 1945 3036 virtus

245 3078 303 3127 et
333 3072 611 3142 sapientia
642 3071 841 3125 Patris.

319 3162 590 3215 Veas.t7.
639 3190 706 3200 —
754 3159 1022 3216 Obaudite
1068 3175 1167 3213 me.
1222 3159 1349 3228 (ln.)
1421 3158 1691 3229 Intelligit
1734 3159 1944 3212 doctri-

244 3265 383 3303 nam
404 3264 610 3314 meam,
636 3253 856 3302 mentes
886 3249 1194 3301 electorum
1237 3263 1342 3317 per
1386 3247 1736 3317 baptismum
1769 3262 1942 3317 gene-

252 3345 411 3399 ratae.
448 3342 505 3391 et
533 3338 781 3392 fructum
829 3336 1087 3406 martyrii
1114 3335 1280 3389 facite
1309 3336 1369 3389 in
1418 3336 1664 3390 decursu
1688 3336 1943 3389 mortalis

251 3426 402 3479 vitaz.

321 3498 483 3550 Vens.
512 3498 600 3551 20.
634 3527 701 3536 —
732 3499 802 3551 Et
859 3497 1105 3549 citharis.
1142 3496 1271 3564 (ln.)
1326 3493 1483 3549 Unde
1542 3510 1554 3547 :
1605 3494 1944 3563 Confitemini

247 3587 472 3639 Domino
528 3587 585 3637 in
640 3584 857 3638 cithara
913 3584 1079 3650 (Psal.
1138 3583 1328 3652 χχχιι).
1381 3582 1609 3637 Cithara
1666 3588 1753 3636 est
1799 3582 1940 3652 ligni

242 3672 458 3726 ventris
490 3672 546 3725 in
579 3673 695 3726 imo
723 3672 1061 3735 concavitas,
1096 3677 1227 3737 etc.,
1261 3686 1429 3738 usque
1471 3670 1545 3723 ad
1576 3686 1705 3739 quae
1735 3686 1940 3723 secun-

248 3766 390 3817 dum
412 3761 654 3815 formam
676 3760 933 3831 psalterii
954 3760 1023 3813 de
1054 3759 1315 3829 supernis
1341 3759 1413 3812 ad
1446 3774 1548 3811 nos
1566 3758 1936 3811 conveniunt.

322 3851 483 3904 Vens.
516 3852 605 3905 22.
670 3850 830 3903 ——-ln
858 3849 1014 3901 verbo
1066 3848 1203 3915 ejus.
1260 3848 1383 3918 (10.)
1439 3846 1676 3909 Quando
1744 3861 1943 3915 cogre-

248 3940 406 4010 gavit
433 3955 630 4009 aquas,
655 3942 785 4002 etc.,
818 3952 986 4006 usque
1036 3936 1111 3989 ad
1164 3936 1250 3989 vel
1308 3951 1457 4006 aqua
1504 3934 1940 4004 persecutionis,

253 4026 351 4080 Dei
376 4024 800 4097 dispensatione
822 4023 1207 4093 restringitur.

318 4116 477 4169 Vens.
509 4116 597 4168 24.
633 4141 702 4154 —
755 4112 932 4181 Opera
979 4114 1151 4166 omnis
1209 4112 1410 4163 carnis.
1456 4110 1769 4163 Praisentia
1842 4109 1939 4163 Dei

244 4198 534 4255 antecedit
563 4199 776 4265 omnia,
809 4202 864 4251 et
887 4197 1166 4269 quidquid
1199 4197 1259 4251 ﬁt
1310 4197 1705 4268 temporaliter
1734 4196 1787 4251 ei
1817 4198 1940 4251 sine

244 4296 506 4360 tempore
536 4303 787 4358 praesens
816 4291 918 4340 est.
951 4288 1109 4341 Nihil
1138 4302 1265 4353 ergo
1294 4301 1508 4351 novum,
1541 4302 1709 4353 neque
1756 4291 1941 4340 muta-

245 4382 353 4434 bile
382 4386 459 4433 est
488 4380 548 4432 in
570 4381 851 4445 conspectu
878 4376 995 4444 ejus
1021 4378 1167 4442 (Act.
1204 4380 1262 4441 ι).

322 4469 481 4521 Vens.
531 4469 619 4520 26.
678 4496 745 4504 —
797 4466 915 4519 Non
973 4470 1051 4518 est
1097 4464 1295 4532 dicere,
1359 4468 1463 4517 etc.
1512 4462 1781 4517 Prohibet
1838 4478 1941 4516 nos

243 4572 370 4610 esse
399 4555 671 4621 curiosos,
704 4558 760 4607 et
783 4552 1122 4623 perscrutari
1153 4568 1283 4623 quas
1313 4552 1455 4604 scire
1496 4566 1611 4604 non
1651 4549 1940 4606 convenit.

244 4644 454 4700 Omnia
492 4643 646 4697 enim
678 4642 737 4695 in
766 4646 1023 4709 tempore
1065 4656 1166 4693 suo
1212 4638 1752 4703 manifestabuntur,
1812 4654 1942 4692 cum

242 4732 602 4788 illuminabit
633 4730 908 4784 Dominus
939 4729 1270 4782 abscondita
1298 4727 1528 4781 tenebra
1541 4743 1685 4793 rum,
1727 4732 1785 4780 et
1810 4742 1943 4780 ma-

246 4819 539 4874 nifestabit
567 4817 797 4872 consilia
829 4816 1106 4870 cordium.

320 4908 492 4961 Vnus.
511 4911 605 4962 27.
635 4936 704 4946 —
733 4905 1064 4970 Benedictio,
1101 4910 1207 4958 etc.
1243 4904 1400 4959 Sicut
1424 4906 1550 4973 post
1573 4902 1774 4956 diluvii
1803 4902 1944 4956 eﬁ'u-

243 4997 466 5050 sionem
486 5011 650 5066 aquae
682 4993 969 5057 redibant,
999 4998 1063 5046 ut
1094 4996 1393 5063 appareret
1425 4990 1588 5044 arida
1618 4995 1674 5044 et
1729 4989 1943 5058 germi-

244 5090 440 5149 naret;
473 5084 552 5137 sic
582 5088 713 5153 post
753 5080 1184 5135 exstinctionem
1241 5080 1573 5150 impiorum,
1630 5078 1799 5131 datur
1830 5078 1945 5131 ele-

243 5171 356 5225 ctis
387 5170 620 5223 facultas
651 5168 1061 5224 fructiﬁcandi.

324 5259 482 5313 Vens.
536 5261 623 5313 3t.
676 5286 741 5301 —-
794 5259 1022 5313 Initium
1076 5259 1411 5311 necessariae.
1462 5259 1606 5309 Ante
1638 5254 1945 5321 diluvium,

242 5349 439 5404 fructu
492 5352 660 5401 terra:
735 5345 984 5401 naturali
1032 5346 1159 5400 cibo
1229 5344 1627 5399 nutriebantur
1657 5343 1943 5411 homines,

243 5438 467 5493 nedum
500 5442 664 5491 erant
689 5451 971 5492 concessae
996 5450 1215 5490 carnes.

2054 2960 2184 3015 licet
2208 2967 2266 3015 et
2284 2961 2648 3031 ignobilium.

2126 3051 2285 3103 Vens.
2323 3050 2406 3104 t0.
2432 3080 2499 3088 —
2530 3052 2599 3103 Et
2626 3055 2853 3119 propter
2872 3051 2997 3107 illos
3038 3054 3221 3118 factus
3250 3056 3329 3107 est
3356 3057 3740 3124 cataclysmus.

2051 3136 2311 3191 Peccanti
2367 3137 2587 3191 homini
2638 3138 2932 3208 multiplex
2994 3156 3161 3209 pceua
3215 3141 3487 3208 deputata
3536 3150 3637 3211 est,
3686 3150 3751 3199 ut

2052 3234 2337 3279 correctus
2408 3226 2703 3296 paeniteat,
2763 3232 2819 3281 et
2863 3228 3130 3298 deinceps
3182 3237 3424 3297 caveat;
3478 3234 3573 3287 sed
3614 3234 3750 3304 quia

2054 3314 2312 3385 negligit,
2346 3322 2403 3367 et
2434 3314 2492 3367 in
2533 3316 2715 3383 pmuis
2746 3317 2988 3386 proﬁcit,
3024 3318 3244 3372 inducit
3294 3320 3443 3374 Deus
3468 3320 3749 3376 diluvium

2053 3403 2277 3469 orbi,ut
2314 3404 2609 3457 hominem
2676 3405 2888 3458 deleret
2926 3421 3096 3476 quem
3149 3406 3380 3462 creavit.
3440 3409 3525 3463 Ad
3587 3425 3749 3463 com-

2052 3492 2412 3563 parationem
2436 3509 2566 3546 vero
2610 3492 2815 3547 futurae
2846 3510 3030 3563 poena:
3065 3495 3208 3549 nihil
3252 3501 3336 3549 est
3387 3497 3539 3566 quod
3572 3498 3744 3552 homo

2053 3586 2269 3652 patitur
2288 3581 2344 3634 in
2377 3581 2667 3651 praesenti.

2126 3672 2286 3724 Vens.
2318 3674 2401 3722 11.
2434 3699 2502 3708 -
2553 3672 2624 3723 Et
2680 3686 2835 3737 aquae
2884 3686 3079 3725 omnes.
3142 3672 3270 3741 (ln.)
3310 3674 3495 3743 Opera
3540 3674 3756 3728 scilicet

2056 3764 2422 3829 peccatorum
2470 3773 2734 3827 superna:
2796 3759 3072 3811 mercedis
3102 3760 3349 3813 fructum
3399 3776 3515 3814 non
3548 3762 3751 3833 acqui-

2053 3852 2207 3909 runt,
2237 3846 2335 3899 sed
2366 3860 2666 3915 poenarum
2690 3845 3006 3899 interitum.

2125 3934 2287 3987 Vens.
2324 3935 2407 3986 13.
2468 3962 2535 3973 —
2581 3932 2915 3986 Substantiae
2944 3935 3292 4001 injustorum.
3330 3935 3605 3989 lnchoant
3627 3952 3753 4007 ger-

2055 4022 2298 4085 minare,
2340 4019 2437 4073 sed
2494 4020 2731 4072 tluctant
2780 4019 2837 4072 in
2887 4020 3224 4081 tentatione,
3279 4026 3335 4075 et
3397 4021 3583 4074 subito
3634 4038 3754 4076 are-

2055 4115 2221 4163 scunt
2245 4107 2313 4163 ad
2344 4107 2596 4178 primum
2619 4107 3033 4176 persecutionis
3072 4116 3297 4163 aestum.

2145 4200 2314 4253 Vens.
2373 4200 2453 4251 l5.
2506 4226 2573 4235 ——
2624 4198 2852 4265 Nepotes
2882 4198 3174 4265 impiorum
3212 4213 3317 4251 non
3369 4199 3548 4253 multi.
3588 4199 3750 4269 Saepe

2052 4284 2313 4338 videmus
2335 4282 2671 4354 progeniem
2710 4283 3024 4353 impiorum
3068 4283 3178 4336 cito
3208 4283 3470 4349 deﬁcere,
3505 4282 3752 4337 maxime

2054 4388 2182 4425 cum
2209 4371 2315 4425 lilii
2344 4370 2646 4423 imitantur
2684 4370 3045 4441 iniquitatem
3068 4378 3327 4440 patrum.

2127 4460 2283 4513 Vens.
2320 4461 2404 4513 18.
2432 4489 2500 4497 —
2540 4460 2669 4513 Vita
2705 4460 2813 4514 sibi
2865 4462 3204 4527 sufficientis.
3268 4459 3458 4513 Dulcis
3488 4464 3573 4514 est
3600 4475 3754 4513 som-

2054 4564 2162 4602 nus
2215 4547 2492 4618 speranti,
2551 4547 2667 4600 sive
2726 4563 2948 4617 parum,
2985 4547 3100 4600 sive
3153 4547 3398 4601 multum
3430 4548 3752 4602 comedato.

2052 4638 2299 4692 Invenies
2358 4637 2690 4692 thesaurum.
2754 4637 2895 4691 Vere
2933 4636 3083 4690 enim
3134 4636 3519 4691 Christianum
3550 4652 3608 4690 se
3636 4652 3756 4689 esse

2054 4724 2279 4796 probat,
2312 4724 2409 4795 qui
2445 4724 2651 4779 Christi
2679 4726 2944 4780 mandata
2972 4724 3151 4778 credit
3172 4731 3227 4778 et
3247 4724 3397 4779 facit.

2131 4815 2291 4868 VBRS.
2339 4815 2429 4870 20.
2483 4843 2553 4856 —
2593 4816 2788 4868 Vinum
2840 4818 2890 4867 et
2940 4814 3147 4866 musica
3179 4814 3451 4880 letificant
3481 4828 3591 4867 cor.
3627 4814 3759 4867 Haec

2057 4907 2262 4956 natura
2282 4901 2390 4956 iter
2422 4903 2675 4956 mulcent
2704 4906 2760 4954 et
2816 4901 3155 4965 exhilarant,
3189 4901 3442 4955 animam
3492 4901 3587 4955 sed
3617 4902 3757 4956 dile-

2054 4990 2165 5043 ctio
2194 4990 2492 5060 sapientia:
2523 4994 2579 5043 et
2608 4990 2806 5059 lingua
2838 4988 3086 5043 suaviter
3138 4990 3345 5043 docens
3392 4990 3574 5043 multo
3626 4991 3754 5059 plus

2055 5078 2338 5132 confortat
2374 5078 2744 5132 intellectum.

2133 5169 2289 5220 Vens.
2317 5169 2406 5220 22.
2451 5195 2524 5207 —
2572 5167 2820 5222 Gratiam
2865 5172 2914 5219 et
2938 5168 3165 5234 speciem
3196 5165 3527 5220 desiderabit
3548 5165 3751 5232 oculus,

2059 5254 2334 5308 Ornatum
2355 5253 2568 5307 scilicet
2598 5255 2798 5324 templi
2828 5260 2885 5308 et
2915 5256 3153 5309 culturae
3182 5255 3590 5322 diversitatem,
3625 5270 3755 5325 quae

2058 5342 2214 5413 prior
2244 5341 2492 5412 populus
2521 5342 2625 5396 sub
2649 5346 2770 5413 lege
2798 5343 3017 5406 habuit,
3070 5343 3403 5413 praedicatio
3462 5342 3756 5413 Evangelii

2057 5431 2116 5484 in
2149 5430 2288 5482 orbe
2332 5430 2638 5500 seminata,
2690 5431 2972 5485 bonorum
3022 5447 3264 5502 operum
3293 5431 3483 5485 virore
3519 5430 3749 5486 excellit
