4074 6186
347 276 480 329 1223

416 395 572 448 Vens.
614 395 701 447 26.
738 422 798 433 —
848 392 1151 447 Facultates
1198 393 1247 442 et
1292 390 1537 442 virtutes.
1589 385 1774 452 (ΗΑΒ.)
1807 383 2025 438 Divitiae
2057 385 2104 436 Α

343 481 489 536 dates
519 480 580 535 in
603 480 865 547 Domino,
897 484 1040 544 etc.,
1074 492 1240 546 usque
1262 475 1337 529 ad
1365 480 1422 529 et
1464 474 1592 527 haec
1639 478 1696 526 et
1738 488 1938 527 omnes
1964 471 2042 525 fa-

344 571 581 624 cultates
601 568 820 623 mundi.

415 657 578 710 Vens.
606 657 691 710 30.
724 686 792 694 —
827 655 928 709 Vir
956 654 1268 722 respiciens.
1313 649 1561 706 Stultum
1594 652 1679 703 est
1716 647 1870 702 enim
1896 647 2041 701 otia-

341 745 490 811 ri,et
509 744 578 798 de
623 743 810 796 alieno
856 742 1048 796 labore
1078 740 1396 794 mercedem
1431 753 1708 810 quaerere.
1760 737 2041 805 Percipiet

340 832 492 886 enim
524 830 920 900 unusquisque
952 828 1266 882 secundum
1295 838 1469 898 opera
1490 843 1610 879 sua.

413 921 580 974 Vens.
631 920 718 973 32.
769 949 836 958 —
874 919 939 972 In
972 933 1060 972 ore
1107 916 1474 986 imprudentis
1511 916 1914 972 conculcabitur
1956 918 2040 970 in-

339 1007 484 1076 opia,
509 1011 616 1060 etc.
649 1005 750 1060 Cui
781 1005 965 1075 placet
984 1003 1160 1057 otiose
1210 1008 1460 1072 torpere,
1494 1019 1598 1057 nec
1628 1003 1904 1073 proximis
1930 1004 2037 1058 do-

341 1091 522 1146 cendo
572 1091 858 1160 prodesse,
929 1090 1160 1143 tandem
1217 1088 1511 1144 doloribus
1563 1089 1772 1144 inferni
1802 1095 1860 1143 et
1914 1106 2040 1144 sera

340 1179 738 1252 paenitentiam
766 1178 1049 1233 aestuabit.

1023 1317 1248 1371 CAPUT
1301 1315 1436 1372 XLI.

409 1441 570 1496 Vens.
602 1443 651 1494 1.
683 1470 751 1479 -—
781 1441 823 1496 Ο
853 1455 1016 1506 mors,
1049 1443 1154 1494 etc.
1209 1439 1394 1511 (ΗΑΒ.)
1453 1439 1563 1504 Qui
1599 1439 2037 1512 prosperitatem

340 1530 545 1585 mundi
575 1537 631 1583 et
661 1529 885 1583 divitias
933 1533 1105 1591 amat,
1155 1544 1348 1581 amara
1393 1534 1478 1582 est
1516 1527 1601 1582 illi
1653 1545 1805 1582 mors
1831 1544 2038 1598 corpo-

341 1617 496 1683 ralis,
529 1616 664 1687 quia
691 1616 895 1670 futurm
925 1616 1054 1669 vitae
1086 1616 1295 1685 gaudia
1322 1615 1584 1686 negligit.

412 1707 574 1760 Vens.
626 1708 677 1758 5.
737 1733 809 1745 —
870 1707 975 1759 Hoc
1007 1703 1302 1772 judicium.
1379 1704 1523 1772 (1ο.)
1584 1703 1901 1758 Commune
1955 1705 2041 1757 est

341 1795 501 1849 omni
539 1793 714 1860 carni,
768 1807 872 1845 nec
918 1791 1219 1862 quisquam
1265 1791 1501 1845 evadere
1553 1797 1758 1861 potest,
1791 1791 1961 1845 etiam
1996 1791 2042 1844 si

341 1889 573 1940 centum
631 1887 731 1935 aut
802 1879 960 1934 mille
1017 1896 1198 1933 annos
1251 1879 1453 1933 vixerit
1510 1885 1607 1933 aut
1665 1880 2039 1947 ultra;unde

341 1975 472 2044 Quis
501 1976 579 2025 est
604 1971 755 2024 homo
814 1969 912 2038 qui
939 1970 1083 2023 vivet
1113 1973 1162 2022 et
1198 1983 1302 2023 non
1329 1968 1534 2023 videbit
1553 1973 1776 2023 mortem
1802 1967 1830 2021 ?
1863 1967 2035 2039 (Psal.

339 2062 608 2125 Lxxxvu.)

410 2149 571 2202 Vens.
627 2149 679 2200 8.
731 2176 799 2184 —
854 2145 985 2198 Filii
1035 2143 1516 2198 abominationum.
1600 2143 2038 2199 Abominabiles

342 2241 476 2292 sunt
494 2236 600 2290 ﬁlii
627 2238 1013 2306 peccatorum,
1049 2231 1148 2304 qui
1178 2233 1414 2298 scilicet,
1447 2232 1658 2303 impios
1688 2239 1880 2304 patres
1907 2232 2037 2287 imi-

340 2325 442 2381 tati
473 2329 628 2378 sunt.

412 2414 568 2467 Vens.
623 2415 708 2466 to.
755 2439 822 2450 —
854 2411 937 2464 De
962 2414 1118 2478 patre
1170 2411 1358 2478 impio.
1416 2408 1524 2474 Qui
1565 2409 1712 2463 male
1741 2409 1894 2463 ﬁlios
1927 2424 2036 2463 nu-

336 2501 456 2570 trit,
489 2501 575 2555 vel
605 2499 865 2569 exemplo
895 2498 1106 2568 perdit,
1128 2499 1290 2565 {reus
1333 2502 1418 2552 est
1447 2514 1645 2552 eorum
1679 2497 2036 2567 perditionis.

337 2591 457 2656 Vel,
479 2590 579 2661 qui
601 2590 750 2642 mala
780 2603 957 2658 opera
985 2586 1055 2640 de
1083 2602 1257 2656 prava
1313 2587 1605 2640 voluntate
1634 2586 1843 2657 gignit,
1874 2586 2034 2641 dam-

339 2679 570 2733 nabitur
590 2668 704 2747 pro.
722 2676 821 2730 eis.

412 2768 567 2821 Vens.
602 2768 684 2821 13.
717 2795 784 2804 ——
814 2766 878 2818 In
928 2762 1305 2832 perditionem.
1355 2761 1757 2834 Superioribus
1802 2778 2038 2833 respon-

977 265 1371 322 WALAFRIDI
1408 263 1655 319 STRABI
1695 259 1893 317 Fl'LD.
1938 260 2097 315 MON.
2139 259 2294 315 OPP.
2341 257 2516 312 PARS
2554 256 2596 311 Ι.
2636 283 2709 297 —
2744 252 3197 310 THEOLOGICA.

3701 253 3843 307 1224

2779 377 3007 434 CAPUT
3056 377 3216 432 XLII.

2222 469 2382 522 Vens.
2421 471 2469 522 t.
2529 498 2598 507 —
2643 468 2767 524 Non
2797 465 3037 535 duplices
3101 479 3411 532 sermonem,
3462 468 3565 518 etc.
3642 464 3844 531 (ΗΑΒ.)

2152 555 2421 609 Prohibet
2449 555 2519 609 de
2543 555 2761 608 occulto
2786 553 2972 608 cordis
3022 552 3236 607 bonum
3295 557 3352 606 et
3409 552 3625 605 malum
3672 551 3843 604 simul

2149 643 2367 710 dicere;
2424 643 2576 699 unde
2629 660 2641 697 :
2695 641 2964 713 Nunquid
3013 641 3138 695 fons
3193 642 3262 696 de
3297 641 3499 695 eodem
3559 639 3846 694 foramine

2149 736 2379 786 emanat
2405 732 2626 786 dulcem
2663 736 2720 785 et
2749 746 3004 784 amaram
3029 728 3276 800 aquam?

2221 821 2380 875 Vens.
2413 821 2464 873 4.
2499 849 2566 860 -
2595 823 2665 873 De
2691 819 3002 887 mqualitatc
3028 822 3286 887 Lstaterz,
3343 819 3472 881 etc.,
3535 816 3661 885 (1ο.)
3713 815 3845 869 Ubi-

2147 924 2259 978 que
2319 909 2611 978 sequenda
2657 912 2741 960 est
2797 906 3055 977 aequitas,
3118 911 3250 970 etc.,
3297 920 3466 972 usque
3520 904 3595 957 ad
3649 903 3844 972 subje-

2146 1001 2266 1050 ctos
2292 1013 2522 1067 quoque
2551 1013 2680 1050 cum
2711 995 3054 1049 discretione
3085 993 3404 1064 disciplina:
3433 1008 3725 1063 regamus.

2218 1087 2291 1138 De
2320 1086 2634 1153 aequalitate
2687 1089 2919 1139 staterae.
2966 1083 3252 1146 Quantum
3300 1081 3619 1151 hypocrisis
3654 1086 3711 1133 te
3742 1080 3846 1132 do-

2145 1172 2234 1227 lus
2266 1173 2509 1228 Domino
2541 1173 2836 1243 displiceat
2867 1171 3189 1225 ostenditur
3217 1170 3304 1223 his
3333 1169 3520 1223 verbis
3553 1185 3566 1221 :
3624 1168 3844 1223 Statera

2147 1261 2332 1316 dolosa
2353 1261 2682 1314 abominatio
2711 1263 2792 1313 est
2839 1258 2990 1328 apud
3034 1260 3216 1311 Deum.
3269 1256 3379 1321 Qui
3410 1257 3578 1310 aliter
3607 1272 3842 1310 causam

2146 1350 2416 1422 pauperis
2445 1365 2619 1419 quam
2676 1347 2925 1419 potentis
2976 1345 3209 1412 liberat;
3254 1345 3342 1399 vel
3381 1360 3482 1398 sua
3541 1350 3733 1397 errata
3767 1346 3846 1397 le-

2145 1438 2306 1492 viora
2351 1453 2524 1509 quam
2546 1436 2789 1490 aliorum
2810 1439 3009 1507 putat;
3042 1436 3128 1489 vel
3161 1433 3259 1506 qui
3306 1434 3613 1505 imponunt
3643 1434 3704 1486 in
3734 1433 3847 1486 hu-

2146 1543 2334 1582 meros
2375 1525 2675 1580 hominum
2710 1541 2885 1578 onera
2940 1522 3373 1594 importabilia;
3428 1523 3514 1575 vel
3546 1522 3649 1593 qui
3695 1523 3848 1575 bona

2068 1651 2110 1705 Β
2148 1617 2208 1671 in
2236 1616 2486 1687 publico,
2546 1615 2697 1668 mala
2752 1613 2812 1667 in
2854 1612 3072 1666 occulto
3102 1611 3238 1682 agit,
3299 1609 3705 1664 abominabilis
3765 1615 3850 1664 est

2151 1703 2415 1758 Domino.

2220 1794 2381 1847 Vens.
2528 1792 2704 1846 -Et
2750 1805 2901 1845 servo
2953 1790 3207 1860 pessimo.
3267 1785 3564 1858 Signiﬁcat
3615 1801 3846 1840 servum

2149 1881 2250 1953 qui
2281 1881 2467 1936 verbis
2488 1897 2603 1934 non
2643 1879 2973 1950 corrigitur,
3020 1875 3350 1931 verberibus
3406 1891 3528 1929 esse
3584 1890 3849 1929 coercen-

2148 1972 2307 2026 dum.
2341 1970 2546 2025 Servus
2578 1983 2810 2040 quoque
2839 1967 3110 2022 vitiorum
3140 1982 3334 2020 severa
3362 1965 3667 2036 disciplina
3722 1977 3849 2019 cor-

2146 2056 2423 2127 rigendus
2455 2061 2559 2111 est.

2218 2146 2388 2199 Vens.
2418 2149 2471 2198 7.
2505 2175 2572 2184 -—
2618 2145 2718 2197 Ubi
2764 2158 2956 2197 manus
2987 2143 3188 2204 multa.
3239 2146 3344 2197 etc.
3404 2141 3691 2196 Admonet
3744 2140 3845 2194 ubi

2147 2232 2384 2286 diversae
2443 2236 2577 2286 sunt
2623 2233 2944 2286 voluntates
2976 2230 3258 2301 spirituali
3316 2230 3474 2284 lucro
3530 2229 3846 2292 inhiantes,

2145 2324 2309 2374 caute
2360 2336 2480 2375 esse
2531 2320 3002 2391 dispensandum.
3052 2319 3164 2373 Alii
3218 2319 3372 2373 enim
3431 2317 3715 2382 tentandi,
3751 2317 3850 2370 alii

2145 2407 2401 2462 discendi
2434 2412 2564 2462 voto
2599 2412 2869 2478 quaerunt
2897 2407 3157 2475 verbum,
3193 2406 3289 2460 sed
3326 2421 3445 2459 non
3475 2403 3672 2458 omnia
3717 2420 3851 2458 om-

2147 2495 2316 2550 nibus
2355 2495 2724 2549 conveniunt.

2216 2584 2378 2639 Vens.
2413 2585 2464 2638 8.
2501 2615 2566 2623 —
2619 2587 2692 2638 De
2748 2583 3060 2652 disciplina.
3109 2581 3217 2646 Qui
3246 2597 3499 2652 congrua
3543 2580 3848 2650 disciplina

2144 2687 2622 2742 unumquemque
2682 2669 2893 2741 arguit,
2933 2669 3219 2723 eruditum
3263 2685 3320 2723 se
3369 2675 3426 2722 et
3478 2668 3845 2738 probabilem

2145 2759 2436 2813 doctorem
2467 2760 2527 2812 in
2550 2765 2861 2828 conspectu
2890 2762 3216 2811 sanctorum
3259 2756 3527 2810 ostendit.
3565 2757 3678 2809 Nec
3707 2762 3848 2808 mtas

338 2855 455 2918 det,
487 2855 544 2909 in
567 2853 776 2925 quibus
821 2853 891 2907 de
932 2857 1115 2905 morte
1171 2851 1476 2922 temporali
1519 2850 1871 2922 disputavit:
1903 2852 2038 2922 quia
2081 2921 2107 2925 _
2138 2846 2410 2916 juvenilis
2435 2846 2496 2900 in
2545 2847 2777 2900 doctore
2829 2844 3214 2915 despicienda,
3253 2860 3425 2916 quem
3456 2844 3570 2897 vita
3619 2849 3678 2898 et
3722 2843 3845 2898 dis-

336 2942 481 2996 sicut
511 2943 683 2996 homo
715 2941 784 2995 de
813 2945 966 2994 terra
1015 2945 1237 2994 creatus
1266 2921 1371 3009 pro
1420 2921 1648 3010 peccato
1681 2921 1950 3009 originali
1980 2939 2040 2992 in
2071 2921 2112 2976 ο
2151 2935 2327 2988 cretio
2354 2935 2741 2989 commendat.

333 3036 547 3086 terram
577 3030 740 3093 redit,
775 3028 1034 3101 quamvis
1061 3027 1121 3082 in
1169 3027 1599 3098 incorruptione
1653 3032 2036 3081 surrecturus.

335 3120 416 3174 sic
446 3119 609 3190 impii
650 3134 754 3189 pro
807 3117 1051 3189 peccatis
1106 3115 1221 3170 suis
1271 3116 1582 3185 maledicti,
1641 3115 1700 3170 in
1762 3120 2038 3170 aeternam

335 3208 718 3280 perditionem
748 3222 878 3260 cum
904 3221 1142 3276 corpore
1170 3209 1225 3258 et
1255 3205 1446 3259 anima
1472 3204 1660 3258 ibunt.

405 3299 572 3351 Vens.
626 3298 709 3349 15.
764 3325 833 3334 -
882 3295 1080 3350 Curam
1149 3295 1284 3348 habe
1351 3293 1418 3348 de
1463 3293 1595 3348 bono
1638 3295 1870 3360 nomine,
1928 3297 2032 3347 etc.

333 3385 405 3439 Ut
432 3384 576 3438 bene
604 3387 658 3436 et
696 3382 964 3452 religiose
1010 3382 1182 3435 vivas.
1216 3381 1307 3436 Sic
1337 3387 1529 3435 autem
1584 3381 1903 3451 acquiritur
1929 3380 2034 3435 bo-

334 3487 476 3526 num
517 3486 749 3525 nomen.

405 3560 566 3612 Vens.
601 3559 687 3612 18.
721 3587 787 3596 -
830 3558 1022 3612 Melior
1077 3560 1156 3611 est
1182 3556 1334 3610 homo
1383 3556 1481 3624 qui
1532 3555 1813 3609 abscondit
1848 3556 2031 3610 stulti-

335 3649 470 3700 tiam
492 3661 666 3713 suam,
699 3648 804 3698 etc.
856 3644 965 3709 Qui
1018 3643 1332 3698 abscondet
1377 3641 1757 3708 frumentum,
1801 3642 2036 3697 maledi-

332 3737 490 3787 cetnr
519 3733 579 3786 in
601 3733 852 3804 populis,
884 3732 1206 3788 benedictio
1237 3737 1430 3787 autem
1480 3747 1653 3802 super
1682 3737 1854 3803 caput
1881 3748 2024 3786 ven-

333 3821 615 3876 dentium.

402 3910 564 3965 Vens.
619 3911 704 3964 19.
762 3937 829 3949 —-
884 3910 1268 3965 Verumtamen
1313 3911 1649 3964 revertimini
1693 3911 1753 3963 in
1783 3909 1867 3963 his
1911 3925 2029 3978 quae

327 3993 640 4068 précedunt.
674 3997 844 4067 kQuia
883 3992 1098 4051 bonum
1131 4012 1343 4050 nomen
1371 4003 1428 4050 et
1468 3997 1678 4050 bonam
1711 3997 1881 4051 vitam
1912 3997 2026 4051 uti-

329 4087 445 4140 lem
486 4101 607 4140 esse
651 4085 940 4156 praedixit,
989 4090 1045 4140 et
1091 4085 1440 4140 occultantes
1495 4084 1789 4138 scientiam
1838 4101 2027 4155 repre-

2222 3024 2391 3078 Veas.
2431 3026 2484 3078 9.
2520 3053 2588 3064 σ-
2633 3023 2775 3077 Filia
2815 3023 3018 3091 patris.
3075 3019 3262 3091 (ΒΑΗ.)
3292 3019 3520 3091 Mystice
3581 3020 3701 3073 ﬁlia
3740 3036 3848 3090 pa-

2153 3109 2273 3175 tris,
2307 3114 2436 3179 etc.,
2472 3126 2640 3179 usque
2675 3110 2750 3164 ad
2769 3110 2855 3163 vel
2884 3109 3538 3180 transgrediatnrlegem
3574 3109 3674 3162 Dei
3698 3108 3850 3162 facta

2147 3199 2357 3253 sterilis
2389 3200 2448 3254 in
2481 3198 2749 3253 omnibus
2774 3197 2960 3252 bonis.

2214 3289 2357 3342 Filia
2406 3289 2612 3358 patris.
2671 3288 2866 3354 Docet,
2917 3286 2988 3340 ad
3017 3285 3290 3352 litteram,
3338 3289 3605 3356 parentes
3630 3285 3846 3340 sobolis

2145 3391 2258 3430 sum
2287 3391 2484 3430 curam
2514 3391 2736 3447 gerere,
2795 3379 2850 3428 et
2898 3389 3027 3428 cum
3059 3373 3358 3444 disciplina
3409 3373 3648 3441 nutrire,
3685 3378 3740 3426 et
3769 3389 3844 3426 ne

2142 3463 2388 3518 lascivire
2425 3469 2481 3517 et
2505 3463 2782 3534 voluptati
2817 3463 2979 3517 frena
3015 3463 3292 3516 relaxent.

2213 3551 2376 3606 Vens.
2422 3555 2505 3606 11.
2545 3580 2616 3592 -
2662 3553 2840 3621 Super
2893 3552 3064 3620 ﬁliam
3120 3552 3482 3616 luxuriosam,
3544 3555 3650 3604 etc.
3704 3551 3844 3615 Qum

2143 3639 2476 3711 diligentem
2529 3640 2734 3710 quaerit
2790 3639 3126 3694 custodiam.
3208 3639 3267 3694 Si
3322 3639 3476 3693 enim
3533 3639 3847 3693 dimittitur

2141 3744 2258 3782 sum
2286 3728 2586 3795 voluntati,
2621 3729 2908 3782 doctorem
2949 3727 3249 3782 confundit
3285 3732 3343 3782 et
3386 3728 3445 3781 in
3474 3727 3844 3782 multitudine

2139 3817 2342 3888 populi
2392 3817 2727 3871 erubescere
2783 3817 2931 3871 facit.
2994 3816 3174 3883 Unde,
3232 3817 3549 3886 periculose
3595 3815 3704 3869 tibi
3728 3815 3845 3869 mi-

2140 3905 2364 3971 nistrat,
2390 3907 2552 3974 cujus
2588 3906 2810 3959 vultum
2851 3905 3184 3975 freqnenter
3244 3905 3509 3959 attendis.
3548 3905 3688 3958 Nam
3737 3904 3844 3958 im-

2137 3993 2330 4063 pudici
2361 3993 2510 4047 oculi
2545 4009 2660 4046 non
2688 3998 2903 4047 norunt
2927 3993 3136 4047 animae
3180 3993 3672 4064 pulchritudinem
3703 4009 3841 4047 con-

2135 4081 2406 4148 siderare,
2434 4081 2533 4136 sed
2553 4096 2882 4151 corporum.

327 4174 548 4240 hendit,
593 4174 786 4229 suadet
820 4178 886 4228 ut
930 4178 1290 4228 revertantur
1347 4173 1416 4228 ad
1475 4173 1729 4228 studium
1783 4173 2024 4228 docendi
2061 4189 2107 4243 ι)
2211 4172 2365 4225 Vens.
2418 4171 2501 4224 14.
2559 4201 2625 4209 -
2663 4172 2846 4225 Melior
2891 4174 2970 4224 est
3027 4172 3168 4224 enim
3228 4172 3496 4239 iniquitas
3558 4172 3692 4236 viri,
3731 4176 3840 4225 etc.

330 4262 466 4333 quia
496 4277 610 4316 non
640 4267 724 4317 est
766 4262 983 4317 bonum
1038 4261 1448 4316 irreverentem
1502 4265 1560 4315 et
1604 4260 2027 4316 inobedientem

334 4366 454 4404 esse
474 4366 578 4403 suo
603 4349 842 4404 doctori.

403 4438 580 4491 Vens.
613 4439 702 4491 20.
753 4466 823 4475 —
865 4437 985 4492 Non
1015 4441 1094 4490 est
1147 4435 1340 4490 bonum
1368 4450 1571 4489 omnem
1626 4437 2030 4490 irreverentiam

327 4524 626 4579 observare.
661 4524 829 4578 Juxta
850 4522 1120 4588 litteram,
1170 4538 1272 4576 nos
1302 4521 1535 4576 instruit
1578 4526 1643 4576 ut
1685 4539 1717 4576 a
1762 4522 1916 4576 vitiis
1937 4537 2028 4576 ca-

330 4628 584 4681 veamus,
614 4615 671 4667 et
694 4611 1000 4665 virtutibus
1047 4626 1280 4681 operam
1333 4610 1554 4678 demus,
1615 4615 1672 4665 et
1725 4627 1798 4665 ne
1824 4611 2030 4681 spretis

331 4699 690 4766 melioribus,
724 4699 1007 4769 eligamus
1039 4700 1259 4770 pejora,
1305 4715 1434 4770 quae
1481 4698 1740 4770 sequitur
1769 4699 2028 4753 confusio

331 4789 699 4859 sempiterna.

401 4877 566 4931 Vens.
597 4878 686 4930 26.
727 4905 786 4916 --
837 4877 956 4932 Non
999 4879 1214 4930 avertas
1263 4876 1462 4942 faciem
1523 4879 1673 4930 tuam
1701 4893 1736 4930 a
1778 4879 2030 4946 proximo

331 4968 439 5018 tuo.
470 4970 577 5018 etc.
610 4963 796 5033 (ΗΑΒ.)
829 4964 971 5018 Cum
1001 4963 1191 5034 angeli
1225 4962 1498 5034 colligent
1527 4964 1596 5018 de
1627 4963 1874 5018 Ecclesia
1906 4980 2024 5018 om-

329 5055 423 5107 nia
451 5053 738 5119 scandala,
792 5058 923 5118 etc.,
963 5067 1132 5120 usque
1186 5052 1261 5106 ad
1313 5057 1371 5106 et
1411 5051 1890 5107 fornicationibus
1918 5053 2030 5106 hm-

327 5142 636 5197 reticorum
669 5157 728 5196 se
757 5141 999 5194 miscuit.

401 5231 568 5284 Vens.
593 5233 681 5284 27.
717 5259 786 5269 —
813 5231 892 5284 Ne
920 5231 1180 5298 respicias
1232 5231 1506 5284 mulierem
1569 5230 1738 5284 alieni
1763 5230 1892 5296 viri,
1921 5233 2027 5283 etc.

330 5316 712 5387 Cupiditatem
751 5317 1040 5372 carnalem
1095 5333 1225 5388 quae
1283 5317 1453 5372 debet
1498 5317 1726 5371 subesse
1784 5317 2026 5386 spiritui.

328 5405 478 5460 hanc
506 5422 624 5460 non
678 5407 953 5462 debemus
1000 5406 1244 5462 scrutari
1301 5412 1357 5461 et
1402 5406 1864 5477 suggestionibns
1911 5405 2033 5477 ejus

331 5491 556 5562 subjici.

2139 4260 2270 4329 (ln.)
2324 4259 2524 4313 Mulier
2590 4263 2689 4312 aut
2743 4274 2938 4311 sexum
2993 4257 3297 4328 significat,
3351 4263 3493 4324 etc.,
3537 4273 3710 4328 usque
3768 4258 3844 4312 ad

2138 4346 2273 4418 quia
2303 4362 2394 4399 res
2422 4345 2755 4400 confusione
2778 4345 2978 4415 dignas
3009 4345 3175 4415 gerit.

2210 4437 2375 4490 Vens.
2415 4438 2496 4489 t‘o’.
2534 4464 2603 4474 —-
2639 4437 2842 4489 Memor
2885 4450 2972 4488 ero
3010 4436 3186 4501 igitur
3240 4449 3482 4504 operum,
3543 4438 3649 4489 etc.
3707 4435 3839 4504 (10.)

2139 4523 2445 4593 Hucusqne
2473 4523 2544 4578 de
2591 4521 2826 4576 diversis
2857 4521 3029 4576 rebus
3095 4522 3424 4591 disputavit,
3471 4527 3606 4592 etc.,
3665 4538 3842 4592 usque

2137 4612 2211 4666 ad
2240 4617 2296 4666 et
2324 4616 2523 4681 postea
2552 4616 2782 4681 patrum
2804 4609 2975 4664 fortia
3004 4609 3152 4664 facta
3172 4610 3460 4665 describit.

2211 4700 2370 4754 Vens.
2422 4701 2504 4754 19.
2563 4729 2631 4737 —
2684 4698 2940 4766 Cognovit
2987 4700 3128 4752 enim
3187 4701 3464 4768 Dominus,
3519 4704 3628 4753 etc.
3691 4699 3841 4764 Quia

2138 4803 2336 4841 omnes
2366 4791 2560 4841 tetates
2588 4786 2787 4841 mundi
2816 4791 3126 4856 prmsentes
3156 4790 3290 4840 sunt
3339 4789 3413 4852 ei,
3464 4787 3617 4858 apud
3661 4802 3839 4858 quem

2139 4875 2282 4930 nihil
2315 4875 2694 4946 praeteritum,
2727 4875 2872 4929 nihil
2909 4875 3169 4930 futurum
3221 4880 3339 4942 est;
3371 4876 3494 4945 ipse
3541 4875 3697 4929 solus
3749 4891 3840 4929 re-

2136 4963 2285 5017 velat
2310 4963 2601 5033 mysteria,
2629 4962 2728 5033 qui
2758 4962 2861 5017 scit
2915 4963 3277 5034 singulorum
3319 4963 3515 5026 corda.
3548 4963 3652 5034 qui
3707 4979 3838 5018 om-

2137 5068 2240 5106 nes
2265 5052 2546 5122 cogitatus
2580 5056 2636 5106 et
2655 5067 2948 5106 sermones
2976 5051 3225 5122 inspicit.

2208 5141 2368 5194 Vens.
2401 5143 2490 5196 2t.
2523 5170 2592 5181 —
2624 5140 2900 5206 Magnalia
2941 5142 3252 5211 sapientiae.
3306 5140 3544 5205 Quando
3583 5141 3838 5212 prophe-

2138 5229 2212 5284 tis
2266 5228 2477 5283 scilicet
2531 5231 2589 5282 et
2645 5227 2916 5299 apostolis
2979 5234 3398 5300 sacramentum
3472 5229 3699 5283 consilii
3751 5229 3841 5283 sui

2139 5315 2535 5372 absconditum
2575 5333 2607 5371 a
2663 5317 2885 5372 saeculis
2952 5322 3010 5372 et
3063 5317 3529 5388 generationibus
3566 5316 3842 5373 fidelibus

2141 5405 2425 5460 revelavit.
2460 5406 2585 5477 Ipse
2629 5407 2783 5462 enim
2815 5409 2901 5461 est
2946 5413 3077 5461 ante
3124 5423 3324 5462 omnes
3371 5411 3426 5462 et
3448 5411 3581 5478 post
3611 5423 3844 5478 omnes,

2140 5494 2232 5548 cui
2262 5494 2406 5549 nihil
2431 5495 2679 5564 additur,
2715 5495 2859 5551 nihil
2892 5494 3192 5550 minuitur.
