  <div class='ocr_page' id='page_1' title='image "/cluster/home/n/w/nwhite01/storage/ocr_20150623/113/hvd.32044054759782/618.png"; bbox 0 0 4018 6176; ppageno 0'>
   <div class='ocr_carea' id='block_1_1' title="bbox 213 191 350 241">
    <p class='ocr_par' dir='ltr' id='par_1_1' title="bbox 213 191 350 241">
     <span class='ocr_line' id='line_1_1' title="bbox 213 191 350 241; baseline 0 0"><span class='ocrx_word' id='word_1_1' title='bbox 213 191 350 241; x_wconf 68' lang='lat'><strong>1-225</strong></span> 
     </span>
    </p>
   </div>
   <div class='ocr_carea' id='block_1_2' title="bbox 1337 187 2578 243">
    <p class='ocr_par' dir='ltr' id='par_1_2' title="bbox 1337 187 2578 243">
     <span class='ocr_line' id='line_1_2' title="bbox 1337 187 2578 243; baseline -0.001 -4"><span class='ocrx_word' id='word_1_2' title='bbox 1337 188 1589 242; x_wconf 80' lang='lat' dir='ltr'><strong>GLOSSA</strong></span> <span class='ocrx_word' id='word_1_3' title='bbox 1632 187 2026 243; x_wconf 77' lang='lat' dir='ltr'><strong>ORDINARIA.</strong></span> <span class='ocrx_word' id='word_1_4' title='bbox 2072 218 2138 226; x_wconf 97' lang='lat'><strong>—</strong></span> <span class='ocrx_word' id='word_1_5' title='bbox 2189 188 2313 241; x_wconf 81' lang='lat' dir='ltr'><strong>LIB.</strong></span> <span class='ocrx_word' id='word_1_6' title='bbox 2360 188 2578 242; x_wconf 87' lang='lat' dir='ltr'><strong>ECCLI.</strong></span> 
     </span>
    </p>
   </div>
   <div class='ocr_carea' id='block_1_3' title="bbox 3575 190 3708 242">
    <p class='ocr_par' dir='ltr' id='par_1_3' title="bbox 3575 190 3708 242">
     <span class='ocr_line' id='line_1_3' title="bbox 3575 190 3708 242; baseline -0.023 0"><span class='ocrx_word' id='word_1_7' title='bbox 3575 190 3708 242; x_wconf 68' lang='lat'><strong>1226</strong></span> 
     </span>
    </p>
   </div>
   <div class='ocr_carea' id='block_1_4' title="bbox 278 310 3711 382">
    <p class='ocr_par' dir='ltr' id='par_1_4' title="bbox 278 310 3711 382">
     <span class='ocr_line' id='line_1_4' title="bbox 278 310 3711 382; baseline 0.001 -19"><span class='ocrx_word' id='word_1_8' title='bbox 278 312 442 364; x_wconf 88' lang='lat' dir='ltr'><strong>Vens.</strong></span> <span class='ocrx_word' id='word_1_9' title='bbox 473 310 563 364; x_wconf 78' lang='lat'><strong>23.</strong></span> <span class='ocrx_word' id='word_1_10' title='bbox 599 341 658 351; x_wconf 90' lang='lat'><strong>—</strong></span> <span class='ocrx_word' id='word_1_11' title='bbox 703 313 770 365; x_wconf 86' lang='lat' dir='ltr'><strong>Et</strong></span> <span class='ocrx_word' id='word_1_12' title='bbox 806 314 1068 377; x_wconf 83' lang='lat' dir='ltr'><strong>tanquam</strong></span> <span class='ocrx_word' id='word_1_13' title='bbox 1108 310 1368 363; x_wconf 78' lang='lat' dir='ltr'><strong>scintilla.</strong></span> <span class='ocrx_word' id='word_1_14' title='bbox 1401 311 1698 380; x_wconf 82' lang='lat' dir='ltr'><strong>Tanquam</strong></span> <span class='ocrx_word' id='word_1_15' title='bbox 1757 310 1911 364; x_wconf 85' lang='lat' dir='ltr'><strong>scin-</strong></span> <span class='ocrx_word' id='word_1_16' title='bbox 1940 313 1985 364; x_wconf 84' lang='lat' dir='ltr'><strong>A</strong></span> <span class='ocrx_word' id='word_1_17' title='bbox 2025 316 2237 377; x_wconf 83' lang='lat' dir='ltr'><strong>tatem;</strong></span> <span class='ocrx_word' id='word_1_18' title='bbox 2272 310 2369 363; x_wconf 90' lang='lat' dir='ltr'><strong>ubi</strong></span> <span class='ocrx_word' id='word_1_19' title='bbox 2402 310 2554 363; x_wconf 90' lang='lat' dir='ltr'><strong>enim</strong></span> <span class='ocrx_word' id='word_1_20' title='bbox 2592 310 2673 362; x_wconf 85' lang='lat' dir='ltr'><strong>sal</strong></span> <span class='ocrx_word' id='word_1_21' title='bbox 2736 310 3042 380; x_wconf 81' lang='lat' dir='ltr'><strong>spargitur,</strong></span> <span class='ocrx_word' id='word_1_22' title='bbox 3086 311 3356 364; x_wconf 82' lang='lat' dir='ltr'><strong>sterilitas</strong></span> <span class='ocrx_word' id='word_1_23' title='bbox 3409 312 3665 382; x_wconf 80' lang='lat' dir='ltr'><strong>sequitur</strong></span> <span class='ocrx_word' id='word_1_24' title='bbox 3698 329 3711 367; x_wconf 89' lang='lat'><strong>:</strong></span> 
     </span>
    </p>
   </div>
   <div class='ocr_carea' id='block_1_5' title="bbox 210 399 1915 470">
    <p class='ocr_par' dir='ltr' id='par_1_5' title="bbox 210 399 1915 470">
     <span class='ocr_line' id='line_1_5' title="bbox 210 399 1915 470; baseline 0.001 -19"><span class='ocrx_word' id='word_1_25' title='bbox 210 400 397 452; x_wconf 85' lang='lat' dir='ltr'><strong>tillam</strong></span> <span class='ocrx_word' id='word_1_26' title='bbox 430 400 487 452; x_wconf 92' lang='lat' dir='ltr'><strong>in</strong></span> <span class='ocrx_word' id='word_1_27' title='bbox 520 415 701 469; x_wconf 85' lang='lat' dir='ltr'><strong>opera</strong></span> <span class='ocrx_word' id='word_1_28' title='bbox 736 399 836 453; x_wconf 87' lang='lat' dir='ltr'><strong>Dei</strong></span> <span class='ocrx_word' id='word_1_29' title='bbox 866 399 1317 465; x_wconf 65' lang='lat' dir='ltr'><strong>consideramus,</strong></span> <span class='ocrx_word' id='word_1_30' title='bbox 1350 399 1485 470; x_wconf 83' lang='lat' dir='ltr'><strong>quia</strong></span> <span class='ocrx_word' id='word_1_31' title='bbox 1538 400 1625 453; x_wconf 84' lang='lat' dir='ltr'><strong>vix</strong></span> <span class='ocrx_word' id='word_1_32' title='bbox 1679 415 1915 470; x_wconf 84' lang='lat' dir='ltr'><strong>parvam</strong></span> 
     </span>
    </p>
   </div>
   <div class='ocr_carea' id='block_1_6' title="bbox 208 486 1044 556">
    <p class='ocr_par' dir='ltr' id='par_1_6' title="bbox 208 486 1044 556">
     <span class='ocr_line' id='line_1_6' title="bbox 208 486 1044 556; baseline -0.002 -15"><span class='ocrx_word' id='word_1_33' title='bbox 208 489 478 541; x_wconf 72' lang='lat' dir='ltr'><strong>notitiam</strong></span> <span class='ocrx_word' id='word_1_34' title='bbox 504 488 635 541; x_wconf 90' lang='lat' dir='ltr'><strong>inde</strong></span> <span class='ocrx_word' id='word_1_35' title='bbox 674 486 1044 556; x_wconf 83' lang='lat' dir='ltr'><strong>percipimus.</strong></span> 
     </span>
    </p>
   </div>
   <div class='ocr_carea' id='block_1_7' title="bbox 288 573 1917 645">
    <p class='ocr_par' dir='ltr' id='par_1_7' title="bbox 288 573 1917 645">
     <span class='ocr_line' id='line_1_7' title="bbox 288 573 1917 645; baseline -0.001 -17"><span class='ocrx_word' id='word_1_36' title='bbox 288 577 448 629; x_wconf 86' lang='lat' dir='ltr'><strong>Vens.</strong></span> <span class='ocrx_word' id='word_1_37' title='bbox 468 578 557 631; x_wconf 78' lang='lat'><strong>25.</strong></span> <span class='ocrx_word' id='word_1_38' title='bbox 593 606 659 614; x_wconf 93' lang='lat'><strong>—</strong></span> <span class='ocrx_word' id='word_1_39' title='bbox 679 576 873 630; x_wconf 80' lang='lat' dir='ltr'><strong>Omnia</strong></span> <span class='ocrx_word' id='word_1_40' title='bbox 897 575 1160 644; x_wconf 83' lang='lat' dir='ltr'><strong>duplicia,</strong></span> <span class='ocrx_word' id='word_1_41' title='bbox 1194 579 1298 627; x_wconf 89' lang='lat' dir='ltr'><strong>etc.</strong></span> <span class='ocrx_word' id='word_1_42' title='bbox 1319 574 1601 645; x_wconf 76' lang='lat' dir='ltr'><strong>(RAB.)Ita</strong></span> <span class='ocrx_word' id='word_1_43' title='bbox 1632 573 1917 628; x_wconf 83' lang='lat' dir='ltr'><strong>ordinavit</strong></span> 
     </span>
    </p>
   </div>
   <div class='ocr_carea' id='block_1_8' title="bbox 215 663 1917 733">
    <p class='ocr_par' dir='ltr' id='par_1_8' title="bbox 215 663 1917 733">
     <span class='ocr_line' id='line_1_8' title="bbox 215 663 1917 733; baseline -0.001 -16"><span class='ocrx_word' id='word_1_44' title='bbox 215 665 369 717; x_wconf 86' lang='lat' dir='ltr'><strong>Deus</strong></span> <span class='ocrx_word' id='word_1_45' title='bbox 418 664 630 721; x_wconf 87' lang='lat' dir='ltr'><strong>omnia.</strong></span> <span class='ocrx_word' id='word_1_46' title='bbox 686 668 745 716; x_wconf 93' lang='lat' dir='ltr'><strong>ut</strong></span> <span class='ocrx_word' id='word_1_47' title='bbox 786 679 914 733; x_wconf 67' lang='lat' dir='ltr'><strong>qua:</strong></span> <span class='ocrx_word' id='word_1_48' title='bbox 970 663 1075 716; x_wconf 88' lang='lat' dir='ltr'><strong>sibi</strong></span> <span class='ocrx_word' id='word_1_49' title='bbox 1128 663 1393 716; x_wconf 90' lang='lat' dir='ltr'><strong>videntur</strong></span> <span class='ocrx_word' id='word_1_50' title='bbox 1455 679 1576 717; x_wconf 88' lang='lat' dir='ltr'><strong>esse</strong></span> <span class='ocrx_word' id='word_1_51' title='bbox 1632 663 1917 716; x_wconf 90' lang='lat' dir='ltr'><strong>contraria</strong></span> 
     </span>
    </p>
   </div>
   <div class='ocr_carea' id='block_1_9' title="bbox 214 750 1699 820">
    <p class='ocr_par' dir='ltr' id='par_1_9' title="bbox 214 750 1699 820">
     <span class='ocr_line' id='line_1_9' title="bbox 214 750 1699 820; baseline 0 -17"><span class='ocrx_word' id='word_1_52' title='bbox 214 752 580 814; x_wconf 84' lang='lat' dir='ltr'><strong>conveniant,</strong></span> <span class='ocrx_word' id='word_1_53' title='bbox 611 756 675 803; x_wconf 90' lang='lat' dir='ltr'><strong>ut</strong></span> <span class='ocrx_word' id='word_1_54' title='bbox 713 752 993 803; x_wconf 91' lang='lat' dir='ltr'><strong>elementa</strong></span> <span class='ocrx_word' id='word_1_55' title='bbox 1018 750 1100 802; x_wconf 88' lang='lat' dir='ltr'><strong>vel</strong></span> <span class='ocrx_word' id='word_1_56' title='bbox 1132 754 1378 819; x_wconf 78' lang='lat' dir='ltr'><strong>quatuor</strong></span> <span class='ocrx_word' id='word_1_57' title='bbox 1419 755 1699 820; x_wconf 86' lang='lat' dir='ltr'><strong>tempora.</strong></span> 
     </span>
    </p>
   </div>
   <div class='ocr_carea' id='block_1_10' title="bbox 839 860 1289 946">
    <p class='ocr_par' dir='ltr' id='par_1_10' title="bbox 839 860 1289 946">
     <span class='ocr_line' id='line_1_10' title="bbox 839 860 1289 946; baseline 0.004 -2"><span class='ocrx_word' id='word_1_58' title='bbox 839 892 1066 945; x_wconf 76' lang='lat' dir='ltr'><strong>CAPUT</strong></span> <span class='ocrx_word' id='word_1_59' title='bbox 1102 860 1289 946; x_wconf 80' lang='lat' dir='ltr'><strong>XLIII.</strong></span> 
     </span>
    </p>
   </div>
   <div class='ocr_carea' id='block_1_11' title="bbox 293 1015 1912 1085">
    <p class='ocr_par' dir='ltr' id='par_1_11' title="bbox 293 1015 1912 1085">
     <span class='ocr_line' id='line_1_11' title="bbox 293 1015 1912 1085; baseline 0.001 -18"><span class='ocrx_word' id='word_1_60' title='bbox 293 1016 466 1072; x_wconf 86' lang='lat' dir='ltr'><strong>Vens.</strong></span> <span class='ocrx_word' id='word_1_61' title='bbox 494 1018 541 1068; x_wconf 98' lang='grc'><strong>1.</strong></span> <span class='ocrx_word' id='word_1_62' title='bbox 572 1045 641 1053; x_wconf 93' lang='lat'><strong>—</strong></span> <span class='ocrx_word' id='word_1_63' title='bbox 672 1015 1024 1081; x_wconf 81' lang='lat' dir='ltr'><strong>Allitudinis,</strong></span> <span class='ocrx_word' id='word_1_64' title='bbox 1072 1019 1176 1069; x_wconf 87' lang='lat' dir='ltr'><strong>etc.</strong></span> <span class='ocrx_word' id='word_1_65' title='bbox 1235 1016 1361 1085; x_wconf 77' lang='grc' dir='ltr'><strong>(Ιο.)</strong></span> <span class='ocrx_word' id='word_1_66' title='bbox 1397 1015 1764 1069; x_wconf 88' lang='lat' dir='ltr'><strong>Pulchritudo</strong></span> <span class='ocrx_word' id='word_1_67' title='bbox 1814 1015 1912 1069; x_wconf 84' lang='lat' dir='ltr'><strong>ﬁr-</strong></span> 
     </span>
    </p>
   </div>
   <div class='ocr_carea' id='block_1_12' title="bbox 211 1103 1911 1173">
    <p class='ocr_par' dir='ltr' id='par_1_12' title="bbox 211 1103 1911 1173">
     <span class='ocr_line' id='line_1_12' title="bbox 211 1103 1911 1173; baseline -0.001 -16"><span class='ocrx_word' id='word_1_68' title='bbox 211 1104 519 1171; x_wconf 86' lang='lat' dir='ltr'><strong>mamenti,</strong></span> <span class='ocrx_word' id='word_1_69' title='bbox 549 1108 681 1169; x_wconf 88' lang='lat' dir='ltr'><strong>etc.,</strong></span> <span class='ocrx_word' id='word_1_70' title='bbox 708 1118 878 1172; x_wconf 88' lang='lat' dir='ltr'><strong>usque</strong></span> <span class='ocrx_word' id='word_1_71' title='bbox 897 1104 971 1156; x_wconf 90' lang='lat' dir='ltr'><strong>ad</strong></span> <span class='ocrx_word' id='word_1_72' title='bbox 988 1104 1179 1157; x_wconf 89' lang='lat' dir='ltr'><strong>nullus</strong></span> <span class='ocrx_word' id='word_1_73' title='bbox 1200 1105 1492 1173; x_wconf 83' lang='lat' dir='ltr'><strong>corporeis</strong></span> <span class='ocrx_word' id='word_1_74' title='bbox 1507 1103 1685 1157; x_wconf 88' lang='lat' dir='ltr'><strong>oculis</strong></span> <span class='ocrx_word' id='word_1_75' title='bbox 1704 1103 1911 1157; x_wconf 89' lang='lat' dir='ltr'><strong>divini-</strong></span> 
     </span>
    </p>
   </div>
   <div class='ocr_carea' id='block_1_13' title="bbox 213 1191 1246 1262">
    <p class='ocr_par' dir='ltr' id='par_1_13' title="bbox 213 1191 1246 1262">
     <span class='ocr_line' id='line_1_13' title="bbox 213 1191 1246 1262; baseline -0.001 -16"><span class='ocrx_word' id='word_1_76' title='bbox 213 1192 349 1246; x_wconf 86' lang='lat' dir='ltr'><strong>tatis</strong></span> <span class='ocrx_word' id='word_1_77' title='bbox 377 1191 740 1262; x_wconf 85' lang='lat' dir='ltr'><strong>splendorem</strong></span> <span class='ocrx_word' id='word_1_78' title='bbox 772 1196 959 1261; x_wconf 92' lang='lat' dir='ltr'><strong>potest</strong></span> <span class='ocrx_word' id='word_1_79' title='bbox 989 1191 1246 1245; x_wconf 72' lang='lat' dir='ltr'><strong>sufferre.</strong></span> 
     </span>
    </p>
   </div>
   <div class='ocr_carea' id='block_1_14' title="bbox 292 1279 1909 1349">
    <p class='ocr_par' dir='ltr' id='par_1_14' title="bbox 292 1279 1909 1349">
     <span class='ocr_line' id='line_1_14' title="bbox 292 1279 1909 1349; baseline 0.001 -19"><span class='ocrx_word' id='word_1_80' title='bbox 292 1280 451 1332; x_wconf 80' lang='lat' dir='ltr'><strong>Vens.</strong></span> <span class='ocrx_word' id='word_1_81' title='bbox 493 1281 544 1333; x_wconf 92' lang='lat'><strong>3.</strong></span> <span class='ocrx_word' id='word_1_82' title='bbox 580 1308 649 1318; x_wconf 92' lang='lat'>—</span> <span class='ocrx_word' id='word_1_83' title='bbox 694 1281 977 1333; x_wconf 86' lang='lat' dir='ltr'><strong>Fornacem</strong></span> <span class='ocrx_word' id='word_1_84' title='bbox 1032 1279 1354 1333; x_wconf 84' lang='lat' dir='ltr'><strong>custodiens.</strong></span> <span class='ocrx_word' id='word_1_85' title='bbox 1412 1279 1554 1343; x_wconf 87' lang='lat' dir='ltr'><strong>Quia</strong></span> <span class='ocrx_word' id='word_1_86' title='bbox 1613 1279 1909 1349; x_wconf 87' lang='lat' dir='ltr'><strong>superbos,</strong></span> 
     </span>
    </p>
   </div>
   <div class='ocr_carea' id='block_1_15' title="bbox 212 1367 1909 1439">
    <p class='ocr_par' dir='ltr' id='par_1_15' title="bbox 212 1367 1909 1439">
     <span class='ocr_line' id='line_1_15' title="bbox 212 1367 1909 1439; baseline -0.001 -18"><span class='ocrx_word' id='word_1_87' title='bbox 212 1385 325 1439; x_wconf 91' lang='lat' dir='ltr'><strong>pro</strong></span> <span class='ocrx_word' id='word_1_88' title='bbox 358 1367 726 1438; x_wconf 77' lang='lat' dir='ltr'><strong>cogitatione,</strong></span> <span class='ocrx_word' id='word_1_89' title='bbox 758 1369 1065 1433; x_wconf 90' lang='lat' dir='ltr'><strong>locutione,</strong></span> <span class='ocrx_word' id='word_1_90' title='bbox 1098 1374 1155 1422; x_wconf 91' lang='lat' dir='ltr'><strong>et</strong></span> <span class='ocrx_word' id='word_1_91' title='bbox 1202 1370 1533 1438; x_wconf 84' lang='lat' dir='ltr'><strong>operatione</strong></span> <span class='ocrx_word' id='word_1_92' title='bbox 1589 1369 1758 1429; x_wconf 89' lang='lat' dir='ltr'><strong>mala,</strong></span> <span class='ocrx_word' id='word_1_93' title='bbox 1815 1384 1909 1421; x_wconf 81' lang='lat' dir='ltr'><strong>ex-</strong></span> 
     </span>
    </p>
   </div>
   <div class='ocr_carea' id='block_1_16' title="bbox 217 1457 965 1511">
    <p class='ocr_par' dir='ltr' id='par_1_16' title="bbox 217 1457 965 1511">
     <span class='ocr_line' id='line_1_16' title="bbox 217 1457 965 1511; baseline 0 0"><span class='ocrx_word' id='word_1_94' title='bbox 217 1457 436 1511; x_wconf 84' lang='lat' dir='ltr'><strong>cruciat</strong></span> <span class='ocrx_word' id='word_1_95' title='bbox 466 1461 679 1510; x_wconf 70' lang='lat' dir='ltr'><strong>teterna</strong></span> <span class='ocrx_word' id='word_1_96' title='bbox 709 1458 965 1511; x_wconf 87' lang='lat' dir='ltr'><strong>ﬂamma.</strong></span> 
     </span>
    </p>
   </div>
   <div class='ocr_carea' id='block_1_17' title="bbox 292 1546 1984 1636">
    <p class='ocr_par' dir='ltr' id='par_1_17' title="bbox 292 1546 1984 1636">
     <span class='ocr_line' id='line_1_17' title="bbox 292 1546 1984 1636; baseline 0 -39"><span class='ocrx_word' id='word_1_97' title='bbox 292 1546 452 1598; x_wconf 85' lang='lat' dir='ltr'><strong>Vens.</strong></span> <span class='ocrx_word' id='word_1_98' title='bbox 638 1574 708 1585; x_wconf 92' lang='lat'><strong>-—</strong></span> <span class='ocrx_word' id='word_1_99' title='bbox 773 1548 841 1599; x_wconf 87' lang='lat' dir='ltr'><strong>Et</strong></span> <span class='ocrx_word' id='word_1_100' title='bbox 891 1549 950 1598; x_wconf 84' lang='lat' dir='ltr'><strong>in</strong></span> <span class='ocrx_word' id='word_1_101' title='bbox 1017 1546 1347 1599; x_wconf 76' lang='lat' dir='ltr'><strong>sermonibus</strong></span> <span class='ocrx_word' id='word_1_102' title='bbox 1407 1547 1545 1613; x_wconf 87' lang='lat' dir='ltr'><strong>ejus,</strong></span> <span class='ocrx_word' id='word_1_103' title='bbox 1606 1548 1712 1598; x_wconf 87' lang='lat' dir='ltr'><strong>etc.</strong></span> <span class='ocrx_word' id='word_1_104' title='bbox 1789 1546 1984 1636; x_wconf 73' lang='lat' dir='ltr'><strong>(11).)B</strong></span> 
     </span>
    </p>
   </div>
   <div class='ocr_carea' id='block_1_18' title="bbox 212 1632 1912 1703">
    <p class='ocr_par' dir='ltr' id='par_1_18' title="bbox 212 1632 1912 1703">
     <span class='ocr_line' id='line_1_18' title="bbox 212 1632 1912 1703; baseline -0.001 -16"><span class='ocrx_word' id='word_1_105' title='bbox 212 1632 461 1703; x_wconf 79' lang='lat' dir='ltr'><strong>Mysticis</strong></span> <span class='ocrx_word' id='word_1_106' title='bbox 500 1632 687 1685; x_wconf 81' lang='lat' dir='ltr'><strong>verbis</strong></span> <span class='ocrx_word' id='word_1_107' title='bbox 729 1634 1107 1702; x_wconf 87' lang='lat' dir='ltr'><strong>superborum</strong></span> <span class='ocrx_word' id='word_1_108' title='bbox 1160 1633 1306 1686; x_wconf 90' lang='lat' dir='ltr'><strong>ludit</strong></span> <span class='ocrx_word' id='word_1_109' title='bbox 1355 1632 1729 1686; x_wconf 88' lang='lat' dir='ltr'><strong>intellectum.</strong></span> <span class='ocrx_word' id='word_1_110' title='bbox 1777 1633 1912 1686; x_wconf 67' lang='grc' dir='ltr'><strong>Ερε-</strong></span> 
     </span>
    </p>
   </div>
   <div class='ocr_carea' id='block_1_19' title="bbox 217 1719 1914 1790">
    <p class='ocr_par' dir='ltr' id='par_1_19' title="bbox 217 1719 1914 1790">
     <span class='ocr_line' id='line_1_19' title="bbox 217 1719 1914 1790; baseline -0.001 -16"><span class='ocrx_word' id='word_1_111' title='bbox 217 1724 440 1788; x_wconf 84' lang='lat' dir='ltr'><strong>tinavit,</strong></span> <span class='ocrx_word' id='word_1_112' title='bbox 464 1726 569 1773; x_wconf 91' lang='lat' dir='ltr'><strong>etc.</strong></span> <span class='ocrx_word' id='word_1_113' title='bbox 603 1721 744 1774; x_wconf 91' lang='lat' dir='ltr'><strong>Cum</strong></span> <span class='ocrx_word' id='word_1_114' title='bbox 764 1719 821 1772; x_wconf 92' lang='lat' dir='ltr'><strong>in</strong></span> <span class='ocrx_word' id='word_1_115' title='bbox 844 1720 1250 1789; x_wconf 69' lang='lat' dir='ltr'><strong>praedicatione</strong></span> <span class='ocrx_word' id='word_1_116' title='bbox 1280 1721 1567 1790; x_wconf 80' lang='lat' dir='ltr'><strong>Evangelii</strong></span> <span class='ocrx_word' id='word_1_117' title='bbox 1592 1727 1914 1790; x_wconf 66' lang='lat' dir='ltr'><strong>praeparata</strong></span> 
     </span>
    </p>
   </div>
   <div class='ocr_carea' id='block_1_20' title="bbox 217 1807 1431 1875">
    <p class='ocr_par' dir='ltr' id='par_1_20' title="bbox 217 1807 1431 1875">
     <span class='ocr_line' id='line_1_20' title="bbox 217 1807 1431 1875; baseline -0.002 -13"><span class='ocrx_word' id='word_1_118' title='bbox 217 1814 305 1862; x_wconf 84' lang='lat' dir='ltr'><strong>est</strong></span> <span class='ocrx_word' id='word_1_119' title='bbox 334 1807 423 1860; x_wconf 89' lang='lat' dir='ltr'><strong>via</strong></span> <span class='ocrx_word' id='word_1_120' title='bbox 454 1807 651 1860; x_wconf 89' lang='lat' dir='ltr'><strong>salutis</strong></span> <span class='ocrx_word' id='word_1_121' title='bbox 681 1813 738 1859; x_wconf 90' lang='lat' dir='ltr'><strong>et</strong></span> <span class='ocrx_word' id='word_1_122' title='bbox 767 1807 953 1860; x_wconf 85' lang='lat' dir='ltr'><strong>aditus</strong></span> <span class='ocrx_word' id='word_1_123' title='bbox 982 1807 1149 1875; x_wconf 88' lang='lat' dir='ltr'><strong>regni</strong></span> <span class='ocrx_word' id='word_1_124' title='bbox 1170 1808 1431 1860; x_wconf 65' lang='lat' dir='ltr'><strong>caelestis.</strong></span> 
     </span>
    </p>
   </div>
   <div class='ocr_carea' id='block_1_21' title="bbox 291 1894 1913 1965">
    <p class='ocr_par' dir='ltr' id='par_1_21' title="bbox 291 1894 1913 1965">
     <span class='ocr_line' id='line_1_21' title="bbox 291 1894 1913 1965; baseline 0.002 -20"><span class='ocrx_word' id='word_1_125' title='bbox 291 1896 451 1948; x_wconf 83' lang='lat' dir='ltr'><strong>Vens.</strong></span> <span class='ocrx_word' id='word_1_126' title='bbox 482 1897 530 1948; x_wconf 85' lang='lat'><strong>6.</strong></span> <span class='ocrx_word' id='word_1_127' title='bbox 567 1923 639 1935; x_wconf 95' lang='lat'><em>—</em></span> <span class='ocrx_word' id='word_1_128' title='bbox 668 1896 747 1948; x_wconf 86' lang='lat' dir='ltr'><strong>Et</strong></span> <span class='ocrx_word' id='word_1_129' title='bbox 778 1896 926 1961; x_wconf 90' lang='lat' dir='ltr'><strong>luna,</strong></span> <span class='ocrx_word' id='word_1_130' title='bbox 961 1899 1072 1948; x_wconf 87' lang='lat' dir='ltr'><strong>etc.</strong></span> <span class='ocrx_word' id='word_1_131' title='bbox 1126 1894 1249 1964; x_wconf 75' lang='lat'><strong>(10.)</strong></span> <span class='ocrx_word' id='word_1_132' title='bbox 1312 1896 1619 1965; x_wconf 88' lang='lat' dir='ltr'><strong>Postquam</strong></span> <span class='ocrx_word' id='word_1_133' title='bbox 1673 1895 1743 1948; x_wconf 91' lang='lat' dir='ltr'><strong>de</strong></span> <span class='ocrx_word' id='word_1_134' title='bbox 1794 1895 1913 1949; x_wconf 87' lang='lat' dir='ltr'><strong>sole</strong></span> 
     </span>
    </p>
   </div>
   <div class='ocr_carea' id='block_1_22' title="bbox 218 1983 1916 2055">
    <p class='ocr_par' dir='ltr' id='par_1_22' title="bbox 218 1983 1916 2055">
     <span class='ocr_line' id='line_1_22' title="bbox 218 1983 1916 2055; baseline 0.001 -17"><span class='ocrx_word' id='word_1_135' title='bbox 218 1983 555 2053; x_wconf 86' lang='lat' dir='ltr'><strong>disputavit,</strong></span> <span class='ocrx_word' id='word_1_136' title='bbox 586 1988 713 2050; x_wconf 89' lang='lat' dir='ltr'><strong>etc.,</strong></span> <span class='ocrx_word' id='word_1_137' title='bbox 768 1998 937 2051; x_wconf 85' lang='lat' dir='ltr'><strong>usque</strong></span> <span class='ocrx_word' id='word_1_138' title='bbox 985 1984 1059 2036; x_wconf 87' lang='lat' dir='ltr'><strong>ad</strong></span> <span class='ocrx_word' id='word_1_139' title='bbox 1098 1985 1196 2038; x_wconf 90' lang='lat' dir='ltr'><strong>sed</strong></span> <span class='ocrx_word' id='word_1_140' title='bbox 1245 1984 1454 2039; x_wconf 87' lang='lat' dir='ltr'><strong>rectius</strong></span> <span class='ocrx_word' id='word_1_141' title='bbox 1485 1985 1653 2055; x_wconf 87' lang='lat' dir='ltr'><strong>aprili</strong></span> <span class='ocrx_word' id='word_1_142' title='bbox 1673 1985 1916 2055; x_wconf 90' lang='lat' dir='ltr'><strong>deputa-</strong></span> 
     </span>
    </p>
   </div>
   <div class='ocr_carea' id='block_1_23' title="bbox 214 2070 1917 2141">
    <p class='ocr_par' dir='ltr' id='par_1_23' title="bbox 214 2070 1917 2141">
     <span class='ocr_line' id='line_1_23' title="bbox 214 2070 1917 2141; baseline 0.001 -17"><span class='ocrx_word' id='word_1_143' title='bbox 214 2077 335 2138; x_wconf 90' lang='lat' dir='ltr'><strong>tur,</strong></span> <span class='ocrx_word' id='word_1_144' title='bbox 367 2070 502 2141; x_wconf 88' lang='lat' dir='ltr'><strong>quia</strong></span> <span class='ocrx_word' id='word_1_145' title='bbox 533 2070 590 2123; x_wconf 90' lang='lat' dir='ltr'><strong>in</strong></span> <span class='ocrx_word' id='word_1_146' title='bbox 616 2071 740 2141; x_wconf 91' lang='lat' dir='ltr'><strong>ipso</strong></span> <span class='ocrx_word' id='word_1_147' title='bbox 771 2072 851 2124; x_wconf 89' lang='lat' dir='ltr'><strong>vel</strong></span> <span class='ocrx_word' id='word_1_148' title='bbox 888 2072 1111 2141; x_wconf 80' lang='lat' dir='ltr'><strong>incipit,</strong></span> <span class='ocrx_word' id='word_1_149' title='bbox 1148 2073 1230 2126; x_wconf 85' lang='lat' dir='ltr'><strong>vel</strong></span> <span class='ocrx_word' id='word_1_150' title='bbox 1263 2073 1490 2138; x_wconf 88' lang='lat' dir='ltr'><strong>desmit,</strong></span> <span class='ocrx_word' id='word_1_151' title='bbox 1523 2074 1610 2127; x_wconf 87' lang='lat' dir='ltr'><strong>vel</strong></span> <span class='ocrx_word' id='word_1_152' title='bbox 1639 2078 1790 2127; x_wconf 81' lang='lat' dir='ltr'><strong>totus</strong></span> <span class='ocrx_word' id='word_1_153' title='bbox 1837 2072 1917 2126; x_wconf 86' lang='lat' dir='ltr'><strong>in-</strong></span> 
     </span>
    </p>
   </div>
   <div class='ocr_carea' id='block_1_24' title="bbox 213 2159 489 2213">
    <p class='ocr_par' dir='ltr' id='par_1_24' title="bbox 213 2159 489 2213">
     <span class='ocr_line' id='line_1_24' title="bbox 213 2159 489 2213; baseline -0.004 -1"><span class='ocrx_word' id='word_1_154' title='bbox 213 2159 489 2213; x_wconf 87' lang='lat' dir='ltr'><strong>cluditur.</strong></span> 
     </span>
    </p>
   </div>
   <div class='ocr_carea' id='block_1_25' title="bbox 295 2248 1916 2316">
    <p class='ocr_par' dir='ltr' id='par_1_25' title="bbox 295 2248 1916 2316">
     <span class='ocr_line' id='line_1_25' title="bbox 295 2248 1916 2316; baseline 0.001 -17"><span class='ocrx_word' id='word_1_155' title='bbox 295 2249 463 2301; x_wconf 88' lang='lat' dir='ltr'><strong>Vens.</strong></span> <span class='ocrx_word' id='word_1_156' title='bbox 499 2252 549 2301; x_wconf 83' lang='lat'><strong>7.</strong></span> <span class='ocrx_word' id='word_1_157' title='bbox 605 2276 670 2288; x_wconf 91' lang='lat'><strong>--</strong></span> <span class='ocrx_word' id='word_1_158' title='bbox 704 2249 1016 2301; x_wconf 72' lang='lat' dir='ltr'><strong>&#39;Luminare</strong></span> <span class='ocrx_word' id='word_1_159' title='bbox 1061 2248 1206 2316; x_wconf 85' lang='lat' dir='ltr'><strong>quod</strong></span> <span class='ocrx_word' id='word_1_160' title='bbox 1254 2250 1538 2313; x_wconf 73' lang='lat' dir='ltr'><strong>minuitur,</strong></span> <span class='ocrx_word' id='word_1_161' title='bbox 1588 2252 1695 2301; x_wconf 92' lang='lat' dir='ltr'><strong>etc.</strong></span> <span class='ocrx_word' id='word_1_162' title='bbox 1760 2249 1916 2303; x_wconf 86' lang='lat' dir='ltr'><strong>Luna</strong></span> 
     </span>
    </p>
   </div>
   <div class='ocr_carea' id='block_1_26' title="bbox 226 2335 1913 2406">
    <p class='ocr_par' dir='ltr' id='par_1_26' title="bbox 226 2335 1913 2406">
     <span class='ocr_line' id='line_1_26' title="bbox 226 2335 1913 2406; baseline 0 -17"><span class='ocrx_word' id='word_1_163' title='bbox 226 2352 348 2389; x_wconf 88' lang='lat' dir='ltr'><strong>non</strong></span> <span class='ocrx_word' id='word_1_164' title='bbox 381 2335 552 2389; x_wconf 83' lang='lat' dir='ltr'><strong>habet</strong></span> <span class='ocrx_word' id='word_1_165' title='bbox 578 2336 831 2389; x_wconf 88' lang='lat' dir='ltr'><strong>nativum</strong></span> <span class='ocrx_word' id='word_1_166' title='bbox 874 2336 1262 2405; x_wconf 90' lang='lat' dir='ltr'><strong>splendorem,</strong></span> <span class='ocrx_word' id='word_1_167' title='bbox 1295 2336 1391 2389; x_wconf 90' lang='lat' dir='ltr'><strong>sed</strong></span> <span class='ocrx_word' id='word_1_168' title='bbox 1433 2352 1466 2389; x_wconf 90' lang='lat' dir='ltr'><strong>a</strong></span> <span class='ocrx_word' id='word_1_169' title='bbox 1495 2337 1614 2388; x_wconf 90' lang='lat' dir='ltr'><strong>sole</strong></span> <span class='ocrx_word' id='word_1_170' title='bbox 1665 2336 1868 2406; x_wconf 87' lang='lat' dir='ltr'><strong>accipit</strong></span> <span class='ocrx_word' id='word_1_171' title='bbox 1901 2352 1913 2389; x_wconf 93' lang='lat'><strong>:</strong></span> 
     </span>
    </p>
   </div>
   <div class='ocr_carea' id='block_1_27' title="bbox 217 2423 1914 2495">
    <p class='ocr_par' dir='ltr' id='par_1_27' title="bbox 217 2423 1914 2495">
     <span class='ocr_line' id='line_1_27' title="bbox 217 2423 1914 2495; baseline 0.001 -18"><span class='ocrx_word' id='word_1_172' title='bbox 217 2424 303 2477; x_wconf 83' lang='lat' dir='ltr'><strong>sic</strong></span> <span class='ocrx_word' id='word_1_173' title='bbox 336 2429 392 2476; x_wconf 91' lang='lat' dir='ltr'><strong>et</strong></span> <span class='ocrx_word' id='word_1_174' title='bbox 425 2423 666 2476; x_wconf 88' lang='lat' dir='ltr'><strong>Ecclesia</strong></span> <span class='ocrx_word' id='word_1_175' title='bbox 694 2439 728 2475; x_wconf 88' lang='lat' dir='ltr'><strong>a</strong></span> <span class='ocrx_word' id='word_1_176' title='bbox 758 2424 1002 2486; x_wconf 84' lang='lat' dir='ltr'><strong>Christo,</strong></span> <span class='ocrx_word' id='word_1_177' title='bbox 1036 2440 1163 2495; x_wconf 63' lang='lat' dir='ltr'><strong>quae</strong></span> <span class='ocrx_word' id='word_1_178' title='bbox 1220 2424 1279 2477; x_wconf 89' lang='lat' dir='ltr'><strong>in</strong></span> <span class='ocrx_word' id='word_1_179' title='bbox 1312 2424 1710 2494; x_wconf 82' lang='lat' dir='ltr'><strong>persecutione</strong></span> <span class='ocrx_word' id='word_1_180' title='bbox 1763 2424 1914 2478; x_wconf 89' lang='lat' dir='ltr'><strong>vide-</strong></span> 
     </span>
    </p>
   </div>
   <div class='ocr_carea' id='block_1_28' title="bbox 214 2511 1915 2581">
    <p class='ocr_par' dir='ltr' id='par_1_28' title="bbox 214 2511 1915 2581">
     <span class='ocr_line' id='line_1_28' title="bbox 214 2511 1915 2581; baseline 0.002 -18"><span class='ocrx_word' id='word_1_181' title='bbox 214 2518 317 2564; x_wconf 90' lang='lat' dir='ltr'><strong>tur</strong></span> <span class='ocrx_word' id='word_1_182' title='bbox 348 2511 548 2574; x_wconf 87' lang='lat' dir='ltr'><strong>minui,</strong></span> <span class='ocrx_word' id='word_1_183' title='bbox 588 2511 683 2564; x_wconf 87' lang='lat' dir='ltr'><strong>sed</strong></span> <span class='ocrx_word' id='word_1_184' title='bbox 713 2511 773 2565; x_wconf 92' lang='lat' dir='ltr'><strong>in</strong></span> <span class='ocrx_word' id='word_1_185' title='bbox 804 2518 965 2581; x_wconf 89' lang='lat' dir='ltr'><strong>parte</strong></span> <span class='ocrx_word' id='word_1_186' title='bbox 988 2512 1274 2578; x_wconf 87' lang='lat' dir='ltr'><strong>clarescit;</strong></span> <span class='ocrx_word' id='word_1_187' title='bbox 1303 2513 1503 2566; x_wconf 88' lang='lat' dir='ltr'><strong>crescit</strong></span> <span class='ocrx_word' id='word_1_188' title='bbox 1529 2513 1683 2567; x_wconf 90' lang='lat' dir='ltr'><strong>enim</strong></span> <span class='ocrx_word' id='word_1_189' title='bbox 1741 2512 1915 2567; x_wconf 87' lang='lat' dir='ltr'><strong>mira-</strong></span> 
     </span>
    </p>
   </div>
   <div class='ocr_carea' id='block_1_29' title="bbox 212 2599 1033 2655">
    <p class='ocr_par' dir='ltr' id='par_1_29' title="bbox 212 2599 1033 2655">
     <span class='ocr_line' id='line_1_29' title="bbox 212 2599 1033 2655; baseline 0.004 -3"><span class='ocrx_word' id='word_1_190' title='bbox 212 2599 412 2653; x_wconf 84' lang='lat' dir='ltr'><strong>biliter</strong></span> <span class='ocrx_word' id='word_1_191' title='bbox 430 2599 489 2652; x_wconf 91' lang='lat' dir='ltr'><strong>in</strong></span> <span class='ocrx_word' id='word_1_192' title='bbox 520 2600 1033 2655; x_wconf 88' lang='lat' dir='ltr'><strong>consummatione.</strong></span> 
     </span>
    </p>
   </div>
   <div class='ocr_carea' id='block_1_30' title="bbox 296 2688 1917 2759">
    <p class='ocr_par' dir='ltr' id='par_1_30' title="bbox 296 2688 1917 2759">
     <span class='ocr_line' id='line_1_30' title="bbox 296 2688 1917 2759; baseline 0.002 -21"><span class='ocrx_word' id='word_1_193' title='bbox 296 2688 462 2741; x_wconf 83' lang='lat' dir='ltr'><strong>Vens.</strong></span> <span class='ocrx_word' id='word_1_194' title='bbox 496 2690 546 2741; x_wconf 90' lang='lat'><strong>9.</strong></span> <span class='ocrx_word' id='word_1_195' title='bbox 572 2717 640 2727; x_wconf 89' lang='lat'><strong><em>-—</em></strong></span> <span class='ocrx_word' id='word_1_196' title='bbox 680 2689 784 2742; x_wconf 86' lang='lat' dir='ltr'><strong>Vas</strong></span> <span class='ocrx_word' id='word_1_197' title='bbox 824 2693 1144 2755; x_wconf 83' lang='lat' dir='ltr'><strong>castrorum,</strong></span> <span class='ocrx_word' id='word_1_198' title='bbox 1177 2694 1281 2743; x_wconf 86' lang='lat' dir='ltr'><strong>etc.</strong></span> <span class='ocrx_word' id='word_1_199' title='bbox 1309 2688 1452 2752; x_wconf 89' lang='lat' dir='ltr'><strong>Quia</strong></span> <span class='ocrx_word' id='word_1_200' title='bbox 1486 2689 1545 2742; x_wconf 92' lang='lat' dir='ltr'><strong>in</strong></span> <span class='ocrx_word' id='word_1_201' title='bbox 1603 2689 1728 2759; x_wconf 86' lang='lat' dir='ltr'><strong>ipsa</strong></span> <span class='ocrx_word' id='word_1_202' title='bbox 1775 2704 1917 2742; x_wconf 92' lang='lat' dir='ltr'><strong>cou-</strong></span> 
     </span>
    </p>
   </div>
   <div class='ocr_carea' id='block_1_31' title="bbox 214 2775 1922 2846">
    <p class='ocr_par' dir='ltr' id='par_1_31' title="bbox 214 2775 1922 2846">
     <span class='ocr_line' id='line_1_31' title="bbox 214 2775 1922 2846; baseline 0.001 -19"><span class='ocrx_word' id='word_1_203' title='bbox 214 2775 374 2827; x_wconf 86' lang='lat' dir='ltr'><strong>sistit</strong></span> <span class='ocrx_word' id='word_1_204' title='bbox 400 2775 706 2828; x_wconf 83' lang='lat' dir='ltr'><strong>multitudo</strong></span> <span class='ocrx_word' id='word_1_205' title='bbox 733 2775 1013 2840; x_wconf 90' lang='lat' dir='ltr'><strong>ﬁdelium,</strong></span> <span class='ocrx_word' id='word_1_206' title='bbox 1048 2792 1176 2846; x_wconf 74' lang='lat' dir='ltr'><strong>quae</strong></span> <span class='ocrx_word' id='word_1_207' title='bbox 1206 2776 1265 2829; x_wconf 90' lang='lat' dir='ltr'><strong>in</strong></span> <span class='ocrx_word' id='word_1_208' title='bbox 1300 2776 1664 2831; x_wconf 88' lang='lat' dir='ltr'><strong>ﬁrmamento</strong></span> <span class='ocrx_word' id='word_1_209' title='bbox 1720 2777 1922 2830; x_wconf 89' lang='lat' dir='ltr'><strong>verita-</strong></span> 
     </span>
    </p>
   </div>
   <div class='ocr_carea' id='block_1_32' title="bbox 2030 398 3717 467">
    <p class='ocr_par' dir='ltr' id='par_1_32' title="bbox 2030 398 3717 467">
     <span class='ocr_line' id='line_1_32' title="bbox 2030 398 3717 467; baseline 0.002 -16"><span class='ocrx_word' id='word_1_210' title='bbox 2030 399 2289 452; x_wconf 88' lang='lat' dir='ltr'><strong>diabolus</strong></span> <span class='ocrx_word' id='word_1_211' title='bbox 2325 414 2458 451; x_wconf 87' lang='lat' dir='ltr'><strong>vero</strong></span> <span class='ocrx_word' id='word_1_212' title='bbox 2485 414 2587 467; x_wconf 91' lang='lat' dir='ltr'><strong>per</strong></span> <span class='ocrx_word' id='word_1_213' title='bbox 2636 398 2815 467; x_wconf 87' lang='lat' dir='ltr'><strong>frigus</strong></span> <span class='ocrx_word' id='word_1_214' title='bbox 2866 399 3220 453; x_wconf 78' lang='lat' dir='ltr'><strong>inﬁdelitatis</strong></span> <span class='ocrx_word' id='word_1_215' title='bbox 3263 405 3494 453; x_wconf 86' lang='lat' dir='ltr'><strong>terrena</strong></span> <span class='ocrx_word' id='word_1_216' title='bbox 3544 401 3717 454; x_wconf 88' lang='lat' dir='ltr'><strong>corda</strong></span> 
     </span>
    </p>
   </div>
   <div class='ocr_carea' id='block_1_33' title="bbox 2026 486 2897 555">
    <p class='ocr_par' dir='ltr' id='par_1_33' title="bbox 2026 486 2897 555">
     <span class='ocr_line' id='line_1_33' title="bbox 2026 486 2897 555; baseline 0 -17"><span class='ocrx_word' id='word_1_217' title='bbox 2026 488 2095 538; x_wconf 90' lang='lat' dir='ltr'><strong>ad</strong></span> <span class='ocrx_word' id='word_1_218' title='bbox 2128 487 2281 540; x_wconf 89' lang='lat' dir='ltr'><strong>bona</strong></span> <span class='ocrx_word' id='word_1_219' title='bbox 2300 502 2474 555; x_wconf 86' lang='lat' dir='ltr'><strong>opera</strong></span> <span class='ocrx_word' id='word_1_220' title='bbox 2505 486 2717 538; x_wconf 83' lang='lat' dir='ltr'><strong>sterilia</strong></span> <span class='ocrx_word' id='word_1_221' title='bbox 2743 486 2897 538; x_wconf 87' lang='lat' dir='ltr'><strong>facit.</strong></span> 
     </span>
    </p>
   </div>
   <div class='ocr_carea' id='block_1_34' title="bbox 2099 573 3716 644">
    <p class='ocr_par' dir='ltr' id='par_1_34' title="bbox 2099 573 3716 644">
     <span class='ocr_line' id='line_1_34' title="bbox 2099 573 3716 644; baseline 0.001 -19"><span class='ocrx_word' id='word_1_222' title='bbox 2099 574 2259 627; x_wconf 84' lang='lat' dir='ltr'><strong>Vens.</strong></span> <span class='ocrx_word' id='word_1_223' title='bbox 2292 576 2380 627; x_wconf 63' lang='lat' dir='ltr'><strong>24v.</strong></span> <span class='ocrx_word' id='word_1_224' title='bbox 2412 603 2484 614; x_wconf 94' lang='lat'><em>—</em></span> <span class='ocrx_word' id='word_1_225' title='bbox 2523 574 2811 638; x_wconf 79' lang='lat' dir='ltr'><strong>Medicina,</strong></span> <span class='ocrx_word' id='word_1_226' title='bbox 2872 577 2978 625; x_wconf 90' lang='lat' dir='ltr'><strong>etc.</strong></span> <span class='ocrx_word' id='word_1_227' title='bbox 3025 573 3228 627; x_wconf 88' lang='lat' dir='ltr'><strong>Omnia</strong></span> <span class='ocrx_word' id='word_1_228' title='bbox 3259 574 3589 644; x_wconf 85' lang='lat' dir='ltr'><strong>eloquentia</strong></span> <span class='ocrx_word' id='word_1_229' title='bbox 3616 574 3716 627; x_wconf 89' lang='lat' dir='ltr'><strong>de-</strong></span> 
     </span>
    </p>
   </div>
   <div class='ocr_carea' id='block_1_35' title="bbox 2025 660 3717 731">
    <p class='ocr_par' dir='ltr' id='par_1_35' title="bbox 2025 660 3717 731">
     <span class='ocr_line' id='line_1_35' title="bbox 2025 660 3717 731; baseline -0.001 -15"><span class='ocrx_word' id='word_1_230' title='bbox 2025 662 2141 716; x_wconf 86' lang='lat' dir='ltr'><strong>ﬁcit</strong></span> <span class='ocrx_word' id='word_1_231' title='bbox 2173 661 2231 714; x_wconf 88' lang='lat' dir='ltr'><strong>in</strong></span> <span class='ocrx_word' id='word_1_232' title='bbox 2259 660 2687 731; x_wconf 85' lang='lat' dir='ltr'><strong>comparatione</strong></span> <span class='ocrx_word' id='word_1_233' title='bbox 2721 662 2860 731; x_wconf 83' lang='lat' dir='ltr'><strong>ejus,</strong></span> <span class='ocrx_word' id='word_1_234' title='bbox 2896 677 3000 715; x_wconf 87' lang='lat' dir='ltr'><strong>nec</strong></span> <span class='ocrx_word' id='word_1_235' title='bbox 3031 661 3243 715; x_wconf 78' lang='lat' dir='ltr'><strong>sufﬁcit</strong></span> <span class='ocrx_word' id='word_1_236' title='bbox 3280 662 3550 715; x_wconf 89' lang='lat' dir='ltr'><strong>virtutem</strong></span> <span class='ocrx_word' id='word_1_237' title='bbox 3593 662 3717 730; x_wconf 89' lang='lat' dir='ltr'><strong>ejus</strong></span> 
     </span>
    </p>
   </div>
   <div class='ocr_carea' id='block_1_36' title="bbox 2026 766 2311 804">
    <p class='ocr_par' dir='ltr' id='par_1_36' title="bbox 2026 766 2311 804">
     <span class='ocr_line' id='line_1_36' title="bbox 2026 766 2311 804; baseline 0.004 -1"><span class='ocrx_word' id='word_1_238' title='bbox 2026 766 2311 804; x_wconf 89' lang='lat' dir='ltr'><strong>enarrare.</strong></span> 
     </span>
    </p>
   </div>
   <div class='ocr_carea' id='block_1_37' title="bbox 2094 837 3716 905">
    <p class='ocr_par' dir='ltr' id='par_1_37' title="bbox 2094 837 3716 905">
     <span class='ocr_line' id='line_1_37' title="bbox 2094 837 3716 905; baseline 0 -15"><span class='ocrx_word' id='word_1_239' title='bbox 2094 839 2256 893; x_wconf 88' lang='lat' dir='ltr'><strong>Vens.</strong></span> <span class='ocrx_word' id='word_1_240' title='bbox 2291 841 2381 893; x_wconf 79' lang='lat'><strong>26.</strong></span> <span class='ocrx_word' id='word_1_241' title='bbox 2414 869 2481 878; x_wconf 91' lang='lat'>—</span> <span class='ocrx_word' id='word_1_242' title='bbox 2510 838 2613 904; x_wconf 87' lang='lat' dir='ltr'><strong>Qui</strong></span> <span class='ocrx_word' id='word_1_243' title='bbox 2656 840 2920 905; x_wconf 77' lang='lat' dir='ltr'><strong>navigant</strong></span> <span class='ocrx_word' id='word_1_244' title='bbox 2958 853 3125 901; x_wconf 89' lang='lat' dir='ltr'><strong>mare,</strong></span> <span class='ocrx_word' id='word_1_245' title='bbox 3180 842 3291 891; x_wconf 91' lang='lat' dir='ltr'><strong>etc.</strong></span> <span class='ocrx_word' id='word_1_246' title='bbox 3358 837 3529 892; x_wconf 78' lang='lat' dir='ltr'><strong>Multa</strong></span> <span class='ocrx_word' id='word_1_247' title='bbox 3586 841 3716 890; x_wconf 90' lang='lat' dir='ltr'><strong>sunt</strong></span> 
     </span>
    </p>
   </div>
   <div class='ocr_carea' id='block_1_38' title="bbox 2024 925 3717 998">
    <p class='ocr_par' dir='ltr' id='par_1_38' title="bbox 2024 925 3717 998">
     <span class='ocr_line' id='line_1_38' title="bbox 2024 925 3717 998; baseline -0.002 -18"><span class='ocrx_word' id='word_1_248' title='bbox 2024 927 2093 981; x_wconf 89' lang='lat' dir='ltr'><strong>ad</strong></span> <span class='ocrx_word' id='word_1_249' title='bbox 2117 928 2367 981; x_wconf 87' lang='lat' dir='ltr'><strong>litteram</strong></span> <span class='ocrx_word' id='word_1_250' title='bbox 2392 927 2645 998; x_wconf 89' lang='lat' dir='ltr'><strong>pericula</strong></span> <span class='ocrx_word' id='word_1_251' title='bbox 2674 926 2866 985; x_wconf 88' lang='lat' dir='ltr'><strong>maris,</strong></span> <span class='ocrx_word' id='word_1_252' title='bbox 2891 931 2944 979; x_wconf 90' lang='lat' dir='ltr'><strong>et</strong></span> <span class='ocrx_word' id='word_1_253' title='bbox 2977 926 3057 979; x_wconf 85' lang='lat' dir='ltr'><strong>ibi</strong></span> <span class='ocrx_word' id='word_1_254' title='bbox 3090 925 3375 978; x_wconf 86' lang='lat' dir='ltr'><strong>mirabilia</strong></span> <span class='ocrx_word' id='word_1_255' title='bbox 3410 926 3509 979; x_wconf 88' lang='lat' dir='ltr'><strong>Dei</strong></span> <span class='ocrx_word' id='word_1_256' title='bbox 3541 940 3717 994; x_wconf 87' lang='lat' dir='ltr'><strong>opera</strong></span> 
     </span>
    </p>
   </div>
   <div class='ocr_carea' id='block_1_39' title="bbox 2022 1014 3713 1083">
    <p class='ocr_par' dir='ltr' id='par_1_39' title="bbox 2022 1014 3713 1083">
     <span class='ocr_line' id='line_1_39' title="bbox 2022 1014 3713 1083; baseline -0.002 -14"><span class='ocrx_word' id='word_1_257' title='bbox 2022 1016 2083 1069; x_wconf 90' lang='lat' dir='ltr'><strong>in</strong></span> <span class='ocrx_word' id='word_1_258' title='bbox 2114 1017 2281 1070; x_wconf 86' lang='lat' dir='ltr'><strong>variis</strong></span> <span class='ocrx_word' id='word_1_259' title='bbox 2312 1017 2528 1081; x_wconf 88' lang='lat' dir='ltr'><strong>bestiis,</strong></span> <span class='ocrx_word' id='word_1_260' title='bbox 2589 1016 2735 1069; x_wconf 91' lang='lat' dir='ltr'><strong>sicut</strong></span> <span class='ocrx_word' id='word_1_261' title='bbox 2782 1015 3135 1069; x_wconf 86' lang='lat' dir='ltr'><strong>naturalium</strong></span> <span class='ocrx_word' id='word_1_262' title='bbox 3165 1030 3359 1068; x_wconf 88' lang='lat' dir='ltr'><strong>rerum</strong></span> <span class='ocrx_word' id='word_1_263' title='bbox 3412 1014 3713 1083; x_wconf 88' lang='lat' dir='ltr'><strong>scriptores</strong></span> 
     </span>
    </p>
   </div>
   <div class='ocr_carea' id='block_1_40' title="bbox 2021 1103 3715 1174">
    <p class='ocr_par' dir='ltr' id='par_1_40' title="bbox 2021 1103 3715 1174">
     <span class='ocr_line' id='line_1_40' title="bbox 2021 1103 3715 1174; baseline -0.002 -16"><span class='ocrx_word' id='word_1_264' title='bbox 2021 1105 2399 1159; x_wconf 90' lang='lat' dir='ltr'><strong>tradiderunt.</strong></span> <span class='ocrx_word' id='word_1_265' title='bbox 2423 1106 2485 1158; x_wconf 93' lang='lat' dir='ltr'><strong>In</strong></span> <span class='ocrx_word' id='word_1_266' title='bbox 2510 1104 2653 1158; x_wconf 89' lang='lat' dir='ltr'><strong>mari</strong></span> <span class='ocrx_word' id='word_1_267' title='bbox 2684 1119 2914 1174; x_wconf 90' lang='lat' dir='ltr'><strong>quoque</strong></span> <span class='ocrx_word' id='word_1_268' title='bbox 2937 1104 3109 1172; x_wconf 86' lang='lat' dir='ltr'><strong>hujus</strong></span> <span class='ocrx_word' id='word_1_269' title='bbox 3133 1103 3335 1156; x_wconf 91' lang='lat' dir='ltr'><strong>mundi</strong></span> <span class='ocrx_word' id='word_1_270' title='bbox 3376 1107 3508 1156; x_wconf 87' lang='lat' dir='ltr'><strong>sunt</strong></span> <span class='ocrx_word' id='word_1_271' title='bbox 3534 1103 3715 1155; x_wconf 82' lang='lat' dir='ltr'><strong>multa</strong></span> 
     </span>
    </p>
   </div>
   <div class='ocr_carea' id='block_1_41' title="bbox 2020 1190 3557 1247">
    <p class='ocr_par' dir='ltr' id='par_1_41' title="bbox 2020 1190 3557 1247">
     <span class='ocr_line' id='line_1_41' title="bbox 2020 1190 3557 1247; baseline -0.001 -1"><span class='ocrx_word' id='word_1_272' title='bbox 2020 1197 2277 1246; x_wconf 90' lang='lat' dir='ltr'><strong>monstra</strong></span> <span class='ocrx_word' id='word_1_273' title='bbox 2323 1192 2740 1247; x_wconf 73' lang='lat' dir='ltr'><strong>daemoniorum</strong></span> <span class='ocrx_word' id='word_1_274' title='bbox 2769 1198 2825 1245; x_wconf 89' lang='lat' dir='ltr'><strong>et</strong></span> <span class='ocrx_word' id='word_1_275' title='bbox 2856 1193 3049 1244; x_wconf 66' lang='lat' dir='ltr'><strong>multa:</strong></span> <span class='ocrx_word' id='word_1_276' title='bbox 3083 1207 3283 1244; x_wconf 89' lang='lat' dir='ltr'><strong>eorum</strong></span> <span class='ocrx_word' id='word_1_277' title='bbox 3316 1190 3557 1244; x_wconf 62' lang='lat' dir='ltr'><strong>insidias.</strong></span> 
     </span>
    </p>
   </div>
   <div class='ocr_carea' id='block_1_42' title="bbox 2090 1279 3715 1349">
    <p class='ocr_par' dir='ltr' id='par_1_42' title="bbox 2090 1279 3715 1349">
     <span class='ocr_line' id='line_1_42' title="bbox 2090 1279 3715 1349; baseline -0.001 -16"><span class='ocrx_word' id='word_1_278' title='bbox 2090 1280 2253 1333; x_wconf 84' lang='lat' dir='ltr'><strong>Vens.</strong></span> <span class='ocrx_word' id='word_1_279' title='bbox 2307 1282 2392 1334; x_wconf 70' lang='grc'><strong>34.</strong></span> <span class='ocrx_word' id='word_1_280' title='bbox 2452 1311 2520 1320; x_wconf 91' lang='grc'><strong>-</strong></span> <span class='ocrx_word' id='word_1_281' title='bbox 2560 1282 2640 1336; x_wconf 89' lang='lat' dir='ltr'><strong>Ne</strong></span> <span class='ocrx_word' id='word_1_282' title='bbox 2694 1280 2969 1341; x_wconf 83' lang='lat' dir='ltr'><strong>laboretis,</strong></span> <span class='ocrx_word' id='word_1_283' title='bbox 3021 1284 3124 1333; x_wconf 90' lang='lat' dir='ltr'><strong>etc.</strong></span> <span class='ocrx_word' id='word_1_284' title='bbox 3185 1279 3381 1349; x_wconf 76' lang='grc' dir='ltr'><strong>(ΗΑΒ.)</strong></span> <span class='ocrx_word' id='word_1_285' title='bbox 3439 1280 3715 1348; x_wconf 90' lang='lat' dir='ltr'><strong>Compre-</strong></span> 
     </span>
    </p>
   </div>
   <div class='ocr_carea' id='block_1_43' title="bbox 2022 1367 3713 1439">
    <p class='ocr_par' dir='ltr' id='par_1_43' title="bbox 2022 1367 3713 1439">
     <span class='ocr_line' id='line_1_43' title="bbox 2022 1367 3713 1439; baseline -0.002 -17"><span class='ocrx_word' id='word_1_286' title='bbox 2022 1369 2271 1423; x_wconf 88' lang='lat' dir='ltr'><strong>hendere</strong></span> <span class='ocrx_word' id='word_1_287' title='bbox 2298 1368 2451 1439; x_wconf 88' lang='lat' dir='ltr'><strong>quod</strong></span> <span class='ocrx_word' id='word_1_288' title='bbox 2481 1373 2563 1421; x_wconf 86' lang='lat' dir='ltr'><strong>est</strong></span> <span class='ocrx_word' id='word_1_289' title='bbox 2591 1367 3167 1438; x_wconf 87' lang='lat' dir='ltr'><strong>incomprehensible.</strong></span> <span class='ocrx_word' id='word_1_290' title='bbox 3210 1368 3369 1421; x_wconf 89' lang='lat' dir='ltr'><strong>Unde</strong></span> <span class='ocrx_word' id='word_1_291' title='bbox 3401 1383 3519 1420; x_wconf 93' lang='lat' dir='ltr'><strong>non</strong></span> <span class='ocrx_word' id='word_1_292' title='bbox 3560 1382 3713 1437; x_wconf 64' lang='lat' dir='ltr'><strong>quas-</strong></span> 
     </span>
    </p>
   </div>
   <div class='ocr_carea' id='block_1_44' title="bbox 2022 1455 3274 1527">
    <p class='ocr_par' dir='ltr' id='par_1_44' title="bbox 2022 1455 3274 1527">
     <span class='ocr_line' id='line_1_44' title="bbox 2022 1455 3274 1527; baseline -0.001 -18"><span class='ocrx_word' id='word_1_293' title='bbox 2022 1473 2111 1509; x_wconf 85' lang='lat' dir='ltr'><strong>ras</strong></span> <span class='ocrx_word' id='word_1_294' title='bbox 2141 1473 2277 1526; x_wconf 82' lang='lat' dir='ltr'><strong>Opes</strong></span> <span class='ocrx_word' id='word_1_295' title='bbox 2298 1458 2366 1509; x_wconf 89' lang='lat' dir='ltr'><strong>ad</strong></span> <span class='ocrx_word' id='word_1_296' title='bbox 2401 1472 2542 1527; x_wconf 89' lang='lat' dir='ltr'><strong>quas</strong></span> <span class='ocrx_word' id='word_1_297' title='bbox 2570 1456 2897 1526; x_wconf 85' lang='lat' dir='ltr'><strong>pertingere</strong></span> <span class='ocrx_word' id='word_1_298' title='bbox 2924 1472 3041 1509; x_wconf 90' lang='lat' dir='ltr'><strong>non</strong></span> <span class='ocrx_word' id='word_1_299' title='bbox 3069 1455 3274 1525; x_wconf 91' lang='lat' dir='ltr'><strong>possis.</strong></span> 
     </span>
    </p>
   </div>
   <div class='ocr_carea' id='block_1_45' title="bbox 2656 1597 3099 1651">
    <p class='ocr_par' dir='ltr' id='par_1_45' title="bbox 2656 1597 3099 1651">
     <span class='ocr_line' id='line_1_45' title="bbox 2656 1597 3099 1651; baseline -0.005 -1"><span class='ocrx_word' id='word_1_300' title='bbox 2656 1597 2879 1651; x_wconf 75' lang='lat' dir='ltr'><strong>CAPUT</strong></span> <span class='ocrx_word' id='word_1_301' title='bbox 2920 1597 3099 1650; x_wconf 73' lang='lat' dir='ltr'><strong>XLIV.</strong></span> 
     </span>
    </p>
   </div>
   <div class='ocr_carea' id='block_1_46' title="bbox 2096 1718 3716 1787">
    <p class='ocr_par' dir='ltr' id='par_1_46' title="bbox 2096 1718 3716 1787">
     <span class='ocr_line' id='line_1_46' title="bbox 2096 1718 3716 1787; baseline -0.003 -13"><span class='ocrx_word' id='word_1_302' title='bbox 2096 1724 2256 1777; x_wconf 86' lang='lat' dir='ltr'><strong>Vens.</strong></span> <span class='ocrx_word' id='word_1_303' title='bbox 2312 1727 2358 1776; x_wconf 90' lang='grc'><strong>1.</strong></span> <span class='ocrx_word' id='word_1_304' title='bbox 2393 1753 2453 1765; x_wconf 87' lang='grc'><strong>-</strong></span> <span class='ocrx_word' id='word_1_305' title='bbox 2492 1722 2805 1777; x_wconf 83' lang='lat' dir='ltr'><strong>Laudamus</strong></span> <span class='ocrx_word' id='word_1_306' title='bbox 2860 1724 3027 1785; x_wconf 80' lang='lat' dir='ltr'><strong>viros,</strong></span> <span class='ocrx_word' id='word_1_307' title='bbox 3063 1725 3167 1772; x_wconf 86' lang='lat' dir='ltr'><strong>etc.</strong></span> <span class='ocrx_word' id='word_1_308' title='bbox 3205 1720 3491 1772; x_wconf 79' lang='lat' dir='ltr'><strong>Moraliter</strong></span> <span class='ocrx_word' id='word_1_309' title='bbox 3520 1718 3716 1787; x_wconf 88' lang='lat' dir='ltr'><strong>dispu-</strong></span> 
     </span>
    </p>
   </div>
   <div class='ocr_carea' id='block_1_47' title="bbox 2023 1806 3717 1881">
    <p class='ocr_par' dir='ltr' id='par_1_47' title="bbox 2023 1806 3717 1881">
     <span class='ocr_line' id='line_1_47' title="bbox 2023 1806 3717 1881; baseline -0.004 -16"><span class='ocrx_word' id='word_1_310' title='bbox 2023 1812 2215 1878; x_wconf 87' lang='lat' dir='ltr'><strong>tando,</strong></span> <span class='ocrx_word' id='word_1_311' title='bbox 2271 1811 2721 1881; x_wconf 90' lang='lat' dir='ltr'><strong>allegoriamque</strong></span> <span class='ocrx_word' id='word_1_312' title='bbox 2780 1814 2837 1863; x_wconf 90' lang='lat' dir='ltr'><strong>et</strong></span> <span class='ocrx_word' id='word_1_313' title='bbox 2925 1824 3244 1877; x_wconf 86' lang='lat' dir='ltr'><strong>anagogem</strong></span> <span class='ocrx_word' id='word_1_314' title='bbox 3304 1806 3365 1860; x_wconf 91' lang='lat' dir='ltr'><strong>in</strong></span> <span class='ocrx_word' id='word_1_315' title='bbox 3430 1807 3717 1877; x_wconf 89' lang='lat' dir='ltr'><strong>plerisque</strong></span> 
     </span>
    </p>
   </div>
   <div class='ocr_carea' id='block_1_48' title="bbox 2024 1895 3717 1969">
    <p class='ocr_par' dir='ltr' id='par_1_48' title="bbox 2024 1895 3717 1969">
     <span class='ocr_line' id='line_1_48' title="bbox 2024 1895 3717 1969; baseline -0.004 -17"><span class='ocrx_word' id='word_1_316' title='bbox 2024 1899 2335 1969; x_wconf 89' lang='lat' dir='ltr'><strong>tangendo,</strong></span> <span class='ocrx_word' id='word_1_317' title='bbox 2371 1899 2637 1969; x_wconf 84' lang='lat' dir='ltr'><strong>mysteria</strong></span> <span class='ocrx_word' id='word_1_318' title='bbox 2680 1898 2858 1951; x_wconf 87' lang='lat' dir='ltr'><strong>divini</strong></span> <span class='ocrx_word' id='word_1_319' title='bbox 2916 1896 3255 1950; x_wconf 86' lang='lat' dir='ltr'><strong>sacramenti</strong></span> <span class='ocrx_word' id='word_1_320' title='bbox 3302 1895 3504 1960; x_wconf 89' lang='lat' dir='ltr'><strong>edidit;</strong></span> <span class='ocrx_word' id='word_1_321' title='bbox 3566 1909 3717 1946; x_wconf 89' lang='lat' dir='ltr'><strong>nunc</strong></span> 
     </span>
    </p>
   </div>
   <div class='ocr_carea' id='block_1_49' title="bbox 2022 1983 3713 2056">
    <p class='ocr_par' dir='ltr' id='par_1_49' title="bbox 2022 1983 3713 2056">
     <span class='ocr_line' id='line_1_49' title="bbox 2022 1983 3713 2056; baseline -0.004 -14"><span class='ocrx_word' id='word_1_322' title='bbox 2022 1988 2092 2042; x_wconf 90' lang='lat' dir='ltr'><strong>de</strong></span> <span class='ocrx_word' id='word_1_323' title='bbox 2128 1986 2336 2040; x_wconf 86' lang='lat' dir='ltr'><strong>sanctis</strong></span> <span class='ocrx_word' id='word_1_324' title='bbox 2366 1986 2626 2056; x_wconf 89' lang='lat' dir='ltr'><strong>patribus</strong></span> <span class='ocrx_word' id='word_1_325' title='bbox 2660 2001 2894 2039; x_wconf 89' lang='lat' dir='ltr'><strong>narrare</strong></span> <span class='ocrx_word' id='word_1_326' title='bbox 2928 1983 3147 2053; x_wconf 88' lang='lat' dir='ltr'><strong>incipit.</strong></span> <span class='ocrx_word' id='word_1_327' title='bbox 3200 1985 3458 2037; x_wconf 88' lang='lat' dir='ltr'><strong>Parentes</strong></span> <span class='ocrx_word' id='word_1_328' title='bbox 3484 1986 3713 2035; x_wconf 88' lang='lat' dir='ltr'><strong>nostros.</strong></span> 
     </span>
    </p>
   </div>
   <div class='ocr_carea' id='block_1_50' title="bbox 2026 2071 3720 2145">
    <p class='ocr_par' dir='ltr' id='par_1_50' title="bbox 2026 2071 3720 2145">
     <span class='ocr_line' id='line_1_50' title="bbox 2026 2071 3720 2145; baseline -0.004 -16"><span class='ocrx_word' id='word_1_329' title='bbox 2026 2075 2401 2140; x_wconf 85' lang='lat' dir='ltr'><strong>Patriarchas,</strong></span> <span class='ocrx_word' id='word_1_330' title='bbox 2428 2074 2529 2145; x_wconf 92' lang='lat' dir='ltr'><strong>qui</strong></span> <span class='ocrx_word' id='word_1_331' title='bbox 2553 2074 2743 2128; x_wconf 88' lang='lat' dir='ltr'><strong>divina</strong></span> <span class='ocrx_word' id='word_1_332' title='bbox 2771 2074 3059 2126; x_wconf 91' lang='lat' dir='ltr'><strong>locutione</strong></span> <span class='ocrx_word' id='word_1_333' title='bbox 3089 2076 3143 2125; x_wconf 90' lang='lat' dir='ltr'><strong>et</strong></span> <span class='ocrx_word' id='word_1_334' title='bbox 3174 2071 3393 2125; x_wconf 89' lang='lat' dir='ltr'><strong>visione</strong></span> <span class='ocrx_word' id='word_1_335' title='bbox 3451 2071 3720 2124; x_wconf 87' lang='lat' dir='ltr'><strong>frueban-</strong></span> 
     </span>
    </p>
   </div>
   <div class='ocr_carea' id='block_1_51' title="bbox 2024 2158 3722 2231">
    <p class='ocr_par' dir='ltr' id='par_1_51' title="bbox 2024 2158 3722 2231">
     <span class='ocr_line' id='line_1_51' title="bbox 2024 2158 3722 2231; baseline -0.004 -15"><span class='ocrx_word' id='word_1_336' title='bbox 2024 2168 2144 2229; x_wconf 90' lang='lat' dir='ltr'><strong>tur;</strong></span> <span class='ocrx_word' id='word_1_337' title='bbox 2180 2167 2235 2216; x_wconf 88' lang='lat' dir='ltr'><strong>et</strong></span> <span class='ocrx_word' id='word_1_338' title='bbox 2266 2162 2600 2231; x_wconf 85' lang='lat' dir='ltr'><strong>Prophetas.</strong></span> <span class='ocrx_word' id='word_1_339' title='bbox 2636 2160 2735 2231; x_wconf 91' lang='lat' dir='ltr'><strong>qui</strong></span> <span class='ocrx_word' id='word_1_340' title='bbox 2764 2160 2979 2230; x_wconf 90' lang='lat' dir='ltr'><strong>Spiritu</strong></span> <span class='ocrx_word' id='word_1_341' title='bbox 3002 2163 3196 2212; x_wconf 89' lang='lat' dir='ltr'><strong>sancto</strong></span> <span class='ocrx_word' id='word_1_342' title='bbox 3251 2158 3479 2227; x_wconf 87' lang='lat' dir='ltr'><strong>repleti,</strong></span> <span class='ocrx_word' id='word_1_343' title='bbox 3539 2158 3722 2211; x_wconf 82' lang='lat' dir='ltr'><strong>multa</strong></span> 
     </span>
    </p>
   </div>
   <div class='ocr_carea' id='block_1_52' title="bbox 2027 2247 3393 2318">
    <p class='ocr_par' dir='ltr' id='par_1_52' title="bbox 2027 2247 3393 2318">
     <span class='ocr_line' id='line_1_52' title="bbox 2027 2247 3393 2318; baseline -0.006 -13"><span class='ocrx_word' id='word_1_344' title='bbox 2027 2249 2233 2305; x_wconf 87' lang='lat' dir='ltr'><strong>Christi</strong></span> <span class='ocrx_word' id='word_1_345' title='bbox 2261 2254 2318 2302; x_wconf 91' lang='lat' dir='ltr'><strong>et</strong></span> <span class='ocrx_word' id='word_1_346' title='bbox 2350 2250 2612 2303; x_wconf 77' lang='lat' dir='ltr'><strong>Ecclesiae</strong></span> <span class='ocrx_word' id='word_1_347' title='bbox 2653 2248 2921 2317; x_wconf 80' lang='lat' dir='ltr'><strong>mysteria</strong></span> <span class='ocrx_word' id='word_1_348' title='bbox 2944 2247 3393 2318; x_wconf 66' lang='lat' dir='ltr'><strong>praecinuerunt.</strong></span> 
     </span>
    </p>
   </div>
   <div class='ocr_carea' id='block_1_53' title="bbox 2098 2332 3720 2402">
    <p class='ocr_par' dir='ltr' id='par_1_53' title="bbox 2098 2332 3720 2402">
     <span class='ocr_line' id='line_1_53' title="bbox 2098 2332 3720 2402; baseline -0.002 -13"><span class='ocrx_word' id='word_1_349' title='bbox 2098 2338 2256 2391; x_wconf 83' lang='lat' dir='ltr'><strong>Vens.</strong></span> <span class='ocrx_word' id='word_1_350' title='bbox 2289 2341 2370 2391; x_wconf 75' lang='lat'><strong>1&#39;2.</strong></span> <span class='ocrx_word' id='word_1_351' title='bbox 2408 2368 2475 2376; x_wconf 59' lang='grc' dir='ltr'><strong>-κ</strong></span> <span class='ocrx_word' id='word_1_352' title='bbox 2502 2339 2561 2391; x_wconf 85' lang='grc' dir='ltr'><strong>ιη</strong></span> <span class='ocrx_word' id='word_1_353' title='bbox 2614 2338 2966 2391; x_wconf 81' lang='lat' dir='ltr'><strong>Testamentis</strong></span> <span class='ocrx_word' id='word_1_354' title='bbox 3002 2336 3169 2400; x_wconf 80' lang='lat' dir='ltr'><strong>stetit,</strong></span> <span class='ocrx_word' id='word_1_355' title='bbox 3204 2339 3309 2387; x_wconf 90' lang='lat' dir='ltr'><strong>etc.</strong></span> <span class='ocrx_word' id='word_1_356' title='bbox 3343 2332 3532 2402; x_wconf 62' lang='lat' dir='ltr'><strong>(Rau)</strong></span> <span class='ocrx_word' id='word_1_357' title='bbox 3589 2334 3720 2386; x_wconf 69' lang='lat' dir='ltr'><strong>Haec</strong></span> 
     </span>
    </p>
   </div>
   <div class='ocr_carea' id='block_1_54' title="bbox 2023 2420 3719 2496">
    <p class='ocr_par' dir='ltr' id='par_1_54' title="bbox 2023 2420 3719 2496">
     <span class='ocr_line' id='line_1_54' title="bbox 2023 2420 3719 2496; baseline -0.004 -18"><span class='ocrx_word' id='word_1_358' title='bbox 2023 2427 2183 2496; x_wconf 83' lang='lat' dir='ltr'><strong>juxta</strong></span> <span class='ocrx_word' id='word_1_359' title='bbox 2214 2425 2509 2478; x_wconf 84' lang='lat' dir='ltr'><strong>historiam</strong></span> <span class='ocrx_word' id='word_1_360' title='bbox 2535 2425 2603 2478; x_wconf 90' lang='lat' dir='ltr'><strong>de</strong></span> <span class='ocrx_word' id='word_1_361' title='bbox 2637 2424 2996 2495; x_wconf 80' lang='lat' dir='ltr'><strong>patriarchis,</strong></span> <span class='ocrx_word' id='word_1_362' title='bbox 3023 2428 3154 2489; x_wconf 90' lang='lat' dir='ltr'><strong>etc.,</strong></span> <span class='ocrx_word' id='word_1_363' title='bbox 3187 2438 3356 2490; x_wconf 83' lang='lat' dir='ltr'><strong>usque</strong></span> <span class='ocrx_word' id='word_1_364' title='bbox 3385 2421 3458 2474; x_wconf 87' lang='lat' dir='ltr'><strong>ad</strong></span> <span class='ocrx_word' id='word_1_365' title='bbox 3488 2420 3719 2491; x_wconf 89' lang='lat' dir='ltr'><strong>quando</strong></span> 
     </span>
    </p>
   </div>
   <div class='ocr_carea' id='block_1_55' title="bbox 2029 2511 3720 2585">
    <p class='ocr_par' dir='ltr' id='par_1_55' title="bbox 2029 2511 3720 2585">
     <span class='ocr_line' id='line_1_55' title="bbox 2029 2511 3720 2585; baseline -0.005 -17"><span class='ocrx_word' id='word_1_366' title='bbox 2029 2531 2225 2568; x_wconf 88' lang='lat' dir='ltr'><strong>semen</strong></span> <span class='ocrx_word' id='word_1_367' title='bbox 2273 2515 2557 2567; x_wconf 88' lang='lat' dir='ltr'><strong>bonorum</strong></span> <span class='ocrx_word' id='word_1_368' title='bbox 2590 2530 2828 2585; x_wconf 84' lang='lat' dir='ltr'><strong>operum</strong></span> <span class='ocrx_word' id='word_1_369' title='bbox 2852 2513 3063 2566; x_wconf 74' lang='lat' dir='ltr'><strong>caelesti</strong></span> <span class='ocrx_word' id='word_1_370' title='bbox 3092 2511 3351 2565; x_wconf 86' lang='lat' dir='ltr'><strong>mercede</strong></span> <span class='ocrx_word' id='word_1_371' title='bbox 3392 2526 3720 2580; x_wconf 82' lang='lat' dir='ltr'><strong>compensa-</strong></span> 
     </span>
    </p>
   </div>
   <div class='ocr_carea' id='block_1_56' title="bbox 2027 2602 2200 2656">
    <p class='ocr_par' dir='ltr' id='par_1_56' title="bbox 2027 2602 2200 2656">
     <span class='ocr_line' id='line_1_56' title="bbox 2027 2602 2200 2656; baseline -0.012 0"><span class='ocrx_word' id='word_1_372' title='bbox 2027 2602 2144 2656; x_wconf 90' lang='lat' dir='ltr'><strong>bitu</strong></span> <span class='ocrx_word' id='word_1_373' title='bbox 2154 2618 2200 2655; x_wconf 90' lang='lat' dir='ltr'><strong>r.</strong></span> 
     </span>
    </p>
   </div>
   <div class='ocr_carea' id='block_1_57' title="bbox 2101 2684 3716 2756">
    <p class='ocr_par' dir='ltr' id='par_1_57' title="bbox 2101 2684 3716 2756">
     <span class='ocr_line' id='line_1_57' title="bbox 2101 2684 3716 2756; baseline -0.004 -14"><span class='ocrx_word' id='word_1_374' title='bbox 2101 2692 2261 2744; x_wconf 88' lang='lat' dir='ltr'><strong>Vens.</strong></span> <span class='ocrx_word' id='word_1_375' title='bbox 2298 2692 2382 2743; x_wconf 89' lang='grc'><strong>16.</strong></span> <span class='ocrx_word' id='word_1_376' title='bbox 2434 2719 2503 2727; x_wconf 91' lang='lat'><strong>—-</strong></span> <span class='ocrx_word' id='word_1_377' title='bbox 2551 2689 2762 2742; x_wconf 83' lang='lat' dir='ltr'><strong>Henoch</strong></span> <span class='ocrx_word' id='word_1_378' title='bbox 2810 2688 3024 2756; x_wconf 76' lang='lat' dir='ltr'><strong>placuit</strong></span> <span class='ocrx_word' id='word_1_379' title='bbox 3074 2687 3206 2740; x_wconf 89' lang='lat' dir='ltr'><strong>Deo.</strong></span> <span class='ocrx_word' id='word_1_380' title='bbox 3264 2686 3385 2740; x_wconf 89' lang='lat' dir='ltr'><strong>Non</strong></span> <span class='ocrx_word' id='word_1_381' title='bbox 3416 2684 3487 2739; x_wconf 87' lang='lat' dir='ltr'><strong>ab</strong></span> <span class='ocrx_word' id='word_1_382' title='bbox 3516 2684 3716 2749; x_wconf 84' lang='lat' dir='ltr'><strong>Adam,</strong></span> 
     </span>
    </p>
   </div>
   <div class='ocr_carea' id='block_1_58' title="bbox 2028 2772 3716 2847">
    <p class='ocr_par' dir='ltr' id='par_1_58' title="bbox 2028 2772 3716 2847">
     <span class='ocr_line' id='line_1_58' title="bbox 2028 2772 3716 2847; baseline -0.005 -14"><span class='ocrx_word' id='word_1_383' title='bbox 2028 2784 2161 2845; x_wconf 84' lang='lat' dir='ltr'><strong>etc.,</strong></span> <span class='ocrx_word' id='word_1_384' title='bbox 2192 2793 2361 2847; x_wconf 74' lang='lat' dir='ltr'><strong>usque</strong></span> <span class='ocrx_word' id='word_1_385' title='bbox 2389 2776 2463 2830; x_wconf 87' lang='lat' dir='ltr'><strong>ad</strong></span> <span class='ocrx_word' id='word_1_386' title='bbox 2492 2781 2551 2830; x_wconf 94' lang='lat' dir='ltr'><strong>ut</strong></span> <span class='ocrx_word' id='word_1_387' title='bbox 2573 2777 2668 2829; x_wconf 89' lang='lat' dir='ltr'><strong>det</strong></span> <span class='ocrx_word' id='word_1_388' title='bbox 2698 2775 3028 2829; x_wconf 90' lang='lat' dir='ltr'><strong>hominibus</strong></span> <span class='ocrx_word' id='word_1_389' title='bbox 3049 2775 3356 2828; x_wconf 88' lang='lat' dir='ltr'><strong>consilium</strong></span> <span class='ocrx_word' id='word_1_390' title='bbox 3382 2772 3716 2844; x_wconf 79' lang='lat' dir='ltr'><strong>pmnitendi.</strong></span> 
     </span>
    </p>
   </div>
   <div class='ocr_carea' id='block_1_59' title="bbox 214 2862 3720 2936">
    <p class='ocr_par' dir='ltr' id='par_1_59' title="bbox 214 2862 3720 2936">
     <span class='ocr_line' id='line_1_59' title="bbox 214 2862 3720 2936; baseline -0.001 -19"><span class='ocrx_word' id='word_1_391' title='bbox 214 2864 289 2917; x_wconf 86' lang='lat' dir='ltr'><strong>tis</strong></span> <span class='ocrx_word' id='word_1_392' title='bbox 322 2869 380 2917; x_wconf 88' lang='lat' dir='ltr'><strong>et</strong></span> <span class='ocrx_word' id='word_1_393' title='bbox 410 2863 617 2917; x_wconf 69' lang='lat' dir='ltr'><strong>divina:</strong></span> <span class='ocrx_word' id='word_1_394' title='bbox 636 2864 1060 2934; x_wconf 68' lang='lat' dir='ltr'><strong>praedicationis</strong></span> <span class='ocrx_word' id='word_1_395' title='bbox 1088 2881 1193 2935; x_wconf 92' lang='lat' dir='ltr'><strong>per</strong></span> <span class='ocrx_word' id='word_1_396' title='bbox 1222 2870 1405 2919; x_wconf 90' lang='lat' dir='ltr'><strong>totum</strong></span> <span class='ocrx_word' id='word_1_397' title='bbox 1440 2866 1637 2920; x_wconf 91' lang='lat' dir='ltr'><strong>orbem</strong></span> <span class='ocrx_word' id='word_1_398' title='bbox 1667 2865 1918 2936; x_wconf 84' lang='lat' dir='ltr'><strong>gloriose</strong></span> <span class='ocrx_word' id='word_1_399' title='bbox 1950 2864 1990 2919; x_wconf 91' lang='lat' dir='ltr'><strong>C</strong></span> <span class='ocrx_word' id='word_1_400' title='bbox 2099 2869 2260 2921; x_wconf 81' lang='lat' dir='ltr'><strong>Vens.</strong></span> <span class='ocrx_word' id='word_1_401' title='bbox 2300 2869 2362 2920; x_wconf 79' lang='grc'><strong>17</strong></span> <span class='ocrx_word' id='word_1_402' title='bbox 2402 2895 2469 2905; x_wconf 93' lang='lat'><strong>—-</strong></span> <span class='ocrx_word' id='word_1_403' title='bbox 2526 2867 2635 2921; x_wconf 90' lang='lat' dir='ltr'><strong>Noe</strong></span> <span class='ocrx_word' id='word_1_404' title='bbox 2691 2867 2939 2918; x_wconf 72' lang='lat' dir='ltr'><strong>inventus</strong></span> <span class='ocrx_word' id='word_1_405' title='bbox 2996 2868 3094 2928; x_wconf 86' lang='lat' dir='ltr'><strong>est,</strong></span> <span class='ocrx_word' id='word_1_406' title='bbox 3145 2868 3252 2917; x_wconf 86' lang='lat' dir='ltr'><strong>etc.</strong></span> <span class='ocrx_word' id='word_1_407' title='bbox 3306 2862 3540 2927; x_wconf 89' lang='lat' dir='ltr'><strong>Quando</strong></span> <span class='ocrx_word' id='word_1_408' title='bbox 3582 2875 3720 2930; x_wconf 89' lang='lat' dir='ltr'><strong>per-</strong></span> 
     </span>
    </p>
   </div>
   <div class='ocr_carea' id='block_1_60' title="bbox 216 2952 568 3021">
    <p class='ocr_par' dir='ltr' id='par_1_60' title="bbox 216 2952 568 3021">
     <span class='ocr_line' id='line_1_60' title="bbox 216 2952 568 3021; baseline -0.003 -15"><span class='ocrx_word' id='word_1_409' title='bbox 216 2952 568 3021; x_wconf 84' lang='lat' dir='ltr'><strong>resplendet.</strong></span> 
     </span>
    </p>
   </div>
   <div class='ocr_carea' id='block_1_61' title="bbox 290 3041 1911 3111">
    <p class='ocr_par' dir='ltr' id='par_1_61' title="bbox 290 3041 1911 3111">
     <span class='ocr_line' id='line_1_61' title="bbox 290 3041 1911 3111; baseline 0.002 -19"><span class='ocrx_word' id='word_1_410' title='bbox 290 3042 455 3093; x_wconf 84' lang='lat' dir='ltr'><strong>Vens.</strong></span> <span class='ocrx_word' id='word_1_411' title='bbox 486 3044 566 3095; x_wconf 91' lang='grc'><strong>10.</strong></span> <span class='ocrx_word' id='word_1_412' title='bbox 615 3070 684 3080; x_wconf 93' lang='grc'><strong>-</strong></span> <span class='ocrx_word' id='word_1_413' title='bbox 739 3042 951 3111; x_wconf 82' lang='lat' dir='ltr'><strong>Species</strong></span> <span class='ocrx_word' id='word_1_414' title='bbox 995 3042 1129 3105; x_wconf 71' lang='lat' dir='ltr'><strong>coeli,</strong></span> <span class='ocrx_word' id='word_1_415' title='bbox 1190 3045 1297 3095; x_wconf 90' lang='lat' dir='ltr'><strong>etc.</strong></span> <span class='ocrx_word' id='word_1_416' title='bbox 1353 3041 1599 3095; x_wconf 89' lang='lat' dir='ltr'><strong>Ornatus</strong></span> <span class='ocrx_word' id='word_1_417' title='bbox 1631 3041 1911 3108; x_wconf 52' lang='lat' dir='ltr'><strong>Ecclesia,</strong></span> 
     </span>
    </p>
   </div>
   <div class='ocr_carea' id='block_1_62' title="bbox 218 3128 1915 3198">
    <p class='ocr_par' dir='ltr' id='par_1_62' title="bbox 218 3128 1915 3198">
     <span class='ocr_line' id='line_1_62' title="bbox 218 3128 1915 3198; baseline 0.002 -19"><span class='ocrx_word' id='word_1_418' title='bbox 218 3132 549 3182; x_wconf 70' lang='lat' dir='ltr'><strong>sanctorum</strong></span> <span class='ocrx_word' id='word_1_419' title='bbox 579 3128 900 3197; x_wconf 87' lang='lat' dir='ltr'><strong>plenitudo,</strong></span> <span class='ocrx_word' id='word_1_420' title='bbox 934 3144 1078 3198; x_wconf 90' lang='lat' dir='ltr'><strong>quos</strong></span> <span class='ocrx_word' id='word_1_421' title='bbox 1109 3129 1255 3182; x_wconf 85' lang='lat' dir='ltr'><strong>Deus</strong></span> <span class='ocrx_word' id='word_1_422' title='bbox 1296 3129 1552 3183; x_wconf 82' lang='lat' dir='ltr'><strong>excelsus</strong></span> <span class='ocrx_word' id='word_1_423' title='bbox 1607 3130 1915 3194; x_wconf 87' lang='lat' dir='ltr'><strong>ordinavit,</strong></span> 
     </span>
    </p>
   </div>
   <div class='ocr_carea' id='block_1_63' title="bbox 217 3216 1919 3287">
    <p class='ocr_par' dir='ltr' id='par_1_63' title="bbox 217 3216 1919 3287">
     <span class='ocr_line' id='line_1_63' title="bbox 217 3216 1919 3287; baseline 0.001 -18"><span class='ocrx_word' id='word_1_424' title='bbox 217 3223 284 3270; x_wconf 90' lang='lat' dir='ltr'><strong>ut</strong></span> <span class='ocrx_word' id='word_1_425' title='bbox 326 3216 727 3286; x_wconf 69' lang='lat' dir='ltr'><strong>praedicatione</strong></span> <span class='ocrx_word' id='word_1_426' title='bbox 774 3217 1061 3287; x_wconf 82' lang='lat' dir='ltr'><strong>Evangelii</strong></span> <span class='ocrx_word' id='word_1_427' title='bbox 1115 3217 1486 3271; x_wconf 89' lang='lat' dir='ltr'><strong>illustrarent.</strong></span> <span class='ocrx_word' id='word_1_428' title='bbox 1524 3217 1591 3271; x_wconf 83' lang='lat' dir='ltr'><strong>Hi</strong></span> <span class='ocrx_word' id='word_1_429' title='bbox 1647 3221 1705 3272; x_wconf 83' lang='lat' dir='ltr'><strong>in</strong></span> <span class='ocrx_word' id='word_1_430' title='bbox 1736 3219 1919 3272; x_wconf 81' lang='lat' dir='ltr'><strong>verbis</strong></span> 
     </span>
    </p>
   </div>
   <div class='ocr_carea' id='block_1_64' title="bbox 216 3304 1920 3376">
    <p class='ocr_par' dir='ltr' id='par_1_64' title="bbox 216 3304 1920 3376">
     <span class='ocr_line' id='line_1_64' title="bbox 216 3304 1920 3376; baseline 0.001 -19"><span class='ocrx_word' id='word_1_431' title='bbox 216 3309 425 3359; x_wconf 83' lang='lat' dir='ltr'><strong>sanctis</strong></span> <span class='ocrx_word' id='word_1_432' title='bbox 450 3310 507 3358; x_wconf 90' lang='lat' dir='ltr'><strong>et</strong></span> <span class='ocrx_word' id='word_1_433' title='bbox 562 3304 621 3359; x_wconf 91' lang='lat' dir='ltr'><strong>in</strong></span> <span class='ocrx_word' id='word_1_434' title='bbox 683 3305 943 3358; x_wconf 88' lang='lat' dir='ltr'><strong>doctrina</strong></span> <span class='ocrx_word' id='word_1_435' title='bbox 992 3320 1141 3359; x_wconf 71' lang='lat' dir='ltr'><strong>vera:</strong></span> <span class='ocrx_word' id='word_1_436' title='bbox 1172 3304 1307 3359; x_wconf 91' lang='lat' dir='ltr'><strong>ﬁdei</strong></span> <span class='ocrx_word' id='word_1_437' title='bbox 1345 3311 1768 3376; x_wconf 88' lang='lat' dir='ltr'><strong>permanentes,</strong></span> <span class='ocrx_word' id='word_1_438' title='bbox 1827 3322 1920 3359; x_wconf 86' lang='lat' dir='ltr'><strong>ex-</strong></span> 
     </span>
    </p>
   </div>
   <div class='ocr_carea' id='block_1_65' title="bbox 219 3391 937 3462">
    <p class='ocr_par' dir='ltr' id='par_1_65' title="bbox 219 3391 937 3462">
     <span class='ocr_line' id='line_1_65' title="bbox 219 3391 937 3462; baseline 0.001 -19"><span class='ocrx_word' id='word_1_439' title='bbox 219 3397 481 3462; x_wconf 86' lang='lat' dir='ltr'><strong>spectant</strong></span> <span class='ocrx_word' id='word_1_440' title='bbox 504 3391 785 3461; x_wconf 88' lang='lat' dir='ltr'><strong>judicium</strong></span> <span class='ocrx_word' id='word_1_441' title='bbox 811 3392 937 3444; x_wconf 89' lang='lat' dir='ltr'><strong>Dei.</strong></span> 
     </span>
    </p>
   </div>
   <div class='ocr_carea' id='block_1_66' title="bbox 292 3480 1919 3552">
    <p class='ocr_par' dir='ltr' id='par_1_66' title="bbox 292 3480 1919 3552">
     <span class='ocr_line' id='line_1_66' title="bbox 292 3480 1919 3552; baseline 0.002 -20"><span class='ocrx_word' id='word_1_442' title='bbox 292 3481 456 3533; x_wconf 86' lang='lat' dir='ltr'><strong>Vens.</strong></span> <span class='ocrx_word' id='word_1_443' title='bbox 484 3482 567 3533; x_wconf 90' lang='grc'><strong>11.</strong></span> <span class='ocrx_word' id='word_1_444' title='bbox 601 3509 668 3520; x_wconf 91' lang='grc'><strong>-</strong></span> <span class='ocrx_word' id='word_1_445' title='bbox 706 3482 770 3533; x_wconf 88' lang='lat' dir='ltr'><strong>In</strong></span> <span class='ocrx_word' id='word_1_446' title='bbox 796 3480 995 3535; x_wconf 83' lang='lat' dir='ltr'><strong>verbis.</strong></span> <span class='ocrx_word' id='word_1_447' title='bbox 1037 3480 1179 3543; x_wconf 90' lang='lat' dir='ltr'><strong>Quia</strong></span> <span class='ocrx_word' id='word_1_448' title='bbox 1209 3480 1268 3534; x_wconf 92' lang='lat' dir='ltr'><strong>in</strong></span> <span class='ocrx_word' id='word_1_449' title='bbox 1299 3482 1573 3551; x_wconf 88' lang='lat' dir='ltr'><strong>patientia</strong></span> <span class='ocrx_word' id='word_1_450' title='bbox 1605 3498 1706 3536; x_wconf 89' lang='lat' dir='ltr'><strong>sua</strong></span> <span class='ocrx_word' id='word_1_451' title='bbox 1733 3483 1919 3552; x_wconf 90' lang='lat' dir='ltr'><strong>possi-</strong></span> 
     </span>
    </p>
   </div>
   <div class='ocr_carea' id='block_1_67' title="bbox 218 3568 1919 3638">
    <p class='ocr_par' dir='ltr' id='par_1_67' title="bbox 218 3568 1919 3638">
     <span class='ocr_line' id='line_1_67' title="bbox 218 3568 1919 3638; baseline 0 -15"><span class='ocrx_word' id='word_1_452' title='bbox 218 3571 362 3623; x_wconf 89' lang='lat' dir='ltr'><strong>dent</strong></span> <span class='ocrx_word' id='word_1_453' title='bbox 394 3569 633 3633; x_wconf 89' lang='lat' dir='ltr'><strong>animas,</strong></span> <span class='ocrx_word' id='word_1_454' title='bbox 658 3568 951 3638; x_wconf 60' lang='lat' dir='ltr'><strong>praeiucti</strong></span> <span class='ocrx_word' id='word_1_455' title='bbox 983 3569 1240 3636; x_wconf 86' lang='lat' dir='ltr'><strong>lumbos;</strong></span> <span class='ocrx_word' id='word_1_456' title='bbox 1271 3576 1329 3622; x_wconf 88' lang='lat' dir='ltr'><strong>et</strong></span> <span class='ocrx_word' id='word_1_457' title='bbox 1376 3571 1636 3623; x_wconf 89' lang='lat' dir='ltr'><strong>lucernas</strong></span> <span class='ocrx_word' id='word_1_458' title='bbox 1662 3576 1919 3625; x_wconf 88' lang='lat' dir='ltr'><strong>tenentes</strong></span> 
     </span>
    </p>
   </div>
   <div class='ocr_carea' id='block_1_68' title="bbox 218 3656 1920 3729">
    <p class='ocr_par' dir='ltr' id='par_1_68' title="bbox 218 3656 1920 3729">
     <span class='ocr_line' id='line_1_68' title="bbox 218 3656 1920 3729; baseline 0.001 -18"><span class='ocrx_word' id='word_1_459' title='bbox 218 3659 279 3711; x_wconf 90' lang='lat' dir='ltr'><strong>iu</strong></span> <span class='ocrx_word' id='word_1_460' title='bbox 314 3656 578 3711; x_wconf 86' lang='lat' dir='ltr'><strong>manibus</strong></span> <span class='ocrx_word' id='word_1_461' title='bbox 599 3658 732 3723; x_wconf 88' lang='lat' dir='ltr'><strong>suis,</strong></span> <span class='ocrx_word' id='word_1_462' title='bbox 766 3661 1095 3727; x_wconf 87' lang='lat' dir='ltr'><strong>exspectant</strong></span> <span class='ocrx_word' id='word_1_463' title='bbox 1126 3658 1430 3712; x_wconf 88' lang='lat' dir='ltr'><strong>Dominum</strong></span> <span class='ocrx_word' id='word_1_464' title='bbox 1472 3674 1659 3725; x_wconf 92' lang='lat' dir='ltr'><strong>suum,</strong></span> <span class='ocrx_word' id='word_1_465' title='bbox 1686 3659 1920 3729; x_wconf 86' lang='lat' dir='ltr'><strong>quando</strong></span> 
     </span>
    </p>
   </div>
   <div class='ocr_carea' id='block_1_69' title="bbox 220 3744 866 3813">
    <p class='ocr_par' dir='ltr' id='par_1_69' title="bbox 220 3744 866 3813">
     <span class='ocr_line' id='line_1_69' title="bbox 220 3744 866 3813; baseline -0.002 -15"><span class='ocrx_word' id='word_1_466' title='bbox 220 3750 544 3798; x_wconf 82' lang='lat' dir='ltr'><strong>revertatur</strong></span> <span class='ocrx_word' id='word_1_467' title='bbox 564 3761 595 3797; x_wconf 91' lang='lat' dir='ltr'><strong>a</strong></span> <span class='ocrx_word' id='word_1_468' title='bbox 626 3744 866 3813; x_wconf 89' lang='lat' dir='ltr'><strong>nuptiis.</strong></span> 
     </span>
    </p>
   </div>
   <div class='ocr_carea' id='block_1_70' title="bbox 296 3833 1920 3903">
    <p class='ocr_par' dir='ltr' id='par_1_70' title="bbox 296 3833 1920 3903">
     <span class='ocr_line' id='line_1_70' title="bbox 296 3833 1920 3903; baseline 0.001 -18"><span class='ocrx_word' id='word_1_469' title='bbox 296 3834 453 3885; x_wconf 84' lang='lat' dir='ltr'><strong>Vens.</strong></span> <span class='ocrx_word' id='word_1_470' title='bbox 490 3836 571 3886; x_wconf 82' lang='lat' dir='ltr'><strong>t2.</strong></span> <span class='ocrx_word' id='word_1_471' title='bbox 614 3862 682 3872; x_wconf 90' lang='lat'><strong><em>—</em></strong></span> <span class='ocrx_word' id='word_1_472' title='bbox 743 3833 880 3886; x_wconf 85' lang='lat' dir='ltr'><strong>Vide</strong></span> <span class='ocrx_word' id='word_1_473' title='bbox 933 3850 1139 3899; x_wconf 89' lang='lat' dir='ltr'><strong>arcum,</strong></span> <span class='ocrx_word' id='word_1_474' title='bbox 1191 3839 1296 3887; x_wconf 88' lang='lat' dir='ltr'><strong>etc.</strong></span> <span class='ocrx_word' id='word_1_475' title='bbox 1356 3834 1642 3903; x_wconf 89' lang='lat' dir='ltr'><strong>Scriptum</strong></span> <span class='ocrx_word' id='word_1_476' title='bbox 1702 3834 1920 3888; x_wconf 85' lang='lat' dir='ltr'><strong>Veteris</strong></span> 
     </span>
    </p>
   </div>
   <div class='ocr_carea' id='block_1_71' title="bbox 221 3922 1919 3994">
    <p class='ocr_par' dir='ltr' id='par_1_71' title="bbox 221 3922 1919 3994">
     <span class='ocr_line' id='line_1_71' title="bbox 221 3922 1919 3994; baseline 0.003 -22"><span class='ocrx_word' id='word_1_477' title='bbox 221 3922 312 3975; x_wconf 84' lang='lat' dir='ltr'><strong>vel</strong></span> <span class='ocrx_word' id='word_1_478' title='bbox 346 3922 486 3975; x_wconf 80' lang='lat' dir='ltr'><strong>Novi</strong></span> <span class='ocrx_word' id='word_1_479' title='bbox 507 3922 870 3974; x_wconf 89' lang='lat' dir='ltr'><strong>Testamenti.</strong></span> <span class='ocrx_word' id='word_1_480' title='bbox 903 3923 998 3975; x_wconf 85' lang='lat' dir='ltr'><strong>Hic</strong></span> <span class='ocrx_word' id='word_1_481' title='bbox 1021 3923 1286 3976; x_wconf 89' lang='lat' dir='ltr'><strong>ﬁdelibus</strong></span> <span class='ocrx_word' id='word_1_482' title='bbox 1308 3939 1477 3976; x_wconf 85' lang='lat' dir='ltr'><strong>suave</strong></span> <span class='ocrx_word' id='word_1_483' title='bbox 1502 3924 1710 3994; x_wconf 85' lang='lat' dir='ltr'><strong>jugum</strong></span> <span class='ocrx_word' id='word_1_484' title='bbox 1731 3930 1919 3977; x_wconf 87' lang='lat' dir='ltr'><strong>osten-</strong></span> 
     </span>
    </p>
   </div>
   <div class='ocr_carea' id='block_1_72' title="bbox 223 4010 1383 4078">
    <p class='ocr_par' dir='ltr' id='par_1_72' title="bbox 223 4010 1383 4078">
     <span class='ocr_line' id='line_1_72' title="bbox 223 4010 1383 4078; baseline -0.002 -12"><span class='ocrx_word' id='word_1_485' title='bbox 223 4012 407 4078; x_wconf 91' lang='lat' dir='ltr'><strong>ditur,</strong></span> <span class='ocrx_word' id='word_1_486' title='bbox 439 4010 872 4064; x_wconf 86' lang='lat' dir='ltr'><strong>contumacibus</strong></span> <span class='ocrx_word' id='word_1_487' title='bbox 894 4026 1052 4063; x_wconf 91' lang='lat' dir='ltr'><strong>arma</strong></span> <span class='ocrx_word' id='word_1_488' title='bbox 1083 4010 1383 4064; x_wconf 86' lang='lat' dir='ltr'><strong>terribilia.</strong></span> 
     </span>
    </p>
   </div>
   <div class='ocr_carea' id='block_1_73' title="bbox 300 4098 1922 4170">
    <p class='ocr_par' dir='ltr' id='par_1_73' title="bbox 300 4098 1922 4170">
     <span class='ocr_line' id='line_1_73' title="bbox 300 4098 1922 4170; baseline 0.002 -21"><span class='ocrx_word' id='word_1_489' title='bbox 300 4099 461 4152; x_wconf 88' lang='lat' dir='ltr'><strong>Vens.</strong></span> <span class='ocrx_word' id='word_1_490' title='bbox 494 4100 576 4151; x_wconf 87' lang='grc'><strong>13.</strong></span> <span class='ocrx_word' id='word_1_491' title='bbox 625 4125 695 4135; x_wconf 91' lang='grc'><strong>-</strong></span> <span class='ocrx_word' id='word_1_492' title='bbox 742 4098 976 4164; x_wconf 82' lang='lat' dir='ltr'><strong>Gyravit</strong></span> <span class='ocrx_word' id='word_1_493' title='bbox 1006 4099 1211 4166; x_wconf 75' lang='lat' dir='ltr'><strong>caelum,</strong></span> <span class='ocrx_word' id='word_1_494' title='bbox 1252 4105 1359 4152; x_wconf 90' lang='lat' dir='ltr'><strong>etc.</strong></span> <span class='ocrx_word' id='word_1_495' title='bbox 1390 4098 1629 4162; x_wconf 90' lang='lat' dir='ltr'><strong>Quando</strong></span> <span class='ocrx_word' id='word_1_496' title='bbox 1661 4115 1763 4170; x_wconf 88' lang='lat' dir='ltr'><strong>per</strong></span> <span class='ocrx_word' id='word_1_497' title='bbox 1815 4099 1922 4153; x_wconf 89' lang='lat' dir='ltr'><strong>vir-</strong></span> 
     </span>
    </p>
   </div>
   <div class='ocr_carea' id='block_1_74' title="bbox 221 4185 1920 4256">
    <p class='ocr_par' dir='ltr' id='par_1_74' title="bbox 221 4185 1920 4256">
     <span class='ocr_line' id='line_1_74' title="bbox 221 4185 1920 4256; baseline 0.001 -15"><span class='ocrx_word' id='word_1_498' title='bbox 221 4192 410 4242; x_wconf 89' lang='lat' dir='ltr'><strong>tutem</strong></span> <span class='ocrx_word' id='word_1_499' title='bbox 437 4192 495 4239; x_wconf 92' lang='lat' dir='ltr'><strong>et</strong></span> <span class='ocrx_word' id='word_1_500' title='bbox 514 4185 855 4254; x_wconf 88' lang='lat' dir='ltr'><strong>sapientiam</strong></span> <span class='ocrx_word' id='word_1_501' title='bbox 888 4186 1009 4253; x_wconf 90' lang='lat' dir='ltr'><strong>Dei,</strong></span> <span class='ocrx_word' id='word_1_502' title='bbox 1046 4187 1103 4239; x_wconf 86' lang='lat' dir='ltr'><strong>id</strong></span> <span class='ocrx_word' id='word_1_503' title='bbox 1136 4191 1237 4253; x_wconf 87' lang='lat' dir='ltr'><strong>est,</strong></span> <span class='ocrx_word' id='word_1_504' title='bbox 1290 4187 1602 4256; x_wconf 82' lang='lat' dir='ltr'><strong>Christum,</strong></span> <span class='ocrx_word' id='word_1_505' title='bbox 1638 4187 1807 4241; x_wconf 88' lang='lat' dir='ltr'><strong>Vetus</strong></span> <span class='ocrx_word' id='word_1_506' title='bbox 1864 4194 1920 4242; x_wconf 93' lang='lat' dir='ltr'><strong>et</strong></span> 
     </span>
    </p>
   </div>
   <div class='ocr_carea' id='block_1_75' title="bbox 224 4273 1359 4329">
    <p class='ocr_par' dir='ltr' id='par_1_75' title="bbox 224 4273 1359 4329">
     <span class='ocr_line' id='line_1_75' title="bbox 224 4273 1359 4329; baseline -0.003 0"><span class='ocrx_word' id='word_1_507' title='bbox 224 4276 449 4329; x_wconf 85' lang='lat' dir='ltr'><strong>Novum</strong></span> <span class='ocrx_word' id='word_1_508' title='bbox 468 4273 891 4326; x_wconf 88' lang='lat' dir='ltr'><strong>Testamentum</strong></span> <span class='ocrx_word' id='word_1_509' title='bbox 922 4273 1216 4326; x_wconf 89' lang='lat' dir='ltr'><strong>conditum</strong></span> <span class='ocrx_word' id='word_1_510' title='bbox 1252 4277 1359 4327; x_wconf 88' lang='lat' dir='ltr'><strong>est.</strong></span> 
     </span>
    </p>
   </div>
   <div class='ocr_carea' id='block_1_76' title="bbox 296 4362 1917 4431">
    <p class='ocr_par' dir='ltr' id='par_1_76' title="bbox 296 4362 1917 4431">
     <span class='ocr_line' id='line_1_76' title="bbox 296 4362 1917 4431; baseline 0.002 -18"><span class='ocrx_word' id='word_1_511' title='bbox 296 4363 459 4416; x_wconf 84' lang='lat' dir='ltr'><strong>Vens.</strong></span> <span class='ocrx_word' id='word_1_512' title='bbox 507 4364 587 4413; x_wconf 84' lang='grc'><strong>16.</strong></span> <span class='ocrx_word' id='word_1_513' title='bbox 623 4390 685 4401; x_wconf 92' lang='grc'><strong><em>-</em></strong></span> <span class='ocrx_word' id='word_1_514' title='bbox 746 4364 811 4415; x_wconf 86' lang='lat' dir='ltr'><strong>Et</strong></span> <span class='ocrx_word' id='word_1_515' title='bbox 852 4364 1121 4427; x_wconf 80' lang='lat' dir='ltr'><strong>confracti</strong></span> <span class='ocrx_word' id='word_1_516' title='bbox 1163 4366 1289 4415; x_wconf 85' lang='lat' dir='ltr'><strong>sunt</strong></span> <span class='ocrx_word' id='word_1_517' title='bbox 1342 4362 1555 4431; x_wconf 82' lang='lat' dir='ltr'><strong>lapides</strong></span> <span class='ocrx_word' id='word_1_518' title='bbox 1605 4362 1917 4431; x_wconf 85' lang='lat' dir='ltr'><strong>grandinis.</strong></span> 
     </span>
    </p>
   </div>
   <div class='ocr_carea' id='block_1_77' title="bbox 224 4449 1924 4521">
    <p class='ocr_par' dir='ltr' id='par_1_77' title="bbox 224 4449 1924 4521">
     <span class='ocr_line' id='line_1_77' title="bbox 224 4449 1924 4521; baseline 0 -15"><span class='ocrx_word' id='word_1_519' title='bbox 224 4453 517 4513; x_wconf 90' lang='lat' dir='ltr'><strong>Doctores,</strong></span> <span class='ocrx_word' id='word_1_520' title='bbox 577 4449 678 4519; x_wconf 90' lang='lat' dir='ltr'><strong>qui</strong></span> <span class='ocrx_word' id='word_1_521' title='bbox 730 4454 941 4502; x_wconf 87' lang='lat' dir='ltr'><strong>terram</strong></span> <span class='ocrx_word' id='word_1_522' title='bbox 1000 4449 1239 4503; x_wconf 85' lang='lat' dir='ltr'><strong>humani</strong></span> <span class='ocrx_word' id='word_1_523' title='bbox 1295 4451 1480 4503; x_wconf 90' lang='lat' dir='ltr'><strong>cordis</strong></span> <span class='ocrx_word' id='word_1_524' title='bbox 1536 4451 1796 4521; x_wconf 84' lang='lat' dir='ltr'><strong>irrigant,</strong></span> <span class='ocrx_word' id='word_1_525' title='bbox 1868 4458 1924 4506; x_wconf 89' lang='lat' dir='ltr'><strong>et</strong></span> 
     </span>
    </p>
   </div>
   <div class='ocr_carea' id='block_1_78' title="bbox 218 4537 1922 4607">
    <p class='ocr_par' dir='ltr' id='par_1_78' title="bbox 218 4537 1922 4607">
     <span class='ocr_line' id='line_1_78' title="bbox 218 4537 1922 4607; baseline 0.001 -15"><span class='ocrx_word' id='word_1_526' title='bbox 218 4542 624 4607; x_wconf 84' lang='lat' dir='ltr'><strong>tempestatem</strong></span> <span class='ocrx_word' id='word_1_527' title='bbox 678 4537 1084 4607; x_wconf 88' lang='lat' dir='ltr'><strong>increpationis</strong></span> <span class='ocrx_word' id='word_1_528' title='bbox 1138 4540 1198 4591; x_wconf 89' lang='lat' dir='ltr'><strong>in</strong></span> <span class='ocrx_word' id='word_1_529' title='bbox 1255 4555 1315 4591; x_wconf 89' lang='lat' dir='ltr'><strong>se</strong></span> <span class='ocrx_word' id='word_1_530' title='bbox 1371 4544 1599 4607; x_wconf 89' lang='lat' dir='ltr'><strong>gerunt,</strong></span> <span class='ocrx_word' id='word_1_531' title='bbox 1659 4541 1717 4593; x_wconf 91' lang='lat' dir='ltr'><strong>iu</strong></span> <span class='ocrx_word' id='word_1_532' title='bbox 1766 4545 1922 4593; x_wconf 89' lang='lat' dir='ltr'><strong>tem-</strong></span> 
     </span>
    </p>
   </div>
   <div class='ocr_carea' id='block_1_79' title="bbox 220 4624 1922 4697">
    <p class='ocr_par' dir='ltr' id='par_1_79' title="bbox 220 4624 1922 4697">
     <span class='ocr_line' id='line_1_79' title="bbox 220 4624 1922 4697; baseline 0.001 -19"><span class='ocrx_word' id='word_1_533' title='bbox 220 4641 370 4697; x_wconf 87' lang='lat' dir='ltr'><strong>pore</strong></span> <span class='ocrx_word' id='word_1_534' title='bbox 399 4624 718 4690; x_wconf 75' lang='lat' dir='ltr'><strong>effundunt,</strong></span> <span class='ocrx_word' id='word_1_535' title='bbox 752 4629 811 4678; x_wconf 91' lang='lat' dir='ltr'><strong>et</strong></span> <span class='ocrx_word' id='word_1_536' title='bbox 838 4625 1207 4695; x_wconf 81' lang='lat' dir='ltr'><strong>confringunt</strong></span> <span class='ocrx_word' id='word_1_537' title='bbox 1227 4626 1439 4696; x_wconf 87' lang='lat' dir='ltr'><strong>lapides</strong></span> <span class='ocrx_word' id='word_1_538' title='bbox 1471 4626 1798 4695; x_wconf 89' lang='lat' dir='ltr'><strong>grandinis;</strong></span> <span class='ocrx_word' id='word_1_539' title='bbox 1833 4627 1922 4679; x_wconf 88' lang='lat' dir='ltr'><strong>in-</strong></span> 
     </span>
    </p>
   </div>
   <div class='ocr_carea' id='block_1_80' title="bbox 221 4712 1922 4785">
    <p class='ocr_par' dir='ltr' id='par_1_80' title="bbox 221 4712 1922 4785">
     <span class='ocr_line' id='line_1_80' title="bbox 221 4712 1922 4785; baseline 0.001 -18"><span class='ocrx_word' id='word_1_540' title='bbox 221 4713 533 4782; x_wconf 87' lang='lat' dir='ltr'><strong>crepando,</strong></span> <span class='ocrx_word' id='word_1_541' title='bbox 565 4712 779 4767; x_wconf 90' lang='lat' dir='ltr'><strong>scilicet</strong></span> <span class='ocrx_word' id='word_1_542' title='bbox 807 4712 1080 4766; x_wconf 89' lang='lat' dir='ltr'><strong>duritiam</strong></span> <span class='ocrx_word' id='word_1_543' title='bbox 1128 4714 1289 4783; x_wconf 88' lang='lat' dir='ltr'><strong>pravi</strong></span> <span class='ocrx_word' id='word_1_544' title='bbox 1322 4714 1509 4768; x_wconf 83' lang='lat' dir='ltr'><strong>cordis</strong></span> <span class='ocrx_word' id='word_1_545' title='bbox 1548 4714 1807 4785; x_wconf 89' lang='lat' dir='ltr'><strong>lapident</strong></span> <span class='ocrx_word' id='word_1_546' title='bbox 1839 4715 1922 4768; x_wconf 84' lang='lat' dir='ltr'><strong>vi-</strong></span> 
     </span>
    </p>
   </div>
   <div class='ocr_carea' id='block_1_81' title="bbox 220 4804 628 4871">
    <p class='ocr_par' dir='ltr' id='par_1_81' title="bbox 220 4804 628 4871">
     <span class='ocr_line' id='line_1_81' title="bbox 220 4804 628 4871; baseline -0.01 -15"><span class='ocrx_word' id='word_1_547' title='bbox 220 4804 343 4856; x_wconf 77' lang='lat' dir='ltr'><strong>tale</strong></span> <span class='ocrx_word' id='word_1_548' title='bbox 371 4816 628 4871; x_wconf 87' lang='lat' dir='ltr'><strong>gramen.</strong></span> 
     </span>
    </p>
   </div>
   <div class='ocr_carea' id='block_1_82' title="bbox 303 4888 1922 4959">
    <p class='ocr_par' dir='ltr' id='par_1_82' title="bbox 303 4888 1922 4959">
     <span class='ocr_line' id='line_1_82' title="bbox 303 4888 1922 4959; baseline 0.002 -19"><span class='ocrx_word' id='word_1_549' title='bbox 303 4890 462 4943; x_wconf 84' lang='lat' dir='ltr'><strong>Vens.</strong></span> <span class='ocrx_word' id='word_1_550' title='bbox 500 4892 588 4943; x_wconf 80' lang='grc'><strong>17.</strong></span> <span class='ocrx_word' id='word_1_551' title='bbox 626 4918 695 4927; x_wconf 87' lang='grc'><strong>--</strong></span> <span class='ocrx_word' id='word_1_552' title='bbox 723 4888 1013 4957; x_wconf 84' lang='lat' dir='ltr'><strong>Aspirabit</strong></span> <span class='ocrx_word' id='word_1_553' title='bbox 1041 4890 1230 4944; x_wconf 90' lang='lat' dir='ltr'><strong>Notus.</strong></span> <span class='ocrx_word' id='word_1_554' title='bbox 1264 4888 1442 4959; x_wconf 75' lang='grc' dir='ltr'><strong>(ΗΑΒ.)</strong></span> <span class='ocrx_word' id='word_1_555' title='bbox 1474 4888 1581 4952; x_wconf 90' lang='lat' dir='ltr'><strong>Qui</strong></span> <span class='ocrx_word' id='word_1_556' title='bbox 1611 4894 1667 4943; x_wconf 91' lang='lat' dir='ltr'><strong>et</strong></span> <span class='ocrx_word' id='word_1_557' title='bbox 1697 4893 1922 4956; x_wconf 79' lang='lat' dir='ltr'><strong>Auster,</strong></span> 
     </span>
    </p>
   </div>
   <div class='ocr_carea' id='block_1_83' title="bbox 219 4977 1922 5049">
    <p class='ocr_par' dir='ltr' id='par_1_83' title="bbox 219 4977 1922 5049">
     <span class='ocr_line' id='line_1_83' title="bbox 219 4977 1922 5049; baseline 0 -17"><span class='ocrx_word' id='word_1_558' title='bbox 219 4984 360 5043; x_wconf 86' lang='lat' dir='ltr'><strong>etc.,</strong></span> <span class='ocrx_word' id='word_1_559' title='bbox 388 4992 557 5046; x_wconf 84' lang='lat' dir='ltr'><strong>usque</strong></span> <span class='ocrx_word' id='word_1_560' title='bbox 588 4978 662 5031; x_wconf 88' lang='lat' dir='ltr'><strong>ad</strong></span> <span class='ocrx_word' id='word_1_561' title='bbox 692 4982 955 5047; x_wconf 88' lang='lat' dir='ltr'><strong>potentes</strong></span> <span class='ocrx_word' id='word_1_562' title='bbox 993 4977 1062 5030; x_wconf 91' lang='lat' dir='ltr'><strong>ad</strong></span> <span class='ocrx_word' id='word_1_563' title='bbox 1115 4977 1423 5031; x_wconf 89' lang='lat' dir='ltr'><strong>Christiani</strong></span> <span class='ocrx_word' id='word_1_564' title='bbox 1482 4977 1735 5032; x_wconf 91' lang='lat' dir='ltr'><strong>nominis</strong></span> <span class='ocrx_word' id='word_1_565' title='bbox 1793 4994 1922 5049; x_wconf 85' lang='lat' dir='ltr'><strong>per-</strong></span> 
     </span>
    </p>
   </div>
   <div class='ocr_carea' id='block_1_84' title="bbox 218 5065 1573 5136">
    <p class='ocr_par' dir='ltr' id='par_1_84' title="bbox 218 5065 1573 5136">
     <span class='ocr_line' id='line_1_84' title="bbox 218 5065 1573 5136; baseline 0.001 -17"><span class='ocrx_word' id='word_1_566' title='bbox 218 5066 608 5131; x_wconf 82' lang='lat' dir='ltr'><strong>secutionem,</strong></span> <span class='ocrx_word' id='word_1_567' title='bbox 636 5069 691 5119; x_wconf 87' lang='lat' dir='ltr'><strong>et</strong></span> <span class='ocrx_word' id='word_1_568' title='bbox 718 5065 1026 5135; x_wconf 88' lang='lat' dir='ltr'><strong>aliquando</strong></span> <span class='ocrx_word' id='word_1_569' title='bbox 1058 5065 1122 5119; x_wconf 89' lang='lat' dir='ltr'><strong>ad</strong></span> <span class='ocrx_word' id='word_1_570' title='bbox 1157 5066 1573 5136; x_wconf 70' lang='lat' dir='ltr'><strong>paenitentiam.</strong></span> 
     </span>
    </p>
   </div>
   <div class='ocr_carea' id='block_1_85' title="bbox 305 5153 1924 5224">
    <p class='ocr_par' dir='ltr' id='par_1_85' title="bbox 305 5153 1924 5224">
     <span class='ocr_line' id='line_1_85' title="bbox 305 5153 1924 5224; baseline 0.002 -20"><span class='ocrx_word' id='word_1_571' title='bbox 305 5153 470 5209; x_wconf 86' lang='lat' dir='ltr'><strong>Vens.</strong></span> <span class='ocrx_word' id='word_1_572' title='bbox 535 5156 617 5208; x_wconf 88' lang='grc'><strong>18.</strong></span> <span class='ocrx_word' id='word_1_573' title='bbox 675 5182 744 5195; x_wconf 83' lang='lat'><strong>--</strong></span> <span class='ocrx_word' id='word_1_574' title='bbox 799 5156 1123 5221; x_wconf 86' lang='lat' dir='ltr'><strong>Tempestas.</strong></span> <span class='ocrx_word' id='word_1_575' title='bbox 1174 5153 1337 5207; x_wconf 89' lang='lat' dir='ltr'><strong>Varia</strong></span> <span class='ocrx_word' id='word_1_576' title='bbox 1404 5158 1746 5207; x_wconf 85' lang='lat' dir='ltr'><strong>testamenta</strong></span> <span class='ocrx_word' id='word_1_577' title='bbox 1821 5169 1924 5224; x_wconf 88' lang='lat' dir='ltr'><strong>per</strong></span> 
     </span>
    </p>
   </div>
   <div class='ocr_carea' id='block_1_86' title="bbox 220 5241 1929 5312">
    <p class='ocr_par' dir='ltr' id='par_1_86' title="bbox 220 5241 1929 5312">
     <span class='ocr_line' id='line_1_86' title="bbox 220 5241 1929 5312; baseline 0 -15"><span class='ocrx_word' id='word_1_578' title='bbox 220 5242 516 5310; x_wconf 86' lang='lat' dir='ltr'><strong>malignos</strong></span> <span class='ocrx_word' id='word_1_579' title='bbox 553 5241 783 5311; x_wconf 89' lang='lat' dir='ltr'><strong>spiritus</strong></span> <span class='ocrx_word' id='word_1_580' title='bbox 815 5242 962 5296; x_wconf 89' lang='lat' dir='ltr'><strong>Deus</strong></span> <span class='ocrx_word' id='word_1_581' title='bbox 988 5241 1226 5312; x_wconf 88' lang='lat' dir='ltr'><strong>irrogat,</strong></span> <span class='ocrx_word' id='word_1_582' title='bbox 1256 5247 1320 5295; x_wconf 90' lang='lat' dir='ltr'><strong>ut</strong></span> <span class='ocrx_word' id='word_1_583' title='bbox 1342 5241 1625 5295; x_wconf 88' lang='lat' dir='ltr'><strong>fervorem</strong></span> <span class='ocrx_word' id='word_1_584' title='bbox 1688 5242 1824 5296; x_wconf 84' lang='lat' dir='ltr'><strong>ﬁdei</strong></span> <span class='ocrx_word' id='word_1_585' title='bbox 1873 5246 1929 5297; x_wconf 91' lang='lat' dir='ltr'><strong>et</strong></span> 
     </span>
    </p>
   </div>
   <div class='ocr_carea' id='block_1_87' title="bbox 216 5329 1192 5400">
    <p class='ocr_par' dir='ltr' id='par_1_87' title="bbox 216 5329 1192 5400">
     <span class='ocr_line' id='line_1_87' title="bbox 216 5329 1192 5400; baseline 0 -15"><span class='ocrx_word' id='word_1_586' title='bbox 216 5330 599 5386; x_wconf 89' lang='lat' dir='ltr'><strong>dilectionem</strong></span> <span class='ocrx_word' id='word_1_587' title='bbox 627 5329 932 5400; x_wconf 86' lang='lat' dir='ltr'><strong>frigescere</strong></span> <span class='ocrx_word' id='word_1_588' title='bbox 961 5329 1192 5385; x_wconf 87' lang='lat' dir='ltr'><strong>faciant.</strong></span> 
     </span>
    </p>
   </div>
   <div class='ocr_carea' id='block_1_88' title="bbox 310 5419 1927 5489">
    <p class='ocr_par' dir='ltr' id='par_1_88' title="bbox 310 5419 1927 5489">
     <span class='ocr_line' id='line_1_88' title="bbox 310 5419 1927 5489; baseline 0.002 -16"><span class='ocrx_word' id='word_1_589' title='bbox 310 5419 577 5473; x_wconf 80' lang='lat' dir='ltr'><strong>Vens.2t.</strong></span> <span class='ocrx_word' id='word_1_590' title='bbox 615 5448 681 5458; x_wconf 90' lang='lat'>—</span> <span class='ocrx_word' id='word_1_591' title='bbox 712 5419 843 5474; x_wconf 88' lang='lat' dir='ltr'><strong>Gelu</strong></span> <span class='ocrx_word' id='word_1_592' title='bbox 881 5421 1023 5474; x_wconf 84' lang='lat' dir='ltr'><strong>sicut</strong></span> <span class='ocrx_word' id='word_1_593' title='bbox 1067 5420 1253 5489; x_wconf 89' lang='lat' dir='ltr'><strong>salem,</strong></span> <span class='ocrx_word' id='word_1_594' title='bbox 1296 5424 1404 5476; x_wconf 90' lang='lat' dir='ltr'><strong>etc.</strong></span> <span class='ocrx_word' id='word_1_595' title='bbox 1452 5419 1514 5476; x_wconf 89' lang='lat' dir='ltr'><strong>Id</strong></span> <span class='ocrx_word' id='word_1_596' title='bbox 1560 5425 1666 5487; x_wconf 89' lang='lat' dir='ltr'><strong>est,</strong></span> <span class='ocrx_word' id='word_1_597' title='bbox 1724 5420 1927 5476; x_wconf 87' lang='lat' dir='ltr'><strong>sterili-</strong></span> 
     </span>
    </p>
   </div>
   <div class='ocr_carea' id='block_1_89' title="bbox 547 5528 1083 5593">
    <p class='ocr_par' dir='ltr' id='par_1_89' title="bbox 547 5528 1083 5593">
     <span class='ocr_line' id='line_1_89' title="bbox 547 5528 1083 5593; baseline -0.002 0"><span class='ocrx_word' id='word_1_598' title='bbox 547 5528 820 5593; x_wconf 68' lang='lat' dir='ltr'><strong>I‘A&#39;rnon.</strong></span> <span class='ocrx_word' id='word_1_599' title='bbox 876 5528 1083 5593; x_wconf 79' lang='lat' dir='ltr'><strong>CXIII.</strong></span> 
     </span>
    </p>
   </div>
   <div class='ocr_carea' id='block_1_90' title="bbox 2027 2949 3718 3020">
    <p class='ocr_par' dir='ltr' id='par_1_90' title="bbox 2027 2949 3718 3020">
     <span class='ocr_line' id='line_1_90' title="bbox 2027 2949 3718 3020; baseline -0.005 -11"><span class='ocrx_word' id='word_1_600' title='bbox 2027 2960 2198 3010; x_wconf 88' lang='lat' dir='ltr'><strong>eunte</strong></span> <span class='ocrx_word' id='word_1_601' title='bbox 2229 2954 2445 3008; x_wconf 91' lang='lat' dir='ltr'><strong>mundo</strong></span> <span class='ocrx_word' id='word_1_602' title='bbox 2467 2953 2679 3007; x_wconf 88' lang='lat' dir='ltr'><strong>diluvio</strong></span> <span class='ocrx_word' id='word_1_603' title='bbox 2712 2958 3030 3006; x_wconf 86' lang='lat' dir='ltr'><strong>reservatus</strong></span> <span class='ocrx_word' id='word_1_604' title='bbox 3061 2956 3166 3013; x_wconf 89' lang='lat' dir='ltr'><strong>est,</strong></span> <span class='ocrx_word' id='word_1_605' title='bbox 3208 2956 3273 3004; x_wconf 89' lang='lat' dir='ltr'><strong>ut</strong></span> <span class='ocrx_word' id='word_1_606' title='bbox 3320 2949 3718 3020; x_wconf 78' lang='lat' dir='ltr'><strong>pmnitentiam</strong></span> 
     </span>
    </p>
   </div>
   <div class='ocr_carea' id='block_1_91' title="bbox 2026 3037 3719 3114">
    <p class='ocr_par' dir='ltr' id='par_1_91' title="bbox 2026 3037 3719 3114">
     <span class='ocr_line' id='line_1_91' title="bbox 2026 3037 3719 3114; baseline -0.005 -18"><span class='ocrx_word' id='word_1_607' title='bbox 2026 3043 2291 3114; x_wconf 84' lang='lat' dir='ltr'><strong>gentibus</strong></span> <span class='ocrx_word' id='word_1_608' title='bbox 2324 3041 2676 3112; x_wconf 63' lang='lat' dir='ltr'><strong>praedicaret,</strong></span> <span class='ocrx_word' id='word_1_609' title='bbox 2707 3045 2764 3094; x_wconf 91' lang='lat' dir='ltr'><strong>et</strong></span> <span class='ocrx_word' id='word_1_610' title='bbox 2805 3040 3067 3108; x_wconf 78' lang='lat' dir='ltr'><strong>exemplo</strong></span> <span class='ocrx_word' id='word_1_611' title='bbox 3100 3039 3521 3092; x_wconf 86' lang='lat' dir='ltr'><strong>demonstraret</strong></span> <span class='ocrx_word' id='word_1_612' title='bbox 3565 3037 3719 3105; x_wconf 90' lang='lat' dir='ltr'><strong>quod</strong></span> 
     </span>
    </p>
   </div>
   <div class='ocr_carea' id='block_1_92' title="bbox 2027 3124 3719 3202">
    <p class='ocr_par' dir='ltr' id='par_1_92' title="bbox 2027 3124 3719 3202">
     <span class='ocr_line' id='line_1_92' title="bbox 2027 3124 3719 3202; baseline -0.007 -16"><span class='ocrx_word' id='word_1_613' title='bbox 2027 3132 2125 3202; x_wconf 90' lang='lat' dir='ltr'><strong>qui</strong></span> <span class='ocrx_word' id='word_1_614' title='bbox 2158 3133 2274 3185; x_wconf 91' lang='lat' dir='ltr'><strong>Deo</strong></span> <span class='ocrx_word' id='word_1_615' title='bbox 2307 3131 2508 3184; x_wconf 89' lang='lat' dir='ltr'><strong>devote</strong></span> <span class='ocrx_word' id='word_1_616' title='bbox 2534 3129 2805 3191; x_wconf 88' lang='lat' dir='ltr'><strong>serviunt,</strong></span> <span class='ocrx_word' id='word_1_617' title='bbox 2839 3128 2909 3181; x_wconf 91' lang='lat' dir='ltr'><strong>ab</strong></span> <span class='ocrx_word' id='word_1_618' title='bbox 2943 3131 3159 3180; x_wconf 61' lang='lat' dir='ltr'><strong>aeterno</strong></span> <span class='ocrx_word' id='word_1_619' title='bbox 3188 3125 3424 3179; x_wconf 86' lang='lat' dir='ltr'><strong>interitu</strong></span> <span class='ocrx_word' id='word_1_620' title='bbox 3469 3124 3719 3176; x_wconf 88' lang='lat' dir='ltr'><strong>liberan-</strong></span> 
     </span>
    </p>
   </div>
   <div class='ocr_carea' id='block_1_93' title="bbox 2027 3211 3721 3287">
    <p class='ocr_par' dir='ltr' id='par_1_93' title="bbox 2027 3211 3721 3287">
     <span class='ocr_line' id='line_1_93' title="bbox 2027 3211 3721 3287; baseline -0.005 -14"><span class='ocrx_word' id='word_1_621' title='bbox 2027 3225 2138 3274; x_wconf 91' lang='lat' dir='ltr'><strong>tur.</strong></span> <span class='ocrx_word' id='word_1_622' title='bbox 2173 3219 2313 3273; x_wconf 90' lang='lat' dir='ltr'><strong>Cum</strong></span> <span class='ocrx_word' id='word_1_623' title='bbox 2344 3235 2410 3271; x_wconf 88' lang='lat' dir='ltr'><strong>eo</strong></span> <span class='ocrx_word' id='word_1_624' title='bbox 2444 3219 2591 3272; x_wconf 90' lang='lat' dir='ltr'><strong>Deus</strong></span> <span class='ocrx_word' id='word_1_625' title='bbox 2622 3222 2852 3287; x_wconf 89' lang='lat' dir='ltr'><strong>pactum</strong></span> <span class='ocrx_word' id='word_1_626' title='bbox 2885 3215 3105 3281; x_wconf 89' lang='lat' dir='ltr'><strong>statuit,</strong></span> <span class='ocrx_word' id='word_1_627' title='bbox 3152 3230 3223 3267; x_wconf 90' lang='lat' dir='ltr'><strong>ne</strong></span> <span class='ocrx_word' id='word_1_628' title='bbox 3260 3214 3407 3266; x_wconf 88' lang='lat' dir='ltr'><strong>ultra</strong></span> <span class='ocrx_word' id='word_1_629' title='bbox 3455 3211 3721 3282; x_wconf 83' lang='lat' dir='ltr'><strong>perderet</strong></span> 
     </span>
    </p>
   </div>
   <div class='ocr_carea' id='block_1_94' title="bbox 2026 3300 3721 3377">
    <p class='ocr_par' dir='ltr' id='par_1_94' title="bbox 2026 3300 3721 3377">
     <span class='ocr_line' id='line_1_94' title="bbox 2026 3300 3721 3377; baseline -0.005 -17"><span class='ocrx_word' id='word_1_630' title='bbox 2026 3307 2190 3377; x_wconf 90' lang='lat' dir='ltr'><strong>aquis</strong></span> <span class='ocrx_word' id='word_1_631' title='bbox 2217 3306 2668 3360; x_wconf 88' lang='lat' dir='ltr'><strong>diluviiomnem</strong></span> <span class='ocrx_word' id='word_1_632' title='bbox 2718 3319 2948 3357; x_wconf 88' lang='lat' dir='ltr'><strong>carnem</strong></span> <span class='ocrx_word' id='word_1_633' title='bbox 3006 3306 3153 3367; x_wconf 86' lang='lat' dir='ltr'><strong>(Gen.</strong></span> <span class='ocrx_word' id='word_1_634' title='bbox 3210 3305 3364 3367; x_wconf 83' lang='lat' dir='ltr'><strong>xvu).</strong></span> <span class='ocrx_word' id='word_1_635' title='bbox 3424 3300 3721 3370; x_wconf 88' lang='lat' dir='ltr'><strong>Signiﬁcat</strong></span> 
     </span>
    </p>
   </div>
   <div class='ocr_carea' id='block_1_95' title="bbox 2027 3388 3717 3464">
    <p class='ocr_par' dir='ltr' id='par_1_95' title="bbox 2027 3388 3717 3464">
     <span class='ocr_line' id='line_1_95' title="bbox 2027 3388 3717 3464; baseline -0.005 -15"><span class='ocrx_word' id='word_1_636' title='bbox 2027 3403 2220 3449; x_wconf 90' lang='lat' dir='ltr'><strong>autem</strong></span> <span class='ocrx_word' id='word_1_637' title='bbox 2246 3401 2512 3460; x_wconf 89' lang='lat' dir='ltr'><strong>rectores,</strong></span> <span class='ocrx_word' id='word_1_638' title='bbox 2547 3394 2826 3464; x_wconf 87' lang='lat' dir='ltr'><strong>quiiuter</strong></span> <span class='ocrx_word' id='word_1_639' title='bbox 2885 3392 3091 3445; x_wconf 82' lang='lat' dir='ltr'><strong>ﬂuctus</strong></span> <span class='ocrx_word' id='word_1_640' title='bbox 3139 3390 3334 3445; x_wconf 59' lang='lat' dir='ltr'><strong>saeculi</strong></span> <span class='ocrx_word' id='word_1_641' title='bbox 3390 3405 3601 3454; x_wconf 87' lang='lat' dir='ltr'><strong>arcam,</strong></span> <span class='ocrx_word' id='word_1_642' title='bbox 3660 3388 3717 3441; x_wconf 93' lang='lat' dir='ltr'><strong>id</strong></span> 
     </span>
    </p>
   </div>
   <div class='ocr_carea' id='block_1_96' title="bbox 2028 3478 3721 3550">
    <p class='ocr_par' dir='ltr' id='par_1_96' title="bbox 2028 3478 3721 3550">
     <span class='ocr_line' id='line_1_96' title="bbox 2028 3478 3721 3550; baseline -0.005 -12"><span class='ocrx_word' id='word_1_643' title='bbox 2028 3489 2115 3538; x_wconf 87' lang='lat' dir='ltr'><strong>est</strong></span> <span class='ocrx_word' id='word_1_644' title='bbox 2143 3483 2472 3549; x_wconf 83' lang='lat' dir='ltr'><strong>Ecclesiam,</strong></span> <span class='ocrx_word' id='word_1_645' title='bbox 2498 3488 2728 3549; x_wconf 81' lang='lat' dir='ltr'><strong>regunt,</strong></span> <span class='ocrx_word' id='word_1_646' title='bbox 2762 3486 2818 3534; x_wconf 90' lang='lat' dir='ltr'><strong>et</strong></span> <span class='ocrx_word' id='word_1_647' title='bbox 2848 3480 3162 3550; x_wconf 74' lang='lat' dir='ltr'><strong>praedicant</strong></span> <span class='ocrx_word' id='word_1_648' title='bbox 3193 3478 3543 3548; x_wconf 89' lang='lat' dir='ltr'><strong>baptismum</strong></span> <span class='ocrx_word' id='word_1_649' title='bbox 3605 3492 3721 3546; x_wconf 80' lang='lat' dir='ltr'><strong>pm-</strong></span> 
     </span>
    </p>
   </div>
   <div class='ocr_carea' id='block_1_97' title="bbox 2028 3567 3720 3638">
    <p class='ocr_par' dir='ltr' id='par_1_97' title="bbox 2028 3567 3720 3638">
     <span class='ocr_line' id='line_1_97' title="bbox 2028 3567 3720 3638; baseline -0.005 -13"><span class='ocrx_word' id='word_1_650' title='bbox 2028 3572 2306 3638; x_wconf 78' lang='lat' dir='ltr'><strong>uitentiec,</strong></span> <span class='ocrx_word' id='word_1_651' title='bbox 2336 3578 2391 3625; x_wconf 91' lang='lat' dir='ltr'><strong>et</strong></span> <span class='ocrx_word' id='word_1_652' title='bbox 2416 3571 2774 3624; x_wconf 88' lang='lat' dir='ltr'><strong>orationibus</strong></span> <span class='ocrx_word' id='word_1_653' title='bbox 2798 3574 2856 3623; x_wconf 90' lang='lat' dir='ltr'><strong>et</strong></span> <span class='ocrx_word' id='word_1_654' title='bbox 2885 3568 3173 3622; x_wconf 88' lang='lat' dir='ltr'><strong>sacriﬁciis</strong></span> <span class='ocrx_word' id='word_1_655' title='bbox 3204 3568 3383 3621; x_wconf 91' lang='lat' dir='ltr'><strong>Deum</strong></span> <span class='ocrx_word' id='word_1_656' title='bbox 3432 3567 3720 3636; x_wconf 87' lang='lat' dir='ltr'><strong>placantes</strong></span> 
     </span>
    </p>
   </div>
   <div class='ocr_carea' id='block_1_98' title="bbox 2026 3658 3067 3735">
    <p class='ocr_par' dir='ltr' id='par_1_98' title="bbox 2026 3658 3067 3735">
     <span class='ocr_line' id='line_1_98' title="bbox 2026 3658 3067 3735; baseline -0.009 -22"><span class='ocrx_word' id='word_1_657' title='bbox 2026 3660 2281 3713; x_wconf 91' lang='lat' dir='ltr'><strong>humano</strong></span> <span class='ocrx_word' id='word_1_658' title='bbox 2314 3658 2527 3729; x_wconf 89' lang='lat' dir='ltr'><strong>generi.</strong></span> <span class='ocrx_word' id='word_1_659' title='bbox 3058 3732 3067 3735; x_wconf 22' lang='grc' dir='ltr'><strong><em>γ</em></strong></span> 
     </span>
    </p>
   </div>
   <div class='ocr_carea' id='block_1_99' title="bbox 2099 3744 3716 3812">
    <p class='ocr_par' dir='ltr' id='par_1_99' title="bbox 2099 3744 3716 3812">
     <span class='ocr_line' id='line_1_99' title="bbox 2099 3744 3716 3812; baseline -0.004 -12"><span class='ocrx_word' id='word_1_660' title='bbox 2099 3749 2258 3800; x_wconf 88' lang='lat' dir='ltr'><strong>Vens.</strong></span> <span class='ocrx_word' id='word_1_661' title='bbox 2294 3750 2382 3799; x_wconf 81' lang='lat' dir='ltr'><strong>2t.</strong></span> <span class='ocrx_word' id='word_1_662' title='bbox 2412 3774 2478 3785; x_wconf 92' lang='lat'>—</span> <span class='ocrx_word' id='word_1_663' title='bbox 2512 3747 2582 3798; x_wconf 88' lang='lat' dir='ltr'><strong>In</strong></span> <span class='ocrx_word' id='word_1_664' title='bbox 2627 3760 2787 3799; x_wconf 86' lang='lat' dir='ltr'><strong>carne</strong></span> <span class='ocrx_word' id='word_1_665' title='bbox 2820 3744 2936 3812; x_wconf 84' lang='lat' dir='ltr'><strong>ejus</strong></span> <span class='ocrx_word' id='word_1_666' title='bbox 2965 3744 3104 3809; x_wconf 84' lang='lat' dir='ltr'><strong>facit</strong></span> <span class='ocrx_word' id='word_1_667' title='bbox 3134 3746 3277 3795; x_wconf 86' lang='lat' dir='ltr'><strong>stare</strong></span> <span class='ocrx_word' id='word_1_668' title='bbox 3323 3746 3716 3801; x_wconf 83' lang='lat' dir='ltr'><strong>testamentum,</strong></span> 
     </span>
    </p>
   </div>
   <div class='ocr_carea' id='block_1_100' title="bbox 2028 3832 3721 3903">
    <p class='ocr_par' dir='ltr' id='par_1_100' title="bbox 2028 3832 3721 3903">
     <span class='ocr_line' id='line_1_100' title="bbox 2028 3832 3721 3903; baseline -0.007 -13"><span class='ocrx_word' id='word_1_669' title='bbox 2028 3841 2136 3890; x_wconf 88' lang='lat' dir='ltr'><strong>etc.</strong></span> <span class='ocrx_word' id='word_1_670' title='bbox 2172 3836 2351 3903; x_wconf 75' lang='grc' dir='ltr'><strong>(ΗΑΒ.)</strong></span> <span class='ocrx_word' id='word_1_671' title='bbox 2379 3834 2448 3887; x_wconf 91' lang='lat' dir='ltr'><strong>Ut</strong></span> <span class='ocrx_word' id='word_1_672' title='bbox 2478 3832 2900 3903; x_wconf 85' lang='lat' dir='ltr'><strong>signiﬁcaretur</strong></span> <span class='ocrx_word' id='word_1_673' title='bbox 2945 3835 3217 3884; x_wconf 87' lang='lat' dir='ltr'><strong>renovata</strong></span> <span class='ocrx_word' id='word_1_674' title='bbox 3261 3834 3466 3881; x_wconf 88' lang='lat' dir='ltr'><strong>natura</strong></span> <span class='ocrx_word' id='word_1_675' title='bbox 3524 3834 3721 3879; x_wconf 87' lang='lat' dir='ltr'><strong>nostra</strong></span> 
     </span>
    </p>
   </div>
   <div class='ocr_carea' id='block_1_101' title="bbox 2028 3916 3720 3994">
    <p class='ocr_par' dir='ltr' id='par_1_101' title="bbox 2028 3916 3720 3994">
     <span class='ocr_line' id='line_1_101' title="bbox 2028 3916 3720 3994; baseline -0.006 -16"><span class='ocrx_word' id='word_1_676' title='bbox 2028 3940 2133 3994; x_wconf 87' lang='lat' dir='ltr'><strong>per</strong></span> <span class='ocrx_word' id='word_1_677' title='bbox 2162 3922 2511 3993; x_wconf 90' lang='lat' dir='ltr'><strong>baptismum</strong></span> <span class='ocrx_word' id='word_1_678' title='bbox 2544 3920 2772 3989; x_wconf 88' lang='lat' dir='ltr'><strong>Christi,</strong></span> <span class='ocrx_word' id='word_1_679' title='bbox 2824 3925 2953 3991; x_wconf 88' lang='lat' dir='ltr'><strong>post</strong></span> <span class='ocrx_word' id='word_1_680' title='bbox 2980 3917 3456 3988; x_wconf 83' lang='lat' dir='ltr'><strong>exspoliationem</strong></span> <span class='ocrx_word' id='word_1_681' title='bbox 3514 3916 3720 3969; x_wconf 78' lang='lat' dir='ltr'><strong>veteris</strong></span> 
     </span>
    </p>
   </div>
   <div class='ocr_carea' id='block_1_102' title="bbox 2032 4012 2300 4067">
    <p class='ocr_par' dir='ltr' id='par_1_102' title="bbox 2032 4012 2300 4067">
     <span class='ocr_line' id='line_1_102' title="bbox 2032 4012 2300 4067; baseline -0.011 0"><span class='ocrx_word' id='word_1_682' title='bbox 2032 4012 2300 4067; x_wconf 90' lang='lat' dir='ltr'><strong>hominis.</strong></span> 
     </span>
    </p>
   </div>
   <div class='ocr_carea' id='block_1_103' title="bbox 2105 4091 3724 4165">
    <p class='ocr_par' dir='ltr' id='par_1_103' title="bbox 2105 4091 3724 4165">
     <span class='ocr_line' id='line_1_103' title="bbox 2105 4091 3724 4165; baseline -0.007 -12"><span class='ocrx_word' id='word_1_683' title='bbox 2105 4103 2265 4153; x_wconf 88' lang='lat' dir='ltr'><strong>Vens.</strong></span> <span class='ocrx_word' id='word_1_684' title='bbox 2329 4101 2417 4152; x_wconf 75' lang='lat'><strong>22.</strong></span> <span class='ocrx_word' id='word_1_685' title='bbox 2468 4128 2537 4137; x_wconf 98' lang='lat'><strong>—</strong></span> <span class='ocrx_word' id='word_1_686' title='bbox 2591 4098 2714 4151; x_wconf 87' lang='lat' dir='ltr'><strong>Ideo</strong></span> <span class='ocrx_word' id='word_1_687' title='bbox 2753 4094 3141 4165; x_wconf 82' lang='lat' dir='ltr'><strong>jurejurando,</strong></span> <span class='ocrx_word' id='word_1_688' title='bbox 3209 4098 3315 4147; x_wconf 85' lang='lat' dir='ltr'><strong>etc.</strong></span> <span class='ocrx_word' id='word_1_689' title='bbox 3368 4091 3582 4161; x_wconf 83' lang='lat' dir='ltr'><strong>Duplex</strong></span> <span class='ocrx_word' id='word_1_690' title='bbox 3639 4094 3724 4142; x_wconf 88' lang='lat' dir='ltr'><strong>est</strong></span> 
     </span>
    </p>
   </div>
   <div class='ocr_carea' id='block_1_104' title="bbox 2030 4180 3823 4262">
    <p class='ocr_par' dir='ltr' id='par_1_104' title="bbox 2030 4180 3823 4262">
     <span class='ocr_line' id='line_1_104' title="bbox 2030 4180 3823 4262; baseline -0.007 -19"><span class='ocrx_word' id='word_1_691' title='bbox 2030 4188 2331 4262; x_wconf 87' lang='lat' dir='ltr'><strong>promissio</strong></span> <span class='ocrx_word' id='word_1_692' title='bbox 2363 4186 2624 4241; x_wconf 60' lang='lat' dir='ltr'><strong>Abrahae.</strong></span> <span class='ocrx_word' id='word_1_693' title='bbox 2655 4187 2716 4239; x_wconf 90' lang='lat' dir='ltr'><strong>In</strong></span> <span class='ocrx_word' id='word_1_694' title='bbox 2749 4201 2921 4238; x_wconf 87' lang='lat' dir='ltr'><strong>arena</strong></span> <span class='ocrx_word' id='word_1_695' title='bbox 2953 4183 3125 4238; x_wconf 85' lang='lat' dir='ltr'><strong>maris</strong></span> <span class='ocrx_word' id='word_1_696' title='bbox 3156 4182 3557 4252; x_wconf 84' lang='lat' dir='ltr'><strong>exprimuntur</strong></span> <span class='ocrx_word' id='word_1_697' title='bbox 3608 4184 3719 4232; x_wconf 89' lang='lat' dir='ltr'><strong>ste-</strong></span> <span class='ocrx_word' id='word_1_698' title='bbox 3818 4180 3823 4181; x_wconf 52' lang='grc'><strong>“</strong></span> 
     </span>
    </p>
   </div>
   <div class='ocr_carea' id='block_1_105' title="bbox 2029 4268 3720 4342">
    <p class='ocr_par' dir='ltr' id='par_1_105' title="bbox 2029 4268 3720 4342">
     <span class='ocr_line' id='line_1_105' title="bbox 2029 4268 3720 4342; baseline -0.008 -9"><span class='ocrx_word' id='word_1_699' title='bbox 2029 4280 2163 4333; x_wconf 90' lang='lat' dir='ltr'><strong>riles</strong></span> <span class='ocrx_word' id='word_1_700' title='bbox 2192 4277 2402 4342; x_wconf 61' lang='lat' dir='ltr'><strong>Judaei;</strong></span> <span class='ocrx_word' id='word_1_701' title='bbox 2438 4276 2498 4328; x_wconf 89' lang='lat' dir='ltr'><strong>in</strong></span> <span class='ocrx_word' id='word_1_702' title='bbox 2553 4273 2926 4327; x_wconf 89' lang='lat' dir='ltr'><strong>similitudine</strong></span> <span class='ocrx_word' id='word_1_703' title='bbox 2976 4273 3291 4333; x_wconf 84' lang='lat' dir='ltr'><strong>stellarum,</strong></span> <span class='ocrx_word' id='word_1_704' title='bbox 3334 4269 3529 4323; x_wconf 88' lang='lat' dir='ltr'><strong>ﬁdeles</strong></span> <span class='ocrx_word' id='word_1_705' title='bbox 3558 4268 3720 4322; x_wconf 89' lang='lat' dir='ltr'><strong>Chri-</strong></span> 
     </span>
    </p>
   </div>
   <div class='ocr_carea' id='block_1_106' title="bbox 2031 4356 3724 4435">
    <p class='ocr_par' dir='ltr' id='par_1_106' title="bbox 2031 4356 3724 4435">
     <span class='ocr_line' id='line_1_106' title="bbox 2031 4356 3724 4435; baseline -0.008 -14"><span class='ocrx_word' id='word_1_706' title='bbox 2031 4366 2221 4430; x_wconf 86' lang='lat' dir='ltr'><strong>stiani,</strong></span> <span class='ocrx_word' id='word_1_707' title='bbox 2251 4365 2349 4435; x_wconf 90' lang='lat' dir='ltr'><strong>qui</strong></span> <span class='ocrx_word' id='word_1_708' title='bbox 2382 4361 2821 4418; x_wconf 89' lang='lat' dir='ltr'><strong>resurrectionis</strong></span> <span class='ocrx_word' id='word_1_709' title='bbox 2869 4360 3087 4415; x_wconf 91' lang='lat' dir='ltr'><strong>lumine</strong></span> <span class='ocrx_word' id='word_1_710' title='bbox 3143 4358 3525 4413; x_wconf 73' lang='lat' dir='ltr'><strong>coruscabant</strong></span> <span class='ocrx_word' id='word_1_711' title='bbox 3577 4356 3724 4409; x_wconf 90' lang='lat' dir='ltr'><strong>sicut</strong></span> 
     </span>
    </p>
   </div>
   <div class='ocr_carea' id='block_1_107' title="bbox 2032 4454 2351 4509">
    <p class='ocr_par' dir='ltr' id='par_1_107' title="bbox 2032 4454 2351 4509">
     <span class='ocr_line' id='line_1_107' title="bbox 2032 4454 2351 4509; baseline -0.006 0"><span class='ocrx_word' id='word_1_712' title='bbox 2032 4461 2184 4509; x_wconf 87' lang='lat' dir='ltr'><strong>astra</strong></span> <span class='ocrx_word' id='word_1_713' title='bbox 2204 4454 2351 4508; x_wconf 68' lang='lat' dir='ltr'><strong>caeli.</strong></span> 
     </span>
    </p>
   </div>
   <div class='ocr_carea' id='block_1_108' title="bbox 2102 4532 3723 4599">
    <p class='ocr_par' dir='ltr' id='par_1_108' title="bbox 2102 4532 3723 4599">
     <span class='ocr_line' id='line_1_108' title="bbox 2102 4532 3723 4599; baseline -0.007 -4"><span class='ocrx_word' id='word_1_714' title='bbox 2102 4545 2261 4595; x_wconf 85' lang='lat' dir='ltr'><strong>Vens.</strong></span> <span class='ocrx_word' id='word_1_715' title='bbox 2296 4544 2384 4595; x_wconf 77' lang='lat'><strong>26.</strong></span> <span class='ocrx_word' id='word_1_716' title='bbox 2410 4570 2477 4580; x_wconf 89' lang='lat'><strong>—-</strong></span> <span class='ocrx_word' id='word_1_717' title='bbox 2526 4543 2598 4596; x_wconf 88' lang='lat' dir='ltr'><strong>Et</strong></span> <span class='ocrx_word' id='word_1_718' title='bbox 2662 4538 2813 4593; x_wconf 85' lang='lat' dir='ltr'><strong>dedit</strong></span> <span class='ocrx_word' id='word_1_719' title='bbox 2852 4537 2940 4591; x_wconf 87' lang='lat' dir='ltr'><strong>illi</strong></span> <span class='ocrx_word' id='word_1_720' title='bbox 2996 4534 3381 4599; x_wconf 68' lang='lat' dir='ltr'><strong>hwreditatem,</strong></span> <span class='ocrx_word' id='word_1_721' title='bbox 3438 4538 3542 4587; x_wconf 86' lang='lat' dir='ltr'><strong>etc.</strong></span> <span class='ocrx_word' id='word_1_722' title='bbox 3578 4532 3723 4586; x_wconf 86' lang='lat' dir='ltr'><strong>Gen-</strong></span> 
     </span>
    </p>
   </div>
   <div class='ocr_carea' id='block_1_109' title="bbox 2027 4619 3724 4700">
    <p class='ocr_par' dir='ltr' id='par_1_109' title="bbox 2027 4619 3724 4700">
     <span class='ocr_line' id='line_1_109' title="bbox 2027 4619 3724 4700; baseline -0.008 -15"><span class='ocrx_word' id='word_1_723' title='bbox 2027 4631 2141 4686; x_wconf 88' lang='lat' dir='ltr'><strong>tilis</strong></span> <span class='ocrx_word' id='word_1_724' title='bbox 2173 4630 2393 4700; x_wconf 87' lang='lat' dir='ltr'><strong>populi,</strong></span> <span class='ocrx_word' id='word_1_725' title='bbox 2415 4629 2513 4699; x_wconf 90' lang='lat' dir='ltr'><strong>qui</strong></span> <span class='ocrx_word' id='word_1_726' title='bbox 2538 4627 2820 4699; x_wconf 90' lang='lat' dir='ltr'><strong>posterior</strong></span> <span class='ocrx_word' id='word_1_727' title='bbox 2844 4625 2915 4679; x_wconf 91' lang='lat' dir='ltr'><strong>ad</strong></span> <span class='ocrx_word' id='word_1_728' title='bbox 2938 4623 3183 4694; x_wconf 89' lang='lat' dir='ltr'><strong>gratiam</strong></span> <span class='ocrx_word' id='word_1_729' title='bbox 3209 4622 3344 4677; x_wconf 90' lang='lat' dir='ltr'><strong>ﬁdei</strong></span> <span class='ocrx_word' id='word_1_730' title='bbox 3366 4628 3422 4674; x_wconf 92' lang='lat' dir='ltr'><strong>et</strong></span> <span class='ocrx_word' id='word_1_731' title='bbox 3456 4619 3724 4689; x_wconf 90' lang='lat' dir='ltr'><strong>baptismi</strong></span> 
     </span>
    </p>
   </div>
   <div class='ocr_carea' id='block_1_110' title="bbox 2031 4706 3724 4788">
    <p class='ocr_par' dir='ltr' id='par_1_110' title="bbox 2031 4706 3724 4788">
     <span class='ocr_line' id='line_1_110' title="bbox 2031 4706 3724 4788; baseline -0.007 -16"><span class='ocrx_word' id='word_1_732' title='bbox 2031 4717 2497 4788; x_wconf 89' lang='lat' dir='ltr'><strong>regnerationem</strong></span> <span class='ocrx_word' id='word_1_733' title='bbox 2549 4714 2801 4782; x_wconf 89' lang='lat' dir='ltr'><strong>accessit,</strong></span> <span class='ocrx_word' id='word_1_734' title='bbox 2858 4712 2949 4767; x_wconf 90' lang='lat' dir='ltr'><strong>cui</strong></span> <span class='ocrx_word' id='word_1_735' title='bbox 2992 4710 3295 4781; x_wconf 88' lang='lat' dir='ltr'><strong>plenitudo</strong></span> <span class='ocrx_word' id='word_1_736' title='bbox 3327 4714 3580 4781; x_wconf 64' lang='lat' dir='ltr'><strong>paternae</strong></span> <span class='ocrx_word' id='word_1_737' title='bbox 3628 4706 3724 4761; x_wconf 87' lang='lat' dir='ltr'><strong>be-</strong></span> 
     </span>
    </p>
   </div>
   <div class='ocr_carea' id='block_1_111' title="bbox 2032 4803 2683 4876">
    <p class='ocr_par' dir='ltr' id='par_1_111' title="bbox 2032 4803 2683 4876">
     <span class='ocr_line' id='line_1_111' title="bbox 2032 4803 2683 4876; baseline -0.008 -15"><span class='ocrx_word' id='word_1_738' title='bbox 2032 4806 2374 4861; x_wconf 88' lang='lat' dir='ltr'><strong>nedictionis</strong></span> <span class='ocrx_word' id='word_1_739' title='bbox 2400 4803 2683 4876; x_wconf 85' lang='lat' dir='ltr'><strong>provenit.</strong></span> 
     </span>
    </p>
   </div>
   <div class='ocr_carea' id='block_1_112' title="bbox 2670 4941 3086 4999">
    <p class='ocr_par' dir='ltr' id='par_1_112' title="bbox 2670 4941 3086 4999">
     <span class='ocr_line' id='line_1_112' title="bbox 2670 4941 3086 4999; baseline -0.007 -1"><span class='ocrx_word' id='word_1_740' title='bbox 2670 4943 2895 4999; x_wconf 83' lang='lat' dir='ltr'><strong>CAPUT</strong></span> <span class='ocrx_word' id='word_1_741' title='bbox 2932 4941 3086 4996; x_wconf 86' lang='lat' dir='ltr'><strong>XLV.</strong></span> 
     </span>
    </p>
   </div>
   <div class='ocr_carea' id='block_1_113' title="bbox 2107 5063 3730 5137">
    <p class='ocr_par' dir='ltr' id='par_1_113' title="bbox 2107 5063 3730 5137">
     <span class='ocr_line' id='line_1_113' title="bbox 2107 5063 3730 5137; baseline -0.002 -17"><span class='ocrx_word' id='word_1_742' title='bbox 2107 5071 2267 5126; x_wconf 84' lang='lat' dir='ltr'><strong>Vens.</strong></span> <span class='ocrx_word' id='word_1_743' title='bbox 2293 5074 2343 5125; x_wconf 88' lang='lat'><strong>6.</strong></span> <span class='ocrx_word' id='word_1_744' title='bbox 2390 5072 2777 5137; x_wconf 75' lang='lat' dir='ltr'><strong>—Pra3cepta.</strong></span> <span class='ocrx_word' id='word_1_745' title='bbox 2809 5068 2870 5121; x_wconf 93' lang='lat' dir='ltr'><strong>In</strong></span> <span class='ocrx_word' id='word_1_746' title='bbox 2927 5070 3121 5120; x_wconf 88' lang='lat' dir='ltr'><strong>monte</strong></span> <span class='ocrx_word' id='word_1_747' title='bbox 3146 5063 3323 5131; x_wconf 88' lang='lat' dir='ltr'><strong>Sinai,</strong></span> <span class='ocrx_word' id='word_1_748' title='bbox 3380 5063 3596 5117; x_wconf 89' lang='lat' dir='ltr'><strong>scilicet</strong></span> <span class='ocrx_word' id='word_1_749' title='bbox 3653 5065 3730 5116; x_wconf 88' lang='lat' dir='ltr'><strong>le-</strong></span> 
     </span>
    </p>
   </div>
   <div class='ocr_carea' id='block_1_114' title="bbox 2036 5151 3731 5228">
    <p class='ocr_par' dir='ltr' id='par_1_114' title="bbox 2036 5151 3731 5228">
     <span class='ocr_line' id='line_1_114' title="bbox 2036 5151 3731 5228; baseline -0.005 -16"><span class='ocrx_word' id='word_1_750' title='bbox 2036 5174 2167 5228; x_wconf 90' lang='lat' dir='ltr'><strong>gem</strong></span> <span class='ocrx_word' id='word_1_751' title='bbox 2199 5158 2359 5212; x_wconf 90' lang='lat' dir='ltr'><strong>dedit</strong></span> <span class='ocrx_word' id='word_1_752' title='bbox 2390 5158 2443 5210; x_wconf 90' lang='lat' dir='ltr'><strong>ei</strong></span> <span class='ocrx_word' id='word_1_753' title='bbox 2474 5162 2530 5211; x_wconf 88' lang='lat' dir='ltr'><strong>et</strong></span> <span class='ocrx_word' id='word_1_754' title='bbox 2551 5162 2839 5227; x_wconf 64' lang='lat' dir='ltr'><strong>praecepta</strong></span> <span class='ocrx_word' id='word_1_755' title='bbox 2866 5154 3017 5220; x_wconf 64' lang='lat' dir='ltr'><strong>vitaz,</strong></span> <span class='ocrx_word' id='word_1_756' title='bbox 3072 5168 3201 5207; x_wconf 90' lang='lat' dir='ltr'><strong>cum</strong></span> <span class='ocrx_word' id='word_1_757' title='bbox 3249 5168 3317 5206; x_wconf 89' lang='lat' dir='ltr'><strong>eo</strong></span> <span class='ocrx_word' id='word_1_758' title='bbox 3376 5152 3618 5222; x_wconf 90' lang='lat' dir='ltr'><strong>loquens</strong></span> <span class='ocrx_word' id='word_1_759' title='bbox 3672 5151 3731 5204; x_wconf 92' lang='lat' dir='ltr'><strong>in</strong></span> 
     </span>
    </p>
   </div>
   <div class='ocr_carea' id='block_1_115' title="bbox 2040 5247 2211 5301">
    <p class='ocr_par' dir='ltr' id='par_1_115' title="bbox 2040 5247 2211 5301">
     <span class='ocr_line' id='line_1_115' title="bbox 2040 5247 2211 5301; baseline 0 0"><span class='ocrx_word' id='word_1_760' title='bbox 2040 5247 2211 5301; x_wconf 90' lang='lat' dir='ltr'><strong>nube.</strong></span> 
     </span>
    </p>
   </div>
   <div class='ocr_carea' id='block_1_116' title="bbox 2110 5328 3738 5397">
    <p class='ocr_par' dir='ltr' id='par_1_116' title="bbox 2110 5328 3738 5397">
     <span class='ocr_line' id='line_1_116' title="bbox 2110 5328 3738 5397; baseline -0.003 -10"><span class='ocrx_word' id='word_1_761' title='bbox 2110 5338 2272 5391; x_wconf 87' lang='lat' dir='ltr'><strong>Vens.</strong></span> <span class='ocrx_word' id='word_1_762' title='bbox 2329 5338 2381 5388; x_wconf 82' lang='lat'><strong>9.</strong></span> <span class='ocrx_word' id='word_1_763' title='bbox 2442 5364 2511 5375; x_wconf 89' lang='lat'><strong>—-</strong></span> <span class='ocrx_word' id='word_1_764' title='bbox 2557 5337 2624 5389; x_wconf 88' lang='lat' dir='ltr'><strong>Et</strong></span> <span class='ocrx_word' id='word_1_765' title='bbox 2671 5334 3049 5387; x_wconf 71' lang='lat' dir='ltr'><strong>circumcinwit</strong></span> <span class='ocrx_word' id='word_1_766' title='bbox 3105 5346 3245 5397; x_wconf 86' lang='lat' dir='ltr'><strong>eum,</strong></span> <span class='ocrx_word' id='word_1_767' title='bbox 3301 5334 3403 5382; x_wconf 90' lang='lat' dir='ltr'><strong>etc.</strong></span> <span class='ocrx_word' id='word_1_768' title='bbox 3460 5328 3738 5382; x_wconf 88' lang='lat' dir='ltr'><strong>Describit</strong></span> 
     </span>
    </p>
   </div>
   <div class='ocr_carea' id='block_1_117' title="bbox 2038 5417 3737 5489">
    <p class='ocr_par' dir='ltr' id='par_1_117' title="bbox 2038 5417 3737 5489">
     <span class='ocr_line' id='line_1_117' title="bbox 2038 5417 3737 5489; baseline -0.003 -13"><span class='ocrx_word' id='word_1_769' title='bbox 2038 5420 2218 5477; x_wconf 87' lang='lat' dir='ltr'><strong>ritum</strong></span> <span class='ocrx_word' id='word_1_770' title='bbox 2276 5420 2481 5476; x_wconf 86' lang='lat' dir='ltr'><strong>veteris</strong></span> <span class='ocrx_word' id='word_1_771' title='bbox 2512 5420 2817 5477; x_wconf 86' lang='lat' dir='ltr'><strong>sacerdotii</strong></span> <span class='ocrx_word' id='word_1_772' title='bbox 2844 5424 2899 5475; x_wconf 87' lang='lat' dir='ltr'><strong>et</strong></span> <span class='ocrx_word' id='word_1_773' title='bbox 2947 5423 3213 5474; x_wconf 89' lang='lat' dir='ltr'><strong>ornatum</strong></span> <span class='ocrx_word' id='word_1_774' title='bbox 3243 5417 3553 5487; x_wconf 89' lang='lat' dir='ltr'><strong>pontiﬁcis,</strong></span> <span class='ocrx_word' id='word_1_775' title='bbox 3608 5432 3737 5489; x_wconf 70' lang='lat' dir='ltr'><strong>quin</strong></span> 
     </span>
    </p>
   </div>
   <div class='ocr_carea' id='block_1_118' title="bbox 3214 5537 3296 5592">
    <p class='ocr_par' dir='ltr' id='par_1_118' title="bbox 3214 5537 3296 5592">
     <span class='ocr_line' id='line_1_118' title="bbox 3214 5537 3296 5592; baseline 0.024 -2"><span class='ocrx_word' id='word_1_776' title='bbox 3214 5537 3296 5592; x_wconf 75' lang='lat'><strong>39</strong></span> 
     </span>
    </p>
   </div>
  </div>
