4074 6186
347 238 540 300 (1227

1061 230 1451 288 ΨΑιΑΡκιοι
1493 229 1740 286 suum
1781 214 1982 285 FULD.
2028 229 2194 286 uos.
2233 228 2386 285 ore.
2430 227 2606 283 mas
2646 227 2688 282 ι.
2728 255 2798 265 -
2836 224 3292 280 THEOLOGICA.

3768 226 3901 279 1228

408 358 606 414 omnia
625 356 815 429 ﬁgura
834 361 999 412 erant
1030 355 1172 427 Novi
1219 353 1586 421 Testamenti,
1639 357 1695 406 et
1743 352 1861 407 veri
1908 367 2098 406 sacer-
2127 353 2171 405 A
2209 350 2407 405 decem
2436 349 2622 405 tribus
2636 351 2843 403 secutae
2863 349 2998 401 sunt
3021 344 3343 412 Jerobo'am,
3374 348 3431 398 et
3452 343 3590 399 duo:
3610 343 3907 409 Roboam;

409 447 560 503 dotis
589 448 718 502 Jesu
776 446 1001 502 Christi.
1034 447 1106 499 Et
1146 443 1346 497 induit.
1407 442 1756 499 Vestimenta
1814 440 2102 512 pontiﬁcis

410 542 546 590 sunt
568 550 742 606 opera
769 534 1041 588 virtutum
1069 548 1082 585 :
1107 530 1404 601 sapientia,
1438 529 1720 584 doctrina.

482 624 660 678 Vens.
699 623 782 676 14.
807 638 868 662 -ι
900 621 1108 676 Corona
1136 635 1326 683 aurea,
1358 622 1463 671 etc.
1506 618 1575 670 In
1607 632 1722 688 qua
1750 621 1873 671 erat
1892 631 2103 670 nomen

413 709 821 781 omnipotentis
848 708 970 775 Dei,
1004 723 1132 778 qua!
1160 706 1445 777 signiﬁcat
1481 702 1981 759 honoriﬁcentiam
2014 702 2101 756 di-

409 799 556 852 vine
584 797 916 867 majestatis,
949 796 1224 866 quoniam
1251 809 1426 864 super
1468 792 1663 846 omnia
1709 797 1957 845 statuere
2013 791 2105 844 de-

408 889 631 952 bemus,
661 892 726 941 ut
753 885 813 940 in
836 885 1106 939 omnibus
1154 883 1369 938 actibus
1418 881 1627 936 nostris
1657 886 1715 937 et
1746 881 2104 935 sermonibus

409 975 823 1029 honoriﬁeetur
855 975 1003 1029 Deus
1036 989 1136 1042 per
1162 976 1342 1028 Jesum
1368 973 1675 1040 Christum,
1701 972 1800 1040 qui
1835 974 1914 1024 est
1943 973 2106 1039 caput

406 1067 650 1118 nostrum
671 1062 722 1132 (Ι
748 1065 893 1117 Petr.
929 1060 1025 1131 ιν).

480 1150 642 1203 Vens.
699 1152 785 1204 t7.
839 1178 902 1189 —
964 1148 1267 1215 Sacriﬁcia.
1319 1146 1506 1216 (ΗΑΒ.)
1537 1144 1833 1209 Quomodo
1888 1146 2106 1215 Moyses

410 1241 622 1301 Aaron,
664 1242 984 1304 etc.,usque
1012 1235 1086 1288 ad
1143 1234 1353 1288 Christi
1401 1233 1555 1287 enim
1613 1233 1990 1287 sacerdotium
2049 1236 2106 1287 et

410 1324 554 1379 ritus
586 1323 996 1378 sacriﬁciorum
1031 1322 1091 1376 in
1122 1329 1403 1376 aeternum
1437 1321 1712 1375 manebit.

483 1412 644 1481 Vitas.
677 1413 766 1465 28.
799 1440 867 1451 —
916 1412 1139 1465 Phinees
1186 1411 1337 1478 filius
1364 1412 1637 1465 Eleazari.
1672 1409 1796 1479 (10.)
1839 1408 2101 1477 Phinees,

412 1500 558 1554 sicut
581 1499 856 1570 scriptum
909 1507 996 1552 est
1025 1502 1085 1552 in
1136 1499 1284 1552 libro
1316 1499 1697 1552 Numerorum
1747 1500 1911 1566 (Cap.
1948 1500 2100 1564 xxv),

409 1595 542 1653 etc.,
594 1604 764 1657 usque
818 1587 892 1641 ad
945 1592 1197 1640 montem
1258 1586 1637 1648 fortitudinis,
1664 1585 1730 1639 id
1792 1590 1879 1639 est
1932 1585 2095 1639 Chri-

416 1682 590 1738 stum,
622 1673 864 1728 feliciter
890 1672 1171 1744 pervenit.

484 1764 647 1816 Vnus.
674 1765 760 1817 3t.
800 1791 861 1805 -—
887 1764 957 1816 Et
988 1766 1360 1815 testamentum
1396 1760 1600 1814 David.
1645 1760 1769 1829 (10.)
1814 1760 2109 1832 Signiﬁcat

413 1852 567 1922 quod
604 1851 773 1905 David
810 1849 869 1902 in
900 1849 1301 1903 distributione
1335 1848 1783 1902 ministeriorum
1816 1849 1937 1915 Dei,
1972 1853 2107 1914 etc.,

412 1955 582 2008 usque
615 1939 689 1991 ad
719 1943 776 1992 et
814 1938 871 1990 in
902 1936 1270 1991 tabernaculo
1322 1935 1718 1990 ministrorum
1749 1936 1897 1990 vices
1952 1937 2104 1990 ordi-

416 2027 594 2082 navit.

1036 2093 1264 2149 CAPUT
1303 2094 1481 2148 XLVI.

487 2200 645 2254 Vens.
706 2204 754 2255 1.
805 2230 873 2240 -
928 2201 1102 2254 Fortis
1160 2202 1215 2253 in
1299 2199 1430 2253 bello
1485 2200 1636 2252 Iesus
1692 2201 1858 2255 Nave.
1924 2198 2102 2267 (ΗΑΒ.)

413 2290 574 2342 Jesus
603 2294 659 2343 et
679 2304 851 2358 opere
886 2293 941 2342 et
978 2303 1241 2341 sermone
1275 2286 1557 2341 Christum
1619 2286 1924 2355 signiﬁcat,
1973 2292 2104 2353 etc.,

413 2390 582 2446 usque
628 2376 703 2429 ad
746 2375 1110 2447 triumphans
1157 2374 1514 2446 principatus
1573 2378 1627 2428 et
1674 2380 1986 2445 potestates
2043 2374 2103 2428 in

415 2464 748 2535 semetipso.

483 2553 648 2609 Vaas.
680 2555 733 2607 4.
765 2584 834 2593 -
862 2553 996 2616 Quis
1027 2556 1153 2605 ante
1180 2553 1357 2614 illum,
1399 2554 1504 2604 etc.
1543 2551 1665 2618 ([0).
1701 2550 1997 2614 Quomodo
2045 2551 2103 2605 in

413 2656 650 2695 occursu
678 2641 848 2695 Josue
879 2640 1193 2709 impeditus
1223 2645 1309 2693 est
1354 2639 1459 2704 sol,
1494 2643 1625 2707 etc.,
1653 2653 1823 2706 usque
1851 2638 1925 2692 ad
1982 2638 2107 2693 bre-

415 2730 725 2784 viabuntur
751 2730 812 2783 in
847 2734 1104 2799 tempore
1133 2726 1498 2798 perditionis.

370 2808 379 2814 ’
489 2818 644 2871 Vens.
671 2820 724 2872 9.
766 2848 833 2857 —
864 2819 912 2872 A
952 2821 1209 2886 peccatis.
1269 2815 1716 2886 Desperationis,
1752 2814 1982 2885 quando
2009 2831 2102 2870 ex-

412 2905 769 2975 ploratorum
802 2906 1132 2958 rumoribus
1162 2904 1369 2959 auditis
1395 2904 1843 2972 desperaverunt
1888 2905 2104 2960 intrare
2136 2908 2178 2963 C

415 2998 623 3046 terram
635 3033 647 3045 .

486 3081 642 3135 Vaas.
681 3083 787 3137 13.’
817 3112 882 3122 -
914 3081 996 3136 Et
1042 3081 1255 3150 judices
1315 3082 1540 3150 singuli,
1573 3087 1675 3135 etc.
1735 3082 1917 3150 (ΗΑΒ.)
1975 3083 2112 3137 Post

415 3169 604 3237 Josue,
637 3174 1031 3224 successerunt
1054 3169 1278 3240 judices
1304 3169 1403 3241 qui
1434 3170 1714 3240 populum
1741 3170 1841 3224 Dei
1881 3170 1951 3224 ab
2002 3165 2110 3224 ho-

416 3256 595 3311 stibus
623 3257 1041 3323 defendebant;
1082 3262 1139 3310 et
1165 3261 1295 3327 post
1318 3256 1530 3312 Christi
1568 3259 1916 3329 passionem,
1975 3274 2108 3329 apo-

417 3344 543 3398 stoli
570 3351 816 3398 rectores
839 3345 1097 3398 Ecclesia:
1138 3344 1255 3399 Dei.

486 3432 652 3486 Vens.
685 3433 768 3486 14.
800 3462 872 3471 —
904 3434 969 3487 Ut
1003 3435 1078 3487 sit
1135 3435 1393 3487 memoria
1420 3434 1654 3494 illorum.
1704 3438 1813 3487 ete.
1850 3432 1993 3497 Quia
2046 3434 2105 3488 in

414 3525 569 3573 recta
600 3519 712 3574 ﬁde
742 3525 1268 3590 perseveraverant,
1297 3525 1361 3573 ut
1403 3520 1680 3574 memoria
1711 3536 1911 3575 eorum
1968 3537 2104 3591 per-

415 3612 589 3679 petua
618 3607 1012 3662 benedictione
1038 3606 1380 3661 ﬁrmaretur.
1413 3608 1566 3663 Ossa.
1600 3607 1797 3662 Robur
1821 3608 2103 3663 bonorum

416 3711 654 3766 operum
674 3696 933 3750 mercede
962 3696 1227 3761 donatur,
1255 3700 1314 3749 ut
1337 3696 1615 3749 memoria
1635 3696 1881 3750 nominis
1901 3712 2103 3752 eorum

415 3785 483 3838 ad
517 3791 772 3855 posteros
799 3799 927 3838 cum
957 3783 1140 3853 gloria
1169 3784 1567 3839 transferatur.

484 3874 655 3928 Vens.
694 3875 776 3927 16.
806 3902 877 3912 —
904 3873 1147 3926 Dilectus
1168 3887 1202 3925 a
1234 3875 1473 3938 Domino,
1506 3878 1611 3927 etc.
1671 3872 1852 3944 (ΗΑΒ.)
1899 3874 2105 3927 Narrat

413 3960 651 4016 historia
694 3962 842 4032 quod
895 3960 1172 4014 Dominus
1218 3960 1447 4014 Samuel
1496 3960 1721 4027 infanti,
1755 3965 1888 4029 etc.,
1934 3977 2105 4031 usque

413 4051 488 4103 ad
532 4049 866 4120 pronuntiat
909 4048 1074 4102 malis
1126 4047 1443 4102 rectoribus
1477 4063 1705 4117 pmnam
1737 4048 1988 4103 futuram
2047 4054 2105 4103 et

413 4145 657 4192 mortem
689 4142 1046 4207 perpetuam.

1025 4278 1251 4332 CAPUT
1290 4278 1496 4333 XLVII.

485 4405 644 4457 Vens.
681 4407 728 4457 1.
763 4432 825 4443 -
858 4404 984 4457 Post
1029 4403 1138 4457 hac
1184 4406 1428 4457 surrexit
1450 4405 1690 4459 Nathan.
1721 4405 1803 4460 Ad
1829 4406 2099 4473 litteram,

410 4491 555 4545 facta
579 4490 750 4545 David
776 4495 1206 4553 commemorat,
1237 4491 1306 4545 de
1336 4491 1544 4562 quibus
1578 4492 1721 4547 liber
1778 4493 1997 4565 Regum
2047 4501 2104 4549 et

411 4577 888 4649 Paralipomenon
917 4577 1250 4647 plenissime
1284 4584 1535 4633 narrant.

481 4667 640 4720 Vens.
698 4666 752 4719 2.
805 4695 874 4705 -—
905 4667 1079 4730 Quasi
1124 4666 1310 4735 adeps.
1372 4666 1671 4736 Signiﬁcat
1715 4684 1848 4722 eum
1907 4670 2097 4737 gratia

410 4753 657 4824 Spiritus
688 4753 867 4807 sancti
890 4755 1192 4824 repletum,
1221 4770 1255 4809 a
1292 4754 1606 4810 carnalium
1646 4757 1934 4812 consortio
1982 4758 2099 4813 vita

409 4845 466 4895 et
497 4841 749 4895 moribus
774 4846 1124 4911 separatum.

478 4931 639 4985 Vens.
675 4932 726 4984 3.
761 4960 827 4969 —
874 4930 1005 4985 Cum
1059 4930 1299 4984 leonibus
1352 4932 1501 4986 lusit.
1561 4932 1746 5002 (ΗΑΒ.)
1804 4933 1976 4988 David
2025 4934 2100 4987 si-

407 5016 643 5088 gniﬁcat
666 5016 974 5081 Christum,
1010 5022 1138 5080 etc.,
1163 5033 1331 5087 usque
1359 5019 1434 5074 ad
1462 5024 1519 5073 et
1559 5019 1718 5074 dedit
1746 5019 1828 5073 illi
1856 5036 2092 5087 nomen,

406 5106 556 5178 quod
580 5110 662 5158 est
691 5120 863 5174 super
890 5121 1060 5160 omne
1082 5121 1315 5161 nomen.

474 5194 634 5248 Vens.
671 5192 754 5247 14.
788 5222 855 5232 --
901 5194 1027 5247 Post
1080 5196 1261 5264 ipsum
1319 5197 1563 5249 surrexit
1615 5196 1766 5264 ﬁlius
1814 5201 2088 5251 sensatus.

407 5280 532 5351 (10.)
566 5280 809 5351 Mystice,
840 5281 1286 5350 Salomon,etc.,
1316 5298 1487 5353 usque
1538 5282 1613 5337 ad
1663 5282 1811 5338 sicut
1862 5283 1923 5338 in
1975 5299 2094 5339 una

405 5382 532 5420 area
562 5368 745 5422 bonos
766 5369 1091 5439 signiﬁcant
1119 5384 1319 5441 grana,
1344 5372 1523 5425 malos
1548 5387 1681 5425 vero
1705 5372 1889 5443 palea.

476 5456 639 5513 Vens.
672 5459 763 5513 23.
793 5486 862 5499 -—
914 5460 980 5517 Ut
1006 5461 1212 5529 faceres
1265 5462 1579 5531 imperium.
1611 5465 1719 5516 etc.
1779 5460 1910 5533 (10.)
1951 5459 2094 5528 Quia

2212 439 2282 493 de
2331 438 2599 510 Ephraim
2647 436 2756 491 fuit
2800 435 3123 501 Jeroboam,
3180 433 3281 504 qui
3315 432 3540 504 primus
3599 432 3662 486 in
3710 433 3905 486 decem

2211 528 2480 583 tribubus
2500 526 2806 581 crudeliter
2833 522 3111 595 regnavit.

2285 617 2441 670 Vens.
2486 619 2577 671 27.
2620 615 2790 685 -ξΕε
2833 612 3122 679 dereliquit
3175 614 3298 680 post
3349 624 3425 675 se,
3471 614 3582 663 etc.
3641 609 3768 680 (10)
3801 609 3904 679 Hy—

2211 704 2372 774 stice,
2443 704 2725 770 Roboam,
2771 699 2873 771 qui
2927 698 3308 769 interpetatur
3377 696 3611 750 latitudo
3686 697 3898 765 populi,

2212 799 2344 859 etc.,
2374 807 2544 862 usque
2568 790 2643 845 ad
2666 791 2724 844 in
2754 788 2951 859 regula
2971 787 3263 841 catholicae
3292 784 3427 839 ﬁdei
3456 784 3798 854 permansit.

2285 881 2454 934 Vens.
2487 881 2575 934 28.
2607 907 2679 918 —
2707 878 2925 932 Avertit
2962 879 3167 944 gentem
3215 872 3437 928 consilio
3484 886 3601 926 suo.
3656 871 3903 927 Credens

2217 967 2429 1023 scilicet
2457 966 2698 1022 consilio
2715 966 3016 1035 juvenem.

2811 1071 3036 1125 CAPUT
3074 1069 3307 1124 XLVIII.

2282 1179 2445 1233 Vens.
2492 1181 2540 1232 1.
2588 1205 2662 1219 —
2707 1180 2775 1231 Et
2829 1177 3071 1230 surrexit
3123 1176 3296 1229 Elius.
3358 1174 3545 1243 (Rm)
3600 1172 3713 1237 Qui
3765 1172 3908 1226 duos

2212 1265 2740 1338 quinquagenarios
2792 1266 2864 1319 ab
2913 1263 3047 1319 Ozia
3102 1278 3236 1332 rege
3274 1263 3479 1316 missos
3508 1261 3721 1316 caelesti
3776 1260 3910 1331 igne

2214 1354 2525 1409 combussit
2549 1354 2641 1424 (IV
2670 1355 2798 1418 Reg.
2829 1353 2887 1420 ι).

2285 1444 2445 1496 Vens.
2506 1445 2558 1497 2.
2623 1470 2685 1482 -
2742 1442 2846 1508 Qui
2905 1439 3146 1493 induxit.
3217 1439 3342 1509 (10.)
3400 1437 3650 1509 Mystice,
3726 1437 3910 1490 fames

2213 1531 2387 1585 trium
2434 1545 2717 1584 annorum
2756 1528 2914 1582 verbi
2949 1527 3048 1581 Dei
3075 1536 3132 1581 et
3159 1526 3296 1581 ﬁdei
3323 1525 3618 1581 Trinitatis
3647 1525 3910 1579 inediam

2145 1633 2185 1688 Β
2213 1618 2501 1687 ﬁguravit,
2534 1622 2666 1677 etc.,
2695 1632 2866 1687 usque
2896 1616 2971 1670 ad
3026 1621 3089 1669 ut
3118 1621 3313 1685 postea
3362 1614 3586 1668 veniret
3640 1614 3744 1685 qui
3806 1629 3912 1667 nec

2214 1709 2521 1762 translatus
2579 1722 2682 1760 nec
2710 1707 3028 1768 subvectus,
3056 1705 3263 1758 ecelum
3294 1703 3610 1756 aathereum
3646 1717 3751 1755 sua
3805 1702 3912 1754 vir-

2213 1800 2334 1850 tute
2362 1799 2705 1866 penetraret.

2288 1883 2456 1939 Vans.
2516 1886 2598 1937 13.
2643 1911 2714 1922 -
2756 1883 2909 1936 Elius
2957 1878 3172 1951 quidem
3217 1881 3277 1932 in
3329 1879 3563 1943 turbine,
3605 1882 3720 1931 etc.
3780 1876 3911 1943 (10.)

2216 1968 2356 2023 Cum
2415 1984 2529 2023 non
2589 1968 2660 2022 sit
2705 1966 3021 2037 discipulus
3069 1980 3245 2035 super
3323 1964 3695 2034 magistrum,
3776 1968 3911 2019 etc..

2213 2070 2383 2125 usque
2411 2056 2486 2110 ad
2515 2057 2615 2126 qui
2635 2055 2791 2110 enim
2820 2055 2987 2108 ﬁrma
3014 2053 3125 2107 ﬁde
3155 2052 3342 2123 tangit
3396 2057 3640 2105 mortem
3676 2050 3911 2113 Christi,

2213 2144 2497 2216 particeps
2527 2149 2613 2198 est
2632 2144 2755 2215 ejus
2785 2140 3238 2197 resurrectionis.

2228 2274 2231 2277 -
2282 2234 2350 2288 In
2379 2235 2556 2287 Eliseo
2584 2233 2895 2301 completus.
2925 2229 3035 2294 Qui
3086 2229 3270 2283 oravit
3305 2227 3399 2282 die
3448 2243 3461 2281 :
3498 2227 3627 2280 Fiat
3676 2230 3915 2297 spiritus

2216 2326 2339 2376 tuus
2389 2320 2594 2389 duplex
2661 2323 2718 2372 in
2756 2335 2857 2386 me,
2882 2316 3228 2372 et'obtinuit.
3264 2316 3425 2371 Unde
3447 2316 3507 2369 in
3536 2315 3819 2385 patientia
3857 2322 3914 2369 et

2210 2408 2420 2463 virtute
2468 2406 2873 2477 insuperabilis
2910 2406 3038 2474 fuit,
3090 2404 3191 2475 qui
3243 2404 3305 2458 in
3334 2404 3447 2457 vita
3492 2408 3551 2458 et
3607 2404 3664 2457 in
3720 2410 3908 2458 morte

2213 2497 2397 2551 multa
2421 2497 2585 2567 signa
2613 2497 2765 2550 fecit.

2284 2586 2445 2639 Vens.
2481 2589 2569 2640 l7.
2611 2613 2673 2626 —
2707 2584 2911 2639 Relicta
2939 2587 3017 2636 est
3047 2596 3175 2651 gens
3204 2595 3499 2650 perpauca.
3531 2579 3678 2643 Quia
3707 2579 3917 2633 domus

2215 2673 2410 2741 David,
2442 2678 2499 2727 et
2526 2673 2711 2726 tribus
2734 2671 2900 2736 Juda,
2919 2676 2977 2725 et
2998 2670 3317 2740 Benjamin,
3351 2684 3467 2722 non
3497 2666 3733 2739 penitus
3763 2668 3916 2737 abje—

2213 2767 2415 2815 cerunt
2442 2761 2724 2815 culturam
2752 2759 2873 2825 Dei,
2904 2759 2999 2813 sed
3034 2758 3131 2812 alii
3168 2772 3370 2811 eorum
3401 2756 3636 2810 fuerunt
3666 2756 3913 2810 idololao

2212 2853 2339 2916 tm,
2369 2850 2515 2904 sicut
2560 2850 2755 2903 Joram
2808 2852 2866 2901 et
2902 2847 3142 2912 .Achaz:
3203 2845 3303 2899 alii
3351 2844 3723 2899 adhmserunt
3772 2844 3910 2898 Deo.

2215 2938 2362 2993 sicut
2384 2936 2649 2993 Ezechias
2681 2942 2737 2990 et
2762 2936 2967 2990 Josias.

2288 3028 2447 3081 Vens.
2514 3029 2599 3081 19.
2661 3053 2729 3067 -
2770 3023 3037 3078 Ezechias
3111 3025 3352 3078 munivit
3404 3023 3681 3076 civitatem
3730 3037 3914 3088 suam,

2216 3120 2318 3169 etc.
2396 3114 2573 3185 (ΗΑΒ.)
2627 3113 2791 3177 Quod
2869 3111 3134 3168 Ezechias
3197 3111 3419 3165 fontem
3471 3111 3727 3175 obturat,
3777 3116 3914 3174 etc.,

2214 3218 2383 3272 usque
2410 3203 2485 3256 ad
2530 3202 2818 3256 civitatem
2849 3200 3142 3254 exstinctis
3188 3198 3451 3253 hostibus
3500 3198 3806 3252 liberatam
3853 3200 3913 3252 in

2218 3290 2697 3362 Paralipomenon
2726 3289 2895 3361 plene
2919 3287 3262 3342 ostenditur.

2843 3412 3070 3468 CAPUT
3105 3412 3280 3467 XLIX.

2285 3523 2444 3576 Vens.
2475 3530 2523 3575 1.
2559 3517 2927 3576 -—Memoria'
2948 3520 3124 3572 Iasiae.
3176 3517 3371 3587 (ΗΑΒ.)
3403 3514 3677 3570 Memoria
3738 3514 3913 3568 Josiae

2212 3611 2386 3681 regis,
2417 3614 2549 3675 etc.,
2577 3623 2746 3678 usque
2792 3606 2867 3661 ad
2897 3606 3019 3677 ipse
3069 3604 3344 3660 zelo‘Dei
3391 3603 3633 3659 mundat
3688 3609 3909 3657 terram

2209 3700 2372 3755 ludae
2397 3704 2454 3752 et
2478 3690 2793 3752 Jerusalem
2822 3697 2891 3750 ab
2922 3694 3194 3749 omnibus
3224 3692 3773 3757 abominationibns,
3808 3692 3911 3763 qui

2213 3788 2330 3843 ait:
2363 3788 2514 3842 Zelus
2544 3785 2733 3840 domus
2766 3789 2871 3838 tum
2903 3782 3128 3837 comedit
3147 3797 3249 3836 me.

2283 3877 2442 3930 Vaas.
2476 3878 2527 3929 5.
2581 3902 2652 3913 —
2673 3875 2876 3928 Praeter
2907 3871 3113 3933 David,
3137 3875 3188 3924 et
3242 3869 3543 3933 Ezechiam,
3580 3873 3631 3921 et
3668 3868 3912 3931 Josiam,

2212 3969 2320 4019 etc.
2356 3963 2554 4017 Hitres
2580 3960 3007 4031 comparatione
3042 3958 3288 4013 aliorum
3326 3973 3444 4012 non
3473 3956 3747 4010 dicuntur
3775 3972 3913 4027 pec-

2210 4067 2384 4106 casse.
2440 4048 2604 4115 Quod
2663 4050 2817 4102 enim
2872 4050 3268 4119 peccaverunt,
3349 4043 3639 4113 condigna
3720 4043 3910 4113 poeni-

2212 4140 2392 4195 tentia
2417 4140 2771 4204 deleverunt,
2807 4140 2864 4191 et
2900 4135 3204 4191 devotione
3234 4139 3291 4188 et
3354 4133 3564 4203 pietate
3619 4132 3741 4185 Deo
3793 4132 3917 4203 pla~

2248 4230 2457 4282 uerunt
2468 4266 2480 4278 .

2213 4243 2480 4283 cuerunt.

2289 4316 2453 4369 Vens.
2494 4317 2549 4368 8.
2601 4341 2670 4353 —
2746 4310 3102 4366 lncenderunt
3160 4309 3325 4363 electa
3363 4309 3637 4362 civitatem
3709 4310 3913 4361 sancti-

2216 4407 2364 4467 tatis,
2419 4407 2524 4458 etc.
2582 4403 2706 4472 (10.)
2781 4399 3021 4466 Quidam
3086 4398 3237 4453 hunc
3294 4398 3480 4451 locum
3537 4395 3597 4449 in
3650 4411 3907 4465 persona

2214 4490 2422 4546 Christi
2459 4489 2806 4559 intelligunt,
2831 4495 2962 4551 etc.,
3010 4501 3181 4555 usque
3209 4486 3284 4539 ad
3316 4484 3405 4539 his
3430 4488 3625 4538 autem
3680 4483 3909 4539 destru-

2211 4580 2334 4645 ctis,
2366 4577 2667 4633 aediﬁcavit
2698 4576 2998 4631 Ecclesiam
3028 4574 3149 4629 Dei.

2283 4671 2439 4724 Vaas.
2474 4670 2557 4723 10.
2589 4696 2658 4707 -
2688 4666 2945 4721 Ezechiel
2997 4665 3096 4733 qui
3158 4663 3318 4725 uidit,
3380 4667 3485 4715 etc.
3521 4660 3659 4731 (10.)
3720 4661 3912 4731 Mysti-

2209 4773 2272 4812 ce
2330 4755 2603 4821 Ezechiel,
2676 4760 2807 4822 etc.,
2854 4767 3025 4823 usque
3072 4751 3147 4806 ad
3204 4755 3262 4806 et
3312 4749 3733 4821 paenitentibus
3762 4766 3913 4821 prr-

2209 4846 2416 4901 dixisse
2442 4843 2726 4898 remedia.

2277 4935 2443 4989 Vens.
2478 4935 2562 4987 11.
2597 4962 2665 4970 -
2711 4932 2775 4986 In
2831 4929 3021 4983 imbre.
3063 4927 3359 5000 Signiﬁcat
3409 4926 3563 4999 quod
3627 4926 3908 4997 pradica-

2205 5020 2350 5075 verit
2375 5034 2550 5089 super
2584 5023 2915 5089 peccatores
2968 5021 3271 5070 venturam
3305 5030 3427 5071 esse
3473 5014 3738 5086 pluviam
3786 5014 3907 5068 vin-

2203 5108 2389 5173 dictae,
2448 5112 2505 5161 et
2531 5122 2635 5179 per
2662 5106 2813 5161 viam
2858 5105 3262 5160 mandatorum
3352 5103 3453 5158 Dei
3499 5102 3905 5173 gradientibus

2201 5195 2536 5268 promiserit
2554 5194 3004 5250 consolationem
3027 5191 3460 5247 misericordiae.

2273 5284 2435 5339 Vaas.
2472 5286 2555 5339 13.
2602 5314 2665 5324 ——
2701 5284 2843 5339 Nam
2870 5285 2922 5336 et
2971 5286 3108 5351 ipse,
3157 5284 3263 5334 etc.
3313 5278 3460 5343 Quia
3488 5277 3790 5333 Christum
3836 5277 3905 5331 si-

2205 5376 2362 5443 gnat,
2394 5371 2494 5443 qui
2524 5375 2610 5426 est
2659 5371 2852 5440 imago
2901 5369 3004 5424 Dei
3039 5384 3055 5424 :
3090 5371 3157 5423 ut
3210 5365 3540 5438 quicunque
3596 5365 3906 5423 crediderit

2202 5460 2261 5515 in
2286 5460 2489 5524 Deum,
2514 5459 2608 5516 hic
2633 5458 2795 5532 quasi
2825 5455 3041 5516 annulo
3071 5455 3352 5528 signetur.
