4074 6186
204 212 337 261 15229

276 333 434 385 Vens.
514 333 595 385 14.

205 436 311 489 per
340 420 587 489 gratiam
618 421 749 474 Jesu
798 421 1026 485 Christi,
1070 422 1168 491 qui
1228 427 1307 473 est
1362 438 1455 474 rex
1514 428 1704 475 noster
1733 428 1789 474 et
1815 440 1907 475 sa-

201 509 422 573 cerdos,
473 514 606 578 post
681 508 1070 578 captivitatem
1152 509 1448 562 diabolica:
1496 511 1904 579 Oppressionis,

202 597 588 651 remdiﬁcatur
610 597 877 650 Ecclesia.

279 687 441 739 Vens.
504 690 586 739 15.
650 716 719 724 —
779 687 1082 741 Nehemias.
1146 684 1329 753 (Rau)
1379 686 1689 740 Consolator
1747 690 1905 751 Deus,

203 775 291 827 vel
359 776 657 827 consolatus
700 790 733 827 a
788 777 1032 837 Domino,
1090 778 1222 839 etc.,
1270 788 1440 841 usque
1496 776 1569 826 ad
1602 775 1698 844 qui
1730 775 1906 827 aediﬁ-

207 868 302 916 cat
333 864 619 916 civitatem
672 863 794 923 Dei.
862 863 915 916 id
966 868 1050 916 est
1095 861 1420 931 Ecclesiam,
1476 869 1533 916 et
1584 864 1909 917 consolatur

202 958 539 1005 maerentes.

277 1041 439 1093 Vsas.
505 1042 587 1093 16.
636 1070 704 1077 —
772 1042 954 1099 Nemo.
1023 1044 1131 1092 etc.
1192 1039 1405 1099 Enoch.
1465 1038 1752 1094 dedicatio.
1810 1040 1907 1092 llic

207 1129 498 1181 Christum
559 1128 861 1196 signiﬁcat,
919 1127 1019 1197 qui
1091 1127 1389 1181 aediﬁcavit
1444 1133 1500 1180 et
1560 1128 1908 1181 consecravit

205 1216 513 1269 Ecclesiam
562 1217 840 1285 sanguine
887 1233 1020 1281 suo;
1048 1216 1149 1286 qui
1196 1216 1318 1269 sine
1364 1220 1595 1285 peccato
1650 1216 1802 1269 venit
1850 1216 1905 1269 in

205 1305 513 1373 mundum,
547 1309 601 1357 et
630 1321 757 1358 cum
791 1304 969 1375 gloria
1011 1310 1377 1374 suscepturus
1404 1309 1488 1357 est
1516 1305 1575 1357 in
1605 1304 1833 1359 coelum.

286 1395 439 1447 Vens.
480 1396 563 1446 17.
598 1423 660 1433 —
702 1395 766 1447 Ut
811 1393 1024 1462 Joseph.
1056 1392 1279 1461 .loseph,
1341 1391 1486 1445 sicut
1531 1392 1703 1445 Jacob
1744 1396 1908 1462 pater

208 1482 364 1549 ejus,
436 1486 619 1534 teram
697 1481 1097 1549 promissionis
1160 1480 1538 1534 desiderabat.
1599 1482 1905 1551 Aigyptum

209 1569 625 1636 detestabatur;
680 1571 966 1623 instruens
1013 1585 1119 1623 nos
1161 1572 1225 1623 ut
1277 1568 1667 1623 desideremus
1696 1573 1907 1622 terram

210 1655 543 1721 viventium,
569 1662 634 1709 ut
664 1657 1023 1726 quiescamus
1045 1657 1101 1710 in
1130 1673 1288 1726 pace.

282 1743 441 1797 Vens.
510 1747 589 1797 18.
643 1775 709 1783 -
756 1747 822 1797 Et
873 1760 993 1798 ossa
1038 1747 1213 1812 ipsius
1265 1746 1496 1799 visitata
1531 1749 1671 1798 sunt.
1718 1744 1908 1813 (ΗΑΒ.)

209 1830 508 1901 Signiﬁcat
534 1832 687 1902 quod
714 1832 945 1903 Ioseph,
991 1837 1123 1897 etc.,
1154 1848 1322 1901 usque
1352 1833 1426 1886 ad
1455 1839 1512 1886 et
1559 1833 1910 1902 sepelierunt

211 1918 270 1971 in
306 1919 554 1983 Sichem.
582 1936 709 1991 quae
735 1925 817 1973 est
840 1922 1124 1991 Neapolis,
1157 1921 1295 1974 urbs
1321 1921 1831 1975 Samaritanorum.

280 2006 455 2061 Vsus.
501 2010 584 2061 19.
616 2008 834 2062 —Scth
894 2014 944 2062 et
971 2009 1112 2072 Sem,
1172 2013 1274 2062 etc.
1327 2007 1461 2061 Seth
1497 2006 1649 2060 ﬁlius
1704 2006 1906 2072 Adam,

208 2098 265 2147 et
296 2094 424 2148 Sem
458 2095 881 2166 primogenitus
916 2097 1052 2163 Noe,
1112 2100 1227 2149 tam
1279 2095 1390 2149 ﬁde
1422 2112 1591 2166 quam
1651 2095 1911 2149 moribus

216 2183 551 2236 hominibus
602 2184 689 2236 sui
734 2184 1012 2254 temporis
1083 2184 1305 2253 praelati
1359 2189 1522 2251 sunt;
1586 2184 1646 2237 in
1700 2183 1910 2254 quibus

213 2271 471 2325 Christus
501 2271 874 2340 signiﬁcatur,
907 2272 1004 2342 qui
1041 2273 1186 2325 Deus
1218 2277 1274 2326 et
1301 2273 1473 2326 homo
1504 2278 1604 2327 est.

887 2415 1110 2468 CAPUT
1166 2414 1224 2468 Ι..

282 2541 440 2592 Vsus.
474 2544 520 2592 1.
555 2571 621 2579 —
652 2540 840 2593 Simon
891 2539 1039 2594 Oniaz
1090 2539 1254 2607 ﬁlius.
1286 2536 1469 2606 (ΗΑΒ.)
1507 2536 1590 2591 Ad
1643 2536 1909 2591 homines

216 2628 274 2682 in
306 2633 565 2699 tempore
595 2644 699 2681 suo
733 2628 1010 2698 pervenit,
1048 2631 1178 2691 etc.,
1229 2640 1397 2693 usque
1441 2624 1515 2677 ad
1570 2640 1697 2678 cum
1735 2624 1907 2679 vitam

212 2716 464 2770 Simonis
484 2718 540 2769 et
568 2730 758 2768 mores
790 2720 906 2768 tam
929 2729 1188 2783 expresse
1217 2712 1497 2765 describat
1516 2714 1694 2766 Jesus.

283 2805 449 2858 Vens.
506 2806 557 2857 3.
596 2833 665 2845 —-
725 2805 880 2858 Putet
936 2817 1224 2871 aquarum.
1284 2801 1704 2855 Profunditates
1760 2800 1907 2855 Scri-

215 2898 540 2963 pturarum,
590 2908 718 2962 quin
758 2892 815 2944 in
870 2889 1075 2944 divinis
1109 2888 1267 2943 libris
1305 2889 1410 2942 sub
1469 2888 1668 2957 ﬁguris
1702 2887 1902 2951 latent,
1938 2894 1977 2947 C

218 2980 312 3034 sed
350 2996 449 3033 ore
482 2980 917 3051 praadicatorum
966 2978 1309 3047 redundant,
1333 2978 1494 3045 quasi
1530 2991 1686 3029 mare
1714 2976 1781 3030 ad
1815 2992 1906 3029 sa-

217 3068 509 3122 turitatem
529 3068 933 3138 plurimorum.

280 3158 443 3211 Vrsas.
481 3160 532 3211 5.
580 3186 648 3197 —
705 3159 772 3211 Et
804 3158 1105 3224 ingressum
1136 3154 1323 3208 domus
1372 3157 1506 3208 atrii
1535 3155 1905 3223 ampliﬁcavit.

217 3244 357 3308 Quia
386 3245 445 3298 in
494 3244 754 3313 rudibus,
814 3261 958 3315 quos
1011 3244 1197 3313 signat
1247 3242 1486 3311 atrium;
1537 3248 1590 3295 et
1640 3241 1695 3294 in
1730 3240 1909 3311 perfe-

217 3334 342 3401 ctis,
397 3332 496 3404 qui
564 3333 865 3399 signantur
919 3348 1023 3402 per
1067 3332 1327 3396 domum,
1394 3330 1769 3400 magistorum
1820 3345 1910 3382 ex-

226 3421 425 3476 crescit
454 3422 742 3476 meritum.

290 3510 452 3562 Vens.
513 3512 596 3563 11.
658 3539 726 3548 —
783 3510 855 3561 In
908 3506 1219 3576 accipiendo
1279 3508 1459 3575 ipsum
1525 3506 1740 3572 stolam,
1800 3507 1905 3557 etc.

222 3597 371 3652 Ordo
430 3597 870 3666 praedicatorum
922 3595 1251 3665 accipiendo
1325 3595 1529 3647 stolam
1588 3592 1806 3662 gloriae,
1856 3595 1911 3644 et

220 3685 514 3739 vestiendo
572 3701 628 3738 se
708 3685 1200 3738 consummatione
1268 3683 1568 3746 virtutum,
1629 3680 1908 3749 judicium

222 3773 517 3843 dignitatis
547 3789 685 3839 suae,
717 3776 772 3826 et
812 3778 1075 3825 ornatum
1109 3771 1264 3836 ﬁdei,
1327 3775 1381 3824 et
1430 3769 1694 3822 vestitum
1742 3768 1910 3821 home

221 3862 573 3932 operationis
605 3862 975 3915 demonstrat.
1013 3862 1139 3913 Haec
1192 3860 1346 3913 enim
1378 3858 1586 3912 debent
1617 3856 1676 3910 in
1734 3871 1913 3909 sacer-

218 3951 443 4005 dotibus
475 3965 770 4020 apparere,
796 3954 859 4002 ut
897 3948 1069 4018 digne
1100 3948 1321 4017 possint
1351 3946 1572 4000 docere.

287 4040 457 4093 Vens.
496 4041 577 4092 13.
613 4069 679 4077 —
712 4040 775 4092 In
805 4037 1119 4105 accipiendo
1167 4040 1345 4089 autem
1400 4039 1587 4103 partes
1636 4033 1701 4086 de
1746 4045 1912 4084 manu

212 4126 548 4183 sacerdotis.
608 4128 801 4181 Partes
832 4124 1038 4195 accipit
1091 4124 1159 4177 de
1209 4138 1384 4177 manu
1445 4120 1776 4186 sacerdotis,
1808 4119 1907 4190 qui

216 4217 381 4270 bona;
413 4213 763 4283 operationis
790 4219 977 4266 actum
999 4210 1175 4281 exigit
1204 4229 1233 4264 a
1257 4210 1550 4264 ministris.

288 4303 450 4356 Vens.
510 4304 593 4355 15.
652 4332 719 4340 —
766 4304 837 4355 Et
890 4302 1339 4355 consummatione
1395 4300 1629 4365 fungens
1676 4300 1735 4350 in
1786 4312 1906 4350 ara.

216 4391 625 4445 Consummata
681 4389 896 4443 oblatio
966 4389 1132 4442 datur
1183 4388 1403 4441 excelso
1472 4385 1633 4455 Regi,
1685 4384 1912 4455 quando

216 4495 429 4548 corpus
450 4478 657 4532 Christi
683 4477 921 4531 offertur
952 4478 1082 4530 Deo.

290 4568 452 4621 Vens.
503 4570 585 4621 17.
652 4598 719 4604 -
780 4565 993 4633 Effudit
1020 4567 1077 4617 in
1117 4564 1488 4629 fundamento.
1544 4564 1605 4616 In
1663 4577 1913 4615 comme-

218 4654 607 4707 morationem
642 4653 867 4715 Christi,
896 4652 996 4723 qui
1041 4657 1125 4705 est
1152 4651 1587 4705 fundamentum
1633 4648 1910 4713 Ecclesiae,

218 4743 394 4813 hujus
435 4742 740 4796 oblationis
787 4746 871 4795 est
926 4740 1070 4793 odor
1124 4739 1492 4793 suavissimus
1553 4739 1665 4793 Deo
1722 4736 1914 4791 omni-

214 4832 462 4901 potenti.

287 4920 454 4972 Vens.
517 4921 599 4973 18.
658 4947 719 4959 -
785 4920 929 4971 Tunc
986 4915 1427 4972 cmclamaverunt
1510 4914 1620 4984 ﬁlii
1702 4917 1910 4967 Aaron.

216 5007 430 5063 Christi
493 5007 815 5061 sacerdotes
867 5006 1338 5076 praedicationem
1391 5002 1770 5057 exhibuerunt
1813 5019 1916 5072 per

215 5097 545 5169 passionem
597 5099 1071 5150 consummatam.
1123 5093 1369 5147 Ductiles
1419 5092 1571 5145 tubze.
1628 5092 1772 5144 bene
1829 5090 1914 5143 di-

216 5190 451 5250 cuntur,
502 5184 636 5254 quia
690 5184 1090 5253 praedicatores
1160 5185 1319 5235 tanto
1393 5190 1650 5234 crescunt
1702 5184 1915 5249 quanto

216 5273 658 5328 tribulationum
693 5272 912 5326 malleis
941 5270 1364 5342 percutiuntur.

291 5363 455 5417 Vens.
497 5365 578 5416 19.
613 5391 681 5403 --
717 5363 862 5415 Tunc
918 5362 1087 5415 omnis
1129 5359 1380 5429 populus,
1445 5362 1550 5411 etc.
1607 5358 1743 5413 Cum
1789 5354 1917 5410 ofﬁ-

218 5450 375 5506 cium
418 5438 859 5506 ecclesiasticum
909 5463 1012 5520 per
1042 5446 1335 5502 ministros
1387 5444 1580 5500 altaris
1613 5442 1801 5514 agitur
1859 5444 1917 5498 in

1358 211 1607 266 GLOSSA
1648 212 2049 267 OBDINARIA.
2091 243 2157 250 —
2203 214 2332 267 LIB.
2373 214 2588 268 ECCLL

682 364 748 371 —
817 335 886 386 Et
964 333 1140 386 Jesum
1208 334 1379 401 ﬁlium
1454 334 1687 387 Josedec.
1768 334 1906 397 Quia
1937 339 1983 389 Α
2022 334 2361 388 memoriam
2384 334 2612 399 Christi,
2643 334 2908 404 populus,
2931 336 3000 389 ad
3034 337 3259 390 Iaudem
3300 338 3397 392 Dei
3432 355 3707 408 provoca-

3567 221 3705 273 1230

2017 427 2129 487 tus,
2157 422 2470 490 prosternit
2513 438 2570 474 se
2608 422 2667 474 in
2709 422 2932 487 faciem,
2961 421 3017 475 id
3053 429 3155 487 est,
3214 424 3397 477 cordis
3436 426 3521 478 sui
3553 427 3713 481 exhi-

2016 510 2112 563 bet
2167 510 2573 563 humilitatem.
2635 513 2774 563 Dare
2842 526 3026 578 preces
3101 512 3482 581 Omnipotenti.
3570 515 3712 578 Quia

2016 598 2297 669 quidquid
2330 614 2524 652 amore
2554 599 2656 651 Dei
2684 598 2893 669 agitur,
2949 616 3137 653 coram
3190 602 3305 654 Deo
3337 608 3421 655 est
3446 604 3625 656 oratio
3658 610 3715 657 et

2018 688 2162 741 odor
2181 686 2506 753 suavitatis;
2540 687 2671 757 quia
2702 688 2889 740 omnis
2936 688 3185 741 Ecclesia
3242 691 3448 759 satagit
3499 696 3557 743 ut
3589 708 3713 761 per-

2017 781 2238 828 severet
2287 776 2344 828 in
2393 791 2560 844 prece
2610 791 2788 846 usque
2859 776 2927 829 ad
2986 776 3159 830 ﬁnem
3212 777 3432 843 mundi,
3484 780 3712 848 quando

2013 878 2218 933 corpus
2252 864 2456 918 Christi
2481 864 2539 916 in
2566 863 2998 933 incorruptione
3030 865 3427 931 honorabitur,
3456 872 3511 919 et
3536 883 3713 921 mem-

2014 951 2116 1004 bra
2146 951 2319 1021 capiti
2350 968 2452 1004 suo
2482 952 2922 1021 conjungentur.

2088 1040 2247 1093 Vnus.
2277 1043 2371 1093 21.
2412 1070 2474 1079 —
2506 1043 2575 1093 Et
2626 1042 2841 1105 rogavit
2883 1041 3135 1108 populus,
3170 1046 3282 1096 etc.
3325 1042 3514 1111 (Bia)
3569 1043 3714 1106 Quia

2015 1128 2294 1198 quidquid
2334 1129 2392 1181 in
2427 1129 2801 1182 unitatefidei
2832 1130 2947 1181 Deo
2980 1129 3235 1195 offertur,
3268 1131 3421 1200 apud
3453 1147 3583 1185 eum
3625 1148 3713 1185 re-

2015 1216 2249 1285 cipitur;
2320 1216 2597 1286 quidquid
2666 1221 2841 1282 extra,
2894 1216 3173 1285 impietati
3204 1217 3532 1287 deputatur.
3607 1220 3713 1273 Ma-

2015 1320 2162 1373 gnus
2201 1303 2266 1356 ﬁt
2296 1304 2355 1356 in
2389 1303 2631 1357 Ecclesia
2671 1320 2863 1369 sonus,
2919 1304 3150 1374 quando
3203 1306 3497 1358 orantibus
3526 1322 3710 1359 sacer-

2015 1389 2240 1443 dotibus
2266 1395 2322 1443 et
2349 1390 2821 1444 benedicentibus
2854 1392 3159 1461 respondet
3200 1392 3388 1445 omnis
3415 1394 3663 1463 populus
3695 1411 3707 1447 :

2016 1479 2197 1530 Amen
2230 1493 2243 1530 :
2279 1477 2378 1546 qui
2410 1494 2582 1531 sonus
2637 1484 2753 1531 tam
2789 1479 2855 1532 ad
2912 1480 3219 1533 clamorem
3252 1480 3403 1534 vocis
3433 1498 3605 1552 quam
3638 1484 3708 1537 ad

2020 1565 2384 1618 devotionem
2415 1564 2599 1617 cordis
2621 1565 2887 1634 pertinet.

2090 1654 2245 1707 Vens.
2280 1655 2369 1706 22.
2404 1684 2471 1691 —
2526 1653 2673 1706 Tunc
2718 1653 3057 1719 descendens,
3092 1660 3195 1708 etc.
3257 1656 3443 1710 Coetus
3489 1662 3713 1711 sancto-

2016 1757 2145 1795 rum
2199 1742 2513 1796 exsultans.
2576 1742 2812 1795 Emtulil.
2866 1741 3100 1804 Quando
3163 1744 3371 1813 gratias
3419 1746 3535 1814 agit
3607 1762 3712 1815 pro

2017 1828 2366 1899 perfectione
2406 1828 2617 1882 laboris
2650 1829 2709 1882 in
2766 1828 2947 1882 salute
3007 1831 3253 1883 universi
3297 1833 3519 1902 populi,
3579 1839 3714 1887 tunc

2019 1917 2213 1970 laudes
2243 1916 2603 1986 multiplicat,
2638 1917 2957 1971 orationem
3006 1918 3195 1984 iterat,
3229 1920 3365 1990 quia
3412 1936 3712 1991 nunquam

2018 2023 2049 2058 a
2091 2005 2353 2059 laudibus
2385 2010 2583 2058 cessat.

2089 2095 2243 2147 Vens.
2315 2095 2403 2149 23.
2454 2124 2522 2133 —
2580 2094 2872 2149 Ostendere
2918 2096 3173 2149 virtutem
3221 2099 3341 2150 Dei.
3394 2097 3712 2151 Prtedicare

2016 2183 2230 2236 scilicet
2252 2182 2700 2236 misericordiam
2733 2184 2873 2252 ejus,
2923 2183 3023 2252 qui
3072 2183 3167 2236 dat
3197 2184 3363 2237 nobis
3384 2185 3713 2253 jucundita-

2016 2280 2131 2328 tem
2160 2274 2368 2334 cordis.
2392 2278 2448 2327 et
2478 2290 2671 2342 pacem
2704 2273 2762 2326 iu
2808 2273 3164 2341 temporibus
3207 2275 3457 2340 aeternis,
3500 2280 3563 2328 ut
3591 2291 3712 2328 om-

2018 2379 2117 2417 nes
2134 2363 2241 2416 viri
2273 2362 2565 2426 Israelitae,
2594 2367 2649 2415 et
2678 2366 2961 2415 amatores
3017 2361 3190 2430 Regis
3224 2364 3444 2428 aeterni,
3499 2364 3710 2433 praedi-

2016 2456 2147 2505 cent
2177 2451 2491 2521 potentiam
2520 2454 2576 2503 et
2604 2448 2921 2503 bonitatem
2970 2449 3068 2502 Dei
3098 2449 3157 2502 in
3205 2449 3544 2505 liberatione
3598 2468 3706 2522 po-

2017 2539 2137 2609 puli
2163 2538 2269 2592 sui.

2090 2628 2248 2680 Vens.
2300 2628 2390 2679 27.
2449 2656 2515 2664 —
2560 2628 2706 2678 Duas
2788 2630 2986 2691 gentes,
3055 2631 3159 2679 etc.
3234 2627 3419 2681 Ruina
3477 2628 3707 2699 duplex,

2019 2714 2307 2783 gentilitas
2337 2713 2568 2776 scilicet,
2604 2729 2732 2783 quae
2765 2713 3092 2767 idololatria
3114 2714 3331 2785 polluta
3351 2720 3437 2769 est
3464 2721 3519 2770 et
3572 2733 3707 2770 con-

2018 2803 2334 2856 versatione
2367 2818 2530 2854 vana.

2087 2892 2245 2944 Vens.
2279 2893 2367 2944 ‘29.
2432 2920 2499 2929 -—
2533 2892 2842 2943 Doctrinam
2870 2892 3171 2959 sapientiae,
3210 2895 3317 2947 etc.
3351 2892 3505 2961 Opus
3542 2908 3707 2945 suum

2017 2979 2399 3041 commendat,
2425 2978 2727 3032 ostendens
2762 2995 2933 3048 quam
2980 2980 3117 3033 utile
3148 2980 3218 3033 sit
3273 2980 3504 3050 legenti,
3539 2982 3717 3035 medi-

2018 3068 2163 3123 tanti
2184 3072 2238 3122 et
2258 3067 2538 3136 operanti.
2836 3104 2837 3107 η

2688 3138 2910 3192 CAPUT
2949 3139 3034 3191 LI.

2088 3247 2246 3299 Vens.
2284 3248 2331 3298 1.
2356 3274 2424 3284 —
2454 3244 2640 3299 Oratio
2666 3245 2793 3297 Jesu
2831 3244 2939 3312 ﬁlii
2980 3244 3195 3299 Sirach.
3226 3245 3422 3300 Melius
3500 3246 3567 3300 ad
3617 3251 3708 3299 to-

2019 3340 2135 3387 tam
2167 3332 2479 3387 Ecclesiam
2510 3332 2776 3399 refertur,
2837 3348 3011 3402 quam
3043 3333 3112 3386 ad
3152 3349 3326 3387 unam
3383 3351 3711 3405 personam,

2018 3422 2152 3493 quia
2177 3422 2237 3475 in
2261 3438 2325 3475 ea
2356 3422 2551 3475 multae
2571 3420 2786 3490 species
2830 3420 3257 3475 tribulationem
3289 3424 3345 3474 et
3370 3422 3591 3475 diversa
3623 3439 3712 3475 so-

2018 3512 2153 3565 latia
2184 3510 2601 3565 describuntur.

2091 3596 2392 3659 Conﬁtcbor
2426 3597 2543 3661 tibi,
2572 3598 2795 3649 Domine
2828 3612 2946 3650 rem.
3006 3597 3217 3667 (ΗΑΒ.)
3261 3598 3424 3650 Jesus
3455 3596 3714 3651 Christus

2020 3685 2247 3753 adjutor
2268 3691 2324 3737 et
2354 3688 2641 3754 protector
2671 3688 2751 3736 est
2784 3699 3005 3752 sponsae
3035 3700 3171 3748 suae,
3205 3684 3306 3753 qui
3335 3684 3573 3738 tradidit
3622 3701 3705 3737 se-

2019 3772 2329 3841 metipsum
2354 3786 2457 3839 pro
2489 3786 2572 3833 ea,
2608 3775 2674 3823 ut
2699 3769 2967 3823 liberaret
2999 3786 3125 3823 eam
3157 3786 3189 3823 a
3237 3770 3558 3841 perditione
3588 3774 3713 3825 ori-

2021 3859 2228 3929 ginalis
2258 3857 2492 3929 peccati.

2093 3948 2258 4002 Vens.
2314 3950 2364 3999 5.
2414 3976 2476 3986 —
2529 3947 2707 3999 Portis
2767 3946 3200 4000 tribulationum.
3262 3948 3390 4000 Haec
3436 3951 3569 4001 sunt
3616 3964 3715 4001 ora

2018 4035 2345 4106 principum
2376 4038 2431 4087 et
2480 4038 2881 4102 tyrannorum,
2918 4034 3068 4088 unde
3119 4035 3291 4088 minae
3343 4035 3631 4106 prodeunt
3659 4041 3718 4089 et

2018 4122 2440 4187 fraudulentiae,
2475 4136 2603 4191 qua!
2635 4136 2826 4173 servos
2850 4120 2949 4173 Dei
2980 4137 3186 4191 negare
3236 4122 3405 4177 ﬁdem
3474 4124 3718 4194 compel-

2020 4211 2170 4265 lunt.

2094 4301 2255 4352 Vaas.
2309 4329 2375 4337 -——
2435 4300 2486 4350 6.
2548 4328 2616 4335 —
2673 4297 2723 4351 A
2773 4311 3030 4365 pressura
3074 4301 3321 4367 ﬂammae.
3372 4301 3486 4353 Hoc
3534 4299 3718 4354 tribus

2020 4386 2217 4457 pueris
2271 4384 2516 4455 contigit
2576 4385 2635 4437 in
2692 4385 2915 4438 camino
2972 4385 3118 4455 ignis
3167 4388 3564 4457 corporaliter;
3622 4388 3714 4442 sed

2023 4491 2222 4529 omnes
2252 4473 2432 4528 sancti
2462 4472 2531 4527 ab
2563 4477 2704 4527 aestu
2736 4474 3150 4543 persecutionis
3206 4475 3525 4529 liberantur
3550 4475 3716 4546 spiri-

2021 4564 2270 4617 tualiter.

2092 4653 2260 4704 Vsus.
2318 4654 2371 4703 9.
2428 4682 2495 4689 —
2526 4654 2595 4705 Et
2649 4652 2763 4703 vita
2794 4665 2909 4703 mea
2956 4652 3409 4720 appropinquans
3470 4654 3586 4703 erat
3632 4652 3717 4701 in-

2022 4740 2194 4805 ferno.
2216 4737 2357 4801 Quia
2395 4736 2510 4790 vita
2544 4736 2729 4790 carnis
2765 4736 3020 4805 quotidie
3071 4737 3388 4791 deiicienda
3453 4737 3521 4790 ad
3568 4753 3717 4789 mor-

2020 4832 2139 4880 tem
2172 4825 2372 4879 tendit.
2404 4826 2636 4880 Mortem
2672 4824 2824 4877 enim
2858 4825 3133 4889 infernum
3162 4830 3341 4889 vocat,
3392 4825 3523 4895 quia
3568 4841 3721 4877 mors

2023 4914 2228 4979 carnis,
2253 4913 2423 4983 primi
2450 4912 2664 4982 peccati
2697 4911 2947 4965 vindicta
2977 4917 3080 4973 est,
3112 4912 3257 4966 sicut
3295 4912 3558 4966 infernus
3590 4928 3719 4982 pcc-

2023 5003 2276 5055 cautium
2308 5002 2627 5054 animarum
2660 5016 2827 5070 paena
2858 5006 3151 5070 perpetua.

2096 5092 2256 5144 Vens.
2294 5086 2376 5143 10.
2409 5119 2475 5131 —-
2508 5089 2995 5143 Circumdederunt
3042 5105 3122 5142 me
3174 5089 3431 5156 undique,
3487 5092 3589 5143 etc.
3625 5090 3720 5142 Vi-

2025 5179 2163 5233 dens
2194 5176 2443 5232 Ecclesia
2473 5192 2531 5230 se
2552 5176 2623 5230 ab
2668 5176 2923 5229 hostibus
2978 5175 3344 5242 circumdari,
3404 5182 3461 5229 et
3517 5176 3721 5230 huma-

2026 5282 2167 5320 num
2196 5266 2391 5320 deesse
2430 5264 2717 5331 solatium,
2770 5280 2801 5317 a
2850 5264 2963 5317 Deo
3022 5264 3230 5334 quairit
3286 5263 3659 5333 adjutorium,
3692 5282 3724 5319 a

2027 5371 2142 5426 quo
2173 5362 2259 5407 cst
2288 5369 2457 5408 omne
2485 5352 2726 5413 bonum,
2783 5352 2874 5406 cui
2924 5352 3186 5405 attribuit
3235 5352 3388 5422 quod
3450 5352 3726 5407 liberatur

2028 5445 2096 5496 ab
2138 5442 2407 5498 inimicis.
