4074 6186
3800 270 3932 321 123Ξ

424 290 551 343 1231
1048 283 1438 338 WALAFBIDI
1477 281 1722 335 STRABI
1766 281 1960 335 FULD.
2003 279 2092 335 ΜΟ

2281 278 2374 333 ΡΡ.
2421 278 2591 332 PARS
2634 277 2674 329 Ι.
2717 304 2785 312 -
2825 274 3281 329 THEOI.OG|CA.

486 407 642 460 Vens.
684 409 762 460 t8.
796 435 862 446 —-
908 407 1036 462 Cum
1093 405 1269 457 adhuc
1309 405 1502 472 junior
1556 418 1737 456 essem.
1789 403 2000 470 (ΗΑΒ.)
2038 404 2100 455 In
2133 408 2172 456 Α
2215 400 2289 452 ad
2329 398 2408 452 sic
2454 401 2607 452 enim
2668 397 3062 464 conﬁrmatus,
3108 396 3402 466 perveniet
3447 395 3516 448 ad
3541 396 3799 448 fructum
3852 410 3932 446 sa-

411 497 733 566 juventute,
761 496 844 548 vel
882 492 1147 563 pueritia,
1198 498 1328 556 etc.,
1387 506 1556 559 usque
1610 490 1685 544 ad
1728 489 2019 560 quomodo
2046 490 2116 542 ab
2230 489 2481 560 pientia.

419 585 661 638 infantia
691 584 977 654 quasierit
1007 582 1370 650 sapientiam.
2297 578 2454 631 Vens.
2500 578 2594 629 29.
2651 605 2718 615 —
2757 578 2950 630 Venter
3004 590 3170 629 meus.
3221 575 3557 629 Commotus
3612 572 3686 626 ad
3747 571 3931 642 pani-

492 674 815 738 Priusquam
863 671 1184 736 oberrarem,
1245 673 1353 722 etc.
1405 668 1604 738 Signat
1658 683 1715 719 se
1775 671 1903 720 ante
1952 683 2104 719 erro-

419 773 543 812 rem
574 757 835 827 pueritia
862 757 950 810 vel
976 756 1293 826 juventutis
1323 755 1674 810 desiderasse
1739 754 2104 825 sapientiam,

420 850 478 897 et
506 861 540 898 a
588 845 832 898 Domino
887 843 1226 915 postulasse,
1287 848 1343 896 et
1376 858 1556 913 usque
1627 841 1699 895 ad
1732 841 2108 895 novissimum

419 947 804 1002 perseverasse
817 974 830 988 .

494 1020 653 1073 Vens.
721 1023 802 1072 t9.
848 1048 913 1058 -—
967 1021 1248 1086 Tanquam
1287 1033 1505 1086 praecox
1533 1033 1660 1069 τινα.
1724 1017 1994 1070 Decorem
2029 1033 2112 1070 sa-

416 1107 653 1176 pientia
681 1113 977 1176 comparat
1004 1121 1327 1177 pracoqua
1360 1121 1506 1171 uva,
1541 1112 1604 1158 ut
1623 1106 2113 1175 ostendatjucun-

417 1195 652 1249 ditatem
688 1195 836 1265 apud
857 1211 982 1248 eam
1015 1211 1153 1248 esse.
1196 1196 1506 1264 Pracoqua
1547 1193 1700 1247 enim
1753 1209 1863 1246 uva
1909 1193 2116 1246 dicitur

420 1299 487 1337 eo
517 1283 666 1354 quod
691 1283 800 1336 cito
832 1287 1192 1337 maturescat.

492 1379 650 1434 Vens.
693 1381 781 1433 24.
835 1408 903 1419 —-
971 1381 1304 1436 Consiliatus
1355 1394 1499 1443 sum,
1557 1384 1661 1433 etc.
1706 1380 1897 1446 (ΗΑΒ.)
1954 1378 2115 1432 Prius

417 1467 553 1522 dicit
572 1485 630 1522 se
654 1467 954 1521 consilium
982 1468 1154 1521 inisse
1186 1473 1249 1521 ut
1269 1468 1488 1520 faceret
1541 1465 1722 1530 illam,
1758 1471 1892 1530 etc.,
1949 1480 2119 1533 usque

2223 665 2462 718 tentiam
2493 680 2630 734 peer
2678 665 2972 734 sapientia
3004 663 3288 716 notitiam.
3312 665 3623 731 Propterea.
3675 661 3762 715 Ad
3796 676 3926 730 per-

2217 755 2520 809 fectionem
2551 751 2848 822 sapientia
2881 752 3174 822 pervenire
3207 768 3321 804 non
3351 758 3434 804 est
3466 749 3710 804 humani
3737 749 3931 812 studii,

2220 841 2315 894 sed
2348 840 2526 894 divini
2555 839 2830 894 muneris.

2292 929 2463 981 Vens.
2491 928 2578 980 '20.
2612 957 2680 966 —
2717 926 2882 980 Dedit
2912 925 3047 978 mihi
3093 928 3370 987 Dominus,
3415 930 3520 978 etc.
3579 927 3740 978 Bona
3780 941 3923 977 mer-

2221 1033 2312 1069 ces
2334 1020 2417 1069 est
2449 1016 2645 1086 lingua
2676 1015 2920 1079 erudita,
2965 1029 3092 1084 qua
3125 1014 3255 1068 fecit
3284 1013 3487 1067 fratres
3540 1014 3840 1066 instruere
3875 1020 3927 1066 et

2224 1105 2531 1174 corrigere.

2294 1193 2468 1246 Vens.
2506 1194 2685 1245 37.—
2713 1192 2946 1245 Latetur
2992 1193 3197 1244 anima.
3257 1191 3457 1259 Magna
3527 1195 3613 1243 est
3652 1188 3927 1258 jucundi-

2223 1286 2309 1333 t.as
2339 1279 2546 1340 cordis,
2575 1278 2620 1331 si
2678 1279 3008 1333 recordatur
3065 1277 3514 1332 misericordiam
3569 1277 3822 1346 superni
3851 1277 3934 1345 ju-

2230 1368 2391 1422 dicis.

1527 1755 1824 1832 LIBER
1888 1755 2184 1832 lSAI/E
2250 1753 2833 1833 PROPHET/E.

2018 1901 2414 1913 _—

1275 1981 1637 2038 PROLOGUS
1675 1981 1728 2036 S.
1777 1982 2161 2036 HIEBONYMI
2206 1982 2278 2035 IN
2333 1981 2567 2035 ISAIAM
2625 1981 3068 2035 PROPIIETAM.

1559 2080 1718 2149 (Vide
1742 2083 1959 2134 Hieron.
1994 2083 2053 2134 in
2083 2082 2214 2146 Isa.,
2248 2080 2481 2148 Operam
2512 2084 2636 2134 (om.
2675 2079 2794 2148 IV.)

1827 2297 2075 2362 VITA
2147 2297 2496 2363 ISAIZE.

1544 2427 1642 2490 (Ex
1677 2426 1969 2491 Epiphano,
2003 2427 2093 2476 lib.
2130 2427 2193 2476 de
2222 2427 2353 2477 Vitis
2385 2426 2806 2490 prophetarum.)

503 2636 677 2691 Isaias
728 2635 786 2689 in
824 2635 1142 2690 Jerusalem
1175 2633 1353 2686 nobili
1399 2647 1608 2702 genere
1657 2635 1815 2684 ortus
1860 2637 1962 2702 est,
1998 2630 2125 2702 ribi-
2156 2633 2196 2685 Β
2236 2636 2410 2696 ctum,
2476 2635 2537 2684 ut
2591 2629 2818 2702 exigua,
2851 2630 3085 2699 lympha
3130 2630 3448 2696 scaturiret,
3490 2633 3642 2702 quod
3677 2634 3927 2702 populus

417 2723 529 2776 que
552 2707 916 2777 prophetavit
949 2721 995 2777 :_
1019 2708 1138 2777 sub_
1157 2701 1423 2757 Manasse’
1441 2719 1594 2777 rege,
1628 2707 1811 2755 sectus
1865 2701 1951 2777 iu_
1977 2701 2118 2777 duas

417 2772 627 2848 partes,
661 2772 943 2848 occubuit.
973 2774 1354 2843 Sepultusque
1387 2779 1472 2826 est
1497 2773 1602 2848 sub_
1647 2787 1885 2848 quercu
1917 2772 2114 2848 Bogel.

411 2840 574 2918 juxta
615 2840 936 2918 transitum
986 2840 1289 2918 aquarum,
1315 2860 1484 2918 _quas
1529 2840 1682 2918 olimi
1727 2840 1996 2918 Ezechias
2019 2858 2115 2918 r_e_x

410 2913 563 2993 jacto
583 2917 967 2993 obstruxerar
996 2913 1262 2993 pulvere.“
1308 2913 1548 2993 _FOntem
1582 2913 1797 2993 quippe
1853 2913 2000 2992 Deus
2028 2913 2112 2966 Si-

417 2984 570 3040 loam
600 3004 768 3040 causa
804 2984 1104 3056 Propheta
1174 2984 1367 3052 efﬁcit,
1427 2984 1715 3056 quoniam
1776 2984 2113 3056 priusquam

419 3062 757 3123 moreretur,
786 3052 1058 3127 pusillum
1090 3061 1352 3127 precatus
1365 3052 1468 3120 est,
1487 3054 1581 3127 _uti
1603 3052 1930 3127 undas‘illic
1957 3053 2116 3127 eftin-

418 3143 552 3199 gere
593 3123 946 3197 dignaretur.
1001 3128 1065 3180 Et
1091 3123 1418 3199 __confestim
1470 3123 1701 3199 demisit
1760 3123 1842 3199 illi
1892 3123 2115 3199 caelitus

418 3191 627 3266 aquam
658 3191 960 3263 viventem,
1011 3196 1163 3249 unde
1211 3196 1444 3266 sortitus
1467 3200 1551 3266 est
1593 3195 1751 3247 locus
1782 3191 1876 3246 ille
1911 3195 2114 3262 appel-

419 3265 688 3322 lationem
737 3269 974 3335 Siloam,
1033 3266 1186 3337 quod
1217 3267 1263 3318 si
1307 3265 1436 3336 quis
1475 3265 1903 3336 interpretetur,
1953 3268 2116 3316 sonat

417 3339 750 3392 demissum.
781 3337 898 3391 Sub
926 3338 1159 3390 Ezechia
1188 3351 1418 3406 quoque
1461 3350 1613 3406 rege,
1654 3340 1963 3406 antequam
1997 3339 2109 3406 sta-

419 3423 599 3478 gnum
655 3408 1014 3479 piscinasque
1063 3403 1411 3470 fabricasset,
1462 3403 1726 3474 precibus
1774 3403 1934 3458 Isaia
1985 3403 2113 3458 effe-

2228 2701 2287 2754 in
2331 2702 2626 2772 obsidione
2675 2701 2927 2754 hostium
2953 2706 3262 2767 teneretur,
3294 2709 3351 2755 et
3400 2719 3469 2754 ne
3508 2701 3634 2772 ipsa
3681 2701 3925 2772 periret

2226 2772 2396 2824 undis
2424 2771 2691 2824 destituta
2730 2772 2946 2824 civitas.
2992 2773 3054 2825 In
3102 2772 3264 2842 cujus
3316 2773 3397 2826 rei
3441 2771 3759 2842 perennem
3804 2790 3917 2826 me-

2225 2843 2492 2902 moriam.
2523 2843 2772 2912 populus
2792 2847 3052 2896 accurate
3083 2843 3425 2912 Prophetam
3454 2845 3621 2897 isthic
3642 2847 3766 2897 solo
3790 2861 3922 2898 cum

2224 2912 2407 2982 gloria
2445 2918 2498 2965 et
2544 2913 2759 2965 honore
2806 2913 3070 2978 reddidit,
3104 2919 3169 2966 ut
3196 2929 3298 2982 per
3328 2915 3585 2982 ejusdem
3636 2914 3790 2968 inter
3810 2932 3924 2968 ces-

2224 2984 2411 3054 siones
2437 2983 2496 3034 in
2527 2983 3074 3054 consummationem
3104 3000 3282 3054 usque
3314 2985 3528 3049 saculi,
3583 3001 3750 3054 aqua
3780 2987 3924 3053 ejus-

2225 3053 2378 3124 modi
2432 3054 2647 3106 fructus
2703 3053 3062 3124 impetretur,
3118 3053 3210 3107 cui
3251 3056 3461 3108 scilicet
3491 3053 3658 3108 usum
3704 3056 3921 3108 refere-

2222 3123 2360 3194 bant
2387 3130 2707 3192 acceptum.
2763 3125 2952 3178 Exstat
2995 3129 3185 3178 autem
3241 3131 3683 3179 monumentum
3738 3127 3923 3194 Isaia,

2223 3193 2534 3266 ﬁnitimum
2587 3195 2897 3266 sepultura
2940 3195 3289 3265 principum,
3341 3202 3468 3265 post
3518 3199 3782 3266 sepulcra
3839 3193 3920 3250 sa.

2223 3264 2518 3336 cerdotum
2552 3279 2746 3336 versus
2775 3265 3025 3318 Nothum
3073 3264 3411 3336 partemque
3460 3264 3924 3321 meridionalem-

2222 3334 2489 3408 Salumon
2520 3336 2674 3408 enim
2713 3334 3124 3406 Jerosotymam
3158 3334 3513 3408 construens,
3548 3354 3749 3408 regum
3774 3339 3925 3392 exci-

2223 3405 2363 3458 tavit
2392 3407 2896 3476 mausolea,prout
2925 3405 3020 3460 illa
3053 3408 3231 3460 David
3270 3405 3664 3478 descripserat.

1718 3675 2117 3740 PREFATIO
2160 3677 2240 3740 IN
2292 3677 2600 3742 ISAIAM.

489 3816 740 3885 (HIERON.
772 3818 830 3869 in
859 3816 994 3886 Isa.)
1026 3815 1215 3882 Isaias,
1251 3816 1335 3869 vir
1368 3815 1574 3869 nobilis
1604 3820 1660 3870 et
1712 3815 1945 3869 urbana
1994 3816 2108 3869 elo-
2142 3815 2182 3869 C
2218 3817 2529 3886 revelante,
2581 3817 2960 3888 intelligimus
3023 3821 3337 3890 quodlibet.
3423 3823 3621 3877 Videre
3685 3839 3919 3894 quoque

417 3901 690 3971 quentia,
748 3901 891 3954 nihil
937 3901 998 3955 in
1036 3901 1266 3972 eloquio
1322 3901 1651 3955 rusticitatis
1701 3901 1937 3968 habens,
1995 3917 2110 3955 non

416 3995 533 4042 tam
584 3989 861 4060 propheta
918 3991 1190 4044 dicendus
1246 3994 1331 4043 est
1383 4005 1557 4060 quam
1606 3991 1953 4060 evangelista
1988 3991 2110 4043 :Ita

415 4078 568 4131 enim
601 4077 815 4147 liquide
842 4078 1048 4132 Christi
1079 4083 1135 4131 et
1190 4078 1449 4131 Ecclesia
1491 4078 1760 4148 mysteria
1815 4079 2111 4148 prosequi-

416 4170 532 4230 tur,
556 4172 620 4219 ut
643 4166 713 4219 de
768 4165 1077 4234 praeteritis
1109 4169 1343 4234 putetur
1384 4163 1679 4218 historiam
1716 4169 1925 4219 texere.
1974 4166 2108 4219 Pro-

416 4252 673 4323 phetavit
703 4260 895 4306 autem
920 4255 979 4306 in
1011 4253 1361 4306 Hierusalem
1407 4257 1462 4306 et
1484 4252 1647 4318 Juda,
1707 4254 1964 4307 nondum
2013 4253 2110 4308 de-

416 4357 541 4396 cem
594 4341 857 4396 tribubus
932 4340 1230 4410 captivatis
1294 4355 1308 4394 :
1369 4345 1425 4392 et
1491 4341 1560 4393 de
1637 4346 1880 4410 utroque
1931 4357 2110 4411 regno

415 4445 569 4484 nunc
617 4428 864 4496 mixtim,
919 4444 1073 4482 nunc
1125 4428 1454 4498 separatim,
1511 4429 1697 4481 texuit
1737 4428 1984 4482 oracula.
2046 4428 2112 4481 Et

415 4532 546 4571 cum
595 4517 882 4570 interdum
915 4517 982 4570 ad
1042 4522 1388 4586 prasentcm
1421 4516 1651 4585 respicit
1691 4517 2007 4580 historiam,
2058 4521 2114 4569 et

413 4611 546 4675 post
594 4605 986 4673 Babylonicam
1043 4603 1426 4674 captivitatem
1487 4604 1732 4656 reditum
1782 4603 1980 4672 populi
2031 4603 2111 4656 si-

414 4692 650 4764 gniticet
703 4693 764 4746 in
810 4692 1083 4759 Judaam,
1142 4693 1200 4746 in
1259 4691 1684 4746 advocationem
1728 4697 1921 4744 tamen
1969 4706 2110 4761 gen-

414 4781 558 4836 tium
582 4785 640 4835 et
665 4780 873 4836 Christi
890 4780 1199 4834 adventum
1232 4796 1463 4834 omnem
1496 4779 1746 4834 intendit
1783 4796 2000 4833 curam.

981 4921 1206 4976 CAPUT
1244 4922 1540 4977 PRIMUM.

485 5046 644 5100 Vens.
705 5049 754 5101 l.
812 5075 882 5088 —
934 5046 1090 5101 νεεἰο
1142 5049 1317 5112 Isaia,
1361 5054 1465 5101 etc.
1525 5047 1654 5101 Tria
1705 5053 1839 5102 sunt
1894 5064 2103 5118 genera

411 5133 693 5188 visionis:
752 5134 1006 5204 primum
1045 5135 1357 5205 corporale,
1415 5151 1528 5204 quo
1582 5135 1840 5188 videmus
1895 5137 2102 5189 coelum

413 5225 471 5276 et
515 5227 728 5277 terram
761 5227 818 5276 et
863 5221 1223 5292 hujusmodi;
1284 5224 1595 5276 secundum
1645 5223 1959 5292 spirituale,
1994 5239 2106 5294 quo

411 5309 695 5377 videmus,
729 5309 875 5365 sicut
901 5309 961 5364 in
991 5310 1204 5364 somnis
1235 5310 1516 5379 imagines
1545 5311 1851 5364 hominum
1904 5317 1959 5364 et
2007 5313 2107 5364 hu-

408 5397 690 5466 jusmodi;
720 5399 955 5452 tertium
986 5398 1394 5467 intellectuale,
1426 5399 1579 5469 quod
1635 5403 1721 5452 est
1749 5399 1809 5454 in
1863 5400 2102 5468 ratione,

413 5497 518 5552 per
546 5485 696 5554 quod
745 5486 1065 5540 Creatorem
1098 5486 1517 5556 cognoscimus,
1542 5491 1618 5553 et,
1653 5485 1866 5558 Spiritu
1913 5492 2104 5543 sancto

2221 3919 2372 3973 sape
2411 3920 2515 3974 pro
2536 3904 2858 3975 intelligere
2895 3908 3166 3977 ponitur:
3202 3909 3353 3962 unde
3381 3925 3532 3980 sape
3589 3911 3915 3982 interroga-

2222 4007 2367 4058 mus,
2421 3992 2715 4058 dicentes;
2775 3994 2956 4060 Vides,
3013 3995 3192 4062 idest,
3251 3996 3562 4067 intelligis?
3611 3999 3915 4070 Propheta

2221 4094 2452 4150 quoque
2483 4079 2614 4134 hinc
2645 4080 2898 4135 videntes
2928 4082 3214 4152 dicuntur,
3265 4084 3325 4137 id
3378 4091 3461 4138 est
3498 4085 3911 4155 intelligentes.

2222 4166 2376 4220 Hanc
2432 4167 2707 4222 visionem
2775 4168 2918 4223 vidit
2970 4170 3142 4224 Isaias
3182 4171 3398 4241 Spiritu
3429 4178 3643 4239 sancto,
3701 4175 3919 4228 scilicet

2221 4255 2544 4321 intimante,
2569 4272 2699 4326 qua
2755 4264 3166 4328 superventura
3224 4265 3389 4314 erant
3416 4259 3719 4316 intellexit.
3761 4263 3917 4318 Unde

2220 4342 2280 4396 in
2313 4345 2597 4414 principio
2628 4360 2745 4398 non
2775 4346 2940 4415 ponit
2967 4346 3212 4400 visiones
3265 4348 3411 4402 sicut
3441 4349 3666 4418 Daniel,
3727 4368 3914 4422 neque

2221 4431 2358 4485 dicit
2394 4432 2535 4503 quid
2582 4432 2818 4500 viderit;
2867 4433 2969 4488 sed
3003 4435 3196 4489 statim
3243 4436 3425 4491 dicit:
3483 4438 3714 4505 Audite,
3768 4441 3917 4507 cali,

2221 4525 2277 4573 et
2306 4520 2538 4574 auribus
2558 4522 2804 4591 percipe,
2828 4526 2998 4576 terra.

2293 4641 2480 4710 (Elian.
2527 4644 2585 4695 in
2637 4645 2771 4709 Isa,
2814 4647 2952 4698 tom.
3001 4646 3108 4712 IV).
3147 4647 3272 4700 Non
3309 4648 3493 4702 solum
3543 4650 3745 4712 Isaias,
3788 4656 3917 4715 etc.,

2220 4744 2389 4798 usque
2421 4729 2495 4782 ad
2535 4746 2650 4783 non
2698 4746 2835 4801 ergo
2898 4731 3264 4800 ignorabant,
3321 4736 3636 4790 secundum
3695 4739 3923 4792 Monta—

2221 4833 2384 4887 num,
2413 4818 2510 4888 qui
2541 4819 2620 4872 sic
2644 4819 2930 4874 videbant.

2293 4926 2420 4993 (10.,
2469 4925 2646 4991 Ibid.)
2675 4927 2847 4980 Isaias
2895 4926 3320 4999 interpretatur,
3355 4936 3484 4996 etc.,
3517 4947 3689 5003 usque
3737 4935 3819 4988 ad
3869 4942 3922 4988 et

2219 5029 2346 5068 cum
2374 5015 2566 5067 omnia
2589 5013 2807 5084 fecerit,
2838 5014 2975 5070 dicit
3007 5032 3020 5071 :
3058 5017 3259 5073 Servus
3323 5021 3536 5076 inutilis
3559 5037 3714 5090 sum;
3781 5022 3921 5094 quod

2137 5093 2178 5147 D
2217 5099 2378 5154 debui
2391 5103 2590 5168 facere,
2618 5104 2744 5168 feci.

2288 5207 2421 5260 Filii
2450 5207 2613 5261 Amos
2639 5206 2762 5277 (ln.,
2795 5209 2960 5280 ibid.)
2985 5211 3179 5277 Amos,
3205 5215 3370 5282 pater
3397 5214 3585 5278 Isaia,
3620 5231 3744 5271 non
3780 5218 3918 5272 duo-

2218 5292 2402 5346 decim
2434 5294 2849 5364 Prophetarum
2881 5297 3084 5351 tertius
3115 5303 3218 5365 est,
3250 5305 3385 5370 etc.,
3441 5316 3612 5370 usque
3656 5304 3736 5360 ad
3780 5305 3921 5360 Pro-

2216 5380 2419 5454 phetas
2448 5381 2619 5435 fuisse
2648 5385 3024 5440 contendunt.

2289 5489 2462 5558 Super
2488 5490 2685 5544 ludam
2735 5499 2784 5545 et
2834 5494 3146 5548 Jerusalem.
3176 5494 3305 5565 (10.,
3345 5497 3509 5568 ibid.)
3550 5499 3728 5554 Isaias
3759 5503 3918 5574 prin-
