4074 6186
178 294 313 347 1233

1316 294 1570 350 GLOSSA
1606 295 2005 352 ORDINABIA.
2042 326 2111 336 ——
2154 298 2277 351 LIB.
2321 298 2547 353 ISAle.

3541 306 3675 361 1234

170 414 434 485 cipaliter
457 415 526 469 de
560 414 779 468 duabus
810 413 1091 481 tribubus,
1141 422 1272 481 etc.,
1330 433 1497 487 usque
1527 418 1602 470 ad
1630 419 1697 471 ad
1742 435 1863 472 cor-
1899 421 1943 471 Α
1982 418 2159 473 animi
2211 420 2517 491 aliquando
2574 420 2799 476 dolores
2828 423 3087 491 corporis
3128 423 3372 495 mitigat,
3417 430 3545 491 etc.,
3578 443 3674 482 us—

172 504 488 557 rectionem
522 504 762 557 duarum
787 504 1039 557 tribuum
1069 505 1187 557 haec
1214 506 1483 574 prmdicta
1510 524 1651 559 esse.

248 594 401 647 Visio
429 594 605 659 lsaize,
640 598 748 646 etc.
782 593 988 661 (Hii-33.,
1016 594 1175 657 ibid.)
1206 595 1310 646 Pro
1336 594 1499 655 Juda,
1551 594 1609 647 in
1638 610 1752 664 quo
1800 594 1869 647 si-

166 686 427 750 gnantur
457 680 583 733 duae
612 679 815 747 tribus,
846 686 975 747 etc.,
1000 696 1168 748 usque
1205 681 1280 734 ad
1309 681 1376 735 de
1400 698 1511 751 qua
1542 699 1554 735 :
1587 684 1777 751 Surge,
1798 684 1867 737 il-

166 770 464 834 luminare,
487 770 805 833 Jerusalem,
839 770 972 837 quia
994 771 1140 822 venit
1179 771 1354 822 lumen
1384 774 1552 823 tuum.

238 858 315 910 In
350 858 551 911 Diebus
610 858 776 913 Ozia’.
813 858 934 924 (ln.,
968 856 1127 925 ibid.)
1186 857 1346 910 Ozias
1378 857 1499 927 ipse
1539 860 1621 911 est
1666 857 1765 928 qui
1814 862 1870 911 et

166 944 425 1011 Azarias,
480 951 612 1010 etc.,
675 960 843 1014 usque
898 945 971 997 ad
1010 950 1072 997 ut
1119 950 1328 999 nostras
1386 946 1635 999 historiae
1692 963 1866 1017 appa-

167 1039 335 1087 reant
367 1034 720 1104 antiquiores
744 1049 916 1103 quam
949 1034 1209 1103 gentiles.

241 1123 406 1175 Vens.
460 1126 510 1175 2.
545 1152 612 1161 —
653 1122 876 1187 Audite,
935 1123 1075 1185 creti,
1137 1126 1243 1175 etc.
1279 1122 1407 1189 (ln.,
1466 1122 1627 1191 ibid.)
1687 1123 1868 1192 Supra

168 1208 302 1279 quis
335 1210 635 1279 Propheta.
670 1216 800 1275 etc.,
834 1224 1001 1278 usque
1020 1209 1094 1263 ad
1125 1225 1253 1262 cum
1286 1209 1389 1263 hoc
1443 1211 1737 1280 potestatis
1769 1211 1866 1265 Dei

169 1299 263 1359 sit,
300 1314 405 1351 nec
435 1303 675 1352 terrenae
703 1297 1119 1367 intelligentiae.

239 1389 501 1441 Dominus
556 1388 760 1441 locutus
793 1391 887 1439 est.
952 1386 1078 1453 (ln.,
1138 1385 1296 1454 ibid.)
1355 1386 1476 1439 Non
1536 1383 1713 1451 vobis,
1768 1384 1864 1438 sed

169 1475 335 1539 mibi,
370 1479 431 1528 ut
476 1475 626 1545 quod
676 1474 736 1527 in
793 1474 994 1545 spiritu
1028 1473 1218 1527 audivi
1271 1474 1510 1527 referam
1544 1472 1719 1539 vobis,
1768 1473 1865 1543 qui

167 1563 361 1633 ipsum
393 1564 591 1617 audire
620 1580 733 1616 non
761 1562 1086 1617 moremini.

242 1654 409 1707 Filios
456 1654 709 1705 enutrivi.
742 1653 877 1718 (ln.,
934 1650 1092 1719 ibid.)
1152 1650 1311 1714 Quod
1360 1649 1531 1704 dicit:
1594 1650 1706 1718 Ego
1773 1666 1867 1701 ens

170 1742 435 1811 adoptavi
490 1740 549 1793 in
616 1739 783 1805 ﬁlios,
843 1746 973 1800 etc.,
1032 1754 1200 1806 usque
1227 1738 1321 1805 Zad
1383 1738 1563 1791 unde:
1609 1738 1765 1791 Dedit
1793 1740 1866 1791 eis

166 1833 490 1901 potestatem
521 1829 660 1896 ﬁlios
693 1830 785 1881 Dei
808 1827 964 1897 ﬁeri.

245 1918 403 1970 Vens.
462 1919 512 1969 3.
556 1945 623 1954 —
653 1916 911 1980 Cognovit
961 1914 1069 1974 bos,
1122 1917 1228 1967 etc.
1281 1912 1405 1980 (ln.,
1456 1912 1618 1981 ibid.)
1665 1913 1859 1967 Unde:

168 2007 286 2060 Non
315 2004 501 2057 arabis
550 2005 605 2056 in
648 2004 817 2055 vitulo
860 1998 1098 2055 simulet
1143 2003 1296 2055 asino
1327 2003 1495 2069 (Deut.
1558 2005 1707 2066 χχιι).
1741 2002 1865 2055 Sic-

168 2099 234 2146 ut
282 2092 479 2157 Ebion,
533 2090 664 2158 etc.,
694 2105 862 2157 usque
902 2089 976 2143 ad
1003 2088 1095 2143 cui
1126 2089 1359 2143 dicitur:
1419 2088 1605 2144 Venite
1633 2089 1706 2142 ad
1762 2105 1862 2153 me,

171 2183 269 2248 qui
300 2181 561 2233 laboratis
605 2184 654 2231 et
684 2180 893 2231 onerati
916 2180 1065 2231 estis.

243 2270 479 2323 Asinus.
513 2265 748 2319 Gentilis
788 2266 872 2319 vel
930 2281 1236 2318 conversus
1268 2264 1529 2324 lascivus,
1581 2270 1712 2316 ante
1752 2263 1863 2316 im-

172 2356 445 2419 mundus,
523 2354 767 2423 peccatis
850 2358 1140 2418 oneratus,
1227 2353 1325 2423 qui
1413 2352 1865 2405 incarnationem

170 2443 379 2498 Christi
429 2442 686 2502 credidit.
742 2441 842 2511 qui
902 2446 1067 2494 natus
1117 2440 1307 2493 statim
1360 2440 1662 2493 reclinatus
1691 2446 1776 2493 est
1805 2441 1863 2492 in

167 2531 474 2603 praesepio,
540 2535 599 2582 ut
656 2530 847 2583 carnis
897 2546 1015 2582 sua),
1047 2529 1210 2582 freno
1242 2531 1499 2582 reﬁceret
1552 2529 1862 2581 universos.

234 2620 424 2674 Israel.
472 2619 672 2687 ("ll-$8.,
729 2621 811 2670 uti
839 2617 1053 2685 supra.)
1102 2618 1311 2671 Scriba:
1342 2622 1397 2670 et
1426 2616 1696 2670 Pharisaei
1753 2616 1864 2668 cla-

165 2722 291 2758 vem
327 2705 579 2758 scientia:
630 2711 685 2757 et
714 2704 857 2775 legis
898 2705 1194 2759 habentes.
1234 2704 1385 2758 Unde
1448 2705 1635 2770 Israel,
1687 2706 1863 2758 Deum

168 2794 449 2860 videntes,
480 2792 752 2862 appellati
778 2798 931 2846 sunt.

238 2885 357 2936 Non
385 2885 631 2949 cognovit
683 2897 782 2934 me.
845 2882 1016 2950 Cujus
1047 2881 1259 2934 scilicet
1304 2882 1453 2935 diem
1523 2881 1663 2935 vidit
1692 2882 1865 2935 Abra-

1979 524 2079 575 que
2107 508 2181 561 ad
2213 509 2361 563 unde
2388 511 2469 564 :A
2496 511 2689 578 planta
2713 512 2893 580 pedis,
2925 516 3032 566 etc.

2052 596 2211 647 Vens.
2264 598 2313 649 9.
2348 627 2415 635 ——
2476 598 2675 650 Vulnus
2720 604 2766 651 et
2800 600 2954 651 livor.
3015 599 3141 664 (ln.,
3174 600 3337 667 ibid.)
3391 599 3560 664 Quasi
3589 601 3672 654 di-

1978 687 2083 743 cat,
2120 687 2205 736 etc
2232 723 2248 749 ,
2307 699 2475 753 usque
2526 685 2599 738 ad
2628 694 2683 737 et
2714 686 2870 755 pium
2904 686 3193 739 medicum
3232 687 3303 739 ad
3334 703 3393 741 se
3435 688 3674 744 missum

1977 771 2329 825 occiderunt.

2046 861 2148 913 Nec
2196 864 2386 913 curata
2442 860 2809 915 medicamine.
2868 863 2991 926 (ln.,
3042 862 3204 931 ibid.)
3239 862 3438 917 Unde:
3491 865 3675 918 Cura-

1981 948 2154 1000 vimus
2207 948 2531 1017 Babylonem
2577 954 2629 1003 et
2659 965 2763 1002 non
2814 954 2891 1002 est
2934 955 3144 1015 curata,
3180 951 3402 1015 urbem,
3458 951 3675 1007 scilicet

1976 1036 2324 1089 confusionis
2380 1040 2434 1089 et
2469 1036 2755 1102 vitiorum,
2810 1040 2939 1103 etc.,
2997 1052 3166 1106 usque
3208 1037 3282 1090 ad
3326 1043 3383 1091 et
3433 1038 3670 1093 irreme-

1975 1124 2245 1177 diabilem
2272 1126 2605 1178 Iudaeorum
2637 1124 3025 1194 captivitatem
3059 1126 3356 1195 expressit.

2048 1214 2206 1266 Vens.
2257 1217 2309 1265 7.
2384 1217 2555 1266 Terra
2619 1218 2801 1267 vestra
2856 1214 3089 1281 deserta,
3164 1220 3268 1267 etc.
3331 1215 3456 1283 (ln.,
3518 1215 3668 1283 ibid.)

1977 1302 2104 1354 ΙΙωο
2132 1302 2236 1355 sub
2268 1301 2591 1371 Babyloniis
2640 1302 2849 1370 partim
2884 1303 3168 1371 completa
3214 1308 3365 1369 sunt,
3414 1308 3543 1367 etc.,
3576 1320 3670 1357 us-

1976 1405 2077 1457 que
2105 1390 2179 1443 ad
2210 1390 2359 1443 unde
2384 1406 2397 1443 :
2431 1392 2551 1445 Nisi
2606 1392 2862 1444 Dominus
2893 1390 3209 1444 custodierit
3239 1392 3511 1445 civitatem
3540 1394 3669 1457 fru-

1975 1484 2091 1531 stra
2120 1479 2334 1547 vigilat,
2359 1484 2463 1531 etc.

2050 1567 2208 1619 Vens.
2270 1569 2300 1619 8
2358 1596 2423 1604 ——
2475 1566 2622 1619 Filia
2671 1568 2819 1629 Sion,
2876 1572 3008 1630 etc.,
3070 1568 3168 1631 (In.
3231 1566 3392 1635 ibid.)
3452 1568 3667 1620 Allectu

1977 1653 2223 1724 piissimi
2275 1654 2467 1725 patris.
2498 1654 2597 1706 Et:
2633 1655 2821 1709 Omnes
2854 1656 2992 1707 enim
3038 1661 3241 1707 natura
3295 1656 3402 1723 ﬁlii
3438 1655 3547 1707 Dei
3573 1671 3667 1709 su-

1975 1757 2093 1796 mus
2148 1743 2331 1808 (Joan.
2365 1741 2494 1809 xiv),
2548 1743 2643 1796 sed
2704 1748 2898 1795 nostro
2951 1742 3087 1796 vitio
3140 1742 3314 1796 alieni
3367 1743 3665 1796 efﬁcimur.

1980 1830 2135 1884 Unde
2167 1830 2415 1899 Babylon
2447 1846 2597 1899 saepe
2626 1832 2747 1898 ﬁlia
2777 1834 3157 1898 nuncupatur.

2048 1919 2204 1972 Vens.
2263 1920 2313 1971 9.
2347 1948 2405 1955 —
2445 1920 2565 1973 Nisi
2611 1918 2894 1971 Dominus.
2954 1916 3079 1985 (10.)
3139 1917 3250 1969 Hoc
3307 1932 3372 1969 ex
3424 1933 3669 1986 persona

1978 2007 2296 2075 Prophetze,
2329 2009 2469 2072 etc.,
2498 2021 2667 2073 usque
2695 2006 2770 2059 ad
2809 2004 2887 2058 sic
2912 2004 3301 2074 Omnipotens,
3332 2005 3504 2058 Filius
3535 2008 3667 2060 0m-

1975 2094 2288 2164 nipotentis
2310 2098 2411 2146 est.

2048 2184 2207 2236 Vens.
2268 2186 2349 2235 10.
2416 2211 2481 2218 —
2528 2181 2736 2234 Audite
2779 2180 3022 2235 verbum.
3059 2180 3189 2250 (In.)
3244 2180 3480 2235 Salvatis
3529 2180 3670 2234 reli—

1974 2271 2143 2340 quiis,
2180 2274 2308 2335 etc.,
2342 2285 2509 2337 usque
2538 2268 2611 2321 ad
2641 2273 2696 2321 et
2727 2284 2879 2321 nunc
2909 2274 3100 2321 mente
3142 2268 3414 2331 cernitur,
3442 2268 3669 2338 quando

1975 2358 2277 2411 invisibilis
2307 2357 2576 2409 creditur.

2047 2448 2206 2499 Vens.
2252 2450 2334 2499 ll.
2394 2475 2461 2484 —-
2512 2445 2705 2498 Plenus
2762 2460 2880 2497 sum
2911 2443 3031 2513 (11).)
3089 2442 3260 2506 Quasi
3312 2442 3500 2496 dicat:
3551 2444 3664 2495 Pu-

1974 2534 2107 2586 tatis
2138 2550 2227 2586 me
2276 2532 2532 2601 indigere
2564 2531 2651 2584 his
2708 2532 2795 2583 vel
2840 2531 3156 2584 delectari?
3182 2532 3297 2599 Ego
3327 2534 3519 2583 autem
3559 2531 3671 2599 ple-

1976 2640 2081 2676 nus
2113 2639 2258 2688 sum,
2293 2622 2347 2673 id
2390 2626 2495 2681 est,
2544 2620 2701 2672 nullo
2732 2618 2985 2688 indigeo.
3019 2623 3132 2673 Mea
3162 2621 3303 2672 enim
3334 2622 3411 2671 est
3443 2623 3586 2671 terra
3618 2624 3669 2669 et

1971 2711 2249 2779 plenitudo
2279 2711 2416 2777 ejus.
2474 2708 2571 2761 Vel
2620 2709 2822 2777 plenus
2870 2723 3019 2773 sum,
3064 2707 3119 2760 id
3164 2710 3267 2773 est,
3305 2705 3484 2774 (taedio
3529 2706 3665 2759 affe—

1975 2806 2113 2863 ctus,
2150 2799 2285 2867 quia
2314 2814 2426 2850 non
2460 2796 2855 2850 bcneoll‘urtis.

2047 2889 2368 2941 Ilolocausta
2416 2887 2671 2944 arietum,
2726 2888 2856 2947 etc.,
2915 2898 3129 2952 usque:
3189 2881 3445 2935 Judicare
3480 2882 3666 2949 pupil-

169 2971 301 3024 ham
354 2977 411 3023 et
455 2971 675 3022 laetatus
743 2973 827 3021 est
881 2970 1068 3039 (Joan.
1129 2972 1283 3035 VIII);
1329 2969 1490 3039 cujus
1556 2970 1862 3023 adventum
1898 2964 1938 3017 C
1976 2977 2044 3035 to,
2103 2980 2204 3027 etc.
2265 2972 2550 3027 Sacriﬁcia
2613 2972 2941 3026 Judaeorum
2996 2968 3232 3038 respuit,
3284 2969 3664 3022 obedientiam

170 3060 378 3111 chorus
413 3058 817 3127 Prophetarum
860 3058 1236 3127 exspectando
1266 3058 1601 3111 vaticinatus
1632 3065 1733 3111 est.

241 3148 403 3199 Vens.
428 3148 478 3199 4.
508 3178 521 3184 -
554 3176 574 3184 -
614 3149 698 3200 Vre
729 3148 895 3213 genti,
930 3150 1034 3199 etc.
1083 3146 1285 3215 (illam,
1336 3145 1494 3215 ibid.)
1545 3147 1605 3199 ln
1660 3146 1767 3198 hoc
1798 3145 1860 3198 ti-

170 3235 313 3297 tulo,
369 3249 695 3302 personam,
742 3249 989 3299 causam,
1037 3238 1378 3304 tempusque
1411 3238 1893 3298 commemorat;-

173 3323 445 3390 secundo,
477 3326 725 3374 attentos
782 3321 951 3385 facit;
982 3323 1177 3388 tertio,
1230 3325 1425 3375 narrat
1469 3321 1607 3391 quid
1638 3322 1861 3374 locutus

175 3410 446 3463 Dominus
471 3428 486 3475 ;
512 3414 733 3479 quarto,
772 3409 934 3479 quasi
982 3409 1040 3461 in
1073 3410 1393 3462 excessibus
1422 3414 1648 3474 gentem
1676 3409 1859 3463 incre-

173 3504 267 3567 pat
316 3499 703 3568 peccatricem.
758 3499 847 3551 Vae
883 3500 1049 3563 genti.
1110 3502 1216 3550 etc.
1276 3499 1568 3550 Aiternum
1608 3496 1862 3549 minatur

170 3586 489 3650 interitum,
523 3586 656 3655 quia
709 3591 987 3654 respuunt
1030 3584 1255 3649 Filium,
1286 3583 1386 3653 qui
1416 3585 1657 3637 salutem
1708 3588 1858 3637 attu-

169 3674 254 3727 lit.

239 3764 553 3830 Iniquitate.
605 3761 703 3829 (lu.
737 3760 894 3826 ibid.)
952 3760 1143 3813 Unde:
1186 3762 1455 3827 Iniquitas
1512 3758 1658 3811 sedet
1699 3774 1862 3826 super

169 3852 428 3903 talentum
477 3849 686 3917 plumbi
733 3850 911 3916 (Zacu.
948 3848 1040 3915 v);
1102 3847 1252 3900 unde
1298 3846 1466 3899 alibi:
1500 3848 1672 3908 Quasi
1727 3861 1858 3898 onus

166 3953 351 4006 grave,
380 3942 622 4003 gravatis
650 3941 776 3989 sunt
797 3951 958 4003 super
988 3950 1068 3988 me
1099 3936 1263 4003 (Psal.
1297 3937 1537 3999 xxxvii).

240 4027 502 4095 Nequam.
538 4024 669 4088 Alii,
703 4024 1103 4094 pessimorum,
1152 4027 1217 4075 ut
1256 4038 1370 4075 non
1402 4019 1636 4073 seminis
1683 4019 1755 4072 sit
1776 4020 1856 4072 vi-

169 4113 334 4173 tium,
368 4112 466 4165 sed
488 4111 720 4164 malitia:
743 4127 964 4175 eorum,
998 4111 1097 4181 qui
1116 4110 1401 4162 voluntate
1428 4108 1657 4178 propria
1678 4107 1855 4161 Deum

1974 3061 2260 3132 Evangelii
2294 3059 2691 3114 commendat:
2726 3059 3048 3111 IIolocausta
3081 3058 3333 3115 arietum,
3370 3060 3480 3109 etc.
3526 3054 3665 3109 Ulti-

1971 3168 2123 3205 mam
2171 3148 2373 3218 templi
2415 3145 2857 3200 destructionem
2889 3144 3122 3207 indicat,
3184 3159 3312 3212 quas
3351 3142 3407 3195 in
3460 3158 3665 3211 perpe-

1970 3245 2134 3292 tuum
2164 3238 2508 3308 perseverat,
2563 3236 2696 3288 Post
2744 3230 3149 3301 Babylonicum
3182 3229 3338 3282 enim
3366 3229 3663 3299 captivita-

1968 3332 2105 3389 tem,
2131 3342 2163 3377 a
2216 3322 2523 3377 Zoroblbel
2570 3321 2852 3389 templum
2903 3317 3251 3371 wdiﬁcatum
3274 3322 3379 3383 est,
3414 3322 3469 3370 et
3500 3317 3559 3370 in
3598 3335 3665 3371 eo

1968 3415 2066 3467 diu
2096 3412 2475 3465 sacriﬁcatum
2509 3413 2612 3461 est.

2039 3501 2162 3570 (10.)
2203 3500 2523 3553 Holocausta
2578 3497 2831 3548 arietum.
2883 3495 3071 3547 Potest
3120 3498 3176 3545 et
3204 3493 3272 3546 de
3320 3492 3434 3545 illis
3464 3491 3663 3562 accipi,

1968 3591 2087 3660 qui,
2120 3605 2250 3641 cum
2289 3587 2385 3640 Dei
2420 3591 2703 3655 praecepta
2733 3582 3070 3651 despiciant,
3103 3582 3300 3635 volunt
3322 3581 3485 3634 illum
3516 3581 3661 3633 mul-

1968 3675 2208 3729 titudine
2238 3672 2643 3725 sacriﬁciorum
2672 3671 2917 3738 placare,
2970 3674 3025 3721 et
3053 3667 3325 3736 peccandi
3375 3667 3665 3720 licentiam

1968 3779 2175 3817 emere.
2232 3760 2325 3812 Vel
2357 3759 2454 3828 qui
2486 3757 2743 3826 rapinam
2769 3761 2824 3808 et
2858 3754 3153 3807 avaritiam
3203 3754 3370 3807 altari
3400 3754 3665 3816 oﬁ'eruut,

1966 3857 2022 3904 et
2053 3847 2398 3918 pauperibus
2420 3846 2698 3897 tribuunt.

2038 3938 2217 3991 Nolui.
2288 3932 2581 3986 Prmterito
2654 3934 2839 3991 utens,
2914 3928 3166 3980 octendit
3236 3943 3293 3979 se
3368 3942 3666 3997 nunquam

1966 4023 2296 4076 Judaeorum
2353 4017 2627 4069 sacriﬁcia
2674 4030 2913 4079 amasse,
2974 4014 3068 4067 sed
3103 4018 3337 4083 propter
3380 4012 3666 4081 signiﬁca-

1967 4116 2087 4164 tum
2117 4109 2184 4162 ad
2234 4113 2459 4174 tempus
2512 4103 2875 4156 sustinuisse:
2936 4106 2993 4156 et
3039 4118 3172 4155 vero
3232 4101 3512 4154 sacriﬁcio
3563 4103 3667 4155 im-

168 4200 615 4269 dereliquerunt.
675 4200 794 4253 Non
850 4199 1003 4252 enim
1055 4198 1187 4251 boni
1216 4202 1272 4251 et
1331 4197 1467 4250 mali
1501 4196 1718 4249 diversa
1749 4211 1854 4265 pu-
1889 4236 1929 4287 Β
1971 4201 2147 4269 pleto,
2177 4214 2277 4266 pro
2309 4194 2486 4247 nihilo
2518 4197 2832 4260 reputasse.

168 4290 340 4342 tanda
370 4295 455 4341 est
480 4296 702 4342 natura.

242 4378 788 4445 Blasptumaverunt.
856 4374 1151 4429 Dicentes:
1211 4374 1535 4427 Daemonium
1570 4371 1751 4437 habes,
1810 4375 1868 4423 et

168 4467 551 4521 Samaritanus
591 4480 642 4517 es
678 4470 734 4517 tu
792 4464 977 4531 (Joan.
1012 4461 1162 4530 Vill);
1215 4466 1269 4513 et
1324 4462 1439 4513 Non
1493 4460 1748 4512 habemus
1776 4472 1864 4510 re-

168 4570 287 4619 gem
329 4556 436 4605 nisi
486 4554 783 4615 Caesarem;
837 4555 892 4602 et
934 4552 1119 4603 Nonne
1174 4549 1258 4601 hic
1334 4552 1410 4599 est
1456 4548 1627 4600 Filius
1670 4545 1867 4611 fabri"

240 4640 556 4694 Abalienati
601 4644 745 4692 sunt.
802 4639 1002 4701 ;llnsa.,
1030 4636 1192 4702 ibid.)
1230 4635 1335 4698 Qui
1378 4634 1708 4687 dicebantur
1736 4649 1865 4703 pars

162 4732 221 4780 et
251 4728 355 4779 ﬁlii
391 4726 488 4780 Dei
544 4727 733 4791 (Joan.
774 4742 904 4786 xxx;
953 4725 1147 4778 Matth.
1201 4724 1322 4791 xm)
1386 4721 1600 4774 Dicitur
1629 4721 1695 4774 de
1743 4720 1860 4773 eis:

167 4815 301 4869 Filii
357 4815 523 4867 alieni
572 4815 786 4866 mentiti
825 4818 951 4866 sunt
1019 4813 1157 4864 mihi
1207 4810 1376 4878 (Psal.
1437 4812 1595 4877 xvn‘),
1673 4809 1862 4862 unde:

164 4904 332 4956 Nemo
354 4903 572 4954 mittens
602 4916 819 4953 manum
850 4916 1003 4953 suam
1045 4899 1119 4952 ad
1162 4904 1427 4959 aratrum,
1465 4903 1571 4951 etc.
1597 4899 1740 4964 (Luc.
1768 4899 1865 4964 1x),

167 4990 321 5043 unde
354 4989 683 5059 Apostolus:
733 4990 828 5041 Ad
854 4991 1045 5056 priora
1070 5003 1125 5041 se
1170 4988 1477 5049 extendens,
1510 4988 1867 5055 posteriorum

164 5078 362 5131 oblitus
395 5078 617 5145 (Philip.
656 5078 755 5143 in).

237 5166 401 5217 Vens.
463 5169 519 5218 5.
573 5193 642 5203 -
697 5166 869 5233 Super
927 5180 1032 5233 quo
1080 5165 1380 5232 percutiam
1435 5176 1545 5226 vos,
1607 5166 1713 5213 etc.
1765 5160 1862 5227 (In.

163 5252 327 5319 ibid.)
360 5252 528 5315 Quasi
561 5252 728 5311 dicat.
781 5258 908 5318 etc.,
962 5268 1126 5319 usque
1168 5250 1241 5303 ad
1296 5249 1449 5321 quod
1503 5254 1691 5301 autem
1744 5248 1865 5316 jam

169 5356 290 5394 non
352 5339 425 5391 sit
464 5340 622 5392 locus
678 5340 972 5393 medicinae
1020 5346 1185 5409 aptus
1239 5336 1485 5392 ostendit
1528 5336 1643 5388 sic:
1705 5336 1867 5389 Omne

163 5433 331 5497 caput
362 5428 681 5493 languidum
700 5436 806 5482 etc.

240 5518 406 5567 Omne
452 5521 615 5583 caput
666 5516 1011 5583 languidum.
1079 5515 1204 5581 (ln.,
1236 5513 1399 5577 ibid.)
1465 5512 1617 5565 Sicut
1672 5510 1866 5564 laztitia

2046 4282 2202 4333 Vens.
2244 4283 2324 4333 1'2.
2358 4311 2424 4318 —
2452 4284 2590 4333 Cum
2626 4282 2895 4333 veniretis.
2932 4278 3052 4344 (ln.)
3085 4279 3211 4330 Haec
3244 4274 3521 4328 sacriﬁcia
3551 4292 3667 4329 non

1974 4368 2235 4439 quaesivit
2279 4369 2446 4431 Deus,
2504 4367 2669 4437 quasi
2700 4367 3011 4436 indigeret;
3082 4365 3174 4417 sed
3210 4380 3278 4416 ne
3310 4362 3668 4416 dmmonibus

1974 4457 2360 4522 immolarent,
2416 4460 2471 4508 et
2502 4460 2564 4508 ut
2595 4470 2696 4523 per
2746 4454 2995 4507 carnalia
3035 4457 3091 4505 et
3137 4451 3322 4521 typica
3382 4451 3452 4503 ad
3504 4448 3668 4518 spiri-

1972 4546 2126 4598 tuale
2158 4550 2214 4597 et
2243 4560 2439 4597 verum
2471 4542 2811 4596 sacriﬁcium
2835 4541 3057 4594 facilius
3097 4539 3486 4608 pervenirent.

2048 4634 2183 4697 Quis
2237 4632 2533 4700 quaesivit?
2582 4631 2829 4685 Audiant
2880 4630 2986 4682 hoc
3037 4628 3334 4694 Ebionitte,
3384 4626 3481 4696 qui
3539 4628 3670 4693 post

1975 4720 2181 4775 Christi
2240 4721 2563 4789 passionem
2620 4724 2823 4788 putant
2884 4718 3067 4785 legem
3124 4732 3245 4767 esse
3291 4713 3664 4767 servandam:

1975 4808 2212 4861 audiant
2240 4809 2346 4861 hoc
2372 4824 2567 4861 eorum
2602 4806 2758 4870 socii,
2809 4804 2908 4875 qui
2942 4802 3281 4857 lsraeliticos
3325 4806 3548 4854 tantum
3580 4815 3669 4869 ge-

1977 4895 2096 4947 neri
2131 4895 2557 4949 custodiendam
2576 4894 2905 4948 decernunt.

2048 4984 2202 5036 Vens.
2246 4986 2327 5036 t3.
2372 5014 2439 5023 —
2479 4983 2836 5044 Neomeniam,
2869 4986 2975 5032 etc.
3012 4980 3237 5032 Festum
3292 4992 3451 5029 nova:
3498 4974 3668 5039 lunte,

1975 5071 2129 5141 quod
2182 5070 2544 5123 celebrabant
2572 5068 2632 5121 in
2664 5067 2944 5137 principio
2996 5066 3278 5120 mensium
3330 5080 3341 5116 :
3378 5065 3533 5127 Neos,
3568 5078 3669 5114 no-

1974 5175 2129 5223 vum,
2162 5175 2328 5223 mene,
2386 5158 2558 5221 luna;
2588 5157 2772 5209 unde:
2831 5158 3117 5209 Buccinute
3170 5154 3398 5205 Domino
3445 5152 3501 5202 in
3545 5165 3664 5202 nco-

1974 5248 2153 5300 menia
2184 5246 2313 5300 tuba
2344 5246 2509 5311 (Psal.
2535 5243 2715 5312 Lxxx).

2045 5336 2231 5401 Iniqui
2259 5339 2384 5386 sunt
2409 5339 2568 5385 cretus
2624 5332 2811 5393 vestri,
2861 5335 2961 5382 etc.
3002 5330 3133 5395 (lu.)
3167 5326 3303 5388 Ouia
3346 5324 3673 5395 spirituales

1978 5421 2191 5475 hostias
2245 5437 2361 5474 non
2408 5420 2687 5483 oﬁ'erunt;
2721 5418 2904 5471 unde:
2940 5417 3282 5485 Sacri/icium
3320 5418 3417 5469 Deo
3447 5416 3673 5484 spiritus

1978 5510 2369 5563 cantribulutus
2394 5507 2621 5573 (Psalm.
2662 5524 2719 5571 ι).
