4074 6186
392 320 524 374 1235

1029 314 1417 368 WALAFRIDI
1457 313 1704 368 STRABI
1746 313 1938 368 FULD.
1983 313 2103 368 δίου

2284 311 2339 365 Ρ.
2384 311 2558 365 PARS
2597 310 2638 364 Ι.
2681 338 2748 347 -—
2787 307 3241 363 THEOLOGICA.

3763 306 3893 357 1236

462 442 622 494 Vens.
648 440 737 494 14.
775 467 848 480 -
871 436 1056 494 0divit
1082 437 1266 490 anima
1289 450 1427 489 mea.
1454 435 1579 504 (10.)
1607 435 2081 507 Ανθρωποςπαθώς.

2284 451 2360 490 ια.
2407 434 2693 490 Moraliter
2716 449 2729 486 :
2785 434 2984 487 Vinum
3014 435 3165 485 tuum
3190 431 3421 483 mixtum
3440 431 3518 483 est
3543 444 3694 498 aqua
3718 443 3731 480 :
3759 425 3896 497 quia

395 531 517 584 Non
544 528 699 600 quod
723 527 974 581 animam
1007 525 1230 589 habeat,
1255 524 1350 578 sed
1375 529 1569 577 nostro
1601 523 1858 594 loquitur
1889 538 2079 588 more;

393 618 579 689 quasi,
611 615 847 670 omnino
874 613 1044 668 odivi.

464 707 749 770 Laboravi,
809 708 912 756 etc.
968 702 1171 771 (HIER)
1245 699 1635 770 Symmachus.
1695 702 1878 766 Defeci
1920 701 2084 752 mise-

393 809 542 859 rans,
603 796 731 852 etc.,
783 805 954 858 usque
1031 790 1104 842 ad
1169 787 1264 841 sed
1354 805 1481 841 meo
1557 793 1780 841 tantum
1854 787 2086 840 salvaris

393 880 624 934 auxilio.

463 970 628 1022 Vens.
698 971 776 1021 15.
809 996 878 1007 -—
919 968 1109 1020 Manus
1162 967 1302 1018 enim
1359 969 1545 1018 vestrae
1591 967 1760 1032 plenae
1790 969 1914 1018 sunt
1955 979 2086 1018 san—

391 1058 570 1124 guine,
597 1061 703 1109 etc.
742 1056 869 1122 (10.)
923 1053 1340 1123 Prophetarum
1373 1056 1430 1106 et
1463 1052 1693 1104 tandem
1737 1051 1961 1104 Domini
1991 1067 2086 1104 eo-

391 1160 543 1211 rum,
577 1148 707 1208 etc.,
741 1157 908 1211 usque
936 1142 1010 1194 ad
1070 1143 1129 1194 in
1161 1139 1416 1193 oratione
1449 1139 1568 1193 dies
1598 1145 1904 1210 noctesque
1940 1138 2092 1192 invi-

395 1233 596 1304 gilant.

467 1321 627 1373 Vens.
664 1322 747 1373 16.
778 1345 851 1358 —
872 1318 1179 1382 Lavamini,
1215 1319 1316 1369 etc.
1351 1314 1521 1378 Quasi
1553 1314 1729 1369 dicat:
1769 1316 1878 1368 Hoc
1909 1314 2088 1368 odivi:

395 1408 582 1478 placet
609 1406 815 1459 veritas
868 1404 1156 1474 Evangelii
1181 1420 1193 1457 :
1221 1405 1526 1468 Lavamini,
1561 1403 1840 1473 sanguine
1865 1403 2093 1471 Christi,

398 1513 549 1568 aqua
607 1494 894 1563 baptismi.
953 1493 1144 1548 Mundi
1173 1498 1353 1557 estote,
1407 1499 1702 1546 manentes
1733 1492 1791 1544 in
1823 1492 2092 1545 innocen-

402 1585 478 1639 tia
509 1585 634 1637 vitze
675 1583 999 1652 Baptismus
1017 1582 1172 1634 enim
1197 1583 1379 1634 solum
1405 1586 1592 1651 potest
1609 1581 1666 1633 in
1696 1581 2095 1634 remissionem

397 1672 636 1744 peccati,
695 1671 845 1724 unde
897 1672 1050 1726 :Nisi
1081 1671 1203 1737 quis
1259 1674 1480 1722 renatus
1531 1668 1706 1737 (Joan.
1760 1671 1859 1735 Ill),
1891 1673 1994 1721 etc.
2034 1669 2097 1722 Et

399 1760 574 1815 alibi:
609 1762 702 1822 Ite,
734 1759 913 1813 docete
957 1773 1133 1812 omnes
1166 1761 1366 1825 gentes,
1403 1756 1741 1825 baptizantes
1769 1772 1856 1811 eos
1905 1760 1960 1810 in
2005 1773 2094 1811 no-

401 1852 544 1904 mine
576 1849 788 1911 Patris,
822 1849 927 1899 etc.

471 1935 679 2001 (H18R.,
713 1935 807 1987 ubi
852 1933 1060 2002 supra).
1123 1931 1274 1986 Ordo
1301 1932 1646 2002 praecipuus,
1674 1924 1804 2000 etc.,
1837 1948 2005 2003 usque
2024 1933 2098 1988 ad

404 2022 498 2075 sed
523 2023 691 2075 etiam
727 2021 786 2074 in
815 2030 1120 2091 conspectu
1163 2020 1283 2081 Dei.
1321 2036 1493 2090 quem
1524 2020 1666 2073 nihil
1691 2025 1874 2090 potest
1904 2021 2092 2074 celari.

477 2111 742 2174 Quiescite
780 2124 938 2175 agere
980 2123 1246 2177 perverse.
1300 2105 1430 2177 (10.)
1463 2107 1608 2160 lllud
1664 2107 1952 2177 Evangelii
2007 2123 2097 2159 so-

408 2202 522 2259 nat,
581 2202 713 2262 etc.,
771 2211 936 2264 usque
987 2196 1061 2248 ad
1089 2211 1260 2265 quem
1289 2199 1609 2265 sequuntur
1647 2195 1707 2248 in
1758 2195 2100 2266 Apocalypsi

408 2284 505 2355 qui
538 2283 840 2353 splendent
865 2283 1111 2337 candore
1139 2282 1494 2352 virginitatis.

478 2373 640 2427 Vens.
677 2376 758 2426 17.
810 2403 877 2412 -
926 2374 1126 2426 Discite
1184 2371 1509 2436 benefacere.
1547 2369 1682 2441 (10.)
1748 2371 1870 2424 Non
1902 2369 2103 2424 confisi

408 2465 649 2526 naturae,
705 2464 832 2526 etc.,
892 2475 1061 2527 usque
1111 2459 1184 2512 ad
1217 2458 1626 2526 magistrorum
1684 2460 1918 2513 terenda
1971 2463 2104 2513 sunt

410 2548 631 2602 limina.

481 2637 713 2701 Quaerite
752 2635 1046 2704 judicium,
1105 2639 1210 2688 etc.
1281 2635 1416 2704 (10.)
1468 2635 1724 2688 Victimis
1772 2635 2104 2689 Iudaeorum

413 2722 746 2792 Evangelica
796 2722 1106 2776 succedunt
1136 2722 1422 2776 mandata.
1487 2723 1726 2793 Pupillis
1794 2728 1850 2777 et
1916 2724 2104 2777 viduis

412 2811 759 2882 providetur,
788 2817 850 2864 ut
879 2811 1061 2864 securi
1113 2810 1182 2864 de
1236 2811 1576 2880 conjugibus
1626 2817 1682 2865 et
1705 2811 1902 2865 liberis
1955 2827 2104 2864 mar-

411 2905 564 2970 tyres
595 2901 663 2953 ad
695 2899 845 2953 bella
876 2898 1203 2969 procedant.

2192 530 2478 594 praecepta
2528 527 2735 576 sanctze.
2768 521 3095 590 Scripturas,
3130 518 3337 589 quibus
3363 517 3650 586 corrigere
3683 516 3897 570 debent

2195 614 2498 676 auditores,
2547 611 2615 666 ad
2647 611 2879 664 illorum
2913 609 3265 662 voluntatem
3298 605 3536 670 emollit,
3571 621 3740 657 sensu
3788 619 3893 656 suo

2195 701 2438 756 admisto
2480 702 2675 753 vinum
2727 699 3060 768 corrumpit.
3122 699 3318 752 Vinum
3359 701 3527 760 tuum,
3565 699 3672 747 etc.
3711 693 3894 746 Hiere-

2195 789 2293 843 tici
2346 804 2574 859 quoque
2610 788 2976 856 Evangelium
3033 789 3428 855 corrumpunt,
3475 781 3711 853 pessimi
3762 797 3892 833 cau-

2196 893 2394 948 pones,
2447 877 2514 930 de
2545 875 2677 929 vino
2707 892 2912 946 aquam
2970 875 3256 940 facientes,
3290 888 3420 926 cum
3452 886 3661 942 aquam
3697 869 3762 922 in
3819 869 3893 920 vi-

2198 982 2336 1019 num
2367 964 2599 1018 verterit
2630 963 2926 1026 Dominus,
2960 962 3114 1032 quod
3146 963 3388 1015 miratur
3433 957 3894 1013 architriclinus:

2205 1056 2267 1108 Et
2308 1054 2506 1124 regina
2562 1053 2729 1116 Saba,
2789 1053 2849 1105 in
2897 1051 3155 1104 convivio
3197 1047 3515 1104 Salomonis
3563 1045 3901 1100 collaudans

2201 1141 2503 1213 pincernas
2533 1146 2591 1194 et
2617 1140 2907 1194 ministros
2938 1139 3075 1192 vini.

2274 1231 2438 1284 Vens.
2508 1233 2594 1284 23.
2657 1257 2723 1269 —
2804 1229 2948 1283 Socii
2999 1230 3206 1294 furum.
3271 1227 3397 1290 {10.)
3451 1223 3819 1294 Accipientes
3875 1238 3907 1273 ι

2202 1318 2409 1374 Scribis
2434 1323 2492 1372 et
2521 1318 2823 1372 Pharisaeis
2857 1333 3113 1379 munera,
3134 1331 3263 1385 quae
3295 1312 3646 1384 pauperibus
3679 1310 3907 1364 aufere-

2201 1413 2359 1467 bant.
2393 1413 2458 1466 In
2506 1412 2769 1483 passione
2795 1425 3025 1482 quoque
3066 1407 3314 1472 Domini,
3356 1407 3621 1461 infideles
3648 1405 3905 1467 fuerunt,

2205 1502 2465 1556 nolentes
2513 1500 2742 1554 credere
2801 1499 2858 1552 in
2887 1498 3212 1561 Christum;
3249 1501 3302 1548 et
3333 1494 3466 1547 socii
3505 1493 3724 1556 furum,
3758 1491 3904 1544 Scri-

2206 1590 2407 1644 barum
2457 1587 2672 1641 scilicet
2726 1591 2781 1640 et
2827 1581 3238 1640 Pharisaeorum
3271 1588 3326 1634 et
3378 1581 3535 1635 ludas
3565 1577 3901 1650 proditoris.

2207 1673 2352 1728 Socii
2377 1674 2587 1739 furum,
2641 1677 2745 1726 etc.
2780 1673 2891 1726 Nos
2925 1687 3155 1742 quoque
3201 1669 3473 1723 debemus
3503 1681 3707 1719 cavere
3736 1680 3811 1731 ne
3843 1663 3909 1715 ab

2208 1761 2319 1815 illis
2357 1761 2700 1832 accipiamus
2731 1777 2987 1823 munera,
3036 1759 3136 1829 qui
3166 1758 3234 1812 de
3262 1755 3525 1826 lacrymis
3573 1768 3901 1824 pauperum

2209 1855 2561 1920 congregant
2616 1850 2862 1916 divitias,
2898 1865 2967 1902 ne
3023 1849 3200 1900 simus
3246 1845 3384 1899 socii
3440 1843 3659 1903 furum,
3714 1847 3776 1894 et
3836 1856 3906 1894 ne

2209 1939 2428 1992 dicatur
2475 1939 2542 1992 de
2574 1939 2777 1992 nobis:
2833 1940 2894 1994 Si
2950 1936 3172 1991 videbas
3226 1936 3439 2000 furem,
3498 1931 3760 1985 currebas
3795 1946 3912 1982 cum

2209 2041 2282 2090 eo,
2310 2033 2414 2080 etc.

2281 2114 2592 2181 Sequuntur
2617 2114 3020 2170 retributiones.
3054 2112 3186 2180 (10.)
3218 2109 3363 2173 Quia
3391 2108 3603 2162 amicos
3649 2122 3770 2160 non
3803 2122 3909 2176 pu-

2212 2207 2355 2266 tant,
2391 2208 2521 2268 etc.,
2552 2218 2722 2270 usque
2751 2202 2825 2255 ad
2855 2202 2908 2255 id
2932 2207 3037 2265 est,
3071 2199 3356 2268 patienter
3388 2197 3583 2248 tolera.

2285 2290 2444 2343 Vens.
2478 2292 2573 2344 24.
2637 2319 2707 2330 -
2746 2292 2919 2343 Fortis
2951 2287 3138 2342 Israel.
3184 2283 3308 2352 (10.)
3373 2283 3532 2336 LXX:
3601 2283 3694 2335 Vae
3740 2282 3914 2346 fortes

2213 2377 2401 2440 Israel,
2436 2383 2565 2442 etc.,
2591 2392 2760 2446 usque
2779 2377 2854 2430 ad
2884 2377 2970 2429 vel
2998 2372 3278 2428 moribus.
3725 2383 3728 2388 '

2290 2465 2400 2516 Heu
2427 2479 2536 2530 ego.
2596 2465 2724 2532 (10.)
2776 2465 2994 2516 All‘ectu
3039 2462 3114 2532 pii
3165 2457 3340 2528 patris
3371 2473 3466 2510 eos
3514 2455 3670 2520 (licet
3717 2453 3914 2508 inimi-

2215 2553 2329 2617 cos)
2362 2553 2584 2622 plangit
2638 2557 2692 2605 et
2728 2552 2992 2622 percutit,
3047 2549 3182 2620 quia
3230 2549 3476 2616 pereunt
3527 2549 3584 2597 et
3631 2542 3913 2612 paenitere

2215 2643 2438 2694 nolunt.

2288 2729 2640 2797 Consolabor,
2697 2733 2802 2782 etc.
2876 2729 2995 2797 (10.)
3069 2725 3294 2780 Ultione
3361 2722 3712 2785 consolatur,
3783 2723 3914 2779 etc.,

2217 2832 2386 2885 usque
2405 2817 2480 2870 ad
2502 2818 2561 2871 in
2591 2834 2703 2888 quo
2727 2817 3012 2886 signiticet
3046 2832 3142 2868 eos
3173 2819 3457 2868 tormenta
3490 2824 3778 2878 passuros.

2294 2903 2452 2956 Vens.
2503 2905 2590 2956 25.
2627 2934 2692 2943 —
2742 2905 3007 2958 Stannum
3069 2908 3237 2954 tuum.
3271 2902 3400 2966 (10.)
3459 2898 3680 2952 Falsam
3713 2892 3919 2947 doctri-

485 2989 642 3042 Vens.
680 2991 763 3042 18.
798 3019 862 3026 -
896 2989 960 3041 Ut
991 2989 1276 3053 coccinum,
1338 2992 1441 3040 etc.
1499 2987 1626 3056 (10.)
1687 2987 1843 3042 Idem
1880 2994 1964 3042 est
1989 3005 2111 3042 coc-
2140 2987 2179 3041 C
2219 3003 2350 3041 nam
2407 2989 2734 3044 Scribarum
2783 2997 2838 3043 et
2899 2989 3338 3053 Pharisaeorum,
3403 3002 3531 3056 quae
3595 2989 3679 3036 est
3711 2981 3918 3034 similis

413 3092 511 3130 cus
541 3081 598 3129 et
628 3075 940 3141 coccinum,
973 3079 1029 3127 et
1061 3076 1424 3142 vermiculus,
1455 3075 1670 3145 grande
1723 3075 1937 3129 scilicet
1980 3093 2112 3147 pec-

413 3168 625 3228 catum,
659 3168 717 3217 et
764 3162 1133 3218 homicidium
1166 3169 1222 3216 et
1273 3163 1643 3228 adulterium,
1695 3168 1801 3217 etc.
1833 3164 1992 3228 Quod
2019 3181 2114 3218 au-

419 3258 533 3308 tem
565 3269 663 3323 per
711 3251 919 3315 nivem,
955 3252 1061 3305 hoc
1090 3268 1192 3322 per
1222 3253 1405 3304 lanam
1440 3251 1798 3320 significatur
1825 3253 2111 3323 purgatio,
2197 3255 2212 3266 '

421 3341 636 3395 scilicvt
661 3346 718 3393 et
739 3339 955 3393 ablutio
986 3345 1373 3408 peccatorum.

492 3430 661 3494 Quasi
681 3430 800 3480 nim.
837 3427 979 3490 Quia
1007 3427 1202 3496 frigidi
1225 3432 1392 3481 erunt
1424 3433 1619 3482 contra
1640 3430 1925 3483 incentiva
1955 3429 2114 3484 vitio-

423 3531 589 3569 rum:
623 3517 693 3569 Et
738 3516 881 3568 velut
935 3516 1084 3579 lana,
1143 3515 1278 3585 quia
1310 3515 1492 3569 vestiti
1535 3522 1735 3570 contra
1779 3517 1958 3586 frigus
1983 3533 2113 3588 per-

424 3603 594 3657 tidiee.

494 3694 646 3746 Lana
675 3690 819 3756 alba,
853 3694 966 3745 etc.
1004 3689 1130 3759 (10.)
1166 3691 1243 3744 De
1275 3707 1389 3761 qua
1419 3692 1516 3745 tiat
1543 3691 1710 3746 vestis
1743 3692 1968 3748 Christi.

493 3779 635 3830 νεεδ
712 3779 796 3830 19.
827 3807 895 3818 --
947 3779 1008 3833 Si
1034 3778 1314 3832 volueritis
1353 3784 1402 3832 et
1454 3781 1762 3842 audieritis,
1814 3786 1918 3834 etc.
1987 3782 2113 3850 (10.)

425 3865 689 3920 Liberum
750 3866 1050 3920 arbitrium
1108 3873 1447 3927 reservatur,
1509 3873 1651 3934 etc.,
1700 3884 1868 3937 usque
1923 3870 1997 3922 ad
2045 3870 2112 3923 ad

423 3953 653 4008 laudem
687 3954 785 4007 Dei
810 3955 1079 4008 transiret
1109 3956 1333 4025 religio.

494 4042 615 4110 (10.)
647 4041 967 4108 Moraliter;
1003 4043 1196 4095 anima
1231 4042 1411 4096 ﬁdelis
1442 4047 1497 4095 et
1535 4041 1706 4112 plena
1728 4043 1949 4112 judicii,
1978 4044 2115 4098 dum

425 4129 536 4183 Deo
595 4129 810 4197 obedit,
844 4131 990 4184 Deus
1019 4131 1078 4183 in
1136 4147 1202 4184 ea
1251 4129 1486 4195 habitat,
1549 4130 1760 4200 quiest
1797 4133 2116 4200 justiticans

414 4216 638 4286 justitia
663 4233 676 4280 ;
702 4216 748 4270 si
781 4222 968 4270 autem
991 4233 1023 4269 a
1049 4217 1161 4270 Deo
1202 4217 1415 4270 recedit
1435 4233 1550 4270 non
1582 4219 1724 4285 loco,
1758 4220 1855 4274 sed
1887 4221 2111 4287 merito,

422 4305 768 4358 habitatura
810 4305 1078 4374 malignis
1125 4305 1441 4374 spiritibus,
1485 4305 1582 4377 qui
1629 4313 1759 4360 sunt
1809 4309 2110 4364 homicidae

420 4393 766 4447 animarum.

497 4483 654 4535 Vens.
687 4485 774 4536 21.
804 4513 870 4520 -
925 4484 1171 4538 Justitia.
1235 4483 1364 4548 (10.)
1388 4483 1634 4549 Justitia,
1666 4484 1728 4538 in
1765 4485 1999 4540 Hebraso
2029 4501 2110 4540 se-

420 4571 520 4624 dek
549 4581 689 4656 p13,
724 4571 874 4640 quod
925 4570 1106 4641 magis
1146 4571 1363 4641 justum
1397 4573 1697 4642 significat,
1735 4579 1798 4627 ut
1827 4573 2112 4644 intelliga-

423 4673 548 4711 mus
606 4659 910 4712 Dominum
979 4665 1396 4713 commoratum
1443 4676 1530 4729 ea,
1581 4661 1650 4714 de
1708 4677 1855 4732 quo:
1925 4665 2112 4717 Justus

420 4751 597 4800 autem
663 4747 797 4816 quid
840 4747 1013 4814 fecit?
1043 4748 1195 4818 quod
1241 4748 1299 4802 in
1358 4749 1644 4802 Ezechiele
1709 4766 1813 4820 per
1853 4750 2111 4805 Oolibam

421 4834 796 4904 signiﬁcatur,
827 4836 977 4906 quod
1010 4836 1420 4907 interpretatur
1451 4838 1877 4904 tabernaculum,
1910 4840 1995 4892 vel
2028 4844 2111 4893 ta-

421 4923 766 4977 bernaculum
804 4939 975 4977 meum
1006 4926 1063 4977 in
1093 4940 1174 4977 ea.

493 5011 651 5064 Vens.
679 5014 767 5065 22.
801 5041 868 5050 ——
916 5012 1239 5080 Argentum,
1290 5017 1397 5067 etc.
1427 5013 1573 5067 Clari
1604 5011 1815 5067 scilicet
1853 5019 1910 5068 et
1936 5014 2111 5068 lucidi

417 5097 487 5152 ad
507 5097 646 5151 vitia
673 5103 804 5152 sunt
837 5099 1065 5152 reversi.

487 5187 550 5240 In
600 5188 854 5242 scoriam.
919 5187 1045 5257 (10.)
1100 5187 1312 5254 Scoria,
1360 5188 1630 5243 Hebraice
1663 5191 1857 5256 siggim
1885 5189 2106 5258 (suo):

417 5273 571 5344 quod
610 5279 693 5329 est
723 5274 927 5344 rubigo
954 5277 1339 5343 metallorum,
1371 5277 1459 5331 vel
1485 5282 1863 5348 purgamenta
1894 5284 1948 5330 et
1986 5294 2108 5331 sor-

416 5361 512 5414 des
543 5379 670 5432 quae
703 5363 834 5433 igne
867 5369 1278 5434 excoquuntur.

493 5451 692 5503 Vinum
743 5456 915 5513 tuum.
973 5458 1077 5506 etc.
1133 5452 1273 5507 Alii:
1308 5453 1593 5521 Caupones
1651 5456 1734 5507 tui
1786 5457 2008 5507 miscent
2035 5455 2110 5507 vi-

415 5551 544 5590 num
601 5552 764 5606 aqua.
823 5540 1230 5609 Symmachus:
1301 5542 1496 5595 Vinum
1554 5548 1703 5596 tuum
1751 5545 1982 5625 mictum
2031 5548 2110 5596 est

2225 3093 2390 3146 verm,
2449 3079 2596 3134 sicut
2666 3086 2931 3133 stannum
2980 3083 3234 3149 argento.
3279 3077 3346 3130 Et
3395 3075 3540 3129 dabo
3603 3088 3811 3142 puram
3863 3077 3917 3124 et

2223 3166 2531 3232 perfectam
2565 3167 2706 3237 legis
2735 3173 2790 3220 et
2818 3165 3104 3235 Evangelii
3126 3164 3442 3218 scientiam.

2296 3254 2454 3308 \‘Ens.
2503 3257 2594 3309 26.
2647 3285 2714 3294 —
2743 3256 2820 3308 Et
2851 3257 3134 3308 restituam
3165 3251 3402 3321 judices,
3462 3255 3567 3302 etc.
3625 3248 3755 3313 (10.)
3794 3245 3915 3300 Non

2224 3343 2412 3395 solum
2466 3346 2593 3412 post
2645 3342 3045 3412 captivitatem,
3100 3343 3162 3392 ut
3189 3337 3518 3399 Zorobabel,
3575 3335 3833 3398 Esdram,
3865 3339 3921 3386 et

2223 3429 2382 3494 alios,
2435 3431 2534 3500 qui
2591 3445 2771 3501 usque
2804 3430 2870 3484 ad
2933 3429 3236 3482 Hircanum
3268 3426 3624 3496 praefuerunt
3657 3424 3917 3493 populo;

2224 3519 2318 3572 sed
2350 3524 2406 3571 et
2436 3523 2565 3588 post
2596 3518 2900 3572 adventum
2957 3515 3204 3582 Domini,
3237 3516 3536 3585 .tpostolos
3562 3519 3620 3566 et
3652 3512 3796 3565 alios
3831 3512 3920 3564 Ec-

2222 3608 2404 3662 clesiae
2425 3608 2702 3661 doctores.

2294 3696 2500 3750 Civitas
2524 3695 2688 3764 justi,
2720 3691 2847 3746 urbs
2866 3690 3050 3760 ﬁdelis
3099 3691 3248 3756 Sion,
3281 3691 3340 3743 in
3360 3689 3569 3758 judicio
3595 3686 3915 3741 redimetur.

2226 3782 2465 3837 Ecclesia
2543 3782 2600 3834 in
2667 3796 2780 3852 qua
2848 3782 3180 3832 revocantur
3241 3777 3308 3830 ad
3374 3777 3526 3846 juste
3587 3775 3919 3828 vivendum.

2228 3875 2321 3927 Est
2377 3871 2532 3924 enim
2579 3869 2774 3923 civitas
2796 3867 3160 3938 congregatio
3193 3866 3491 3920 hominum
3523 3864 3591 3918 ad
3628 3865 3788 3934 juste
3835 3864 3923 3916 vi-

2226 3957 2494 4010 vendum.

2297 4043 2456 4096 Vens.
2498 4044 2584 4097 30.
2629 4073 2693 4080 —
2763 4043 2909 4096 Velut
2957 4056 3183 4109 quercus
3235 4040 3605 4107 deﬂuentibus.
3654 4040 3785 4108 (10.)
3813 4039 3924 4093 Sic-

2227 4135 2351 4184 uta
2399 4145 2614 4202 quercu
2657 4129 2918 4182 ariditate
2968 4143 3258 4193 concussa,
3321 4134 3452 4193 etc.,
3494 4143 3664 4195 usque
3711 4127 3788 4180 ad
3823 4142 3922 4180 nec

2228 4219 2384 4272 olera
2414 4218 2643 4288 quidem
2675 4218 2857 4281 affert,
2890 4232 3018 4287 qua:
3050 4214 3311 4270 infirmus
3345 4215 3665 4268 manducet.

2907 4360 3129 4414 CAPUT
3169 4360 3235 4412 ll.

2295 4485 2454 4538 VERS.
2488 4487 2541 4538 2.
2601 4514 2668 4523 —
2725 4486 2787 4538 In
2839 4485 3164 4538 novissimis.
3215 4483 3424 4553 (illan)
3471 4483 3548 4537 De
3579 4483 3798 4553 quibus
3826 4486 3922 4538 Ja-

2221 4574 2348 4640 cob,
2372 4579 2481 4628 etc.
2500 4615 2514 4639 ,
2545 4589 2715 4644 usque
2736 4573 2836 4626 ad:
2865 4575 3028 4626 crevit
3059 4576 3115 4625 in
3141 4577 3369 4624 montem
3389 4587 3662 4636 magnum.

2293 4665 2462 4717 Mons.
2505 4665 2727 4729 Montes,
2781 4662 2993 4732 angeli,
3026 4662 3344 4732 prophetae,
3382 4660 3748 4731 patriarchw,
3783 4677 3923 4730 apo-

2222 4750 2370 4814 stoli,
2425 4757 2724 4818 martyres,
2753 4755 2810 4803 et
2840 4749 2936 4803 alii
2970 4749 3069 4820 qui
3097 4747 3384 4802 miraculis
3413 4747 3774 4802 effulserunt.
3801 4751 3922 4802 Col-

2220 4839 2312 4905 les,
2349 4838 2618 4902 minores,
2648 4855 2677 4890 a
2709 4836 3021 4906 majoribus
3043 4837 3237 4890 lumen
3284 4835 3646 4906 accipientes.

2293 4928 2360 4980 Et
2406 4926 2722 4978 elevabitur.
2787 4925 2912 4993 (10.)
2937 4923 3118 4993 Super
3143 4939 3344 4976 omnes
3381 4927 3624 4986 sanctos,
3683 4925 3825 4994 quia
3850 4923 3918 4976 de

2220 5011 2576 5082 plenitudine
2606 5011 2730 5080 ejus
2758 5027 2956 5064 omnes
3001 5009 3290 5079 accipiunt
3350 5009 3441 5075 (de
3481 5008 3695 5078 quibus
3719 5028 3737 5061 :
3764 5011 3920 5063 Mon-

2221 5107 2295 5155 tes
2346 5103 2403 5154 in
2433 5103 2725 5156 circumitu
2772 5101 2912 5170 ejus)
2973 5099 3132 5170 quia
3161 5102 3358 5152 monte
3411 5096 3634 5152 Christo
3691 5104 3918 5151 montes

2220 5189 2505 5243 dicuntur.
3189 5234 3200 5253 ,

2291 5277 2446 5330 Vens.
2500 5281 2550 5332 3.
2587 5307 2656 5316 -ο
2712 5277 2964 5330 Domum.
3021 5274 3146 5344 (10.)
3193 5275 3357 5339 Quod
3403 5274 3531 5328 ideo
3585 5271 3824 5338 dicitur,
3856 5280 3918 5326 ut

2220 5365 2390 5418 Vetus
2453 5367 2876 5420 Testamentum
2949 5363 3344 5434 suscipiamus,
3417 5378 3535 5416 non
3594 5364 3918 5417 secundum

2220 5453 2592 5507 Manichaeum
2623 5454 2792 5507 aliam
2825 5469 2998 5525 quam
3049 5453 3283 5506 domum
3335 5451 3432 5504 Dei
3480 5450 3653 5504 Jacob
3685 5466 3916 5521 quiera-

2221 5559 2368 5596 mus.
