4018 6176
124 340 136 389 Ι
155 339 258 389 237

196 460 327 511 Vias
380 473 527 523 suas,
577 473 720 528 quas
764 455 863 510 alii
907 456 1209 511 triverunt.
1254 457 1528 512 Dominus
1583 473 1814 529 quoque
1847 463 1887 511 Α

112 546 510 599 ascendensin
543 551 791 598 montem
826 545 1065 599 docebat
1111 545 1418 614 discipulos
1471 562 1623 601 suos.
1656 547 1816 600 Prius

111 650 254 703 ergo
285 634 567 688 discendte
589 634 716 699 viae,
750 638 876 700 post
907 633 1320 686 ambulandum
1348 633 1407 686 in
1436 634 1672 687 semitis.

187 725 260 776 De
289 724 438 778 Sion.
474 721 680 792 (Ηιειι.)
724 721 845 774 Non
897 721 965 774 de
1001 721 1135 774 Sina
1167 727 1343 790 petra,
1377 723 1474 774 sed
1505 722 1572 775 de
1624 728 1814 776 monte

111 810 273 870 Sion.
308 810 367 863 in
399 827 514 880 quo
568 811 904 876 Jerusalem,
954 809 1012 861 in
1065 824 1177 878 qua
1208 811 1487 879 templum
1528 814 1585 863 et
1612 811 1813 881 religio

114 895 233 948 Dei.
271 896 546 949 Dominus
600 913 832 967 quoque
890 897 947 949 in
999 898 1212 966 templo
1260 898 1452 951 docuit
1502 899 1651 969 quod
1697 914 1813 951 non

109 985 371 1053 oportuit
401 985 684 1054 Propheta
705 985 853 1038 mori
883 989 1039 1038 extra
1058 985 1395 1040 Jerusalem.

182 1074 295 1125 Lex
327 1079 377 1126 et
406 1075 642 1126 verbum.
702 1073 859 1127 Sicut
912 1089 1101 1143 supra,
1156 1074 1389 1127 verbum
1431 1078 1485 1126 et
1516 1074 1702 1143 legem
1734 1074 1811 1129 si-

108 1161 232 1213 mul
288 1162 500 1230 posuit,
558 1167 619 1215 ut
668 1161 951 1232 principes
1008 1162 1272 1215 audirent
1327 1163 1583 1228 verbum,
1627 1165 1809 1233 legem

106 1250 360 1318 populus
403 1266 542 1303 aure
595 1250 933 1320 perciperet.
996 1249 1104 1314 Qui
1149 1250 1301 1304 enim
1358 1250 1556 1303 fecerit
1600 1251 1807 1321 legem,

109 1338 405 1405 perveniet
430 1339 498 1391 ad
528 1338 765 1392 verbum
819 1338 916 1392 Dei
942 1355 956 1405 ;
988 1339 1161 1391 exibit
1192 1339 1279 1391 lex
1332 1338 1401 1392 de
1440 1340 1613 1392 verbo
1644 1341 1810 1409 quasi

107 1426 179 1479 de
209 1425 390 1490 fonte,
430 1432 491 1479 ut
517 1426 659 1480 alios
689 1426 906 1497 irriget.

182 1514 362 1567 Vens.
410 1516 464 1567 4.
552 1545 621 1553 -
702 1517 770 1569 Et
823 1514 1144 1569 constabunt
1215 1515 1427 1581 gladios
1486 1531 1621 1569 suos.
1685 1516 1809 1585 (10.)

110 1603 295 1657 Omne
325 1602 575 1656 studium
603 1603 854 1656 bellandi
892 1608 1143 1656 vertetur
1188 1603 1248 1656 in
1276 1619 1497 1673 pacem,
1527 1607 1671 1669 etc.,
1712 1620 1809 1657 us-

110 1706 213 1758 que
242 1690 318 1743 ad
374 1690 783 1744 manducemus
813 1690 872 1744 in
930 1695 1188 1760 tempore
1243 1690 1559 1756 messionis,
1596 1690 1811 1744 scilicet
1842 1730 1879 1783 Β

111 1778 332 1831 mortis.

178 1866 340 1919 Vens.
375 1869 424 1919 5.
448 1896 521 1904 -
551 1866 752 1919 Domus
781 1867 960 1929 Jacob,
1003 1870 1107 1918 etc.
1182 1865 1306 1936 (10.)
1362 1867 1492 1919 Post
1560 1866 1807 1920 vocatio-

107 1970 240 2006 nem
274 1953 530 2023 gentium
562 1958 618 2008 et
646 1954 1030 2008 ostensiouem
1063 1954 1271 2007 montis
1310 1954 1433 2019 Dei,
1467 1954 1670 2007 invitat
1698 1970 1809 2023 po-

106 2042 313 2111 pulum
342 2057 534 2107 suum,
567 2041 667 2111 qui
697 2046 783 2094 est
813 2041 881 2094 de
912 2042 1101 2106 Jacob,
1138 2046 1200 2095 ut
1229 2041 1424 2095 exiens
1462 2042 1531 2096 de
1557 2042 1809 2096 tenebris

106 2128 487 2195 inﬁdelitatis,
521 2129 793 2198 suscipiat
819 2131 1011 2183 lumen
1040 2129 1263 2183 Christi.

178 2219 240 2270 In
262 2219 478 2271 lumine.
543 2219 664 2283 (10.)
724 2222 860 2271 Dum
911 2220 1076 2271 lucem
1132 2218 1360 2282 habetis,
1410 2217 1611 2271 credite
1640 2221 1696 2272 in
1726 2220 1806 2272 lu-

106 2321 237 2359 cem.
286 2306 536 2359 Accedite
587 2306 661 2357 ad
718 2322 857 2369 eum,
904 2312 954 2359 et
1017 2308 1425 2371 illuminamini,
1476 2319 1580 2359 etc.
1638 2306 1809 2371 Quasi

105 2394 290 2447 dicat:
326 2394 432 2457 Qui
454 2396 589 2447 male
644 2396 780 2461 agit,
826 2394 942 2447 odit
972 2396 1178 2447 lucem:
1213 2395 1307 2447 sed
1370 2396 1543 2447 venite
1582 2410 1806 2461 micam,

106 2482 439 2535 ambulemus
489 2486 546 2535 in
596 2484 708 2535 luce
752 2484 987 2548 Domini,
1021 2485 1117 2551 qui
1154 2483 1331 2536 dicit:
1386 2484 1508 2549 Ego
1550 2498 1666 2536 sum
1710 2485 1806 2535 tua:

106 2571 318 2636 mundi,
351 2576 458 2623 etc.

174 2659 337 2712 Vens.
374 2662 424 2711 6.
453 2688 518 2697 —
573 2658 857 2727 Projecisti
892 2661 1058 2712 enim.
1113 2659 1419 2728 Postquam
1465 2658 1804 2726 {exhortatus

100 2752 205 2810 est,
239 2746 382 2798 vidit
409 2745 468 2797 in
518 2745 720 2815 spiritu
771 2744 1042 2799 duritiam
1088 2761 1309 2810 eorum,
1372 2750 1428 2799 et
1458 2745 1646 2798 subito
1677 2761 1806 2797 ocu-

100 2835 184 2887 los
218 2834 431 2887 mentis
460 2833 530 2886 ad
590 2833 900 2887 Dominum
952 2840 1304 2898 convertens,
1341 2833 1420 2886 ait
1451 2849 1464 2886 :
1522 2833 1803 2901 Projecisti

101 2924 265 2987 enim,
289 2926 421 2988 etc.,
448 2921 611 2991 quasi
639 2921 810 2987 dicat,
858 2926 915 2974 et
944 2921 1073 2975 ideo
1125 2921 1415 2982 hortandi,
1450 2920 1585 2991 quia
1611 2922 1802 2989 proje-

99 3013 243 3070 cisti,
280 3014 385 3062 etc.

163 3099 310 3161 Quia
333 3099 525 3165 repleti
552 3102 697 3162 sunt,
738 3103 799 3151 ut
852 3098 1001 3162 olim,
1051 3102 1153 3150 etc.
1190 3097 1312 3162 (10.)
1370 3096 1661 3152 Romanis.
1694 3095 1796 3148 sci-

102 3183 234 3237 licet
251 3184 300 3254 ej
313 3183 632 3248 icientibus,
652 3185 875 3238 Iudaeos
892 3184 951 3237 in
968 3185 1164 3238 Judzea
1182 3184 1583 3237 habitaverunt
1599 3184 1796 3235 alieni-

102 3288 285 3341 gente,
319 3272 697 3342 undecunque
726 3272 965 3325 adducti
995 3289 1028 3325 a
1057 3272 1181 3326 Tito
1241 3276 1296 3325 et
1321 3271 1679 3341 Vespasiano,
1712 3272 1797 3323 vel

98 3360 318 3414 caeteris
386 3360 764 3431 principibus.
827 3361 923 3413 Vel
999 3359 1335 3429 priusquam
1391 3377 1422 3412 a
1478 3360 1798 3429 Babyloniis

101 3453 475 3513 vastarentur,
529 3449 647 3501 haec
699 3448 1108 3501 commiserunt
1157 3449 1262 3501 sub
1311 3448 1501 3517 impiis
1547 3447 1793 3515 regibus.

169 3540 235 3593 Ut
253 3537 613 3590 Philistliiim.
651 3536 785 3606 (10.)
815 3536 1161 3589 Philisthiim
1193 3536 1292 3606 qui
1342 3535 1514 3589 hodie
1549 3536 1797 3589 Palaesti-

100 3626 179 3685 ni,
213 3626 348 3695 quia
370 3641 427 3693 p.
460 3625 709 3678 litteram
752 3640 938 3677 sermo
992 3624 1259 3677 Hebraeus
1289 3640 1406 3677 non
1458 3624 1647 3690 habet,
1699 3623 1799 3679 sed

100 3730 205 3784 pro
238 3730 302 3766 ea
328 3734 358 3783 φ
389 3714 580 3768 Graeco
612 3712 809 3765 utitur.

176 3802 390 3865 Pueris,
439 3806 543 3853 etc.
594 3800 880 3853 Victorum
937 3798 1220 3867 signiﬁcat
1273 3798 1568 3851 libidinem
1613 3798 1672 3852 in
1694 3800 1798 3852 Ju-

99 3889 286 3943 dzeam
317 3894 565 3958 gentem.
627 3887 804 3963 Grteci
834 3888 987 3941 enim
1020 3892 1075 3940 et
1136 3887 1319 3941 Latini
1347 3886 1445 3939 diu
1510 3886 1617 3939 hoc
1660 3886 1798 3940 vitio

98 3978 540 4031 laboraverunt:
578 3977 673 4030 sed
732 3976 838 4030 sub
892 3975 1263 4031 Constantino
1320 3974 1689 4045 imperatore,
1744 3978 1800 4027 et

95 4069 430 4118 coruscante
488 4064 810 4134 Evangelio,
864 4080 995 4118 cum
1044 4063 1263 4118 castoris
1292 4063 1477 4117 delata
1509 4067 1593 4115 est
1617 4062 1802 4131 turpi-

94 4153 239 4207 tudo
268 4154 406 4206 haec.

160 4243 336 4297 Vens.
392 4247 448 4297 7.
519 4270 585 4281 —
651 4243 870 4310 Repleta
922 4246 1000 4295 est
1057 4254 1221 4295 terra.
1255 4242 1386 4308 (10.)
1421 4241 1484 4295 Et
1510 4241 1797 4295 Romano-
1828 4276 1870 4328 η

94 4347 227 4384 rum
260 4336 315 4383 et
337 4331 665 4384 Iudaeorum
713 4329 948 4383 avaritia
992 4330 1369 4399 suggillatur;
1403 4330 1611 4383 Graecae
1641 4329 1795 4383 enim

94 4425 153 4473 et
188 4419 403 4473 Latinae
436 4422 717 4472 testantur
746 4418 996 4471 historiae
1026 4417 1170 4471 nihil
1205 4422 1448 4487 utraque
1482 4423 1649 4485 gente
1676 4434 1800 4470 ava-

97 4508 221 4561 rius
252 4522 371 4560 esse
399 4523 412 4561 :
439 4507 587 4560 inter
615 4506 789 4565 idola.
813 4506 1047 4560 avaritia
1078 4506 1510 4559 condemnatur.

167 4597 332 4649 Vens.
384 4598 434 4648 8.
489 4624 558 4634 —
614 4596 795 4664 Equis
840 4599 891 4648 et
946 4594 1390 4647 innumerabiles.
1451 4592 1573 4663 (10.)
1603 4594 1669 4646 Et
1695 4593 1800 4646 hoc

92 4688 299 4737 contra
332 4682 658 4745 Dominum,
702 4681 803 4751 qui
856 4680 1223 4750 multiplicari
1275 4696 1475 4734 currus
1504 4680 1801 4751 prohibuit

95 4777 155 4825 et
184 4786 399 4840 equos:
436 4770 555 4823 haec
585 4768 735 4822 enim
791 4768 1061 4823 animalia
1089 4770 1217 4823 data
1268 4774 1401 4822 sunt
1426 4770 1492 4822 ad
1526 4769 1798 4837 adjuvan-

94 4861 261 4924 dum,
295 4875 406 4912 non
436 4859 504 4913 ad
537 4858 1006 4928 superbiendum,
1044 4859 1194 4912 unde
1224 4863 1283 4911 et
1314 4859 1577 4928 jumenta
1600 4858 1797 4911 dicun-

94 4952 212 5009 tur,

162 5036 325 5088 Vens.
360 5037 411 5088 9.
463 5062 533 5075 —
579 5036 890 5090 lncurvavit
935 5050 1003 5087 se.
1060 5033 1165 5088 Ubi
1198 5032 1481 5104 quondam
1517 5030 1797 5101 templum

96 5130 157 5178 et
178 5122 382 5193 religio
412 5122 532 5189 Dei,
557 5122 636 5176 ibi
668 5126 851 5176 statua
880 5122 1115 5176 Adriani
1144 5126 1200 5175 et
1224 5120 1440 5174 idolum
1481 5118 1651 5173 Jovis.

151 5214 273 5267 Non
312 5226 455 5277 ergo.
489 5212 611 5265 Non
640 5210 931 5264 maledicit
960 5209 1154 5275 Isaias,
1186 5208 1282 5262 sed
1331 5206 1633 5269 benedicit,
1664 5208 1793 5269 etc.,

96 5315 271 5367 usque
300 5298 375 5351 ad
405 5303 461 5351 et
492 5298 694 5366 repleti
725 5302 857 5350 sunt
881 5298 1070 5362 idolis,
1102 5302 1207 5351 etc.

166 5390 214 5442 Α
239 5388 381 5453 facie
412 5389 855 5440 timorisDomini.
888 5386 970 5439 Ab
992 5386 1075 5439 ira
1103 5384 1328 5453 judicii.

167 5478 239 5530 Et
266 5492 298 5528 a
329 5476 506 5543 gloria
535 5476 839 5541 maiestatis
890 5475 1030 5542 ejus.
1080 5473 1222 5538 Quia
1266 5475 1438 5527 veniet
1489 5487 1607 5525 cum
1647 5474 1795 5540 pote-

102 5570 250 5619 state
304 5579 504 5631 magna
530 5569 580 5617 et
616 5564 919 5632 majestate.

1253 335 1501 391 GLOSSA
1543 336 1943 392 ORDINARIA.
1977 364 2044 376 —
2088 335 2217 390 LIB.
2262 336 2484 391 lSAle.

3495 344 3627 397 1238

2004 458 2169 512 Vsus.
2212 460 2293 512 ll.
2323 489 2391 498 -—-
2432 460 2588 515 Oculi
2630 461 2898 525 sublimis,
2933 466 3037 515 etc.
3102 462 3301 533 (illum)
3346 464 3454 517 Nec
3483 464 3626 517 divi-

1927 547 2040 611 tiae,
2076 564 2175 601 nec
2223 548 2496 617 potentia,
2548 564 2652 601 nec
2697 549 2961 602 nobilitas
2999 551 3225 620 generis
3277 567 3629 622 quemquam

1924 635 2180 699 salvabit,
2230 636 2497 689 omnibus
2548 637 2907 705 superveniet
2951 653 3065 691 una
3121 639 3436 708 captivitas.
3493 642 3626 695 Pos-

1924 731 2055 777 sunt
2084 728 2138 776 et
2172 723 2239 777 de
2260 723 2466 791 judicii
2497 723 2588 777 die
2619 723 2739 777 haec
2770 724 3115 793 accipi,cum
3148 726 3335 779 omnis
3366 732 3630 782 creatura

1924 811 1982 865 in
2010 817 2310 881 conspectu
2363 811 2461 865 Dei
2516 812 2932 879 humiliabitur,
2986 818 3041 866 et
3085 814 3227 867 nihil
3258 831 3315 868 se
3348 832 3467 867 esse
3499 833 3627 869 sen-

1924 899 2027 952 tiet
2054 898 2480 968 comparatione
2506 900 2647 967 ejus.
2984 891 2997 897 ’

1994 987 2350 1042 Emaltabitur
2378 992 2555 1040 autem
2584 988 2727 1041 solus
2760 990 3014 1041 Dominus
3032 990 3089 1041 in
3118 988 3206 1041 die
3234 989 3347 1042 illa.

1994 1076 2153 1129 Vens.
2213 1078 2290 1128 12.
2348 1103 2420 1115 -
2466 1077 2689 1128 Domini
2749 1078 3106 1129 exercituum.
3184 1075 3515 1146 Ubicunque
3556 1077 3625 1130 de

1922 1164 2174 1227 victoria,
2234 1163 2319 1216 vel
2375 1163 2622 1215 vindicta
2690 1163 2916 1215 Domini
2973 1163 3256 1232 loquitur;
3323 1164 3623 1218 Dominum

1920 1250 2271 1304 exercituum
2302 1266 2433 1302 eum
2456 1254 2884 1313 commemorat,
2937 1265 3006 1302 ne
3046 1250 3373 1304 dubitemus
3403 1252 3471 1304 de
3501 1252 3624 1321 ejus

1922 1338 2169 1402 victoria,
2211 1337 2372 1407 cujus
2402 1344 2559 1389 tanta
2579 1343 2664 1389 est
2694 1337 2975 1406 potentia.

1994 1425 2155 1478 Vens.
2200 1425 2281 1477 li.
2325 1455 2391 1462 ——
2448 1427 2656 1479 Montes
2709 1426 2960 1479 excelsos.
3012 1424 3221 1493 (H1ER.)
3272 1427 3380 1479 Pro
3436 1425 3622 1480 varie-

1918 1515 2034 1564 tate
2065 1512 2360 1575 virtutum,
2419 1512 2513 1564 alii
2569 1513 2854 1566 bonorum
2913 1518 3152 1580 montes,
3189 1513 3284 1567 alii
3328 1514 3500 1568 colles
3522 1532 3622 1586 ap-

1920 1600 2226 1667 pellantur.
2282 1602 2388 1653 Pro
2439 1600 2762 1653 diversitate
2833 1600 3117 1664 vitiorum,
3168 1601 3263 1653 alii
3312 1600 3617 1671 impiorum

1920 1691 2162 1754 montes,
2197 1688 2293 1741 alii
2320 1689 2506 1752 colles,
2541 1688 2748 1759 quibus
2797 1687 3042 1743 dicitur:
3089 1692 3194 1755 Ego
3226 1690 3477 1743 inducam
3529 1707 3619 1744 su-

1916 1791 2015 1842 per
2042 1790 2133 1828 vos
2161 1776 2427 1841 gladium,
2453 1780 2560 1828 etc.

1987 1865 2058 1917 Et
2093 1878 2257 1930 super
2289 1879 2493 1917 omnem
2516 1867 2738 1917 turrim.
2775 1864 2901 1931 (10.)
2930 1864 3012 1917 Ad
3046 1864 3330 1918 litteram:
3387 1865 3617 1919 venien-

1918 1949 2070 2003 tibus
2124 1950 2413 2014 Romanis,
2477 1956 2534 2004 et
2593 1956 2778 2004 turres
2831 1956 2887 2005 et
2918 1952 3066 2004 muri
3124 1951 3381 2005 funditus
3440 1954 3616 2007 eversi

1917 2042 2069 2103 sunt,
2102 2044 2231 2105 etc.,
2262 2054 2428 2107 usque
2460 2041 2534 2091 ad
2584 2056 2653 2092 ne
2685 2041 2896 2111 dogma
2924 2057 3253 2111 perversum
3312 2045 3619 2111 praevaleat

1919 2126 2158 2180 veritati.
2543 2137 2551 2144 ‘

1988 2216 2366 2268 Vens.16.—
2420 2216 2617 2269 Naves.
2680 2214 2808 2280 (10.)
2868 2215 3077 2269 Habuit
3125 2218 3400 2287 Josaphat
3449 2235 3617 2272 naves

1915 2318 2056 2374 quas
2087 2301 2430 2357 mittebatin
2460 2302 2708 2365 Tharsis,
2742 2308 2872 2367 etc.,
2926 2318 3092 2371 usque
3150 2305 3224 2356 ad
3274 2311 3407 2358 sunt
3441 2312 3496 2359 et
3529 2324 3618 2359 na-

1917 2406 2011 2443 ves
2039 2390 2200 2443 bonte
2258 2390 2326 2443 de
2387 2390 2596 2459 quibus
2655 2391 2898 2444 dicitur:
2958 2391 3061 2457 Qui
3110 2392 3439 2446 descendunt
3468 2411 3615 2448 mare

1915 2480 1972 2531 in
1992 2481 2143 2542 navi,
2174 2483 2279 2531 etc.

1989 2569 2232 2621 Tharsis.
2311 2568 2440 2634 (10.)
2499 2566 2815 2636 Cujuslibet
2858 2566 3049 2633 maris,
3126 2574 3255 2627 etc.
3309 2584 3476 2636 usque
3538 2571 3612 2623 ad

1914 2654 1960 2707 si
2002 2654 2168 2707 aliter
2198 2654 2422 2721 dicitur,
2456 2656 2659 2725 Syrum
2679 2660 2781 2709 est.

1988 2744 2147 2796 Vens.
2184 2748 2264 2797 t7.
2297 2773 2364 2783 ——
2402 2744 2784 2797 lncurvabitur
2839 2745 3030 2798 omnis.
3081 2744 3203 2813 (10.)
3256 2744 3607 2814 Allegorice:

1913 2830 2199 2883 humanus
2231 2846 2417 2884 sermo
2462 2831 2814 2884 rationabilis
2866 2831 3110 2898 videtur,
3179 2837 3311 2894 etc.,
3342 2847 3511 2901 usque
3539 2834 3613 2886 ad

1911 2919 1982 2972 ab
2040 2935 2107 2972 eo
2165 2935 2395 2989 quoque
2455 2936 2568 2990 quo
2650 2920 2889 2973 conﬁcta
2920 2926 3083 2974 erant
3150 2920 3375 2991 penitus
3426 2926 3614 2974 conte—

1911 3011 2126 3060 rentur.

1986 3096 2142 3147 Vens.
2179 3097 2259 3148 18.
2311 3124 2379 3135 —-
2439 3098 2507 3149 Et
2556 3095 2702 3148 idola
2752 3099 2983 3163 penitus.
3038 3098 3148 3149 Hoc
3180 3096 3235 3148 in
3285 3095 3609 3165 captivitate

1908 3183 2473 3249 (Ilialdaeorum,etc.,
2504 3199 2673 3253 usque
2721 3183 2795 3237 ad
2836 3184 2942 3237 hoc
2993 3184 3313 3253 sperialiter
3356 3185 3426 3239 ad
3458 3185 3610 3254 prio-

1910 3287 2028 3323 rem
2051 3286 2278 3323 sensum
2314 3270 2681 3325 referendum
2713 3276 2814 3324 est.

1979 3358 2153 3427 tho.)
2220 3358 2533 3413 [Editicavit
2616 3359 2886 3413 Salomon
2961 3374 3078 3413 rem
3168 3359 3227 3412 in
3293 3361 3605 3414 Jerusalem

1905 3445 2171 3499 Astaroth
2212 3444 2430 3499 idolum
2492 3444 2894 3515 Sydoniorum,
2952 3450 3084 3513 etc.,
3135 3446 3235 3499 ubi
3282 3446 3364 3512 (ni
3420 3446 3604 3513 fallor)

1907 3532 2229 3586 ostenditur
2254 3533 2389 3603 quia
2419 3534 2688 3588 Salomon
2722 3549 3017 3603 nunquam
3052 3534 3296 3602 perfecte
3319 3533 3604 3603 pcenituit,

1908 3620 2043 3691 quia
2080 3621 2233 3675 idola
2263 3638 2393 3692 quae
2423 3622 2802 3677 asdilicaverat
2836 3638 2949 3675 non
2972 3622 3197 3675 delevit.

1977 3710 2137 3762 Vens.
2200 3712 2285 3762 20.
2360 3740 2429 3748 ——
2499 3712 2565 3765 Ut
2620 3710 2875 3763 adoraret
2931 3711 3133 3777 talpas.
3204 3710 3426 3777 (HIER.)
3484 3710 3606 3763 Non

1907 3795 1964 3848 in
1996 3811 2074 3861 re,
2103 3796 2201 3849 sed
2231 3796 2377 3848 sicut
2407 3796 2596 3865 talpae,
2633 3800 2762 3861 etc.,
2794 3810 2962 3862 usque
2991 3796 3065 3848 ad
3110 3796 3316 3865 quibus
3359 3796 3426 3849 ad
3471 3796 3609 3848 veri-

1908 3889 2081 3937 tatem
2114 3883 2463 3952 pervenitur.

1978 3971 2142 4024 Vens.
2210 3974 2299 4024 22.
2345 4000 2415 4011 -
2461 3971 2725 4036 Quiescite
2770 3985 2915 4037 ergo.
2960 3970 3104 4034 Quia
3164 3969 3286 4024 haec
3343 3970 3607 4023 evenient

1909 4058 2019 4110 nisi
2049 4057 2373 4127 quiescatis.
2425 4058 2705 4122 Quiescite
2748 4073 2893 4128 ergo
2949 4075 3016 4110 ne
3069 4056 3309 4111 saeviatis
3348 4058 3406 4111 iu
3441 4057 3605 4111 Chri-

1911 4150 2083 4210 stum,
2110 4146 2207 4215 qui
2236 4162 2412 4216 purus
2444 4147 2612 4199 homo
2664 4146 2919 4199 videtur:
2956 4146 3091 4216 quia
3147 4146 3327 4216 spirat
3374 4145 3605 4199 naribus

1909 4239 1965 4288 et
1986 4234 2120 4287 vivit
2140 4233 2284 4288 sicut
2311 4234 2407 4287 alii
2430 4234 2711 4287 homines.

1982 4325 2262 4377 Excelsus.
2338 4325 2594 4377 Emcelsus
2646 4338 2808 4390 super
2869 4338 3047 4377 omnes
3104 4329 3282 4387 gentes
3328 4324 3599 4377 Dominus.

1911 4412 1979 4466 Et
2009 4413 2125 4480 ipse
2160 4411 2421 4477 fundavit
2472 4428 2587 4464 eam
2629 4412 2943 4465 Altissimus
3001 4412 3166 4480 (Psal.
3209 4428 3336 4476 cxu,
3370 4414 3599 4475 Lxxxix).

1915 4500 2214 4554 Hebraeum
2261 4506 2455 4555 tamen
2525 4502 2789 4554 excelsum
2839 4500 3141 4569 signiﬁcat,
3191 4516 3305 4553 non
3345 4502 3601 4554 excelsus.

1913 4588 2033 4657 lpse
2065 4594 2149 4642 est
2175 4589 2329 4642 enim
2352 4589 2474 4659 ipsa
2522 4589 2782 4653 altitudo,
2836 4605 2953 4641 nou
3009 4589 3408 4641 tmitummodo
3434 4590 3599 4641 altus.

2546 4733 2768 4787 CAPUT
2836 4731 2928 4785 Ill.

1981 4859 2140 4911 Vens.
2180 4862 2315 4911 l.—
2335 4860 2462 4912 Ecce
2490 4860 2656 4911 enim.
2680 4860 2980 4926 ﬂuensque
3011 4856 3079 4910 de
3104 4855 3323 4926 judicio
3353 4854 3462 4908 dici
3492 4871 3605 4925 pu—

1909 4950 2052 5011 tant,
2094 4951 2224 5013 etc.,
2257 4962 2424 5014 usque
2447 4947 2521 4998 ad
2550 4950 2848 5015 postquam
2882 4960 3079 4998 omnes
3117 4943 3314 5014 gratiae
3341 4944 3606 4997 donatio-

1911 5051 2012 5088 nes
2043 5052 2073 5089 a
2102 5034 2314 5088 Judteis
2340 5034 2539 5088 ablatte
2568 5038 2717 5087 sunt.

1979 5125 2141 5177 Vens.
2198 5126 2250 5175 2.
2299 5153 2367 5162 ——
2432 5126 2619 5175 Virum
2669 5123 2992 5176 bellatorem.
3065 5120 3265 5191 (HIER.)
3335 5122 3456 5173 Non
3520 5123 3607 5173 est

1908 5213 2055 5281 apud
2082 5212 2310 5266 Iudaeos
2332 5212 2431 5281 qui
2460 5228 2565 5280 pro
2625 5212 2747 5281 lege
2796 5210 2969 5263 bellet
2994 5209 3094 5280 qui
3133 5208 3447 5262 secundum
3478 5224 3604 5261 eam

1901 5299 2117 5369 judicet
2143 5315 2154 5351 :
2187 5314 2387 5351 omnes
2427 5299 2582 5352 enim
2612 5298 2738 5351 vani
2761 5302 2819 5350 et
2847 5297 3004 5350 stulti
3027 5300 3178 5350 sunt.

1980 5387 2330 5440 Etariolum.
2401 5385 2543 5450 Quia
2603 5385 2912 5455 aliquando
2968 5399 3101 5437 vera
3170 5382 3488 5435 ariolantur
3542 5388 3604 5436 ut

1909 5473 2154 5531 Balaam,
2213 5477 2269 5525 et
2317 5472 2493 5525 divini
2552 5472 2808 5542 quinque
2867 5470 3095 5524 urbium
3148 5470 3600 5535 Paiaastinorum,

1908 5574 2151 5631 quorum
2176 5560 2413 5613 consilio
2458 5577 2586 5613 arca
2630 5559 2854 5613 Domini
2890 5558 3126 5612 remissa
3173 5564 3273 5625 est,
3306 5558 3467 5629 quasi
3512 5559 3605 5613 di-
