4074 6186
329 296 464 350 1239

945 293 1336 347 WALAFHIDI
1377 291 1621 346 STRABl
1663 290 1857 346 FULD.
1899 286 2070 344 MON.
2109 288 2261 346 OPP.
2310 288 2484 344 PARS
2521 289 2562 344 Ι.
2605 316 2673 325 -
2712 287 3162 343 TllEOLOGlCA.

326 421 522 473 ceret:
559 417 622 472 Et
652 415 772 471 veri
793 415 1083 488 propheta:
1115 419 1170 469 et
1197 414 1323 470 falsi
1353 413 1684 468 auferantur
1721 429 1753 466 a
1780 411 2016 468 Judaais.
2054 413 2100 465 A
2137 427 2238 466 nes
2285 411 2679 466 existimarent
2704 426 2739 464 a
2795 414 3045 482 peccato,
3120 409 3257 466 dicit
3324 410 3602 466 Dominus

3707 290 3844 343 l‘Zi-O

3662 413 3844 466 :Pﬂ)

417 507 621 561 Senem.
722 505 904 569 Quem
1006 504 1131 557 LXX
1232 502 1627 572 presbyterum
1714 502 2026 554 transtule-
2134 505 2350 566 eo,etc.

330 600 488 660 runt,
530 600 659 660 etc.,
683 609 852 661 usque
881 593 955 646 ad
1005 591 1138 662 quia
1166 590 1530 661 presbyteros
1568 589 1767 643 audire
1821 589 2025 642 noluit.

393 682 550 735 Vens.
629 684 679 734 3.
733 709 802 718 —
874 677 1213 732 Prudentem.
1289 678 1588 730 Doctorem
1662 677 1747 729 vel
1804 676 2027 730 audito-

333 785 476 835 rem,
505 775 636 834 etc.,
662 782 830 836 usque
856 766 931 820 ad
963 769 1059 837 qui
1091 765 1481 820 discernerent
1519 781 1632 834 quo
1665 763 1868 834 spiritu
1893 780 2032 834 pro-

332 858 516 928 phetae
540 858 928 927 loquerentur.

405 948 483 1000 De
506 945 833 998 architectis.
894 944 1018 1013 Ipse
1057 941 1313 996 Christus
1352 940 1498 994 fabri
1552 940 1726 994 Filius
1783 939 2026 994 dicitur:

331 1039 388 1088 et
415 1034 474 1086 in
503 1031 1030 1102 Paralipomenouis
1059 1031 1261 1083 vallem
1323 1030 1605 1082 artilicum
1651 1028 1916 1094 legimus.
1950 1028 2033 1082 Ibi

334 1123 550 1193 quippe
579 1125 742 1175 erant
773 1122 1016 1173 artiﬁces
1042 1135 1185 1190 quos
1219 1136 1331 1172 non
1369 1119 1608 1172 inflabat
1646 1117 1904 1183 scientia,
1937 1117 2032 1172 sed

334 1212 610 1266 humilem
645 1210 932 1264 Christum
957 1208 1362 1278 sequebantur.

406 1299 566 1352 Vens.
622 1298 673 1351 4.
734 1299 805 1351 El
855 1296 993 1349 dabo
1028 1311 1241 1364 pueros.
1297 1294 1504 1363 (HIER.)
1556 1296 1697 1348 Cum
1741 1298 1946 1348 caetera
1975 1293 2036 1348 in

336 1402 604 1458 persona,
653 1389 785 1449 etc.,
843 1399 1009 1452 usque
1041 1384 1113 1436 ad
1143 1383 1410 1453 prohibet
1465 1383 1776 1451 Apostolus
1825 1383 2038 1452 episeo-

339 1492 477 1547 pum
497 1473 632 1543 eligi
665 1474 1045 1542 neophytum,
1067 1489 1138 1525 ne
1162 1471 1456 1540 superbiat
1485 1471 1629 1523 sicut
1655 1469 1931 1524 diabolus.

403 1563 736 1631 Effeminati.
773 1561 915 1625 LXX,
967 1560 1250 1626 illusores,
1307 1564 1435 1626 etc.,
1490 1573 1664 1626 usque
1711 1558 1786 1612 ad
1813 1561 2038 1611 sanctus

339 1650 598 1706 Ecclesiae
638 1653 816 1704 status
839 1649 1224 1702 confunditur.

397 1741 565 1794 Van.
597 1742 647 1792 6.
704 1767 777 1779 —
828 1737 1228 1806 Apprehendet.
1285 1737 1410 1801 (10.)
1467 1734 1552 1788 Ad
1607 1733 1873 1799 litteram,
1907 1739 2035 1802 etc.,

341 1843 510 1896 usque
538 1827 613 1894 ad
642 1831 698 1880 et
728 1825 895 1879 ruina
927 1830 1122 1878 nostra
1154 1829 1254 1877 tuo
1285 1828 1635 1878 sustentetur
1666 1825 1894 1880 auxilio.

417 1917 577 1969 Vens.
611 1919 664 1968 7.
697 1943 765 1953 —
817 1912 1197 1981 Respondebit.
1249 1910 1375 1983 (11).)
1401 1913 1518 1966 Hoc
1561 1913 1620 1968 in
1654 1914 1892 1968 Hebraeo
1925 1927 2044 1965 non

345 2007 450 2068 est,
481 2002 578 2056 sed
610 2003 679 2056 de
730 2001 853 2054 LXX
905 2000 1012 2053 hoc
1069 1999 1312 2054 additur.
1373 2000 1701 2056 Secundum
1740 2003 2042 2055 Hebraeum

346 2091 502 2146 enim
524 2088 915 2158 itajungitur:
949 2090 1012 2142 1n
1042 2087 1131 2140 die
1160 2089 1259 2141 illa
1287 2088 1465 2143 dicet:

420 2181 536 2234 Non
563 2193 682 2230 sum
707 2175 960 2230 medicus.
1015 2177 1140 2229 N‘on
1195 2176 1385 2229 statim
1418 2175 1805 2231 multitudinis
1835 2174 2044 2246 judicio

350 2265 796 2335 acquiescamus,
831 2269 959 2331 etc.,
1000 2278 1169 2332 usque
1197 2263 1272 2316 ad
1302 2281 1315 2317 :
1341 2266 1415 2336 Ne
1457 2280 1667 2334 quaeras
1685 2265 1863 2333 judea:
1904 2266 2042 2333 ﬁeri,

348 2369 414 2406 ne
433 2355 576 2418 forte
594 2367 700 2406 non
717 2355 893 2420 possis
923 2351 1114 2419 offerre
1143 2354 1462 2419 iniquitates
1490 2353 1652 2420 (Eccl.
1690 2353 1804 2420 vn).

419 2439 590 2493 Vens.
622 2441 674 2493 8.
711 2467 778 2479 —
812 2441 940 2493 Ruit
985 2441 1126 2492 enim
1156 2440 1470 2492 Jerusalem.
1525 2440 1602 2492 Ex
1634 2455 1875 2509 persona
1905 2441 2048 2494 Pro-

349 2528 560 2598 pheta.
591 2527 764 2590 Quasi
792 2526 979 2580 dicat:
1013 2526 1148 2580 Ideo
1201 2543 1319 2580 non
1366 2527 1619 2581 inveniet
1669 2528 1770 2599 qui
1801 2527 1936 2582 velit
1967 2527 2049 2580 eis

352 2616 672 2681 subvenire,
713 2616 848 2686 quia
888 2617 1196 2670 Dominum
1243 2617 1800 2686 blasphemaverunt,
1853 2618 2047 2672 dicen-

355 2712 475 2759 tes:
513 2705 847 2758 Iszonium
880 2705 1041 2758 habes
1075 2707 1252 2775 (Joan.
1284 2708 1424 2775 vm),
1456 2711 1512 2760 et
1555 2705 1904 2776 hujusmodi.

426 2794 566 2858 Quia
607 2793 812 2859 lingua.
845 2793 1113 2856 Quamvis
1168 2795 1411 2847 Romani
1449 2799 1726 2865 quantum
1759 2794 1830 2848 ad
1863 2809 1922 2848 se
1944 2810 2048 2864 pro

356 2881 568 2934 tributo
599 2883 748 2950 quod
791 2882 1125 2950 negabatur,
1159 2881 1217 2935 in
1258 2882 1610 2937 obsidionem
1629 2887 1923 2951 venerunt,
1957 2887 2049 2936 ta—

355 2987 489 3023 men
517 2970 802 3041 prmcipue
835 2986 990 3024 mors
1022 2971 1248 3024 Domini
1278 2988 1449 3025 causa
1476 2971 1600 3025 fuit.

429 3058 588 3112 Vnus.
638 3059 689 3110 9.
749 3087 815 3096 —
859 3060 1113 3125 Agnitio.
1167 3061 1495 3127 Agnoscent
1533 3064 1767 3129 propter
1825 3064 2058 3130 peccata

361 3161 464 3199 sua
491 3145 598 3198 hoc
627 3145 955 3215 contigisse,
1014 3146 1260 3200 velante
1317 3148 1514 3201 oculos
1569 3147 1778 3201 mentis
1832 3163 2059 3218 semper

361 3239 590 3302 peccata
619 3249 718 3285 sua
753 3234 1062 3287 habebunt.

302 3311 304 3313 i
443 3322 531 3374 Vw
586 3323 783 3374 anima:
834 3337 1035 3376 eorum.
1085 3322 1212 3391 (11).)
1255 3324 1428 3377 LXX:
1479 3325 1567 3377 Va:
1613 3325 1806 3377 animm
1858 3337 2057 3388 eorum,

363 3412 619 3476 quoniam
667 3411 1035 3475 cogitaverunt
1083 3413 1361 3465 consilium
1405 3415 1700 3480 pessimum
1753 3414 1940 3464 contra
1978 3425 2061 3464 se-

365 3499 639 3564 metipsos,
715 3496 976 3550 dicentes:
1046 3498 1346 3565 Alligemus
1386 3502 1600 3568 justum
1669 3500 1925 3567 quoniam
1984 3501 2064 3551 in-

365 3585 519 3638 utilis
543 3589 620 3638 est
648 3585 800 3638 nobis
833 3585 987 3653 (Sap.
1024 3585 1107 3656 1.).

435 3672 564 3740 (Ιυ.)
612 3672 922 3725 Caveamus
973 3689 1107 3744 ergo
1161 3690 1232 3728 ne
1285 3675 1464 3728 simus
1516 3680 1805 3729 exactores
1858 3674 1917 3727 in
1961 3690 2063 3744 po-

363 3761 537 3830 pulo;
575 3776 646 3812 ne
672 3762 832 3828 juxta
854 3761 1098 3831 impium
1132 3764 1514 3834 Porphyrium
1546 3769 1821 3818 matronae
1849 3769 1906 3818 et
1935 3780 2065 3817 mn-

365 3849 532 3902 lieres
561 3848 677 3902 sint
709 3841 900 3902 noster
928 3858 1174 3915 senatus,
1213 3868 1341 3922 quae
1389 3852 1760 3906 dominentur
1789 3852 1847 3905 in
1888 3853 2068 3906 Eccle-

367 3936 486 4001 siis,
519 3943 574 3990 et
596 3937 665 3991 de
695 3938 1030 3993 sacerdotali
1063 3941 1243 4009 gradu
1274 3939 1436 3993 favor
1447 3940 1664 4009 judicet
1696 3939 2064 3994 feminarum.

441 4027 601 4079 Vsus.
637 4028 720 4079 l2.
749 4056 818 4065 -—
852 4028 923 4080 Et
966 4030 1113 4080 vium
1159 4043 1458 4092 gressuum,
1514 4032 1619 4079 etc.
1672 4025 1800 4096 (Ιο.)
1855 4027 1954 4079 llle
1985 4030 2071 4080 est

367 4129 504 4182 ergo
567 4113 767 4167 doctor
797 4114 1232 4181 ecclesiasticus,
1285 4121 1417 4177 etc.,
1470 4129 1638 4182 usque
1688 4115 1763 4168 ad
1814 4115 1884 4168 de
1914 4131 2063 4185 qua:

367 4203 480 4269 Ego
509 4217 627 4255 sum
656 4204 764 4264 via,
799 4204 1019 4267 veritas,
1053 4207 1103 4254 et
1139 4202 1256 4254 vita
1284 4203 1437 4256 Joan.
1477 4204 1629 4268 xw),

439 4289 597 4341 Vens.
635 4289 719 4342 13.
754 4319 822 4327 -—
871 4290 992 4343 Stat
1035 4288 1109 4342 ad
1130 4290 1511 4358 judicandum.
1567 4291 1697 4358 llo.)
1749 4291 1873 4344 Jam
1901 4291 2062 4362 quasi

367 4375 568 4441 iratus,
620 4381 748 4441 etc.,
792 4392 962 4444 usque
1008 4377 1082 4430 ad
1129 4385 1325 4431 contra
1378 4379 1664 4448 principes
1693 4384 1750 4432 et
1779 4380 2069 4448 presbyte-

367 4481 460 4518 ros
489 4464 643 4518 venit
683 4469 743 4518 ut
764 4465 1003 4534 judicet,
1037 4465 1178 4518 dans
1199 4465 1278 4518 eis
1312 4467 1491 4519 locum
1522 4466 1887 4520 defensionis.

437 4554 601 4608 Vsus.
653 4553 743 4607 14.
798 4584 863 4592 -
925 4556 1024 4608 Vos
1074 4557 1216 4608 enim
1284 4556 1515 4623 depasti.
1575 4554 1704 4626 (1ο.)
1776 4557 1924 4609 Reor
1961 4555 2067 4608 hoc

368 4640 539 4694 fuisse
570 4639 720 4693 inter
767 4656 928 4693 senes
960 4647 1016 4694 et
1060 4641 1345 4711 principes
1401 4642 1602 4695 veteris
1660 4642 1876 4712 populi,
1911 4641 2065 4712 quod

365 4728 518 4782 inter
565 4728 923 4798 presbyteros
981 4733 1036 4781 et
1079 4729 1374 4798 episcopos
1425 4731 1600 4783 nostri
1630 4730 1920 4799 temporis.

447 4819 670 4870 Vineam
689 4832 880 4870 meum.
917 4816 1034 4884 (Ιο.)
1069 4817 1304 4871 Vineam
1337 4819 1406 4872 de
1434 4820 1673 4888 [Egypto
1704 4816 2064 4872 transtulisti.

376 4907 545 4960 Vinea
577 4908 786 4959 Domini
829 4905 1067 4960 Sabaoth
1113 4906 1299 4960 domus
1347 4907 1518 4959 Israel
1545 4910 1624 4960 est
1654 4905 1820 4974 (Psal.
1861 4904 2063 4973 Lxxu).

436 4995 598 5048 Vens.
635 4998 719 5048 l5.
766 5023 834 5035 —
865 4995 1048 5058 Quare
1105 4997 1342 5048 atteritls
1391 4995 1656 5062 populum
1713 4994 1927 5048 meum?
1957 4994 2068 5047 No-

364 5082 469 5138 stri
493 5098 721 5154 quoque
754 5081 1066 5152 principes,
1100 5088 1229 5147 etc.,
1257 5097 1426 5152 usque
1448 5083 1526 5135 ad
1565 5099 1695 5136 suas
1716 5083 1801 5136 vel
1829 5097 2064 5135 suorum

367 5172 590 5226 divitias
609 5187 731 5226 esse
757 5170 993 5224 faciunt.
2034 5229 2048 5237 κ

433 5261 596 5322 Vens.
633 5262 716 5314 16.
752 5288 818 5301 -
842 5259 954 5312 Pro
983 5274 1040 5312 eo
1095 5258 1239 5326 quod
1289 5259 1523 5313 elevata.
1589 5259 1700 5312 Hoc
1755 5259 1827 5312 ad
1861 5274 2066 5312 uxores

365 5343 687 5399 Scribarum
747 5350 804 5398 et
864 5345 1288 5401 Pharisaeorum
1345 5347 1656 5418 praecipue,
1700 5351 1756 5400 et
1811 5346 1883 5400 ad
1927 5346 2067 5400 alias

367 5446 599 5500 quoque
619 5438 807 5500 potest
837 5433 1071 5489 referri:
1107 5435 1180 5489 ob
1225 5450 1470 5504 quarum
1500 5435 1732 5488 delicias
1785 5440 1842 5486 et
1869 5434 2068 5487 luxum

367 5516 474 5572 viri
503 5534 701 5572 earum
732 5535 1010 5588 pauperes
1040 5519 1449 5590 exspoliabaut.
1487 5521 1564 5574 Ne
1597 5537 1654 5573 se
1685 5536 1822 5590 ergo
1855 5519 2066 5573 immu-

2207 589 2368 642 Vaus.
2405 592 2586 643 l7.—
2629 587 2954 643 Decalvabit.
3007 587 3168 652 Quod
3201 589 3484 642 occultum
3541 592 3631 641 est
3680 591 3845 657 pate-

2136 676 2239 743 bit,
2275 685 2331 730 et
2362 677 2507 730 fmda
2555 676 2806 730 calvities
2838 676 3152 746 apparebit.
3190 677 3342 731 Nihil
3384 676 3539 730 enim
3570 681 3845 745 opertum

2138 766 2400 836 estquod
2424 782 2540 819 non
2567 768 2872 818 rewleiur.

2213 856 2369 909 VERS.
2421 858 2499 909 18.
2532 885 2599 894 —
2631 857 2700 908 In
2734 854 2819 907 diu
2860 855 2977 917 illa,
3023 853 3237 907 scilicet
3287 852 3643 923 Babylonica
3670 851 3848 920 captio

2138 944 2346 1009 vitatis,
2380 944 2468 997 vel
2497 943 2684 996 verius
2736 942 2965 1013 quando
2997 942 3148 1011 capti
3198 947 3332 995 sunt
3376 959 3410 994 a
3465 940 3770 1005 Romanis,
3793 944 3848 992 et

2139 1032 2334 1086 omnia
2357 1036 2692 1085 ornamenta
2715 1031 3102 1102 perdiderunt.

2204 1121 2710 1177 Calceamentorum.
2763 1120 2901 1183 Quae
2942 1119 3001 1173 in
3055 1118 3363 1172 solitudine
3413 1135 3527 1172 non
3576 1124 3720 1172 sunt
3773 1123 3851 1170 at-

2140 1209 2292 1275 trita,
2318 1214 2448 1276 etc.,
2481 1223 2648 1277 neque
2684 1209 2760 1262 ad
2792 1214 2854 1262 ut
2879 1224 2982 1278 pro
3013 1207 3297 1262 munditia
3330 1206 3653 1270 matronali,
3677 1212 3853 1259 terra:

2145 1298 2414 1369 spurcitia
2435 1303 2706 1351 vertatur.

2222 1388 2383 1440 Vens.
2426 1390 2514 1440 2i.
2569 1414 2633 1426 —
2681 1387 2948 1439 Annulos.
2989 1366 3216 1448 Quibus
3257 1384 3555 1453 signamur
3590 1383 3662 1436 ad
3698 1382 3856 1436 mali-

2147 1476 2284 1529 tiam
2335 1474 2562 1536 Christi,
2628 1489 2801 1544 quem
2859 1475 3025 1528 Pater
3086 1473 3330 1541 signavit
3394 1472 3568 1526 Filius
3621 1487 3856 1542 quoque

2146 1563 2426 1635 prodigus
2477 1578 2608 1616 cum
2655 1563 2800 1616 stola
2856 1562 3133 1615 annulum
3219 1561 3450 1631 recepit,
3519 1564 3575 1614 et
3630 1561 3857 1613 calcea-

2069 1691 2111 1746 B
2148 1657 2359 1706 menta.

2222 1744 2466 1799 Gemmas
2512 1743 2572 1795 in
2599 1743 2798 1808 fronte.
2859 1738 3077 1804 Quibus
3125 1755 3225 1792 ora
3281 1743 3473 1792 nostra
3512 1737 3862 1792 decorantur
3891 1741 3904 1747 ”

2153 1835 2208 1884 et
2245 1835 2435 1900 caput.

2213 1921 2375 1972 Vens.
2408 1921 2496 1972 22.
2559 1946 2629 1959 -
2683 1918 3042 1971 Linteamina.
3103 1914 3307 1985 (Ηιειι.)
3363 1915 3432 1968 Ut
3473 1912 3600 1968 latis
3641 1913 3706 1967 in
3743 1914 3860 1967 Do-

2155 2007 2313 2061 mino
2345 2007 2712 2077 perfruamur
2729 2005 2968 2059 deliciis.

2223 2097 2383 2149 Vnus.
2415 2098 2503 2149 23.
2563 2124 2634 2134 —
2682 2095 2880 2148 Vittas.
2926 2093 3063 2156 Quae
3118 2091 3377 2146 animum
3442 2090 3554 2145 huc
3583 2090 3862 2160 {illucque

2152 2184 2428 2238 fluentem
2459 2181 2876 2251 constringunt.

2242 2271 2540 2325 Theristra.
2577 2269 2754 2323 Vestis
2774 2267 3070 2322 muliebris
3097 2267 3454 2332 tenuissima,
3470 2272 3528 2320 et
3548 2266 3700 2320 visui
3731 2281 3861 2334 per-

2155 2357 2262 2422 via,
2286 2358 2470 2410 aestati
2500 2357 2725 2423 idonea,
2782 2362 2840 2410 et
2889 2355 3024 2410 inde
3070 2355 3401 2410 nominatur
3430 2371 3444 2408 :
3481 2355 3669 2408 theria
3701 2353 3860 2407 enim

2156 2451 2321 2499 aestas
2347 2445 2572 2500 dicitur.

2231 2535 2387 2588 Vens.
2422 2535 2602 2587 2i.—
2657 2535 2854 2588 Fascia
2905 2534 3168 2602 pectorali
3221 2533 3475 2587 cilicium.
3535 2531 3661 2594 Qua
3697 2528 3865 2584 casti-

2157 2628 2366 2694 gantur
2388 2618 2584 2686 ubera,
2615 2638 2685 2675 ne
2713 2621 3048 2674 exuberent.

2231 2712 2391 2764 Vens.
2425 2713 2514 2764 26.
2579 2741 2644 2749 —
2700 2712 2770 2764 Et
2826 2709 3119 2764 mwrebunt
3166 2713 3348 2776 atque.
3409 2705 3753 2776 Quicunque
3785 2704 3866 2758 lo-

2157 2814 2288 2852 cum
2315 2814 2484 2851 sunm
2511 2797 2740 2851 diabolo
2764 2796 3000 2861 dederit,
3051 2801 3109 2848 et
3131 2811 3228 2849 cor
3256 2810 3422 2848 suum
3475 2793 3636 2846 omni
3667 2797 3864 2845 custo-

2157 2887 2250 2941 dia
2278 2903 2388 2940 non
2421 2885 2744 2950 servaverit,
2807 2885 3087 2954 lugebuni
3140 2888 3320 2952 portas
3371 2883 3514 2952 ejus,
3548 2886 3606 2934 et
3626 2881 3869 2933 absente

2085 2963 2126 3017 (ἶ
2163 2992 2390 3046 sponso,
2418 2990 2644 3044 semper
2678 2973 2738 3026 in
2781 2974 2936 3027 luctu
2966 2973 3092 3039 erit,
3129 2977 3186 3025 et
3215 2986 3486 3024 corruens
3515 2969 3577 3022 in
3626 2969 3867 3038 pulvere

2167 3063 2406 3118 sedebit.

2238 3150 2517 3218 Lugebunt
2536 3153 2708 3219 portae
2743 3149 2881 3216 ejus,
2932 3153 2984 3202 et
3035 3147 3280 3201 desolata
3326 3147 3385 3199 in
3443 3150 3590 3199 terra
3641 3143 3870 3198 sedebit.

2169 3239 2596 3304 Metonomicos,
2623 3237 2862 3308 judices,
2909 3251 3093 3306 reges,
3133 3233 3425 3305 principes
3471 3232 3572 3304 qui
3610 3232 3876 3284 solebant

2170 3328 2368 3382 sedere
2391 3327 2451 3380 in
2480 3331 2675 3395 porta.

2838 3465 3058 3520 CAPUT
3109 3464 3197 3517 IV.

2245 3590 2404 3644 Vens.
2460 3592 2509 3643 1.
2563 3616 2627 3628 -
2681 3591 2752 3643 Et
2782 3586 3186 3656 apprehendent
3238 3590 3454 3656 septem.
3501 3583 3700 3652 (HM-1n.)
3733 3586 3878 3638 Cum

2173 3677 2695 3731 Nabuchodonosor
2713 3675 3006 3730 Sedeciam
3033 3690 3251 3744 regem,
3281 3678 3411 3739 etc.,
3462 3687 3631 3741 usque
3664 3673 3742 3726 ad
3770 3674 3880 3726 hoc

2174 3765 2295 3820 loco
2328 3765 2518 3834 plures
2548 3779 2849 3834 possumus
2879 3761 3219 3832 intelligere.

2259 3854 2470 3922 Septem
2524 3852 2791 3906 mulieres.
2828 3851 2940 3918 (10.)
2981 3850 3208 3918 Septem
3264 3848 3414 3902 dona
3442 3847 3692 3916 Spiritus
3741 3863 3879 3900 san-

2175 3940 2285 3995 cti:
2335 3941 2574 4010 Spiritus
2617 3941 2898 4008 sapientia
2926 3943 2996 3996 .et
3037 3939 3354 4002 intellectus,
3403 3937 3632 4004 spiritus
3661 3936 3882 3988 consilii

2176 4037 2227 4082 et
2246 4029 2613 4096 fortitudinis,
2663 4029 2891 4096 spiritus
2938 4027 3173 4080 scientiae
3204 4031 3255 4079 et
3291 4025 3516 4094 pietatis
3563 4027 3616 4075 et
3646 4020 3878 4090 replebit

2176 4133 2293 4171 eum
2313 4118 2553 4186 Spiritus
2587 4119 2794 4170 timoris
2824 4116 3058 4169 Domini.
3088 4105 3227 4177 Quae
3256 4112 3524 4165 mulieres
3579 4109 3876 4169 dicuntur,

2178 4207 2314 4278 quia
2344 4222 2510 4259 nemo
2562 4208 2869 4275 generatur
2927 4204 3059 4264 Deo,
3111 4200 3224 4254 nisi
3281 4215 3383 4270 per
3441 4198 3772 4266 Spiritum:
3825 4201 3883 4248 et

2173 4295 2490 4366 pluraliter,
2540 4293 2706 4363 plura
2769 4296 2903 4344 sunt
2956 4291 3127 4354 dona,
3215 4304 3342 4341 cum
3399 4287 3646 4355 Spiritus
3708 4301 3876 4336 unus.

2246 4385 2444 4436 Panem
2496 4387 2759 4434 nostrum.
2810 4378 2978 4432 Panis
3026 4381 3216 4430 noster
3266 4375 3522 4429 Christus
3577 4377 3683 4441 est,
3717 4373 3881 4442 virga

2176 4470 2244 4524 de
2277 4470 2464 4523 radice
2505 4470 2679 4534 Jesse,
2730 4473 2786 4521 et
2815 4469 2958 4532 llos;
3011 4465 3316 4518 mulierum
3376 4463 3538 4534 panis
3588 4463 3758 4516 Pater
3795 4466 3882 4513 est

2177 4557 2322 4612 sicut
2353 4562 2408 4609 et
2451 4556 2677 4620 Christi,
2725 4555 2825 4626 qui
2873 4554 2989 4607 ait:
3041 4555 3188 4607 Meus
3236 4553 3385 4606 cibus
3427 4555 3524 4617 est,
3553 4555 3617 4603 ut
3668 4552 3880 4614 facium

2175 4646 2505 4699 voluntatem
2537 4647 2715 4698 Patris
2747 4645 2853 4697 mei
2882 4644 3068 4707 (Joan.
3115 4645 3208 4705 iv).
3267 4643 3465 4694 Panem
3521 4644 3772 4692 nostrum
3793 4653 3877 4691 eo-

2177 4732 2462 4797 medemus,
2494 4748 2699 4800 corpus
2731 4729 2957 4783 Christi.

2259 4818 2594 4874 Vestimentis
2625 4821 2825 4872 nostris
2847 4819 3166 4887 operiemur.
3185 4813 3550 4871 Ornamentis
3573 4813 3878 4866 virtutum.

2256 4906 2924 4961 Invoccturnomentuum.
2952 4902 3235 4958 AChristo
3258 4902 3514 4956 dicamus
3545 4901 3880 4956 Christiani.

2254 4997 2433 5061 Aufer
2467 4991 3012 5070 opprobrium.Quod
3032 4987 3554 5060 patimuraJudaeis
3597 4993 3881 5059 tanquam

2177 5082 2298 5134 sine
2334 5083 2464 5146 Deo,
2505 5087 2635 5149 etc.,
2696 5096 2866 5151 usque
2911 5079 2985 5134 ad
3014 5095 3164 5150 saepe
3221 5093 3494 5148 cogamur
3523 5081 3754 5131 mutare
3779 5079 3880 5131 ho-

2177 5169 2436 5239 spitium.

2252 5248 2444 5324 Aufer.
2507 5255 2652 5320 Quia
2695 5259 3048 5326 consurgent
3094 5257 3296 5307 contra
3343 5250 3689 5321 sapientiam
3723 5251 3881 5306 falsa:

2178 5344 2472 5410 doctrinae,
2508 5349 2565 5397 et
2593 5347 2790 5396 contra
2828 5348 3060 5396 cazteras
3121 5340 3409 5407 mulieres,
3465 5339 3524 5392 id
3554 5343 3666 5402 est.
3697 5340 3880 5392 virtu-

2175 5437 2262 5486 tes
2287 5450 2305 5486 :
2339 5431 2649 5501 unicuique
2675 5446 2844 5486 suum
2898 5429 3149 5501 insurgit
3199 5427 3576 5496 contrarium,
3610 5443 3747 5481 cum
3778 5444 3878 5481 no-

2181 5535 2310 5573 men
2332 5535 2529 5572 earum
2558 5519 2714 5572 falsae
2747 5517 2984 5572 virtutes
3010 5514 3360 5587 subripiunt.
