4074 6186
223 322 357 378 1241

220 541 337 604 tus,
362 537 423 590 in
454 535 745 606 prosperis
774 552 844 588 ne
892 538 1206 602 eleventur,
1232 534 1378 588 sicut
1422 534 1555 588 ﬁliis
1617 536 1786 588 Israel
1817 552 1927 589 nu-

217 624 324 679 bes
359 625 417 678 in
444 624 536 677 die
571 629 715 691 erat,
742 622 891 693 ignis
923 624 981 676 iu
1015 628 1199 676 nocte.

294 716 369 768 Et
396 716 631 780 fumum,
685 717 792 765 etc.
831 711 1039 780 (illam)
1092 711 1293 765 Unde:
1332 711 1536 766 Domus
1583 712 1805 780 impleta
1852 716 1930 765 est

217 803 377 865 fumo
407 800 604 870 (Exod.
639 804 790 869 xui);
828 806 885 853 et
913 799 1049 852 alibi
1082 815 1097 853 :
1142 800 1250 864 Qui
1274 802 1451 866 tangit
1476 805 1674 853 montes
1723 805 1774 853 et
1830 802 1927 866 fu-

222 888 442 953 migant
471 887 646 955 (Psul.
684 891 821 951 cur).

299 975 479 1043 Super
507 991 710 1028 omnem
746 978 907 1028 enim.
955 974 1193 1029 Plurimi
1221 975 1572 1040 Iudaeorum,
1631 979 1762 1041 etc.,
1837 989 1929 1029 us-

225 1078 336 1129 que
365 1063 439 1115 ad
474 1080 574 1115 nos
598 1068 784 1117 autem
820 1064 887 1117 ad
920 1065 1170 1134 primum
1204 1063 1415 1119 Christi
1445 1064 1780 1118 adventum.

918 1205 1144 1259 CAPUT
1188 1205 1247 1259 V.

309 1326 475 1380 Vens.
536 1329 583 1380 l.
642 1358 710 1367 -—
768 1328 1006 1383 Cantabo
1065 1328 1275 1395 dilecto,
1343 1336 1449 1382 etc.
1509 1328 1711 1398 (Ηιειι.)
1782 1327 1931 1382 Can-

227 1414 409 1467 ticum
441 1416 751 1486 aliquando
776 1418 832 1469 in
872 1416 1090 1481 laetitia,
1125 1416 1435 1486 aliquando
1468 1416 1528 1470 in
1560 1416 1814 1480 tristitia,
1871 1420 1935 1469 ut

228 1501 361 1563 hoc,
398 1503 610 1555 scilicet
632 1504 783 1573 quod
808 1503 903 1556 ille
934 1502 1278 1572 composuit,
1301 1503 1399 1573 qui
1429 1503 1623 1556 videns
1646 1502 1932 1556 civitatem

232 1590 413 1655 ﬁevit,
437 1591 631 1644 dicens
663 1606 675 1642 :
701 1593 846 1656 Quia
872 1594 921 1646 si
938 1594 1269 1659 cOgnovisses
1290 1598 1339 1645 et
1366 1598 1442 1654 tu,
1469 1598 1603 1659 etc.,
1626 1593 1774 1659 lLuc.
1794 1595 1930 1656 xu).

310 1678 468 1732 Vens.
505 1682 558 1734 2.
589 1708 658 1721 —
694 1681 918 1734 Vineam
971 1681 1208 1733 eiectam.
1249 1681 1383 1747 (Ιυ.)
1414 1680 1541 1733 Alia
1594 1680 1787 1746 editio,
1848 1678 1930 1731 vi-

236 1779 408 1817 neam
439 1765 626 1829 Sorec,
660 1766 811 1835 quod
838 1772 921 1819 est
948 1781 1129 1836 genus
1161 1765 1291 1818 vitis
1337 1766 1595 1835 optimae,
1629 1765 1933 1818 uberrima!

237 1852 535 1923 perpetuis
582 1853 889 1919 fructibus;
945 1859 1149 1907 cuncta
1200 1870 1329 1924 quae
1371 1855 1440 1908 de
1476 1854 1640 1907 vinea
1668 1854 1937 1908 dicuntur

237 1940 311 1994 ad
364 1946 576 1994 statum
625 1941 833 1995 animae
881 1942 1226 2007 referuntur,
1286 1957 1415 2011 quae
1464 1943 1638 1995 aDeo
1684 1942 1934 2012 plantata

238 2044 357 2081 non
386 2030 577 2082 attulit
609 2046 764 2093 uvas,
800 2032 898 2083 sed
932 2031 1256 2083 labruscas:
1293 2035 1349 2083 et
1376 2030 1584 2083 tradita
1611 2036 1698 2084 est
1742 2029 1935 2084 bestiis

239 2118 647 2183 conculcanda,
682 2134 786 2171 nec
829 2118 1075 2172 imbrem
1134 2118 1411 2171 doctrina»
1470 2118 1741 2187 suscepit,
1801 2119 1937 2189 quia

239 2206 393 2259 dona
418 2206 707 2274 praeterita
735 2207 1099 2276 contempsit.

318 2295 487 2348 Vens.
523 2297 573 2348 3.
608 2322 677 2335 —
732 2296 887 2351 Nunc
915 2310 1042 2361 ergo
1092 2295 1443 2358 habitatores,
1501 2299 1609 2348 etc.
1664 2293 1939 2349 Similiter

243 2383 465 2437 Nathan
498 2384 673 2438 David
724 2384 1063 2455 interrogat,
1118 2390 1184 2437 ut
1214 2385 1284 2438 de
1319 2401 1377 2438 se
1403 2389 1677 2455 tanquam
1727 2385 1797 2437 de
1828 2384 1938 2438 alio

243 2471 585 2525 sententiam
609 2472 882 2542 proferat.

318 2560 476 2614 Vens.
510 2561 562 2614 4.
586 2590 653 2600 -
684 2564 777 2613 An
799 2561 944 2628 quod
969 2562 1300 2629 exspectavi,
1360 2565 1446 2614 etc
1472 2561 1520 2613 .?
1553 2560 1668 2613 Hoc
1732 2575 1938 2613 secun-

242 2646 380 2701 dum
413 2649 691 2718 quosdam
741 2664 912 2718 supra
945 2649 1097 2719 apud
1154 2664 1212 2702 se
1244 2647 1407 2714 dixit,
1465 2647 1557 2701 hic
1595 2663 1728 2700 vero
1783 2648 1937 2718 quod

242 2736 612 2806 cogitaverat,
647 2736 789 2789 alios
816 2737 1152 2806 interrogat.

316 2826 473 2877 Vens.
593 2855 662 2864 —
694 2828 756 2879 Et
776 2841 917 2879 nunc
942 2825 1221 2879 ostendam
1250 2826 1415 2879 vobis.
1456 2824 1627 2889 Quasi
1676 2824 1889 2878 diceret
1922 2841 1935 2878 :

243 2912 387 2976 Quia
418 2929 535 2966 non
566 2912 738 2967 vultis
794 2914 1164 2984 respondere,
1235 2930 1371 2984 ergo
1430 2914 1788 2984 respondebo
1837 2929 1939 2984 pro

247 3002 429 3055 vobis.

318 3090 608 3155 Aufer-am,
635 3095 742 3144 etc.
779 3091 847 3143 Ut
877 3089 1087 3144 scilicet
1120 3090 1221 3160 qui
1257 3092 1436 3145 Deum
1489 3106 1603 3144 non
1638 3094 1942 3143 senserunt

246 3193 351 3246 per
386 3178 683 3241 beneﬁcia,
716 3178 965 3231 sentiant
999 3194 1101 3247 per
1148 3178 1449 3248 supplicia,
1502 3184 1558 3232 et
1584 3179 1712 3232 ideo
1763 3178 1939 3230 mina-

246 3269 343 3317 tur
373 3280 620 3335 paenam,
658 3268 722 3318 ut
738 3257 1145 3318 convertantur
1167 3268 1235 3319 ad
1267 3264 1687 3334 pcenitentiam.

320 3354 487 3407 Vens.
537 3358 589 3406 6.
619 3383 688 3394 —
715 3355 793 3407 Et
822 3354 1073 3418 nubibus,
1103 3353 1232 3423 (lo.)
1290 3355 1426 3417 Quae
1479 3353 1582 3407 sub
1612 3354 1747 3420 Elia,
1805 3357 1935 3420 etc.,

246 3455 417 3510 usque
440 3440 514 3493 ad
551 3442 781 3512 quando
811 3457 915 3494 nec
946 3443 1253 3512 prophetas
1309 3442 1650 3510 habuerunt,
1707 3448 1765 3496 et
1806 3459 1941 3512 apo-

247 3529 426 3582 stolos
455 3530 813 3598 repulerunt.

322 3617 559 3669 Vans.7.
589 3645 661 3656 —
693 3619 886 3670 Domus
909 3618 1106 3679 Israel,
1161 3621 1268 3671 etc.
1328 3617 1407 3685 (lu
1446 3620 1466 3683 )
1514 3618 1589 3670 Ex
1632 3634 1746 3687 quo
1797 3617 1941 3671 divi-

247 3720 377 3757 sum
407 3709 492 3757 est
520 3720 787 3774 regnum,
816 3709 944 3772 etc.,
981 3720 1147 3773 usque
1175 3705 1249 3758 ad
1278 3705 1415 3774 quia
1446 3705 1701 3758 Christus
1746 3722 1810 3759 ex
1860 3706 1943 3759 eis

249 3796 419 3845 natus
449 3798 550 3845 est.

328 3883 452 3934 Ecce
502 3881 721 3934 clamor.
777 3880 899 3944 Quo
952 3880 1291 3934 vociferatus
1347 3884 1430 3933 est
1487 3884 1686 3933 contra
1746 3879 1938 3934 Domi-

250 3986 391 4022 num
423 3974 478 4023 et
498 3968 786 4035 clamavit,
817 3970 1011 4022 dicens
1042 3984 1055 4021 :
1085 3968 1260 4034 Tolle,
1292 3968 1453 4030 tolle,
1496 3968 1799 4037 crucitige;
1830 3968 1939 4032 vel,

249 4058 557 4110 clamorem
590 4073 692 4126 pro
745 4056 968 4127 justitia
1014 4058 1290 4123 fecerunt,
1329 4058 1467 4127 quia
1503 4058 1792 4111 Christum
1846 4055 1940 4109 in-

251 4146 612 4210 terfecerunt,
680 4145 841 4213 cujus
900 4143 1134 4215 sanguis
1181 4145 1388 4197 clamat
1426 4143 1496 4196 ad
1583 4143 1934 4197 Dominum:

260 4235 377 4286 Voa:
410 4235 633 4299 sanguis
684 4235 884 4298 fratris
939 4234 1020 4286 tui
1070 4233 1207 4286 Abel
1252 4231 1545 4285 ctamatad
1573 4247 1655 4284 me
1694 4232 1759 4283 de
1795 4237 1943 4285 terra

250 4320 408 4387 (Gen.
440 4321 531 4384 iv).

324 4409 477 4461 Vens.
514 4411 565 4462 8.
597 4438 659 4447 -—
702 4409 790 4462 Vw
812 4410 908 4476 qui
936 4409 1288 4477 conjungitis.
1346 4407 1465 4461 Hoc
1493 4406 1816 4476 specialiter
1871 4407 1941 4460 ad

246 4495 476 4549 Iudaeos
506 4496 605 4566 qui
635 4496 968 4559 avarissimi,
997 4500 1126 4554 etc.,
1177 4511 1346 4565 usque
1373 4496 1448 4549 ad
1498 4496 1680 4549 donec
1719 4494 1944 4548 deﬁciat

249 4590 418 4651 terra,
448 4600 646 4637 sensus
675 4582 904 4647 scilicet,
948 4589 1003 4636 et
1032 4599 1220 4637 sermo
1245 4585 1549 4637 humanus.

322 4671 482 4723 Vens.
523 4674 571 4723 9.
608 4701 673 4709 —-
728 4672 800 4724 In
854 4671 1099 4725 auribus.
1146 4670 1275 4741 (ln.)
1319 4672 1490 4735 Quasi
1555 4671 1767 4725 diceret
1810 4686 1941 4740 pro-

247 4758 417 4828 pheta
451 4774 464 4812 :
503 4760 628 4812 Haec
660 4760 829 4812 verba
865 4759 1232 4813 interioribus
1288 4759 1522 4813 auribus
1550 4759 1758 4821 audivi,
1812 4776 1941 4830 qua:

246 4851 381 4900 sunt
412 4846 636 4900 Domini
665 4847 1040 4901 exercituum.

316 4936 437 4989 Nisi
466 4935 673 5000 domus,
708 4940 814 4988 etc.
849 4936 1063 5005 Pompa
1102 4934 1337 4999 scilicet,
1366 4939 1424 4989 et
1479 4940 1763 4989 structura
1818 4935 1941 4989 hai-

247 5022 578 5085 reticorum,
606 5038 775 5091 usque
814 5024 889 5076 ad
926 5024 1027 5093 qui
1049 5023 1117 5077 ad
1147 5023 1635 5095 comparationem
1660 5023 1939 5093 multipli-

245 5110 326 5163 cis
359 5109 590 5163 numeri
611 5110 825 5163 unione
856 5110 1284 5179 constringitur.

320 5198 591 5251 Vens.10.
648 5226 717 5238 —
772 5201 955 5252 Decem
1003 5200 1145 5252 enim
1199 5199 1418 5267 jugera.
1477 5198 1608 5268 (11).)
1665 5197 1941 5253 Sterilitas

245 5289 438 5353 terrae,
456 5301 585 5355 quae
615 5285 1005 5355 captivitatem
1032 5294 1294 5339 secutura
1313 5291 1417 5350 est,
1450 5286 1786 5340 ostenditur.

318 5374 479 5427 Vens.
518 5376 695 5428 ll.——
753 5376 845 5429 Vw
886 5376 982 5442 qui
1023 5376 1366 5441 consurgitis.
1425 5374 1598 5438 Quasi
1651 5375 1865 5429 diceret
1922 5390 1937 5427 :

245 5460 554 5532 Captivitas
586 5461 868 5527 imminet,
901 5467 1030 5529 etc.,
1056 5477 1224 5531 usque
1252 5463 1326 5516 ad
1346 5478 1462 5517 non
1492 5463 1828 5533 intelligunt
1877 5463 1938 5517 in

244 5566 305 5605 se
334 5565 511 5620 opera
542 5548 791 5604 Domini.

1335 322 1590 379 GLOSSA
1627 323 2030 379 OBDINARIA.
2072 350 2144 365 --
2186 324 2312 379 LIB.
2366 322 2596 379 ΙὲΑΙίΕ.

294 448 458 502 Vens.
481 450 532 501 5.
569 477 637 486 —
666 446 889 513 Nubem,
932 446 989 500 id
1035 451 1141 512 est,
1198 443 1695 501 obumbrationem
1741 446 1921 517 Spiri-
1954 452 1997 502 Α

3594 329 3611 379 1
3624 327 3728 380 242

2112 449 2277 503 Vens.
2316 451 2397 501 l7.
2430 476 2491 488 -
2544 449 2615 502 Et
2634 449 2923 515 pascentur
2968 448 3118 514 agni.
3180 445 3260 516 (lu
3287 447 3305 517 )
3335 446 3497 500 Juxta
3552 447 3732 501 histo-

2038 534 2185 588 riam
2215 535 2365 589 idem
2398 539 2483 587 est
2509 534 2661 605 quod
2691 549 2884 603 supra,
2922 534 3220 603 regionem
3256 538 3500 586 vestram
3558 533 3732 588 alieni

2039 623 2317 677 devorant
2345 638 2536 677 coram
2568 622 2747 675 vobis.

2111 712 2398 766 Advenae:
2455 714 2759 777 Auferetur
2802 725 2837 763 α
2864 710 3013 764 vobis
3054 725 3275 778 regnum
3327 711 3443 773 Dei,
3495 711 3601 763 etc.
3660 710 3737 765 De

2039 804 2155 854 toto
2184 800 2338 853 enim
2361 799 2497 853 orbe
2528 803 2895 869 congregata,
2920 804 3052 864 etc.,
3085 812 3251 865 usque
3275 797 3349 850 ad
3372 801 3433 850 ut
3464 797 3590 850 loca
3613 801 3735 851 tau-

2038 905 2245 942 rorum
2277 893 2621 959 occuparent
2650 886 2804 957 agni.
2916 941 2925 949 ,

2110 978 2395 1030 Vens.18.
2455 1006 2525 1016 —
2564 978 2652 1029 Vae
2709 977 2805 1043 qui
2858 975 3098 1028 trahitis.
3162 973 3290 1026 Haec
3325 972 3394 1026 ad
3446 971 3734 1043 principes

2036 1065 2384 1127 Iudaeorum,
2412 1068 2540 1129 etc.,
2574 1079 2741 1134 usque
2769 1062 2843 1117 ad
2872 1061 3361 1116 anathematizant
3392 1061 3731 1115 vocabulum

2040 1153 2512 1208 Christianorum.

2110 1242 2182 1295 In
2234 1242 2495 1306 funiculis
2523 1242 2803 1294 vanitatis.
2841 1238 2966 1307 (Ιυ.)
2999 1239 3058 1293 In
3088 1224 3296 1309 quibus
3356 1242 3539 1301 erant,
3600 1242 3729 1303 etc.,

2040 1342 2208 1397 usque
2227 1329 2301 1381 ad
2323 1333 2595 1398 tanquam
2628 1326 2984 1380 solidissimis
3014 1326 3255 1379 vinculis
3281 1331 3566 1379 tenemur.

2117 1419 2289 1471 Vens.
2328 1420 2411 1472 19.
2444 1447 2511 1457 -
2565 1419 2651 1471 Vae
2682 1419 2778 1486 qui
2826 1416 3027 1469 dicitis.
3068 1414 3189 1485 (ln.)
3241 1416 3358 1469 Hoc
3410 1413 3733 1484 specialiter

2041 1511 2239 1560 contra
2291 1505 2516 1559 Iudaeos
2560 1504 2658 1574 qui
2714 1505 3019 1558 Barrabam
3078 1504 3391 1572 elegerunt,
3443 1502 3731 1556 Christum

2042 1595 2595 1649 condemnaverunt:
2625 1593 2967 1663 generaliter
2993 1592 3064 1645 ad
3091 1607 3292 1645 omnes
3322 1591 3421 1661 qui
3453 1590 3731 1659 injustum

2036 1682 2374 1753 justiﬁcant,
2430 1682 2652 1751 justum
2706 1681 3111 1735 condemnant.
3184 1679 3406 1745 Malum,
3464 1678 3729 1739 tenebras,

2044 1786 2311 1837 amarum,
2348 1769 2407 1822 in
2436 1768 2608 1821 simili
2634 1767 3049 1838 signiﬁcatione
3089 1770 3144 1821 et
3173 1766 3359 1837 ﬁgura
3415 1770 3729 1835 ponuntur.

2044 1860 2107 1912 In
2139 1858 2382 1911 Barraba
2413 1857 2704 1912 diabolum
2754 1854 3150 1925 intelligimus,
3210 1854 3279 1907 de
3314 1869 3425 1923 quo
3459 1868 3471 1905 :
3536 1852 3734 1905 Libera

2042 1959 2137 1997 nos
2158 1961 2192 1997 a
2228 1946 2388 1998 maio.

2116 2032 2280 2085 Vens.
2315 2034 2404 2085 2i.
2436 2059 2504 2070 —
2540 2032 2631 2084 γε
2659 2031 2755 2097 qui
2782 2030 3048 2098 sapientes
3090 2028 3238 2081 estis.
3298 2027 3571 2096 Despecta
3637 2025 3735 2079 Dei

2045 2119 2347 2189 sapientia,
2380 2122 2511 2183 etc.,
2534 2132 2701 2185 usque
2721 2118 2795 2171 ad
2818 2132 2923 2170 nec
2952 2116 3168 2169 intrant
3189 2116 3257 2169 ad
3283 2115 3599 2181 Christum,
3632 2132 3735 2169 nec

2044 2208 2389 2277 permittunt
2418 2206 2653 2260 intrare.

2116 2295 2275 2348 Vens.
2337 2297 2426 2348 22.
2485 2322 2554 2333 —
2593 2293 2940 2347 Ebrietatem.
2992 2289 3200 2342 Vinum
3260 2288 3514 2343 continet
3566 2304 3738 2342 omne

2045 2383 2269 2436 vitium.
2357 2382 2609 2437 Ebrietas
2664 2384 2810 2450 (qum
2878 2378 3146 2431 Hebraice
3208 2377 3396 2441 sicera)
3456 2375 3740 2444 signiﬁcat

2047 2470 2242 2523 omnia
2273 2486 2403 2539 quae
2433 2474 2643 2522 statum
2672 2466 2877 2521 mentis
2933 2470 3215 2519 evertunt.
3253 2465 3326 2517 Ex
3385 2462 3738 2516 abundantia

2044 2557 2207 2627 panis
2236 2563 2294 2610 et
2329 2556 2445 2610 vini
2477 2559 2767 2626 peccatum
2800 2553 3180 2608 Sodomorum
3213 2551 3410 2603 crevit.

2121 2645 2273 2699 Vens.
2307 2647 2394 2699 23.
2446 2672 2514 2683 —-
2547 2645 2655 2709 Qui
2706 2639 3027 2711 justi/icatis
3078 2640 3307 2706 impium
3341 2652 3443 2705 pro
3499 2637 3738 2690 muneri-

2049 2732 2163 2785 bus.
2199 2732 2383 2801 Supra
2414 2731 2627 2785 dictum
2675 2733 2776 2795 est,
2814 2727 2951 2798 quia
2982 2742 3083 2796 pro
3118 2726 3240 2779 uvis
3272 2725 3592 2779 attulerunt
3620 2722 3737 2792 spi-

2048 2838 2171 2889 nas,
2207 2826 2262 2874 et
2290 2822 2506 2886 fenum,
2540 2824 2595 2872 et
2624 2818 2799 2888 ligna,
2835 2822 2890 2869 et
2919 2816 3179 2885 stipulas,
3213 2819 3268 2867 et
3326 2829 3524 2883 vepres
3571 2828 3735 2866 arsu-

2051 2926 2161 2975 ros,
2197 2908 2333 2979 quia
2377 2924 2491 2962 non
2534 2912 2763 2959 tantum
2821 2904 2928 2958 ista
2976 2903 3253 2960 fecerunt,
3313 2902 3405 2954 sed
3442 2904 3498 2955 et
3553 2900 3739 2969 legem

1971 3009 2010 3062 (ζ
2047 2998 2396 3067 abjecerunt,
2456 3000 2512 3048 et
2556 2993 2850 3065 eloquium
2915 2992 3013 3046 Dei
3072 2991 3626 3060 blasphemaverunt.
3661 2988 3740 3041 De

2050 3084 2258 3154 quibus
2290 3099 2304 3137 :
2342 3085 2421 3136 De
2448 3083 2579 3137 Sion
2608 3082 2778 3135 exibit
2821 3081 2927 3143 (ea),
2956 3085 3005 3134 et
3042 3080 3262 3133 verbum
3291 3080 3503 3133 Domini
3532 3077 3599 3130 de
3646 3077 3741 3129 Je-

2047 3173 2302 3226 rusalem.

2119 3260 2291 3312 Vens.
2327 3259 2412 3312 24.
2464 3287 2530 3296 --
2585 3255 2770 3312 Radix
2798 3270 2997 3309 eorum.
3037 3253 3170 3322 (Ιο.)
3228 3254 3405 3306 Prava
3445 3250 3737 3321 cogitatio,

2049 3362 2113 3399 ex
2135 3361 2249 3416 qua
2274 3344 2530 3415 procedit
2556 3360 2698 3415 opus
2730 3349 3006 3413 tanquam
3037 3357 3297 3411 germen.

2118 3433 2291 3488 Vens.
2330 3436 2418 3487 25.
2479 3463 2548 3473 --
2598 3432 2721 3485 Ideo
2777 3435 2975 3485 iratus.
3028 3429 3153 3501 (Ιο.)
3212 3428 3531 3483 Notandum
3585 3427 3741 3499 quod

2049 3535 2166 3573 non
2194 3520 2500 3590 exprobrat
2554 3518 2939 3573 idololatriam
2969 3524 3026 3571 et
3078 3522 3287 3571 caetera
3344 3521 3593 3586 peccata,
3645 3517 3741 3570 sed

2050 3608 2202 3677 quod
2232 3608 2565 3678 abjecerunt
2595 3608 2779 3677 legem
2828 3604 3140 3677 Evangelii,
3194 3610 3251 3658 et
3305 3605 3739 3674 blasphemave-

2049 3702 2185 3750 runt
2213 3703 2471 3749 sanctum
2504 3711 2827 3749 sermonem
2863 3694 3092 3747 Domini
3126 3710 3139 3747 :
3176 3693 3273 3764 qui
3327 3693 3506 3746 iratus
3557 3692 3743 3746 fuerat

2049 3789 2245 3837 contra
2278 3782 2567 3851 principes
2599 3787 2656 3835 et
2685 3787 2964 3851 potentes,
2999 3781 3098 3850 qui
3132 3785 3295 3833 erant
3326 3780 3608 3849 sapientes
3633 3779 3739 3832 sibi

2050 3874 2104 3923 et
2137 3886 2376 3924 munera
2424 3875 2753 3939 sequentes;
2799 3885 2945 3938 quos
2994 3868 3282 3921 devoravit
3340 3868 3539 3937 lingua
3571 3867 3737 3936 ignis,

2050 3964 2115 4011 ut
2143 3962 2401 4028 potentes
2430 3961 2693 4027 potenter
2725 3960 3010 4009 tormenta
3042 3954 3349 4024 patiantur.

2118 4048 2301 4101 Iratus
2332 4050 2423 4099 est.
2448 4045 2571 4113 (ιο.)
2604 4044 2727 4096 Non
2759 4043 2914 4113 quod
2948 4042 3213 4095 humanis
3264 4042 3555 4109 subjaceat
3612 4056 3739 4110 pas-

2050 4135 2331 4200 sionibus;
2373 4133 2472 4185 sed
2505 4132 2605 4202 qui
2644 4130 3064 4200 delinquimus,
3115 4128 3227 4182 nisi
3269 4129 3570 4183 Dominum
3624 4127 3738 4181 ira-

2055 4228 2305 4278 scentem
2335 4220 2703 4280 audierimus,
2746 4235 2861 4273 non
2891 4218 3180 4272 timemus.

2124 4314 2195 4366 Et
2221 4313 2506 4379 percussit,
2536 4314 2638 4361 etc.
2680 4309 2892 4361 Futura
2936 4306 3098 4377 quasi
3129 4305 3419 4376 praeterita
3443 4304 3579 4359 dicit
3609 4320 3741 4374 pro-

2048 4400 2261 4471 phetali
2295 4398 2658 4452 certitudine.

2116 4488 2277 4541 Vens.
2309 4489 2397 4540 26.
2430 4514 2499 4524 -—-
2536 4486 2615 4539 Et
2648 4484 2895 4538 sibitabit
2923 4484 2998 4537 ad
3038 4498 3157 4536 eum
3214 4482 3280 4536 de
3316 4481 3518 4552 ﬁnibus
3561 4486 3735 4545 terrae,

2046 4582 2152 4632 etc.
2188 4574 2320 4645 (10.)
2351 4573 2574 4628 Hebraei
2600 4573 2752 4627 hunc
2807 4573 2997 4625 locum
3042 4571 3112 4625 de
3144 4571 3478 4640 Babyloniis
3533 4568 3739 4624 intelli-

2046 4669 2209 4735 gunt,
2247 4669 2373 4725 etc.,
2408 4677 2576 4731 usque
2603 4662 2676 4715 ad
2704 4660 2907 4715 affectu
2937 4675 2998 4712 se
3033 4659 3228 4729 jungit
3249 4659 3487 4729 populo,
3519 4663 3575 4712 et
3603 4658 3684 4710 ait
3718 4673 3730 4710 :

2118 4758 2276 4810 Vens.
2312 4757 2395 4810 30.
2429 4785 2494 4795 —
2545 4756 2903 4823 Aspiciemus.
2964 4752 3088 4804 Non
3122 4750 3248 4803 ausi
3280 4749 3559 4817 respicere
3618 4762 3735 4799 cae-

2045 4842 2186 4909 lum,
2243 4842 2406 4912 cujus
2450 4841 2830 4895 habitatorem
2876 4839 3053 4891 Deum
3111 4836 3477 4901 offendimus,
3532 4839 3591 4888 et
3640 4834 3736 4887 lux

2046 4938 2261 4997 nostra,
2286 4946 2469 5002 quam
2522 4944 2748 4999 semper
2781 4927 3135 4980 habebamus
3163 4924 3225 4978 in
3258 4925 3393 4990 Deo,
3418 4922 3733 4977 tribulatio-

2045 5037 2184 5075 num
2214 5022 2457 5089 caligine
2484 5019 2788 5071 obscurata
2809 5020 2909 5068 est.

2718 5194 2944 5247 CAPUT
2976 5193 3066 5246 VI.

2115 5374 2272 5429 Vens.
2306 5376 2353 5425 1.
2406 5401 2474 5410 -
2520 5371 2583 5424 In
2610 5384 2770 5434 anno,
2830 5373 2935 5422 etc.
2997 5367 3206 5436 (HIBR.)
3257 5367 3414 5422 Osias
3465 5366 3587 5438 ipse
3646 5370 3733 5421 est

2043 5461 2291 5528 Azarias,
2345 5465 2478 5525 etc.,
2522 5475 2689 5528 usque
2736 5458 2812 5512 ad
2866 5459 3073 5512 cadens
3123 5457 3181 5511 in
3231 5456 3454 5522 faciem,
3514 5458 3734 5512 excelsa

2045 5565 2178 5603 voce
2208 5550 2417 5602 clamat
2447 5549 2516 5604 ad
2554 5547 2886 5603 Dominum.
