4074 6186
335 317 353 367 l
367 313 471 368 243

951 311 1346 366 WALAFltIDI
1386 311 1628 367 STRAlll
1671 311 1865 366 FULD.
1914 312 2072 367 MON.
2113 311 2262 368 OPP.
2308 312 2490 370 PARS
2530 315 2570 368 Ι.
2612 344 2680 352 -
2718 313 3168 369 THEOLOCICA.

3699 312 3834 367 l2“

400 444 512 496 Rea:
547 441 730 497 Ozias.
761 438 904 507 Rex,
937 437 1145 491 scilicet
1177 437 1454 508 leprosus,
1488 436 1588 508 qui
1646 437 2026 492 sacerdotium
2059 441 2105 490 A
2144 437 2428 492 dicimus:
2460 441 2547 493 Εω
2574 441 2731 506 parte
2751 440 3136 504 cognoscimus,
3168 441 3217 491 et
3237 451 3303 490 ea:
3331 440 3491 505 parte
3541 435 3837 506 propheta-

326 528 644 598 usurpavit.

403 633 534 687 Vidi
580 633 876 687 Dominum.
934 629 1223 684 Christum
1281 628 1509 683 scilicet.
1573 629 1731 683 Visus
1787 634 1872 684 est
1919 630 2012 686 Fi-

325 721 432 775 lius
466 721 522 776 in
569 720 769 774 habitu
812 717 1134 788 regnantis;
1192 718 1412 772 locutus
1443 724 1528 772 est
1582 719 1827 790 Spiritus
1897 736 2015 774 sano

324 812 445 862 ctus
503 811 739 878 propter
795 804 1146 859 consortium
1195 805 1530 875 majestatis,
1623 806 2014 878 unitatemque

324 894 674 949 substantiae.

393 1003 571 1070 Super
599 1002 792 1056 solium
822 1000 1108 1064 emcelsum,
1130 1002 1236 1052 etc.
1272 998 1488 1068 (HIER.)
1509 999 1614 1064 Qui
1646 999 1798 1054 videt
1818 1001 2013 1055 Domi-

325 1106 466 1144 num
498 1095 834 1160 regnantem
867 1087 926 1141 in
957 1087 1279 1142 caelestibus
1308 1087 1635 1154 virtutibus,
1693 1089 1846 1144 videt
1883 1107 2013 1144 eum

316 1193 492 1248 super
522 1177 731 1231 solium
753 1177 1042 1231 excelsum
1067 1181 1124 1231 et
1149 1176 1456 1242 elevatum,
1480 1192 1609 1246 quae
1635 1181 1766 1230 sunt
1803 1177 2015 1231 Throni

318 1269 376 1320 et
411 1265 862 1330 Dominationes,
886 1270 990 1319 etc.
1227 1280 1232 1283 '

391 1353 632 1418 Quidam
666 1354 862 1407 dicunt
883 1352 1169 1422 seraphim
1203 1351 1439 1406 virtutes
1468 1353 1528 1406 in
1552 1353 1693 1407 coelo
1753 1355 1867 1408 Deo
1925 1371 2012 1409 as-

318 1441 587 1496 sistentes
623 1446 680 1496 et
711 1442 1032 1506 laudantes,
1064 1458 1192 1511 quae
1224 1440 1285 1494 in
1344 1441 1664 1494 ministeria
1706 1442 2014 1496 mittuntur

320 1529 564 1582 maxime
599 1531 665 1582 ad
697 1545 793 1582 eos
825 1528 923 1598 qui
958 1528 1299 1598 purgatione
1348 1527 1630 1597 indigent,
1673 1533 1729 1582 et
1777 1535 2013 1600 propter

315 1623 548 1688 peccata
581 1617 775 1688 aliqua
795 1633 866 1671 ex
893 1622 1056 1687 parte
1088 1615 1404 1686 suppliciis.

390 1705 515 1776 (Ιο.)
547 1705 878 1771 Cherubim,
903 1703 1212 1758 multitudo
1238 1703 1509 1768 scientiae,
1542 1719 1712 1772 super
1741 1719 1885 1774 quos
1907 1705 2014 1758 Do-
2046 1719 2084 1772 Β

320 1792 513 1847 minus
544 1791 601 1845 in
635 1791 872 1845 modum
901 1790 1114 1859 aurigae
1160 1789 1356 1842 sedere
1415 1789 1758 1856 ostenditur,
1813 1790 1963 1844 unde
1994 1805 2006 1842 :

321 1881 430 1945 Qui
471 1880 620 1934 sedes
645 1894 809 1948 super
861 1878 1154 1942 cherubim,
1181 1883 1284 1930 etc.
1314 1876 1610 1947 Seraphim
1645 1882 1836 1931 autem
1866 1895 2010 1948 prae-

318 1971 406 2020 ter
443 1968 597 2021 hunc
627 1968 817 2021 locum
849 1966 911 2020 in
957 1965 1267 2036 Scripturis
1307 1966 1593 2019 canonicis
1651 1982 1742 2020 me
1805 1967 2009 2036 legisse

322 2071 441 2108 non
473 2054 732 2108 memini.
769 2056 968 2108 Errant
999 2070 1135 2124 ergo
1163 2053 1340 2125 quiin
1369 2053 1634 2123 precibus
1666 2055 1850 2108 solent
1881 2054 2010 2108 scri-

317 2141 492 2196 bere:
528 2141 637 2206 Qui
669 2143 828 2196 sedes
858 2157 1030 2213 super
1069 2141 1364 2195 cherubim
1396 2147 1451 2196 et
1482 2142 1791 2212 seraphim.

393 2247 558 2301 Vnus.
599 2251 652 2301 2.
706 2276 775 2288 —
807 2247 1054 2311 Stabant,
1077 2248 1205 2316 (Ιο.)
1237 2247 1296 2301 Id
1329 2251 1432 2312 est,
1488 2252 1641 2302 stant
1692 2248 2010 2303 assistentia

325 2336 468 2398 Deo;
491 2337 686 2388 volant
715 2335 1162 2389 demonstrantia
1197 2337 1376 2390 Deum
1397 2337 1643 2403 ;nudant
1673 2338 1837 2407 quasi
1888 2354 2007 2392 me-

317 2422 614 2487 dietatem;
678 2438 791 2476 non
845 2422 1214 2480 manifestant
1257 2439 1387 2494 quae
1442 2425 1624 2478 velata
1678 2430 1838 2492 sunt;
1896 2441 2010 2479 non

319 2511 530 2576 velant,
567 2528 696 2582 quae
718 2517 855 2564 nota
879 2516 1029 2565 sunt.

388 2599 496 2654 Sea:
525 2601 626 2653 alae
665 2601 780 2653 uni.
813 2599 946 2668 (ιο.)
1007 2598 1322 2652 Victorinus
1372 2599 1673 2654 duodecim
1718 2603 2009 2672 apostolos

317 2687 611 2759 intelligit.
645 2689 759 2742 Nos
781 2693 968 2742 autem
1003 2688 1308 2744 duodecim
1350 2690 1567 2760 lapides
1616 2691 1810 2745 altaris
1864 2708 2009 2762 quos

312 2775 530 2830 ferrum
563 2791 678 2830 non
721 2776 930 2846 tetigit,
975 2781 1034 2830 et
1091 2775 1396 2831 duodecim
1454 2793 1712 2848 gemmas
1766 2778 1826 2832 in
1886 2779 2006 2834 dia-

315 2863 543 2918 demate
572 2863 899 2918 sacerdotis.

387 2953 516 3021 (ln.)
557 2953 686 3006 Alas
710 2952 921 3007 habere
943 2951 1212 3006 dicuntur
1228 2953 1441 3022 angeli,
1464 2953 1600 3024 quia
1630 2954 1690 3008 in
1745 2954 2004 3026 superio-

318 3040 472 3094 ribus
502 3045 951 3106 commorantur,
982 3041 1068 3096 vel
1091 3046 1327 3111 propter
1363 3043 1614 3096 velocem
1645 3044 1702 3098 in
1735 3043 2004 3099 omnibus

317 3128 662 3195 discursum,
693 3128 838 3182 sicut
865 3132 922 3183 et
950 3129 1103 3182 venti
1134 3129 1265 3183 elati
1287 3129 1573 3184 dicuntur.

387 3217 604 3272 Duabus
624 3217 876 3272 uelabant
896 3218 1088 3287 faciem
1107 3219 1247 3286 ejus.
1284 3221 1430 3272 Ante
1462 3219 1583 3272 haec
1610 3236 1739 3290 quae
1771 3219 2006 3276 fuerunt

316 3305 526 3369 nescio,
560 3310 691 3370 etc.,
723 3319 891 3374 usque
939 3305 1013 3359 ad
1060 3305 1248 3374 angeli
1281 3321 1508 3377 quoque
1563 3312 1620 3360 et
1666 3308 2002 3378 praedicato-

315 3409 406 3446 res
435 3392 579 3446 nihil
610 3392 745 3446 inde
766 3392 998 3456 docent;
1032 3392 1330 3447 similiter:

396 3479 655 3540 Volabant
689 3478 872 3547 pedes.
919 3478 1133 3548 (Ηιειι.)
1180 3479 1326 3542 Quid
1356 3484 1484 3550 post
1513 3481 1666 3535 hunc
1717 3484 2004 3538 mundum

318 3566 576 3619 futurum
612 3564 684 3618 sit
713 3565 1043 3635 ignoramus
1075 3581 1088 3618 :
1125 3567 1310 3619 media
1343 3572 1555 3633 tamen,
1589 3584 1718 3639 quae
1746 3585 1839 3623 sex
1885 3570 2003 3623 die-

315 3654 421 3707 bus
442 3654 528 3706 vel
560 3652 822 3707 mtatibus
866 3653 1012 3706 facta
1050 3659 1201 3718 sunt,
1235 3656 1319 3708 vel
1376 3656 1549 3724 ﬁunt;
1610 3657 2006 3727 cognoscimus

317 3746 540 3795 tantum
576 3741 805 3795 Duabus
822 3742 1097 3806 vetabant,
1131 3743 1269 3812 quia
1301 3743 1370 3797 de
1423 3743 1694 3813 praesenti
1750 3749 2002 3799 tantum-

317 3831 486 3885 modo
515 3829 780 3884 notitiam
815 3830 1111 3884 habemus.

388 3913 505 3983 (ln.)
536 3915 804 3970 Hebraeus
827 3932 988 3970 meus
1023 3917 1191 3988 longe
1249 3919 1359 3972 alia
1411 3919 1499 3972 via
1556 3919 1844 3990 ingressus
1899 3928 2003 3989 est,

313 4003 444 4066 etc.,
477 4017 646 4071 usque
705 4004 780 4057 ad
827 4010 961 4058 tunc
1021 4022 1150 4058 vere
1207 4011 1484 4076 purgatus
1537 4009 1722 4074 labiis,
1769 4009 1884 4063 dixi
1933 4011 2003 4064 ad

318 4088 624 4144 Dominum
658 4107 671 4145 :
707 4095 840 4146 Ecce
863 4109 978 4160 ego,
1004 4096 1156 4147 mitte
1185 4110 1284 4148 me.

387 4195 557 4250 VERS.
593 4199 644 4251 3.
687 4228 755 4237 —
777 4201 848 4252 Et
878 4199 1203 4254 clamabant.
1256 4199 1383 4269 (lo.)
1403 4201 1528 4255 Non
1557 4201 1756 4256 leviter
1787 4203 2003 4261 dicunt.

315 4283 412 4338 sed
442 4285 750 4340 salutarem
792 4286 1058 4340 omnibus
1087 4287 1503 4343 confessionem
1562 4291 1808 4345 clamore
1868 4309 2004 4362 pro—
2039 4276 2079 4329 ί)

316 4372 622 4427 nuntiant:
657 4373 917 4440 Sanctus,
946 4379 1192 4439 sanctus,
1253 4381 1504 4443 sanctus,
1555 4378 1691 4449 quia
1746 4384 1801 4432 et
1861 4379 2004 4449 ipsa,

314 4460 530 4515 scilicet
587 4463 876 4528 seraphim
931 4467 1160 4518 sancta:
1201 4464 1452 4518 sanctius
1518 4465 1674 4519 enim
1722 4467 1810 4520 his
1863 4468 2004 4521 nihil

314 4555 400 4602 est
434 4565 447 4603 :
484 4549 769 4604 mirantur
787 4557 982 4605 autem
1015 4552 1166 4623 quod
1195 4552 1366 4606 Filius
1390 4557 1612 4608 tantum
1644 4571 1702 4608 se
1734 4555 2002 4610 humilia-

314 4636 459 4690 verit
475 4642 534 4691 et
552 4653 780 4692 crucem
811 4639 1069 4706 subierit,
1101 4644 1158 4693 et
1181 4639 1422 4693 terrenis
1447 4640 1785 4697 innotuerit.

381 4726 640 4793 Sanctus,
697 4731 938 4794 sanctus,
1008 4733 1114 4782 etc.
1196 4728 1520 4798 Mysterium
1568 4731 1882 4788 Trinitatis.
1945 4734 2007 4785 In

311 4817 558 4885 utroque
612 4815 976 4869 Testamento
1029 4815 1275 4870 Trinitas
1323 4817 1684 4888 prmdicatur,
1733 4819 2007 4874 Dominus

312 4901 590 4967 Christus,
614 4902 834 4958 scilicet
854 4905 953 4974 qui
982 4904 1072 4958 hic
1101 4911 1349 4975 quatuor
1376 4906 1695 4962 litterarum
1716 4915 1818 4974 est,
1852 4909 2005 4980 quod

311 4990 544 5060 proprie
591 4991 660 5045 de
692 4993 806 5045 Deo
842 4994 1078 5063 ponitur
1113 5010 1126 5047 :
1163 4994 1280 5053 lod.
1314 4995 1411 5061 He,
1467 4996 1588 5060 Iod,
1615 4998 1725 5063 He;
1783 4998 1842 5052 id
1899 5004 2005 5063 est,

317 5077 431 5130 duo
449 5081 525 5146 ia,
571 5095 700 5149 quas
748 5079 1038 5150 duplicata
1067 5081 1351 5136 ineffabile
1385 5099 1592 5138 nomen
1633 5086 1730 5139 Dei
1767 5085 2000 5141 faciunt.

388 5166 566 5221 Plena
623 5173 700 5222 est
747 5173 916 5223 omnis
974 5175 1138 5223 terra.
1186 5171 1319 5240 ('ln.)
1351 5173 1415 5226 Et
1467 5172 1821 5243 implebitur,
1873 5180 2004 5241 etc.,

317 5269 485 5322 usque
507 5257 582 5309 ad
612 5261 740 5326 post
766 5257 906 5311 duos
937 5262 993 5311 et
1026 5259 1407 5330 quadraginta
1450 5277 1631 5316 annos
1666 5279 1699 5316 a
1739 5264 2006 5333 passione

314 5341 563 5396 Domini.

385 5447 548 5500 Vens.
584 5449 635 5501 4.
670 5478 738 5491 -
768 5451 1242 5519 Superliminaria.
1301 5453 1364 5506 In
1428 5454 1613 5508 Veteri
1643 5456 2006 5510 Testamento

323 5535 547 5588 locutus
579 5541 662 5588 est
693 5539 986 5606 Dominus,
1018 5544 1147 5605 etc.,
1172 5556 1338 5610 usque
1367 5543 1442 5595 ad
1496 5559 1668 5613 quem
1719 5545 2006 5614 capientes

2127 542 2246 580 mus
2267 527 2314 596 (Ι
2341 529 2471 581 Cor.
2503 526 2640 590 xm).

2198 614 2358 668 Vsus.
2397 617 2446 668 5.
2479 643 2546 653 —-
2577 614 2845 668 Pollutus.
2897 613 3024 681 Clu.)
3062 612 3175 665 Hoc
3219 610 3356 665 dicit
3410 626 3515 681 pro
3556 609 3828 664 societate

2125 703 2348 772 populi,
2380 719 2509 756 cum
2543 718 2661 772 quo
2691 700 3004 772 cogebatur
3030 700 3209 771 loqui.
3254 700 3497 754 Noxium
3545 703 3634 752 est
3689 715 3824 754 cum

2125 791 2518 860 peccatoribus
2549 791 2756 845 vivere.

2197 882 2309 945 Ego
2341 879 2542 932 habito.
2581 881 2723 934 Nota
2753 895 2884 933 cum
2929 878 3322 951 peccatoribus
3354 893 3469 931 non
3516 891 3638 930 esse
3695 890 3819 929 mo-

2126 969 2388 1022 randum.

2196 1059 2264 1110 Et
2294 1072 2470 1123 regem
2516 1058 2799 1110 Dominum
2856 1059 3193 1111 exercituum
3251 1055 3370 1109 vidi
3417 1055 3587 1110 oculis
3635 1055 3815 1107 meis:

2125 1149 2174 1196 et
2203 1145 2408 1197 volavit
2435 1144 2509 1197 ad
2559 1160 2640 1198 me
2669 1160 2829 1199 unus.
2871 1145 2960 1200 Sic
3015 1144 3303 1199 Abraham
3341 1148 3647 1213 postquam
3675 1139 3822 1194 vidit

2127 1231 2436 1285 Dominum
2468 1237 2524 1285 et
2550 1249 2746 1286 vocem
2778 1233 2902 1304 ejus
2931 1233 3168 1295 audivit,
3204 1247 3262 1284 se
3293 1230 3542 1284 cinerem
3573 1235 3631 1283 et
3688 1228 3818 1299 pul-

2123 1335 2314 1373 verem
2345 1336 2465 1373 esse
2497 1320 2819 1386 conﬁtetur,
2870 1319 3006 1391 quia
3033 1325 3474 1391 quantacunque
3503 1318 3576 1372 sit
3622 1317 3820 1372 homi-

2123 1423 2262 1462 num
2285 1407 2555 1478 dignitas,
2597 1409 2814 1462 vilescit
2839 1409 2898 1462 in
2933 1407 3357 1479 comparatione
3387 1409 3527 1476 ejus.

2195 1497 2354 1550 Vens.
2389 1500 2438 1550 6.
2476 1527 2543 1536 -
2574 1501 2648 1551 De
2690 1499 2985 1566 seraphim.
3018 1498 3145 1565 (10.)
3175 1495 3470 1566 Seraphim
3500 1509 3605 1564 per
3632 1509 3705 1557 m,
3759 1493 3818 1544 iu

2122 1585 2434 1638 masculino
2457 1602 2665 1655 genere
2693 1601 2794 1655 per
2824 1603 2882 1653 n,
2918 1585 2975 1640 in
3005 1591 3210 1638 neutro
3241 1600 3453 1655 genere
3483 1582 3699 1652 plurali
3728 1581 3818 1634 di-

2120 1671 2322 1727 cimus.
2354 1673 2653 1743 Seraphim
2684 1678 2874 1727 tamen
2915 1673 3284 1744 singulariter
3312 1671 3420 1726 dici
3444 1675 3652 1742 potest,
3714 1668 3818 1722 sic-

2122 1765 2184 1814 ut
2212 1760 2508 1815 cherubim
2543 1767 2598 1816 et
2626 1762 2861 1816 cherub.

2189 1851 2261 1903 Et
2291 1851 2349 1903 in
2381 1865 2547 1903 manu
2569 1851 2705 1918 ejus.
2769 1851 2826 1903 ld
2882 1855 2986 1915 est,
3047 1849 3385 1920 operatione
3427 1849 3571 1920 ejus,
3628 1847 3688 1901 id
3729 1849 3818 1900 est

2121 1937 2349 1992 Christi.
2384 1938 2665 2004 Calculus,
2701 1938 2755 1991 id
2789 1943 2874 1992 est
2931 1939 3196 2004 charitas,
3251 1953 3426 2008 quem
3485 1937 3722 2006 forcipe,
3756 1935 3816 1988 id

2121 2031 2206 2079 est
2259 2027 2518 2081 doctrina
2560 2028 2807 2082 duarum
2850 2029 3368 2095 Testamentorum,
3407 2026 3476 2080 de
3515 2024 3682 2079 altari
3719 2030 3818 2077 tu-

2119 2113 2365 2178 lerat,'et
2395 2115 2554 2169 Isaia:
2581 2116 2641 2169 in
2667 2116 2993 2186 exemplum
3021 2119 3310 2184 posuerat.

2189 2204 2455 2264 Calculus.
2505 2203 2644 2274 (lo.)
2680 2205 2845 2258 LXX:
2907 2203 3312 2266 carbunculus,
3372 2201 3517 2272 lapis
3572 2201 3814 2271 ignitus,

2121 2292 2218 2360 qui
2248 2296 2481 2362 propter
2510 2293 2840 2346 ﬂammeum
2871 2292 3122 2345 colorem
3157 2291 3358 2360 igneus
3379 2290 3604 2344 dicitur.

2191 2380 2429 2448 Forcipe.
2485 2380 2633 2449 (ῐυ.)
2705 2380 2831 2433 llam
2889 2383 2974 2433 est
3021 2379 3170 2432 scala
3223 2376 3392 2431 Jacob
3448 2377 3675 2446 gladius
3728 2377 3818 2431 his

2121 2472 2338 2532 acutus,
2395 2472 2525 2532 etc.,
2581 2483 2746 2535 usque
2800 2467 2876 2520 ad
2906 2466 3005 2520 Dei
3063 2481 3395 2520 sermonem
3429 2465 3645 2535 duplici
3695 2465 3820 2519 acie

2119 2560 2540 2625 praeceptorum
2565 2554 3075 2625 comprehenderis.

2191 2646 2262 2698 De
2293 2645 2481 2698 altari.
2508 2644 2668 2709 Quod
2699 2644 2944 2697 Joannes
2973 2642 3115 2698 vidit
3146 2643 3204 2696 in
3235 2642 3596 2712 Apocalypsi,
3657 2643 3816 2713 quod

2119 2737 2207 2786 est
2237 2732 2471 2802 plenum
2503 2731 2732 2786 calculis
2786 2731 3005 2802 ignitis,
3041 2730 3251 2801 quibus
3281 2737 3521 2800 possunt
3582 2737 3815 2801 peccata

2118 2837 2193 2891 pu
2204 2820 2377 2890 rgari.

2190 2909 2348 2962 Vens.
2418 2913 2467 2962 7.
2516 2938 2584 2947 —-
2634 2911 2766 2963 Ecce
2813 2909 2966 2974 tetigi
3023 2908 3171 2961 labia
3228 2912 3370 2960 tua:
3407 2905 3601 2959 unde:
3657 2907 3813 2971 Quid

2039 2993 2080 3048 C
2118 2996 2276 3050 detur
2306 2997 2407 3050 tibi
2459 3001 2557 3049 aut
2586 2997 2721 3064 quid
2764 2997 3072 3063 adjiciatur
3102 2995 3204 3048 tibi
3231 2995 3306 3047 ad
3365 2995 3605 3061 linguam
3649 2995 3810 3049 dolo-

2114 3089 2269 3138 sam?
2297 3085 2524 3150 Sagitta
2548 3085 2782 3152 potentis
2825 3088 2996 3136 acutae
3050 3098 3169 3137 cum
3217 3081 3536 3136 carbonibus
3593 3081 3806 3136 desola-

2117 3174 2272 3225 toriis
2305 3171 2475 3238 (Psal.
2519 3170 2683 3233 cxrx).
2719 3169 2816 3222 Hic
2844 3174 2928 3222 est
2983 3185 3172 3222 sermo
3236 3168 3354 3235 Dei,
3397 3169 3465 3221 de
3495 3183 3608 3239 quo
3662 3168 3803 3222 dici-

2115 3263 2244 3311 tur:
2298 3258 2477 3312 Habes
2535 3257 2808 3310 carbones
2852 3256 3024 3326 ignis,
3076 3255 3297 3310 sedebis
3355 3271 3527 3326 super
3581 3271 3701 3319 eos,
3747 3252 3806 3308 bi

2115 3350 2284 3399 erunt
2311 3345 2415 3398 tibi
2445 3346 2506 3398 in
2525 3344 2898 3413 adjutorium.

2186 3437 2256 3489 Et
2299 3437 2579 3500 auferetur
2625 3433 2918 3502 iniquitas.
2978 3433 3101 3498 (lo.)
3166 3432 3459 3497 Jeremias,
3517 3431 3616 3501 qui
3662 3446 3810 3500 puer

2116 3526 2257 3588 erat,
2314 3521 2441 3575 ideo
2495 3537 2641 3590 pene
2690 3520 3020 3574 immunisa
3075 3527 3307 3591 peccato
3363 3521 3541 3574 solius
3602 3535 3810 3572 manus

2115 3613 2328 3664 attactu
2379 3615 2678 3679 purgatur.
2728 3609 2810 3662 Ad
2872 3608 3077 3663 Isaiam
3136 3624 3269 3662 vero
3301 3608 3484 3662 dicit:
3529 3607 3624 3660 Vir
3677 3608 3812 3678 pol-

2115 3697 2267 3749 lutus
2297 3695 2461 3749 labiis
2484 3711 2590 3764 ego
2621 3711 2770 3754 sum,
2826 3697 3064 3765 angelus
3095 3710 3226 3748 cum
3285 3695 3502 3748 calculo
3535 3693 3807 3747 mittitur.

2186 3785 2353 3838 Vens.
2393 3787 2443 3838 8.
2472 3811 2536 3822 ——-
2570 3784 2735 3848 Quem
2790 3785 3043 3838 mittam?
3072 3783 3198 3836 Non
3250 3782 3425 3852 cogit,
3453 3781 3548 3835 sed
3598 3783 3806 3835 volun~

2115 3877 2289 3926 tatem
2323 3871 2532 3942 quaerit
2563 3887 2576 3925 :
2611 3873 2870 3925 voluntas
2911 3871 3066 3924 enim
3099 3871 3214 3924 sola
3259 3869 3565 3940 pra-mium
3621 3885 3808 3922 mere-

2115 3967 2226 4016 tur.
2263 3961 2434 4015 lsaias
2465 3964 2677 4026 autem,
2705 3965 2976 4031 tanquam
3009 3964 3308 4030 purgatus,
3343 3959 3511 4012 oti‘ert
3542 3974 3602 4010 se
3633 3974 3806 4028 spon-

2116 4055 2338 4104 taueus.

2184 4139 2340 4192 Mitte
2365 4152 2468 4190 me.
2495 4135 2618 4206 (ln.)
2653 4137 2822 4191 Putat
2855 4152 2914 4189 se
2959 4136 3176 4190 bonum
3212 4133 3631 4200 nunti.iturum,
3673 4139 3806 4191 etc..

2117 4241 2286 4296 usque
2338 4227 2411 4280 ad
2468 4242 2581 4279 non
2661 4224 2997 4278 temeritatis
3074 4240 3216 4287 esse,
3286 4222 3386 4276 sed
3441 4221 3810 4288 obedientiaa,

2118 4315 2272 4386 quod
2299 4331 2357 4366 se
2387 4313 2678 4368 obtulerit.

2186 4404 2356 4458 Vens.
2390 4408 2441 4458 9.
2475 4431 2544 4443 -—
2598 4402 2805 4457 Audite
2855 4401 3154 4455 audientes.
3211 4400 3346 4470 (ln.)
3376 4399 3550 4454 Lucas
3603 4413 3806 4452 secun-

2114 4489 2248 4544 dum
2301 4491 2426 4545 LXX
2482 4490 2544 4544 in
2597 4489 2831 4543 Actibus
2879 4488 3315 4557 apostolorum:
3378 4488 3525 4540 Auro
3566 4486 3810 4540 audietis

2114 4583 2165 4633 et
2209 4595 2315 4632 non
2367 4580 2701 4646 intelligetis,
2756 4583 2887 4641 etc.,
2944 4591 3113 4645 usque
3167 4575 3244 4629 ad
3289 4579 3344 4629 et
3391 4574 3570 4644 magis
3599 4575 3814 4629 Graecis

2115 4681 2289 4737 quam
2322 4666 2614 4719 Hebraicis
2645 4665 2829 4718 utitur
2857 4663 3216 4717 testimoniis.

2186 4755 2348 4808 Vsus.
2386 4756 2468 4808 l0.
2502 4755 2842 4818 —E:rc2ca,
2894 4757 2998 4806 etc.
3050 4751 3180 4821 (lo)
3248 4751 3353 4807 Cui
3407 4749 3620 4818 simile,
3671 4755 3810 4818 etc.,

2114 4858 2284 4913 usque
2311 4842 2386 4896 ad
2413 4857 2519 4896 nec
2575 4847 2661 4894 est
2693 4840 2794 4896 Dei
2851 4840 3177 4906 crudelitas,
3236 4841 3336 4894 sed
3389 4838 3810 4903 misericordia,

2116 4931 2442 4985 inﬁdelibus
2473 4929 2778 4995 excaecatis,
2815 4929 3064 4983 humiles
3084 4928 3427 4982 illuminare.

2185 5021 2256 5074 Et
2304 5022 2666 5072 convertatur.
2727 5017 3000 5081 Quamvis
3029 5032 3198 5086 grave
3255 5019 3552 5086 peccatum
3608 5014 3702 5078 sit,
3763 5015 3813 5068 si

2114 5109 2478 5161 convertatur
2499 5106 2648 5176 quis,
2678 5111 2866 5177 potest
2894 5106 3101 5160 salvari
3130 5120 3144 5157 :
3187 5107 3280 5158 sed
3317 5104 3374 5157 hi
3421 5119 3524 5174 pro
3581 5104 3812 5174 magni-

2114 5194 2314 5248 tudine
2340 5194 2586 5259 sceleris,
2608 5193 2946 5264 pcenitentia
2978 5198 3111 5246 sunt
3132 5190 3374 5261 indigni.

2187 5284 2344 5337 Vens.
2383 5286 2464 5338 t3.
2510 5313 2582 5322 —
2621 5286 2692 5338 Et
2729 5283 2926 5337 adhuc.
2991 5283 3057 5335 Et
3084 5297 3210 5351 pro,
3267 5279 3324 5332 id
3371 5283 3474 5343 est,
3525 5278 3715 5333 adhuc
3747 5295 3816 5334 ex

2114 5386 2180 5424 ea
2199 5375 2372 5438 gente
2401 5370 2725 5435 decimatio,
2752 5370 2917 5441 quasi
2963 5368 3148 5423 adhuc
3191 5365 3409 5421 decima
3463 5382 3598 5436 pars
3647 5366 3808 5422 illius

2119 5458 2303 5529 gentis
2333 5459 2666 5513 remanebit.

2187 5549 2256 5601 Et
2284 5549 2405 5601 erit.
2453 5547 2571 5602 Sub
2625 5545 2893 5613 Adriano,
2925 5545 3118 5600 Iudaea
3171 5542 3381 5596 iterum
3437 5547 3651 5596 vastata
3703 5549 3814 5602 est,
