  <div class='ocr_page' id='page_1' title='image "/cluster/home/n/w/nwhite01/storage/ocr_20150623/113/hvd.32044054759782/628.png"; bbox 0 0 4074 6186; ppageno 0'>
   <div class='ocr_carea' id='block_1_1' title="bbox 278 320 411 373">
    <p class='ocr_par' dir='ltr' id='par_1_1' title="bbox 278 320 411 373">
     <span class='ocr_line' id='line_1_1' title="bbox 278 320 411 373; baseline -0.015 0"><span class='ocrx_word' id='word_1_1' title='bbox 278 320 411 373; x_wconf 69' lang='grc'>1245</span> 
     </span>
    </p>
   </div>
   <div class='ocr_carea' id='block_1_2' title="bbox 1414 312 2663 371">
    <p class='ocr_par' dir='ltr' id='par_1_2' title="bbox 1414 312 2663 371">
     <span class='ocr_line' id='line_1_2' title="bbox 1414 312 2663 371; baseline -0.006 0"><span class='ocrx_word' id='word_1_2' title='bbox 1414 316 1667 371; x_wconf 80' lang='lat' dir='ltr'>GLOSSA</span> <span class='ocrx_word' id='word_1_3' title='bbox 1706 314 2114 371; x_wconf 75' lang='lat' dir='ltr'>ORDINARIA.</span> <span class='ocrx_word' id='word_1_4' title='bbox 2163 344 2229 354; x_wconf 92' lang='lat'><strong><em>—</em></strong></span> <span class='ocrx_word' id='word_1_5' title='bbox 2276 314 2402 369; x_wconf 85' lang='lat' dir='ltr'>LIB.</span> <span class='ocrx_word' id='word_1_6' title='bbox 2448 312 2663 367; x_wconf 70' lang='lat' dir='ltr'>ISAIAS.</span> 
     </span>
    </p>
   </div>
   <div class='ocr_carea' id='block_1_3' title="bbox 3648 307 3778 361">
    <p class='ocr_par' dir='ltr' id='par_1_3' title="bbox 3648 307 3778 361">
     <span class='ocr_line' id='line_1_3' title="bbox 3648 307 3778 361; baseline -0.031 0"><span class='ocrx_word' id='word_1_7' title='bbox 3648 310 3662 361; x_wconf 82' lang='grc' dir='ltr'><strong>Ι</strong></span> <span class='ocrx_word' id='word_1_8' title='bbox 3678 307 3778 360; x_wconf 57' lang='lat'>2-16</span> 
     </span>
    </p>
   </div>
   <div class='ocr_carea' id='block_1_4' title="bbox 266 430 3778 511">
    <p class='ocr_par' dir='ltr' id='par_1_4' title="bbox 266 430 3778 511">
     <span class='ocr_line' id='line_1_4' title="bbox 266 430 3778 511; baseline -0.002 -19"><span class='ocrx_word' id='word_1_9' title='bbox 266 438 750 511; x_wconf 86' lang='lat' dir='ltr'>quinquagesimo</span> <span class='ocrx_word' id='word_1_10' title='bbox 784 454 917 491; x_wconf 85' lang='lat' dir='ltr'>vero</span> <span class='ocrx_word' id='word_1_11' title='bbox 950 455 1098 492; x_wconf 90' lang='lat' dir='ltr'>anno</span> <span class='ocrx_word' id='word_1_12' title='bbox 1147 442 1275 508; x_wconf 90' lang='lat' dir='ltr'>post</span> <span class='ocrx_word' id='word_1_13' title='bbox 1323 438 1711 508; x_wconf 72' lang='lat' dir='ltr'>captivitatem</span> <span class='ocrx_word' id='word_1_14' title='bbox 1753 439 2039 493; x_wconf 80' lang='lat' dir='ltr'>Roma-A</span> <span class='ocrx_word' id='word_1_15' title='bbox 2080 454 2180 506; x_wconf 86' lang='lat' dir='ltr'>que</span> <span class='ocrx_word' id='word_1_16' title='bbox 2219 437 2294 491; x_wconf 83' lang='lat' dir='ltr'>ad</span> <span class='ocrx_word' id='word_1_17' title='bbox 2339 436 2493 507; x_wconf 82' lang='lat' dir='ltr'>quod</span> <span class='ocrx_word' id='word_1_18' title='bbox 2546 435 2825 489; x_wconf 82' lang='lat' dir='ltr'>violenter</span> <span class='ocrx_word' id='word_1_19' title='bbox 2882 450 3002 488; x_wconf 88' lang='lat' dir='ltr'>esse</span> <span class='ocrx_word' id='word_1_20' title='bbox 3054 438 3317 487; x_wconf 83' lang='lat' dir='ltr'>exortum</span> <span class='ocrx_word' id='word_1_21' title='bbox 3367 433 3539 487; x_wconf 86' lang='lat' dir='ltr'>etiam</span> <span class='ocrx_word' id='word_1_22' title='bbox 3594 430 3778 485; x_wconf 90' lang='lat' dir='ltr'>stultis</span> 
     </span>
    </p>
   </div>
   <div class='ocr_carea' id='block_1_5' title="bbox 266 526 1968 596">
    <p class='ocr_par' dir='ltr' id='par_1_5' title="bbox 266 526 1968 596">
     <span class='ocr_line' id='line_1_5' title="bbox 266 526 1968 596; baseline -0.001 -16"><span class='ocrx_word' id='word_1_23' title='bbox 266 544 499 581; x_wconf 89' lang='lat' dir='ltr'>norum.</span> <span class='ocrx_word' id='word_1_24' title='bbox 537 526 813 581; x_wconf 86' lang='lat' dir='ltr'>Prohibiti</span> <span class='ocrx_word' id='word_1_25' title='bbox 842 526 993 580; x_wconf 92' lang='lat' dir='ltr'>enim</span> <span class='ocrx_word' id='word_1_26' title='bbox 1026 530 1160 579; x_wconf 89' lang='lat' dir='ltr'>sunt</span> <span class='ocrx_word' id='word_1_27' title='bbox 1192 526 1434 596; x_wconf 79' lang='lat' dir='ltr'>publicis</span> <span class='ocrx_word' id='word_1_28' title='bbox 1468 526 1686 594; x_wconf 79' lang='lat' dir='ltr'>legibus</span> <span class='ocrx_word' id='word_1_29' title='bbox 1714 526 1968 579; x_wconf 63' lang='lat' dir='ltr'>Judaeum</span> 
     </span>
    </p>
   </div>
   <div class='ocr_carea' id='block_1_6' title="bbox 267 615 504 669">
    <p class='ocr_par' dir='ltr' id='par_1_6' title="bbox 267 615 504 669">
     <span class='ocr_line' id='line_1_6' title="bbox 267 615 504 669; baseline 0.004 -1"><span class='ocrx_word' id='word_1_30' title='bbox 267 615 504 669; x_wconf 87' lang='lat' dir='ltr'>intrare.</span> 
     </span>
    </p>
   </div>
   <div class='ocr_carea' id='block_1_7' title="bbox 932 685 1312 740">
    <p class='ocr_par' dir='ltr' id='par_1_7' title="bbox 932 685 1312 740">
     <span class='ocr_line' id='line_1_7' title="bbox 932 685 1312 740; baseline -0.005 0"><span class='ocrx_word' id='word_1_31' title='bbox 932 685 1159 740; x_wconf 82' lang='lat' dir='ltr'>CAPUT</span> <span class='ocrx_word' id='word_1_32' title='bbox 1202 685 1312 738; x_wconf 88' lang='lat' dir='ltr'>VII.</span> 
     </span>
    </p>
   </div>
   <div class='ocr_carea' id='block_1_8' title="bbox 343 790 1965 857">
    <p class='ocr_par' dir='ltr' id='par_1_8' title="bbox 343 790 1965 857">
     <span class='ocr_line' id='line_1_8' title="bbox 343 790 1965 857; baseline 0.001 -17"><span class='ocrx_word' id='word_1_33' title='bbox 343 792 516 846; x_wconf 80' lang='lat' dir='ltr'>Vens.</span> <span class='ocrx_word' id='word_1_34' title='bbox 563 795 609 844; x_wconf 85' lang='lat' dir='ltr'>l.</span> <span class='ocrx_word' id='word_1_35' title='bbox 658 820 727 831; x_wconf 85' lang='lat'>—-</span> <span class='ocrx_word' id='word_1_36' title='bbox 790 795 851 846; x_wconf 84' lang='lat' dir='ltr'>Et</span> <span class='ocrx_word' id='word_1_37' title='bbox 911 793 1119 857; x_wconf 80' lang='lat' dir='ltr'>factum</span> <span class='ocrx_word' id='word_1_38' title='bbox 1149 796 1226 846; x_wconf 87' lang='lat' dir='ltr'>est</span> <span class='ocrx_word' id='word_1_39' title='bbox 1270 794 1328 845; x_wconf 86' lang='lat' dir='ltr'>in</span> <span class='ocrx_word' id='word_1_40' title='bbox 1357 790 1543 845; x_wconf 84' lang='lat' dir='ltr'>diebus</span> <span class='ocrx_word' id='word_1_41' title='bbox 1590 791 1799 857; x_wconf 76' lang='lat' dir='ltr'>Achuz,</span> <span class='ocrx_word' id='word_1_42' title='bbox 1860 794 1965 844; x_wconf 90' lang='lat' dir='ltr'>etc.</span> 
     </span>
    </p>
   </div>
   <div class='ocr_carea' id='block_1_9' title="bbox 265 879 1967 950">
    <p class='ocr_par' dir='ltr' id='par_1_9' title="bbox 265 879 1967 950">
     <span class='ocr_line' id='line_1_9' title="bbox 265 879 1967 950; baseline -0.001 -17"><span class='ocrx_word' id='word_1_43' title='bbox 265 879 478 947; x_wconf 61' lang='lat' dir='ltr'>(illum)</span> <span class='ocrx_word' id='word_1_44' title='bbox 527 880 665 944; x_wconf 65' lang='lat' dir='ltr'>Quae</span> <span class='ocrx_word' id='word_1_45' title='bbox 705 880 913 950; x_wconf 89' lang='lat' dir='ltr'>scripta</span> <span class='ocrx_word' id='word_1_46' title='bbox 944 885 1079 934; x_wconf 90' lang='lat' dir='ltr'>sunt</span> <span class='ocrx_word' id='word_1_47' title='bbox 1110 896 1290 950; x_wconf 79' lang='lat' dir='ltr'>usque</span> <span class='ocrx_word' id='word_1_48' title='bbox 1322 880 1390 933; x_wconf 89' lang='lat' dir='ltr'>ad</span> <span class='ocrx_word' id='word_1_49' title='bbox 1433 881 1584 933; x_wconf 89' lang='lat' dir='ltr'>hunc</span> <span class='ocrx_word' id='word_1_50' title='bbox 1643 879 1829 932; x_wconf 90' lang='lat' dir='ltr'>locum</span> <span class='ocrx_word' id='word_1_51' title='bbox 1864 879 1967 932; x_wconf 89' lang='lat' dir='ltr'>sub</span> 
     </span>
    </p>
   </div>
   <div class='ocr_carea' id='block_1_10' title="bbox 270 967 1975 1038">
    <p class='ocr_par' dir='ltr' id='par_1_10' title="bbox 270 967 1975 1038">
     <span class='ocr_line' id='line_1_10' title="bbox 270 967 1975 1038; baseline 0.001 -15"><span class='ocrx_word' id='word_1_52' title='bbox 270 970 405 1023; x_wconf 80' lang='lat' dir='ltr'>()zia</span> <span class='ocrx_word' id='word_1_53' title='bbox 444 975 501 1022; x_wconf 88' lang='lat' dir='ltr'>et</span> <span class='ocrx_word' id='word_1_54' title='bbox 517 968 760 1023; x_wconf 79' lang='lat' dir='ltr'>Joathan</span> <span class='ocrx_word' id='word_1_55' title='bbox 793 969 909 1022; x_wconf 88' lang='lat' dir='ltr'>tilio</span> <span class='ocrx_word' id='word_1_56' title='bbox 940 970 1084 1038; x_wconf 86' lang='lat' dir='ltr'>ejus,</span> <span class='ocrx_word' id='word_1_57' title='bbox 1144 969 1261 1022; x_wconf 82' lang='lat' dir='ltr'>visa</span> <span class='ocrx_word' id='word_1_58' title='bbox 1288 973 1424 1021; x_wconf 88' lang='lat' dir='ltr'>sunt</span> <span class='ocrx_word' id='word_1_59' title='bbox 1457 985 1469 1021; x_wconf 87' lang='lat'>:</span> <span class='ocrx_word' id='word_1_60' title='bbox 1515 973 1837 1038; x_wconf 87' lang='lat' dir='ltr'>sequuntur</span> <span class='ocrx_word' id='word_1_61' title='bbox 1865 967 1975 1024; x_wconf 83' lang='lat' dir='ltr'>sub.</span> 
     </span>
    </p>
   </div>
   <div class='ocr_carea' id='block_1_11' title="bbox 266 1056 1961 1128">
    <p class='ocr_par' dir='ltr' id='par_1_11' title="bbox 266 1056 1961 1128">
     <span class='ocr_line' id='line_1_11' title="bbox 266 1056 1961 1128; baseline -0.001 -17"><span class='ocrx_word' id='word_1_62' title='bbox 266 1058 450 1111; x_wconf 84' lang='lat' dir='ltr'>Achaz</span> <span class='ocrx_word' id='word_1_63' title='bbox 483 1073 615 1127; x_wconf 90' lang='lat' dir='ltr'>rege</span> <span class='ocrx_word' id='word_1_64' title='bbox 647 1057 1009 1127; x_wconf 91' lang='lat' dir='ltr'>impiissimo,</span> <span class='ocrx_word' id='word_1_65' title='bbox 1045 1057 1144 1128; x_wconf 87' lang='lat' dir='ltr'>qui</span> <span class='ocrx_word' id='word_1_66' title='bbox 1176 1075 1207 1111; x_wconf 88' lang='lat' dir='ltr'>a</span> <span class='ocrx_word' id='word_1_67' title='bbox 1241 1059 1351 1111; x_wconf 87' lang='lat' dir='ltr'>Deo</span> <span class='ocrx_word' id='word_1_68' title='bbox 1382 1056 1684 1110; x_wconf 87' lang='lat' dir='ltr'>derelictus</span> <span class='ocrx_word' id='word_1_69' title='bbox 1724 1056 1794 1110; x_wconf 89' lang='lat' dir='ltr'>ab</span> <span class='ocrx_word' id='word_1_70' title='bbox 1844 1056 1961 1109; x_wconf 78' lang='lat' dir='ltr'>ini-</span> 
     </span>
    </p>
   </div>
   <div class='ocr_carea' id='block_1_12' title="bbox 272 1146 844 1216">
    <p class='ocr_par' dir='ltr' id='par_1_12' title="bbox 272 1146 844 1216">
     <span class='ocr_line' id='line_1_12' title="bbox 272 1146 844 1216; baseline 0.002 -18"><span class='ocrx_word' id='word_1_71' title='bbox 272 1146 432 1198; x_wconf 86' lang='lat' dir='ltr'>micis</span> <span class='ocrx_word' id='word_1_72' title='bbox 462 1151 844 1216; x_wconf 76' lang='lat' dir='ltr'>expugnatur.</span> 
     </span>
    </p>
   </div>
   <div class='ocr_carea' id='block_1_13' title="bbox 343 1232 1970 1304">
    <p class='ocr_par' dir='ltr' id='par_1_13' title="bbox 343 1232 1970 1304">
     <span class='ocr_line' id='line_1_13' title="bbox 343 1232 1970 1304; baseline -0.001 -17"><span class='ocrx_word' id='word_1_73' title='bbox 343 1235 549 1288; x_wconf 82' lang='lat' dir='ltr'>Achaz.</span> <span class='ocrx_word' id='word_1_74' title='bbox 608 1235 716 1298; x_wconf 89' lang='lat' dir='ltr'>Qui</span> <span class='ocrx_word' id='word_1_75' title='bbox 769 1234 971 1287; x_wconf 84' lang='lat' dir='ltr'>clausit</span> <span class='ocrx_word' id='word_1_76' title='bbox 998 1236 1204 1304; x_wconf 88' lang='lat' dir='ltr'>januas</span> <span class='ocrx_word' id='word_1_77' title='bbox 1257 1234 1456 1304; x_wconf 82' lang='lat' dir='ltr'>templi</span> <span class='ocrx_word' id='word_1_78' title='bbox 1502 1239 1558 1287; x_wconf 89' lang='lat' dir='ltr'>et</span> <span class='ocrx_word' id='word_1_79' title='bbox 1609 1232 1817 1286; x_wconf 88' lang='lat' dir='ltr'>Baalim</span> <span class='ocrx_word' id='word_1_80' title='bbox 1867 1232 1970 1285; x_wconf 87' lang='lat' dir='ltr'>ad-</span> 
     </span>
    </p>
   </div>
   <div class='ocr_carea' id='block_1_14' title="bbox 268 1322 1969 1387">
    <p class='ocr_par' dir='ltr' id='par_1_14' title="bbox 268 1322 1969 1387">
     <span class='ocr_line' id='line_1_14' title="bbox 268 1322 1969 1387; baseline -0.001 -11"><span class='ocrx_word' id='word_1_81' title='bbox 268 1322 470 1387; x_wconf 80' lang='lat' dir='ltr'>oravit,</span> <span class='ocrx_word' id='word_1_82' title='bbox 504 1322 686 1376; x_wconf 87' lang='lat' dir='ltr'>tilium</span> <span class='ocrx_word' id='word_1_83' title='bbox 716 1338 885 1376; x_wconf 92' lang='lat' dir='ltr'>suum</span> <span class='ocrx_word' id='word_1_84' title='bbox 939 1323 1089 1376; x_wconf 92' lang='lat' dir='ltr'>idolo</span> <span class='ocrx_word' id='word_1_85' title='bbox 1111 1322 1483 1387; x_wconf 81' lang='lat' dir='ltr'>consecravit,</span> <span class='ocrx_word' id='word_1_86' title='bbox 1535 1322 1711 1375; x_wconf 87' lang='lat' dir='ltr'>altare</span> <span class='ocrx_word' id='word_1_87' title='bbox 1743 1336 1969 1374; x_wconf 80' lang='lat' dir='ltr'>aeneum</span> 
     </span>
    </p>
   </div>
   <div class='ocr_carea' id='block_1_15' title="bbox 266 1410 1970 1481">
    <p class='ocr_par' dir='ltr' id='par_1_15' title="bbox 266 1410 1970 1481">
     <span class='ocr_line' id='line_1_15' title="bbox 266 1410 1970 1481; baseline -0.001 -18"><span class='ocrx_word' id='word_1_88' title='bbox 266 1412 522 1473; x_wconf 84' lang='lat' dir='ltr'>abstulit,</span> <span class='ocrx_word' id='word_1_89' title='bbox 556 1416 611 1463; x_wconf 91' lang='lat' dir='ltr'>et</span> <span class='ocrx_word' id='word_1_90' title='bbox 646 1412 822 1463; x_wconf 88' lang='lat' dir='ltr'>altare</span> <span class='ocrx_word' id='word_1_91' title='bbox 888 1411 1175 1464; x_wconf 83' lang='lat' dir='ltr'>idolorum</span> <span class='ocrx_word' id='word_1_92' title='bbox 1219 1411 1280 1463; x_wconf 91' lang='lat' dir='ltr'>in</span> <span class='ocrx_word' id='word_1_93' title='bbox 1323 1411 1538 1481; x_wconf 87' lang='lat' dir='ltr'>templo</span> <span class='ocrx_word' id='word_1_94' title='bbox 1583 1410 1794 1479; x_wconf 85' lang='lat' dir='ltr'>posuit.</span> <span class='ocrx_word' id='word_1_95' title='bbox 1837 1410 1970 1462; x_wconf 82' lang='lat' dir='ltr'>Jure</span> 
     </span>
    </p>
   </div>
   <div class='ocr_carea' id='block_1_16' title="bbox 268 1498 1967 1569">
    <p class='ocr_par' dir='ltr' id='par_1_16' title="bbox 268 1498 1967 1569">
     <span class='ocr_line' id='line_1_16' title="bbox 268 1498 1967 1569; baseline -0.002 -16"><span class='ocrx_word' id='word_1_96' title='bbox 268 1515 406 1569; x_wconf 90' lang='lat' dir='ltr'>ergo</span> <span class='ocrx_word' id='word_1_97' title='bbox 432 1516 463 1551; x_wconf 88' lang='lat' dir='ltr'>a</span> <span class='ocrx_word' id='word_1_98' title='bbox 495 1500 735 1553; x_wconf 93' lang='lat' dir='ltr'>Domino</span> <span class='ocrx_word' id='word_1_99' title='bbox 768 1500 1075 1553; x_wconf 70' lang='lat' dir='ltr'>derelictus</span> <span class='ocrx_word' id='word_1_100' title='bbox 1123 1504 1206 1552; x_wconf 92' lang='lat' dir='ltr'>est</span> <span class='ocrx_word' id='word_1_101' title='bbox 1243 1514 1256 1551; x_wconf 90' lang='lat'>:</span> <span class='ocrx_word' id='word_1_102' title='bbox 1290 1502 1357 1553; x_wconf 86' lang='lat' dir='ltr'>Et</span> <span class='ocrx_word' id='word_1_103' title='bbox 1389 1503 1743 1552; x_wconf 66' lang='lat' dir='ltr'>surrexerunt</span> <span class='ocrx_word' id='word_1_104' title='bbox 1774 1498 1967 1551; x_wconf 76' lang='lat' dir='ltr'>adver-</span> 
     </span>
    </p>
   </div>
   <div class='ocr_carea' id='block_1_17' title="bbox 272 1588 1253 1656">
    <p class='ocr_par' dir='ltr' id='par_1_17' title="bbox 272 1588 1253 1656">
     <span class='ocr_line' id='line_1_17' title="bbox 272 1588 1253 1656; baseline -0.001 -16"><span class='ocrx_word' id='word_1_105' title='bbox 272 1602 365 1640; x_wconf 87' lang='lat' dir='ltr'>sus</span> <span class='ocrx_word' id='word_1_106' title='bbox 384 1602 503 1639; x_wconf 87' lang='lat' dir='ltr'>eum</span> <span class='ocrx_word' id='word_1_107' title='bbox 523 1589 737 1640; x_wconf 83' lang='lat' dir='ltr'>inimici</span> <span class='ocrx_word' id='word_1_108' title='bbox 761 1588 834 1656; x_wconf 88' lang='lat' dir='ltr'>(II</span> <span class='ocrx_word' id='word_1_109' title='bbox 866 1589 996 1642; x_wconf 84' lang='lat' dir='ltr'>Par.</span> <span class='ocrx_word' id='word_1_110' title='bbox 1034 1589 1253 1655; x_wconf 73' lang='lat' dir='ltr'>xxviii):</span> 
     </span>
    </p>
   </div>
   <div class='ocr_carea' id='block_1_18' title="bbox 340 1674 1968 1745">
    <p class='ocr_par' dir='ltr' id='par_1_18' title="bbox 340 1674 1968 1745">
     <span class='ocr_line' id='line_1_18' title="bbox 340 1674 1968 1745; baseline -0.001 -16"><span class='ocrx_word' id='word_1_111' title='bbox 340 1674 622 1740; x_wconf 80' lang='lat' dir='ltr'>Ascendit,</span> <span class='ocrx_word' id='word_1_112' title='bbox 675 1676 944 1729; x_wconf 89' lang='lat' dir='ltr'>secundo.</span> <span class='ocrx_word' id='word_1_113' title='bbox 999 1675 1190 1729; x_wconf 89' lang='lat' dir='ltr'>Primo</span> <span class='ocrx_word' id='word_1_114' title='bbox 1240 1675 1393 1729; x_wconf 91' lang='lat' dir='ltr'>enim</span> <span class='ocrx_word' id='word_1_115' title='bbox 1451 1674 1662 1745; x_wconf 80' lang='lat' dir='ltr'>Assyrii</span> <span class='ocrx_word' id='word_1_116' title='bbox 1718 1675 1786 1728; x_wconf 88' lang='lat' dir='ltr'>de</span> <span class='ocrx_word' id='word_1_117' title='bbox 1818 1674 1968 1728; x_wconf 84' lang='lat' dir='ltr'>tribu</span> 
     </span>
    </p>
   </div>
   <div class='ocr_carea' id='block_1_19' title="bbox 266 1762 1967 1833">
    <p class='ocr_par' dir='ltr' id='par_1_19' title="bbox 266 1762 1967 1833">
     <span class='ocr_line' id='line_1_19' title="bbox 266 1762 1967 1833; baseline -0.001 -16"><span class='ocrx_word' id='word_1_118' title='bbox 266 1762 567 1829; x_wconf 86' lang='lat' dir='ltr'>Juda,etc.,</span> <span class='ocrx_word' id='word_1_119' title='bbox 625 1778 797 1833; x_wconf 87' lang='lat' dir='ltr'>usque</span> <span class='ocrx_word' id='word_1_120' title='bbox 850 1763 924 1817; x_wconf 87' lang='lat' dir='ltr'>ad</span> <span class='ocrx_word' id='word_1_121' title='bbox 965 1763 1094 1818; x_wconf 86' lang='lat' dir='ltr'>facti</span> <span class='ocrx_word' id='word_1_122' title='bbox 1128 1768 1262 1817; x_wconf 92' lang='lat' dir='ltr'>sunt</span> <span class='ocrx_word' id='word_1_123' title='bbox 1291 1762 1459 1817; x_wconf 85' lang='lat' dir='ltr'>amici</span> <span class='ocrx_word' id='word_1_124' title='bbox 1509 1764 1756 1817; x_wconf 84' lang='lat' dir='ltr'>Herodes</span> <span class='ocrx_word' id='word_1_125' title='bbox 1786 1768 1843 1816; x_wconf 89' lang='lat' dir='ltr'>et</span> <span class='ocrx_word' id='word_1_126' title='bbox 1876 1763 1967 1816; x_wconf 86' lang='lat' dir='ltr'>Pi-</span> 
     </span>
    </p>
   </div>
   <div class='ocr_carea' id='block_1_20' title="bbox 271 1851 1057 1922">
    <p class='ocr_par' dir='ltr' id='par_1_20' title="bbox 271 1851 1057 1922">
     <span class='ocr_line' id='line_1_20' title="bbox 271 1851 1057 1922; baseline -0.001 -17"><span class='ocrx_word' id='word_1_127' title='bbox 271 1852 418 1905; x_wconf 84' lang='lat' dir='ltr'>latus</span> <span class='ocrx_word' id='word_1_128' title='bbox 438 1851 495 1905; x_wconf 91' lang='lat' dir='ltr'>in</span> <span class='ocrx_word' id='word_1_129' title='bbox 528 1853 797 1922; x_wconf 88' lang='lat' dir='ltr'>passione</span> <span class='ocrx_word' id='word_1_130' title='bbox 829 1852 1057 1907; x_wconf 90' lang='lat' dir='ltr'>Christi.</span> 
     </span>
    </p>
   </div>
   <div class='ocr_carea' id='block_1_21' title="bbox 340 1939 1967 2000">
    <p class='ocr_par' dir='ltr' id='par_1_21' title="bbox 340 1939 1967 2000">
     <span class='ocr_line' id='line_1_21' title="bbox 340 1939 1967 2000; baseline 0.001 -9"><span class='ocrx_word' id='word_1_131' title='bbox 340 1941 501 1994; x_wconf 75' lang='lat' dir='ltr'>Vens.</span> <span class='ocrx_word' id='word_1_132' title='bbox 537 1944 589 1995; x_wconf 92' lang='lat'>3.</span> <span class='ocrx_word' id='word_1_133' title='bbox 641 1971 707 1979; x_wconf 92' lang='lat'><strong>—</strong></span> <span class='ocrx_word' id='word_1_134' title='bbox 753 1942 1053 1995; x_wconf 87' lang='lat' dir='ltr'>Deretictus</span> <span class='ocrx_word' id='word_1_135' title='bbox 1102 1944 1198 1995; x_wconf 86' lang='lat' dir='ltr'>est.</span> <span class='ocrx_word' id='word_1_136' title='bbox 1260 1939 1306 1992; x_wconf 81' lang='grc' dir='ltr'>Α</span> <span class='ocrx_word' id='word_1_137' title='bbox 1341 1940 1515 1994; x_wconf 85' lang='lat' dir='ltr'>fratre</span> <span class='ocrx_word' id='word_1_138' title='bbox 1565 1956 1669 1993; x_wconf 89' lang='lat' dir='ltr'>suo</span> <span class='ocrx_word' id='word_1_139' title='bbox 1702 1940 1967 2000; x_wconf 80' lang='lat' dir='ltr'>Rabsaee,</span> 
     </span>
    </p>
   </div>
   <div class='ocr_carea' id='block_1_22' title="bbox 270 2028 1746 2100">
    <p class='ocr_par' dir='ltr' id='par_1_22' title="bbox 270 2028 1746 2100">
     <span class='ocr_line' id='line_1_22' title="bbox 270 2028 1746 2100; baseline 0.001 -21"><span class='ocrx_word' id='word_1_140' title='bbox 270 2028 370 2098; x_wconf 89' lang='lat' dir='ltr'>qui</span> <span class='ocrx_word' id='word_1_141' title='bbox 399 2029 468 2082; x_wconf 86' lang='lat' dir='ltr'>ad</span> <span class='ocrx_word' id='word_1_142' title='bbox 497 2031 760 2100; x_wconf 86' lang='lat' dir='ltr'>Assyrios</span> <span class='ocrx_word' id='word_1_143' title='bbox 792 2030 1115 2094; x_wconf 85' lang='lat' dir='ltr'>transierat,</span> <span class='ocrx_word' id='word_1_144' title='bbox 1155 2035 1216 2082; x_wconf 90' lang='lat' dir='ltr'>ut</span> <span class='ocrx_word' id='word_1_145' title='bbox 1244 2029 1475 2082; x_wconf 86' lang='lat' dir='ltr'>tradunt</span> <span class='ocrx_word' id='word_1_146' title='bbox 1506 2028 1746 2081; x_wconf 68' lang='lat' dir='ltr'>Hebraei.</span> 
     </span>
    </p>
   </div>
   <div class='ocr_carea' id='block_1_23' title="bbox 341 2118 1973 2190">
    <p class='ocr_par' dir='ltr' id='par_1_23' title="bbox 341 2118 1973 2190">
     <span class='ocr_line' id='line_1_23' title="bbox 341 2118 1973 2190; baseline -0.001 -19"><span class='ocrx_word' id='word_1_147' title='bbox 341 2119 508 2173; x_wconf 82' lang='lat' dir='ltr'>Jasub</span> <span class='ocrx_word' id='word_1_148' title='bbox 564 2122 712 2187; x_wconf 77' lang='lat' dir='ltr'>ﬁlius</span> <span class='ocrx_word' id='word_1_149' title='bbox 753 2124 895 2174; x_wconf 82' lang='lat' dir='ltr'>tuus.</span> <span class='ocrx_word' id='word_1_150' title='bbox 944 2119 1073 2190; x_wconf 85' lang='lat' dir='ltr'>(ln.)</span> <span class='ocrx_word' id='word_1_151' title='bbox 1105 2118 1211 2182; x_wconf 87' lang='lat' dir='ltr'>Qui</span> <span class='ocrx_word' id='word_1_152' title='bbox 1265 2118 1675 2188; x_wconf 87' lang='lat' dir='ltr'>interpretatur</span> <span class='ocrx_word' id='word_1_153' title='bbox 1730 2118 1973 2184; x_wconf 79' lang='lat' dir='ltr'>reliquus</span> 
     </span>
    </p>
   </div>
   <div class='ocr_carea' id='block_1_24' title="bbox 270 2205 1974 2277">
    <p class='ocr_par' dir='ltr' id='par_1_24' title="bbox 270 2205 1974 2277">
     <span class='ocr_line' id='line_1_24' title="bbox 270 2205 1974 2277; baseline -0.002 -17"><span class='ocrx_word' id='word_1_154' title='bbox 270 2222 437 2261; x_wconf 86' lang='lat' dir='ltr'>comes</span> <span class='ocrx_word' id='word_1_155' title='bbox 478 2212 533 2261; x_wconf 90' lang='lat' dir='ltr'>et</span> <span class='ocrx_word' id='word_1_156' title='bbox 580 2212 907 2273; x_wconf 85' lang='lat' dir='ltr'>convertens,</span> <span class='ocrx_word' id='word_1_157' title='bbox 956 2206 1056 2277; x_wconf 89' lang='lat' dir='ltr'>qui</span> <span class='ocrx_word' id='word_1_158' title='bbox 1107 2206 1356 2277; x_wconf 83' lang='lat' dir='ltr'>populus</span> <span class='ocrx_word' id='word_1_159' title='bbox 1412 2206 1553 2260; x_wconf 83' lang='lat' dir='ltr'>Juda</span> <span class='ocrx_word' id='word_1_160' title='bbox 1608 2205 1677 2260; x_wconf 88' lang='lat' dir='ltr'>de</span> <span class='ocrx_word' id='word_1_161' title='bbox 1710 2206 1974 2258; x_wconf 86' lang='lat' dir='ltr'>manibus</span> 
     </span>
    </p>
   </div>
   <div class='ocr_carea' id='block_1_25' title="bbox 272 2294 1273 2365">
    <p class='ocr_par' dir='ltr' id='par_1_25' title="bbox 272 2294 1273 2365">
     <span class='ocr_line' id='line_1_25' title="bbox 272 2294 1273 2365; baseline -0.001 -17"><span class='ocrx_word' id='word_1_162' title='bbox 272 2294 517 2348; x_wconf 91' lang='lat' dir='ltr'>duorum</span> <span class='ocrx_word' id='word_1_163' title='bbox 544 2312 743 2365; x_wconf 88' lang='lat' dir='ltr'>regum</span> <span class='ocrx_word' id='word_1_164' title='bbox 773 2296 1105 2350; x_wconf 78' lang='lat' dir='ltr'>liberandus</span> <span class='ocrx_word' id='word_1_165' title='bbox 1133 2299 1273 2348; x_wconf 89' lang='lat' dir='ltr'>erat.</span> 
     </span>
    </p>
   </div>
   <div class='ocr_carea' id='block_1_26' title="bbox 344 2380 1972 2454">
    <p class='ocr_par' dir='ltr' id='par_1_26' title="bbox 344 2380 1972 2454">
     <span class='ocr_line' id='line_1_26' title="bbox 344 2380 1972 2454; baseline -0.002 -17"><span class='ocrx_word' id='word_1_166' title='bbox 344 2386 545 2437; x_wconf 79' lang='lat' dir='ltr'>Invia.</span> <span class='ocrx_word' id='word_1_167' title='bbox 600 2384 681 2437; x_wconf 92' lang='lat' dir='ltr'>Ibi</span> <span class='ocrx_word' id='word_1_168' title='bbox 713 2384 1011 2449; x_wconf 80' lang='lat' dir='ltr'>Rabsaces,</span> <span class='ocrx_word' id='word_1_169' title='bbox 1046 2389 1240 2454; x_wconf 88' lang='lat' dir='ltr'>postea</span> <span class='ocrx_word' id='word_1_170' title='bbox 1297 2399 1362 2436; x_wconf 84' lang='lat' dir='ltr'>ex</span> <span class='ocrx_word' id='word_1_171' title='bbox 1425 2385 1707 2452; x_wconf 72' lang='lat' dir='ltr'>praecepto</span> <span class='ocrx_word' id='word_1_172' title='bbox 1759 2380 1972 2435; x_wconf 83' lang='lat' dir='ltr'>Senna-</span> 
     </span>
    </p>
   </div>
   <div class='ocr_carea' id='block_1_27' title="bbox 274 2471 1405 2541">
    <p class='ocr_par' dir='ltr' id='par_1_27' title="bbox 274 2471 1405 2541">
     <span class='ocr_line' id='line_1_27' title="bbox 274 2471 1405 2541; baseline 0.001 -17"><span class='ocrx_word' id='word_1_173' title='bbox 274 2471 493 2538; x_wconf 89' lang='lat' dir='ltr'>cherib,</span> <span class='ocrx_word' id='word_1_174' title='bbox 529 2472 628 2524; x_wconf 88' lang='lat' dir='ltr'>Dei</span> <span class='ocrx_word' id='word_1_175' title='bbox 659 2472 938 2541; x_wconf 86' lang='lat' dir='ltr'>populum</span> <span class='ocrx_word' id='word_1_176' title='bbox 971 2471 1405 2541; x_wconf 86' lang='lat' dir='ltr'>blasphemavit.</span> 
     </span>
    </p>
   </div>
   <div class='ocr_carea' id='block_1_28' title="bbox 348 2557 1970 2625">
    <p class='ocr_par' dir='ltr' id='par_1_28' title="bbox 348 2557 1970 2625">
     <span class='ocr_line' id='line_1_28' title="bbox 348 2557 1970 2625; baseline 0.001 -17"><span class='ocrx_word' id='word_1_177' title='bbox 348 2559 508 2613; x_wconf 80' lang='lat' dir='ltr'>Vens.</span> <span class='ocrx_word' id='word_1_178' title='bbox 566 2560 617 2613; x_wconf 76' lang='grc'><strong>4.</strong></span> <span class='ocrx_word' id='word_1_179' title='bbox 673 2590 741 2597; x_wconf 89' lang='grc'><strong><em>-</em></strong></span> <span class='ocrx_word' id='word_1_180' title='bbox 785 2559 1014 2612; x_wconf 81' lang='lat' dir='ltr'>Duabus</span> <span class='ocrx_word' id='word_1_181' title='bbox 1071 2559 1283 2613; x_wconf 79' lang='lat' dir='ltr'>caudis.</span> <span class='ocrx_word' id='word_1_182' title='bbox 1339 2560 1475 2611; x_wconf 72' lang='lat' dir='ltr'>Duae</span> <span class='ocrx_word' id='word_1_183' title='bbox 1562 2557 1776 2625; x_wconf 81' lang='lat' dir='ltr'>caudae,</span> <span class='ocrx_word' id='word_1_184' title='bbox 1839 2560 1970 2625; x_wconf 85' lang='lat' dir='ltr'>etc.,</span> 
     </span>
    </p>
   </div>
   <div class='ocr_carea' id='block_1_29' title="bbox 274 2645 1974 2715">
    <p class='ocr_par' dir='ltr' id='par_1_29' title="bbox 274 2645 1974 2715">
     <span class='ocr_line' id='line_1_29' title="bbox 274 2645 1974 2715; baseline -0.002 -16"><span class='ocrx_word' id='word_1_185' title='bbox 274 2661 441 2715; x_wconf 81' lang='lat' dir='ltr'>usque</span> <span class='ocrx_word' id='word_1_186' title='bbox 468 2646 541 2699; x_wconf 89' lang='lat' dir='ltr'>ad</span> <span class='ocrx_word' id='word_1_187' title='bbox 599 2650 655 2699; x_wconf 89' lang='lat' dir='ltr'>et</span> <span class='ocrx_word' id='word_1_188' title='bbox 686 2646 888 2700; x_wconf 89' lang='lat' dir='ltr'>ductus</span> <span class='ocrx_word' id='word_1_189' title='bbox 946 2661 1077 2699; x_wconf 89' lang='lat' dir='ltr'>eum</span> <span class='ocrx_word' id='word_1_190' title='bbox 1134 2646 1329 2699; x_wconf 87' lang='lat' dir='ltr'>decem</span> <span class='ocrx_word' id='word_1_191' title='bbox 1360 2646 1622 2699; x_wconf 87' lang='lat' dir='ltr'>tribubus</span> <span class='ocrx_word' id='word_1_192' title='bbox 1661 2645 1718 2697; x_wconf 89' lang='lat' dir='ltr'>in</span> <span class='ocrx_word' id='word_1_193' title='bbox 1751 2650 1974 2697; x_wconf 84' lang='lat' dir='ltr'>montes</span> 
     </span>
    </p>
   </div>
   <div class='ocr_carea' id='block_1_30' title="bbox 274 2734 989 2788">
    <p class='ocr_par' dir='ltr' id='par_1_30' title="bbox 274 2734 989 2788">
     <span class='ocr_line' id='line_1_30' title="bbox 274 2734 989 2788; baseline 0 -1"><span class='ocrx_word' id='word_1_194' title='bbox 274 2734 563 2788; x_wconf 77' lang='lat' dir='ltr'>Medorum</span> <span class='ocrx_word' id='word_1_195' title='bbox 585 2738 642 2788; x_wconf 91' lang='lat' dir='ltr'>et</span> <span class='ocrx_word' id='word_1_196' title='bbox 666 2736 989 2788; x_wconf 84' lang='lat' dir='ltr'>Persarum.</span> 
     </span>
    </p>
   </div>
   <div class='ocr_carea' id='block_1_31' title="bbox 347 2823 991 2879">
    <p class='ocr_par' dir='ltr' id='par_1_31' title="bbox 347 2823 991 2879">
     <span class='ocr_line' id='line_1_31' title="bbox 347 2823 991 2879; baseline 0.002 -5"><span class='ocrx_word' id='word_1_197' title='bbox 347 2823 505 2876; x_wconf 64' lang='lat' dir='ltr'>Vens.</span> <span class='ocrx_word' id='word_1_198' title='bbox 562 2825 614 2879; x_wconf 78' lang='grc'>5.</span> <span class='ocrx_word' id='word_1_199' title='bbox 652 2852 725 2864; x_wconf 89' lang='grc'><strong>-</strong></span> <span class='ocrx_word' id='word_1_200' title='bbox 784 2823 991 2876; x_wconf 85' lang='lat' dir='ltr'>Tabeet.</span> 
     </span>
    </p>
   </div>
   <div class='ocr_carea' id='block_1_32' title="bbox 274 2909 1975 2981">
    <p class='ocr_par' dir='ltr' id='par_1_32' title="bbox 274 2909 1975 2981">
     <span class='ocr_line' id='line_1_32' title="bbox 274 2909 1975 2981; baseline 0 -18"><span class='ocrx_word' id='word_1_201' title='bbox 274 2912 436 2981; x_wconf 85' lang='lat' dir='ltr'>quasi</span> <span class='ocrx_word' id='word_1_202' title='bbox 471 2911 620 2965; x_wconf 89' lang='lat' dir='ltr'>dicat</span> <span class='ocrx_word' id='word_1_203' title='bbox 651 2928 663 2964; x_wconf 92' lang='lat'>:</span> <span class='ocrx_word' id='word_1_204' title='bbox 700 2912 782 2964; x_wconf 90' lang='lat' dir='ltr'>Ibi</span> <span class='ocrx_word' id='word_1_205' title='bbox 828 2928 1108 2981; x_wconf 83' lang='lat' dir='ltr'>ponamus</span> <span class='ocrx_word' id='word_1_206' title='bbox 1142 2911 1358 2965; x_wconf 90' lang='lat' dir='ltr'>idolum</span> <span class='ocrx_word' id='word_1_207' title='bbox 1394 2911 1495 2965; x_wconf 90' lang='lat' dir='ltr'>Dei</span> <span class='ocrx_word' id='word_1_208' title='bbox 1556 2910 1754 2973; x_wconf 90' lang='lat' dir='ltr'>nostri,</span> <span class='ocrx_word' id='word_1_209' title='bbox 1787 2911 1871 2964; x_wconf 85' lang='lat' dir='ltr'>vel</span> <span class='ocrx_word' id='word_1_210' title='bbox 1903 2909 1975 2963; x_wconf 87' lang='lat' dir='ltr'>ad</span> 
     </span>
    </p>
   </div>
   <div class='ocr_carea' id='block_1_33' title="bbox 272 3000 1386 3067">
    <p class='ocr_par' dir='ltr' id='par_1_33' title="bbox 272 3000 1386 3067">
     <span class='ocr_line' id='line_1_33' title="bbox 272 3000 1386 3067; baseline -0.002 -12"><span class='ocrx_word' id='word_1_211' title='bbox 272 3003 545 3067; x_wconf 85' lang='lat' dir='ltr'>litteram,</span> <span class='ocrx_word' id='word_1_212' title='bbox 580 3001 787 3055; x_wconf 84' lang='lat' dir='ltr'>Filium</span> <span class='ocrx_word' id='word_1_213' title='bbox 820 3000 1072 3054; x_wconf 89' lang='lat' dir='ltr'>hominis</span> <span class='ocrx_word' id='word_1_214' title='bbox 1100 3001 1179 3054; x_wconf 93' lang='lat' dir='ltr'>sic</span> <span class='ocrx_word' id='word_1_215' title='bbox 1206 3006 1386 3054; x_wconf 86' lang='lat' dir='ltr'>vocat.</span> 
     </span>
    </p>
   </div>
   <div class='ocr_carea' id='block_1_34' title="bbox 345 3087 1974 3154">
    <p class='ocr_par' dir='ltr' id='par_1_34' title="bbox 345 3087 1974 3154">
     <span class='ocr_line' id='line_1_34' title="bbox 345 3087 1974 3154; baseline -0.001 -12"><span class='ocrx_word' id='word_1_216' title='bbox 345 3091 503 3144; x_wconf 72' lang='lat' dir='ltr'>Vens.</span> <span class='ocrx_word' id='word_1_217' title='bbox 554 3094 605 3145; x_wconf 89' lang='lat'>8.</span> <span class='ocrx_word' id='word_1_218' title='bbox 654 3120 723 3129; x_wconf 90' lang='lat'>—-</span> <span class='ocrx_word' id='word_1_219' title='bbox 763 3090 957 3144; x_wconf 83' lang='lat' dir='ltr'>Adhuc</span> <span class='ocrx_word' id='word_1_220' title='bbox 1005 3090 1313 3154; x_wconf 68' lang='lat' dir='ltr'>sexaginta,</span> <span class='ocrx_word' id='word_1_221' title='bbox 1359 3092 1463 3142; x_wconf 88' lang='lat' dir='ltr'>etc.</span> <span class='ocrx_word' id='word_1_222' title='bbox 1516 3088 1683 3152; x_wconf 87' lang='lat' dir='ltr'>Quasi</span> <span class='ocrx_word' id='word_1_223' title='bbox 1720 3087 1974 3141; x_wconf 88' lang='lat' dir='ltr'>diceret:</span> 
     </span>
    </p>
   </div>
   <div class='ocr_carea' id='block_1_35' title="bbox 286 3177 1977 3242">
    <p class='ocr_par' dir='ltr' id='par_1_35' title="bbox 286 3177 1977 3242">
     <span class='ocr_line' id='line_1_35' title="bbox 286 3177 1977 3242; baseline -0.001 -11"><span class='ocrx_word' id='word_1_224' title='bbox 286 3178 518 3232; x_wconf 90' lang='lat' dir='ltr'>Interim</span> <span class='ocrx_word' id='word_1_225' title='bbox 564 3178 814 3233; x_wconf 85' lang='lat' dir='ltr'>contenti</span> <span class='ocrx_word' id='word_1_226' title='bbox 874 3183 1042 3230; x_wconf 89' lang='lat' dir='ltr'>erunt</span> <span class='ocrx_word' id='word_1_227' title='bbox 1097 3177 1307 3231; x_wconf 81' lang='lat' dir='ltr'>ﬁnibus</span> <span class='ocrx_word' id='word_1_228' title='bbox 1379 3177 1514 3242; x_wconf 90' lang='lat' dir='ltr'>suis,</span> <span class='ocrx_word' id='word_1_229' title='bbox 1578 3183 1633 3229; x_wconf 90' lang='lat' dir='ltr'>et</span> <span class='ocrx_word' id='word_1_230' title='bbox 1707 3178 1977 3230; x_wconf 88' lang='lat' dir='ltr'>Damasco</span> 
     </span>
    </p>
   </div>
   <div class='ocr_carea' id='block_1_36' title="bbox 281 3264 1975 3337">
    <p class='ocr_par' dir='ltr' id='par_1_36' title="bbox 281 3264 1975 3337">
     <span class='ocr_line' id='line_1_36' title="bbox 281 3264 1975 3337; baseline -0.002 -17"><span class='ocrx_word' id='word_1_231' title='bbox 281 3272 555 3337; x_wconf 88' lang='lat' dir='ltr'>tanquam</span> <span class='ocrx_word' id='word_1_232' title='bbox 579 3266 861 3337; x_wconf 84' lang='lat' dir='ltr'>netropoli</span> <span class='ocrx_word' id='word_1_233' title='bbox 914 3266 1088 3336; x_wconf 81' lang='lat' dir='ltr'>Syriae</span> <span class='ocrx_word' id='word_1_234' title='bbox 1144 3265 1453 3335; x_wconf 86' lang='lat' dir='ltr'>imperabit</span> <span class='ocrx_word' id='word_1_235' title='bbox 1502 3264 1715 3329; x_wconf 80' lang='lat' dir='ltr'>Rasim,</span> <span class='ocrx_word' id='word_1_236' title='bbox 1769 3270 1825 3317; x_wconf 86' lang='lat' dir='ltr'>et</span> <span class='ocrx_word' id='word_1_237' title='bbox 1879 3280 1975 3316; x_wconf 81' lang='lat' dir='ltr'>ca—</span> 
     </span>
    </p>
   </div>
   <div class='ocr_carea' id='block_1_37' title="bbox 280 3352 1974 3424">
    <p class='ocr_par' dir='ltr' id='par_1_37' title="bbox 280 3352 1974 3424">
     <span class='ocr_line' id='line_1_37' title="bbox 280 3352 1974 3424; baseline 0 -18"><span class='ocrx_word' id='word_1_238' title='bbox 280 3357 383 3424; x_wconf 86' lang='lat' dir='ltr'>put</span> <span class='ocrx_word' id='word_1_239' title='bbox 410 3354 703 3408; x_wconf 84' lang='lat' dir='ltr'>civitatum</span> <span class='ocrx_word' id='word_1_240' title='bbox 762 3354 1026 3424; x_wconf 84' lang='lat' dir='ltr'>Ephraim</span> <span class='ocrx_word' id='word_1_241' title='bbox 1070 3354 1321 3407; x_wconf 88' lang='lat' dir='ltr'>Samaria</span> <span class='ocrx_word' id='word_1_242' title='bbox 1372 3353 1495 3421; x_wconf 89' lang='lat' dir='ltr'>erit,</span> <span class='ocrx_word' id='word_1_243' title='bbox 1522 3358 1579 3406; x_wconf 91' lang='lat' dir='ltr'>et</span> <span class='ocrx_word' id='word_1_244' title='bbox 1624 3353 1682 3405; x_wconf 90' lang='lat' dir='ltr'>in</span> <span class='ocrx_word' id='word_1_245' title='bbox 1734 3369 1795 3405; x_wconf 91' lang='lat' dir='ltr'>ea</span> <span class='ocrx_word' id='word_1_246' title='bbox 1828 3352 1974 3407; x_wconf 88' lang='lat' dir='ltr'>inte-</span> 
     </span>
    </p>
   </div>
   <div class='ocr_carea' id='block_1_38' title="bbox 279 3441 1187 3513">
    <p class='ocr_par' dir='ltr' id='par_1_38' title="bbox 279 3441 1187 3513">
     <span class='ocr_line' id='line_1_38' title="bbox 279 3441 1187 3513; baseline -0.002 -18"><span class='ocrx_word' id='word_1_247' title='bbox 279 3441 387 3495; x_wconf 90' lang='lat' dir='ltr'>rim</span> <span class='ocrx_word' id='word_1_248' title='bbox 414 3443 674 3513; x_wconf 80' lang='lat' dir='ltr'>regnabit</span> <span class='ocrx_word' id='word_1_249' title='bbox 708 3442 862 3496; x_wconf 79' lang='lat' dir='ltr'>filius</span> <span class='ocrx_word' id='word_1_250' title='bbox 893 3442 1187 3496; x_wconf 70' lang='lat' dir='ltr'>Romeliaa.</span> 
     </span>
    </p>
   </div>
   <div class='ocr_carea' id='block_1_39' title="bbox 346 3529 1972 3601">
    <p class='ocr_par' dir='ltr' id='par_1_39' title="bbox 346 3529 1972 3601">
     <span class='ocr_line' id='line_1_39' title="bbox 346 3529 1972 3601; baseline -0.001 -15"><span class='ocrx_word' id='word_1_251' title='bbox 346 3532 645 3599; x_wconf 66' lang='lat' dir='ltr'>Sexaginta</span> <span class='ocrx_word' id='word_1_252' title='bbox 684 3534 923 3601; x_wconf 85' lang='lat' dir='ltr'>quinque</span> <span class='ocrx_word' id='word_1_253' title='bbox 978 3533 1129 3583; x_wconf 82' lang='lat' dir='ltr'>anni.</span> <span class='ocrx_word' id='word_1_254' title='bbox 1162 3534 1209 3584; x_wconf 85' lang='grc' dir='ltr'><strong>Α</strong></span> <span class='ocrx_word' id='word_1_255' title='bbox 1266 3529 1535 3583; x_wconf 90' lang='lat' dir='ltr'>vicesimo</span> <span class='ocrx_word' id='word_1_256' title='bbox 1604 3533 1762 3583; x_wconf 76' lang='lat' dir='ltr'>sexto</span> <span class='ocrx_word' id='word_1_257' title='bbox 1823 3546 1972 3584; x_wconf 86' lang='lat' dir='ltr'>anno</span> 
     </span>
    </p>
   </div>
   <div class='ocr_carea' id='block_1_40' title="bbox 274 3618 1974 3690">
    <p class='ocr_par' dir='ltr' id='par_1_40' title="bbox 274 3618 1974 3690">
     <span class='ocr_line' id='line_1_40' title="bbox 274 3618 1974 3690; baseline 0.001 -19"><span class='ocrx_word' id='word_1_258' title='bbox 274 3619 437 3688; x_wconf 89' lang='lat' dir='ltr'>regni</span> <span class='ocrx_word' id='word_1_259' title='bbox 480 3618 647 3686; x_wconf 77' lang='lat' dir='ltr'>Oziae,</span> <span class='ocrx_word' id='word_1_260' title='bbox 699 3619 930 3690; x_wconf 87' lang='lat' dir='ltr'>quando</span> <span class='ocrx_word' id='word_1_261' title='bbox 979 3620 1132 3689; x_wconf 91' lang='lat' dir='ltr'>lepra</span> <span class='ocrx_word' id='word_1_262' title='bbox 1181 3634 1482 3688; x_wconf 88' lang='lat' dir='ltr'>percussus</span> <span class='ocrx_word' id='word_1_263' title='bbox 1540 3623 1645 3682; x_wconf 92' lang='lat' dir='ltr'>est,</span> <span class='ocrx_word' id='word_1_264' title='bbox 1705 3635 1770 3671; x_wconf 83' lang='lat' dir='ltr'>ex</span> <span class='ocrx_word' id='word_1_265' title='bbox 1838 3623 1974 3672; x_wconf 86' lang='lat' dir='ltr'>tunc</span> 
     </span>
    </p>
   </div>
   <div class='ocr_carea' id='block_1_41' title="bbox 271 3707 1969 3778">
    <p class='ocr_par' dir='ltr' id='par_1_41' title="bbox 271 3707 1969 3778">
     <span class='ocr_line' id='line_1_41' title="bbox 271 3707 1969 3778; baseline -0.001 -17"><span class='ocrx_word' id='word_1_266' title='bbox 271 3708 511 3761; x_wconf 81' lang='lat' dir='ltr'>Joathan</span> <span class='ocrx_word' id='word_1_267' title='bbox 539 3708 690 3760; x_wconf 88' lang='lat' dir='ltr'>tilius</span> <span class='ocrx_word' id='word_1_268' title='bbox 721 3708 844 3778; x_wconf 89' lang='lat' dir='ltr'>ejus</span> <span class='ocrx_word' id='word_1_269' title='bbox 884 3707 1145 3777; x_wconf 79' lang='lat' dir='ltr'>regnavit</span> <span class='ocrx_word' id='word_1_270' title='bbox 1175 3713 1397 3774; x_wconf 85' lang='lat' dir='ltr'>septem</span> <span class='ocrx_word' id='word_1_271' title='bbox 1447 3712 1503 3759; x_wconf 92' lang='lat' dir='ltr'>et</span> <span class='ocrx_word' id='word_1_272' title='bbox 1532 3707 1735 3776; x_wconf 89' lang='lat' dir='ltr'>viginti</span> <span class='ocrx_word' id='word_1_273' title='bbox 1784 3708 1969 3773; x_wconf 88' lang='lat' dir='ltr'>annis,</span> 
     </span>
    </p>
   </div>
   <div class='ocr_carea' id='block_1_42' title="bbox 276 3794 1972 3865">
    <p class='ocr_par' dir='ltr' id='par_1_42' title="bbox 276 3794 1972 3865">
     <span class='ocr_line' id='line_1_42' title="bbox 276 3794 1972 3865; baseline 0.001 -18"><span class='ocrx_word' id='word_1_274' title='bbox 276 3800 437 3865; x_wconf 87' lang='lat' dir='ltr'>patre</span> <span class='ocrx_word' id='word_1_275' title='bbox 468 3796 652 3849; x_wconf 87' lang='lat' dir='ltr'>adhuc</span> <span class='ocrx_word' id='word_1_276' title='bbox 699 3794 940 3849; x_wconf 86' lang='lat' dir='ltr'>vivente.</span> <span class='ocrx_word' id='word_1_277' title='bbox 1002 3796 1136 3848; x_wconf 87' lang='lat' dir='ltr'>Post</span> <span class='ocrx_word' id='word_1_278' title='bbox 1179 3800 1422 3849; x_wconf 88' lang='lat' dir='ltr'>mortem</span> <span class='ocrx_word' id='word_1_279' title='bbox 1465 3795 1589 3863; x_wconf 87' lang='lat' dir='ltr'>ejus</span> <span class='ocrx_word' id='word_1_280' title='bbox 1618 3794 1785 3847; x_wconf 87' lang='lat' dir='ltr'>annis</span> <span class='ocrx_word' id='word_1_281' title='bbox 1842 3811 1972 3849; x_wconf 78' lang='lat' dir='ltr'>sex-</span> 
     </span>
    </p>
   </div>
   <div class='ocr_carea' id='block_1_43' title="bbox 278 3882 1971 3953">
    <p class='ocr_par' dir='ltr' id='par_1_43' title="bbox 278 3882 1971 3953">
     <span class='ocr_line' id='line_1_43' title="bbox 278 3882 1971 3953; baseline 0.002 -18"><span class='ocrx_word' id='word_1_282' title='bbox 278 3882 482 3949; x_wconf 91' lang='lat' dir='ltr'>decim,</span> <span class='ocrx_word' id='word_1_283' title='bbox 542 3888 670 3953; x_wconf 87' lang='lat' dir='ltr'>post</span> <span class='ocrx_word' id='word_1_284' title='bbox 726 3899 899 3953; x_wconf 89' lang='lat' dir='ltr'>quem</span> <span class='ocrx_word' id='word_1_285' title='bbox 945 3884 1129 3937; x_wconf 88' lang='lat' dir='ltr'>Aehaz</span> <span class='ocrx_word' id='word_1_286' title='bbox 1211 3885 1335 3937; x_wconf 88' lang='lat' dir='ltr'>aliis</span> <span class='ocrx_word' id='word_1_287' title='bbox 1384 3883 1684 3948; x_wconf 84' lang='lat' dir='ltr'>sexdecim,</span> <span class='ocrx_word' id='word_1_288' title='bbox 1779 3890 1971 3953; x_wconf 86' lang='lat' dir='ltr'>postea</span> 
     </span>
    </p>
   </div>
   <div class='ocr_carea' id='block_1_44' title="bbox 277 3968 1967 4041">
    <p class='ocr_par' dir='ltr' id='par_1_44' title="bbox 277 3968 1967 4041">
     <span class='ocr_line' id='line_1_44' title="bbox 277 3968 1967 4041; baseline -0.004 -16"><span class='ocrx_word' id='word_1_289' title='bbox 277 3978 555 4041; x_wconf 85' lang='lat' dir='ltr'>regnante</span> <span class='ocrx_word' id='word_1_290' title='bbox 629 3972 866 4026; x_wconf 87' lang='lat' dir='ltr'>Ezechia</span> <span class='ocrx_word' id='word_1_291' title='bbox 935 3988 1025 4025; x_wconf 86' lang='lat' dir='ltr'>sex</span> <span class='ocrx_word' id='word_1_292' title='bbox 1103 3972 1288 4025; x_wconf 88' lang='lat' dir='ltr'>annis.</span> <span class='ocrx_word' id='word_1_293' title='bbox 1377 3969 1667 4040; x_wconf 90' lang='lat' dir='ltr'>Ephraim,</span> <span class='ocrx_word' id='word_1_294' title='bbox 1742 3968 1799 4021; x_wconf 91' lang='lat' dir='ltr'>id</span> <span class='ocrx_word' id='word_1_295' title='bbox 1866 3972 1967 4032; x_wconf 89' lang='lat' dir='ltr'>est,</span> 
     </span>
    </p>
   </div>
   <div class='ocr_carea' id='block_1_45' title="bbox 279 4060 1967 4130">
    <p class='ocr_par' dir='ltr' id='par_1_45' title="bbox 279 4060 1967 4130">
     <span class='ocr_line' id='line_1_45' title="bbox 279 4060 1967 4130; baseline -0.004 -16"><span class='ocrx_word' id='word_1_296' title='bbox 279 4061 473 4115; x_wconf 90' lang='lat' dir='ltr'>decem</span> <span class='ocrx_word' id='word_1_297' title='bbox 503 4061 685 4114; x_wconf 90' lang='lat' dir='ltr'>tribus</span> <span class='ocrx_word' id='word_1_298' title='bbox 726 4060 785 4113; x_wconf 87' lang='lat' dir='ltr'>in</span> <span class='ocrx_word' id='word_1_299' title='bbox 817 4061 1202 4130; x_wconf 86' lang='lat' dir='ltr'>captivitatem</span> <span class='ocrx_word' id='word_1_300' title='bbox 1250 4061 1455 4125; x_wconf 65' lang='lat' dir='ltr'>ductm,</span> <span class='ocrx_word' id='word_1_301' title='bbox 1512 4062 1803 4111; x_wconf 88' lang='lat' dir='ltr'>cessarunt</span> <span class='ocrx_word' id='word_1_302' title='bbox 1849 4072 1967 4109; x_wconf 90' lang='lat' dir='ltr'>esse</span> 
     </span>
    </p>
   </div>
   <div class='ocr_carea' id='block_1_46' title="bbox 273 4150 542 4219">
    <p class='ocr_par' dir='ltr' id='par_1_46' title="bbox 273 4150 542 4219">
     <span class='ocr_line' id='line_1_46' title="bbox 273 4150 542 4219; baseline -0.004 -16"><span class='ocrx_word' id='word_1_303' title='bbox 273 4150 542 4219; x_wconf 88' lang='lat' dir='ltr'>populus.</span> 
     </span>
    </p>
   </div>
   <div class='ocr_carea' id='block_1_47' title="bbox 348 4234 1963 4305">
    <p class='ocr_par' dir='ltr' id='par_1_47' title="bbox 348 4234 1963 4305">
     <span class='ocr_line' id='line_1_47' title="bbox 348 4234 1963 4305; baseline 0 -18"><span class='ocrx_word' id='word_1_304' title='bbox 348 4239 503 4291; x_wconf 79' lang='lat' dir='ltr'>Vens.</span> <span class='ocrx_word' id='word_1_305' title='bbox 544 4242 625 4292; x_wconf 89' lang='lat' dir='ltr'>ll.</span> <span class='ocrx_word' id='word_1_306' title='bbox 682 4268 749 4277; x_wconf 95' lang='lat'>—</span> <span class='ocrx_word' id='word_1_307' title='bbox 784 4240 909 4292; x_wconf 91' lang='lat' dir='ltr'>Pete</span> <span class='ocrx_word' id='word_1_308' title='bbox 939 4238 1043 4292; x_wconf 88' lang='lat' dir='ltr'>tibi</span> <span class='ocrx_word' id='word_1_309' title='bbox 1099 4240 1336 4305; x_wconf 86' lang='lat' dir='ltr'>signum.</span> <span class='ocrx_word' id='word_1_310' title='bbox 1394 4236 1519 4305; x_wconf 83' lang='grc' dir='ltr'>(ιο.)</span> <span class='ocrx_word' id='word_1_311' title='bbox 1572 4236 1640 4287; x_wconf 90' lang='lat' dir='ltr'>Ut</span> <span class='ocrx_word' id='word_1_312' title='bbox 1674 4234 1773 4305; x_wconf 93' lang='lat' dir='ltr'>qui</span> <span class='ocrx_word' id='word_1_313' title='bbox 1830 4251 1963 4304; x_wconf 88' lang='lat' dir='ltr'>pro-</span> 
     </span>
    </p>
   </div>
   <div class='ocr_carea' id='block_1_48' title="bbox 272 4324 1960 4397">
    <p class='ocr_par' dir='ltr' id='par_1_48' title="bbox 272 4324 1960 4397">
     <span class='ocr_line' id='line_1_48' title="bbox 272 4324 1960 4397; baseline -0.002 -17"><span class='ocrx_word' id='word_1_314' title='bbox 272 4327 461 4397; x_wconf 71' lang='lat' dir='ltr'>phetae</span> <span class='ocrx_word' id='word_1_315' title='bbox 493 4344 609 4381; x_wconf 89' lang='lat' dir='ltr'>non</span> <span class='ocrx_word' id='word_1_316' title='bbox 670 4326 928 4390; x_wconf 87' lang='lat' dir='ltr'>credidit,</span> <span class='ocrx_word' id='word_1_317' title='bbox 990 4326 1216 4380; x_wconf 91' lang='lat' dir='ltr'>Domini</span> <span class='ocrx_word' id='word_1_318' title='bbox 1262 4324 1599 4379; x_wconf 89' lang='lat' dir='ltr'>auctoritate</span> <span class='ocrx_word' id='word_1_319' title='bbox 1650 4328 1960 4389; x_wconf 86' lang='lat' dir='ltr'>terreatur;</span> 
     </span>
    </p>
   </div>
   <div class='ocr_carea' id='block_1_49' title="bbox 270 4412 1962 4484">
    <p class='ocr_par' dir='ltr' id='par_1_49' title="bbox 270 4412 1962 4484">
     <span class='ocr_line' id='line_1_49' title="bbox 270 4412 1962 4484; baseline -0.004 -16"><span class='ocrx_word' id='word_1_320' title='bbox 270 4415 436 4484; x_wconf 85' lang='lat' dir='ltr'>quasi</span> <span class='ocrx_word' id='word_1_321' title='bbox 468 4415 680 4468; x_wconf 88' lang='lat' dir='ltr'>diceret</span> <span class='ocrx_word' id='word_1_322' title='bbox 713 4431 725 4467; x_wconf 89' lang='lat'>:</span> <span class='ocrx_word' id='word_1_323' title='bbox 764 4413 999 4467; x_wconf 79' lang='lat' dir='ltr'>Difﬁcile</span> <span class='ocrx_word' id='word_1_324' title='bbox 1036 4414 1257 4467; x_wconf 68' lang='lat' dir='ltr'>vidatur</span> <span class='ocrx_word' id='word_1_325' title='bbox 1297 4412 1398 4466; x_wconf 87' lang='lat' dir='ltr'>tibi</span> <span class='ocrx_word' id='word_1_326' title='bbox 1461 4412 1608 4481; x_wconf 85' lang='lat' dir='ltr'>quod</span> <span class='ocrx_word' id='word_1_327' title='bbox 1642 4426 1820 4480; x_wconf 88' lang='lat' dir='ltr'>regna</span> <span class='ocrx_word' id='word_1_328' title='bbox 1851 4428 1962 4479; x_wconf 87' lang='lat' dir='ltr'>po—</span> 
     </span>
    </p>
   </div>
   <div class='ocr_carea' id='block_1_50' title="bbox 268 4500 1962 4570">
    <p class='ocr_par' dir='ltr' id='par_1_50' title="bbox 268 4500 1962 4570">
     <span class='ocr_line' id='line_1_50' title="bbox 268 4500 1962 4570; baseline -0.002 -14"><span class='ocrx_word' id='word_1_329' title='bbox 268 4504 586 4557; x_wconf 81' lang='lat' dir='ltr'>tentissima</span> <span class='ocrx_word' id='word_1_330' title='bbox 617 4503 771 4556; x_wconf 84' lang='lat' dir='ltr'>brevi</span> <span class='ocrx_word' id='word_1_331' title='bbox 808 4504 1101 4567; x_wconf 81' lang='lat' dir='ltr'>ﬁniantur,</span> <span class='ocrx_word' id='word_1_332' title='bbox 1148 4508 1204 4555; x_wconf 89' lang='lat' dir='ltr'>et</span> <span class='ocrx_word' id='word_1_333' title='bbox 1234 4508 1295 4555; x_wconf 90' lang='lat' dir='ltr'>tu</span> <span class='ocrx_word' id='word_1_334' title='bbox 1338 4500 1595 4555; x_wconf 87' lang='lat' dir='ltr'>libereris</span> <span class='ocrx_word' id='word_1_335' title='bbox 1634 4505 1691 4555; x_wconf 87' lang='lat' dir='ltr'>et</span> <span class='ocrx_word' id='word_1_336' title='bbox 1720 4501 1962 4570; x_wconf 88' lang='lat' dir='ltr'>populus</span> 
     </span>
    </p>
   </div>
   <div class='ocr_carea' id='block_1_51' title="bbox 268 4591 1111 4662">
    <p class='ocr_par' dir='ltr' id='par_1_51' title="bbox 268 4591 1111 4662">
     <span class='ocr_line' id='line_1_51' title="bbox 268 4591 1111 4662; baseline -0.005 -16"><span class='ocrx_word' id='word_1_337' title='bbox 268 4599 423 4657; x_wconf 88' lang='lat' dir='ltr'>tuus,</span> <span class='ocrx_word' id='word_1_338' title='bbox 452 4593 545 4646; x_wconf 89' lang='lat' dir='ltr'>sed</span> <span class='ocrx_word' id='word_1_339' title='bbox 575 4596 706 4662; x_wconf 88' lang='lat' dir='ltr'>pete</span> <span class='ocrx_word' id='word_1_340' title='bbox 736 4591 838 4645; x_wconf 91' lang='lat' dir='ltr'>tibi</span> <span class='ocrx_word' id='word_1_341' title='bbox 862 4592 1111 4661; x_wconf 87' lang='lat' dir='ltr'>signum.</span> 
     </span>
    </p>
   </div>
   <div class='ocr_carea' id='block_1_52' title="bbox 342 4677 1961 4750">
    <p class='ocr_par' dir='ltr' id='par_1_52' title="bbox 342 4677 1961 4750">
     <span class='ocr_line' id='line_1_52' title="bbox 342 4677 1961 4750; baseline -0.002 -15"><span class='ocrx_word' id='word_1_342' title='bbox 342 4684 465 4736; x_wconf 86' lang='lat' dir='ltr'>Pete</span> <span class='ocrx_word' id='word_1_343' title='bbox 534 4682 636 4735; x_wconf 87' lang='lat' dir='ltr'>tibi</span> <span class='ocrx_word' id='word_1_344' title='bbox 711 4684 944 4750; x_wconf 82' lang='lat' dir='ltr'>signum.</span> <span class='ocrx_word' id='word_1_345' title='bbox 1020 4680 1238 4749; x_wconf 80' lang='lat' dir='ltr'>Moyses</span> <span class='ocrx_word' id='word_1_346' title='bbox 1317 4678 1532 4748; x_wconf 91' lang='lat' dir='ltr'>accepit</span> <span class='ocrx_word' id='word_1_347' title='bbox 1597 4677 1824 4747; x_wconf 81' lang='lat' dir='ltr'>signum</span> <span class='ocrx_word' id='word_1_348' title='bbox 1893 4678 1961 4731; x_wconf 90' lang='lat' dir='ltr'>de</span> 
     </span>
    </p>
   </div>
   <div class='ocr_carea' id='block_1_53' title="bbox 268 4766 1964 4838">
    <p class='ocr_par' dir='ltr' id='par_1_53' title="bbox 268 4766 1964 4838">
     <span class='ocr_line' id='line_1_53' title="bbox 268 4766 1964 4838; baseline -0.002 -15"><span class='ocrx_word' id='word_1_349' title='bbox 268 4775 445 4837; x_wconf 89' lang='lat' dir='ltr'>terra,</span> <span class='ocrx_word' id='word_1_350' title='bbox 477 4777 606 4836; x_wconf 91' lang='lat' dir='ltr'>etc.,</span> <span class='ocrx_word' id='word_1_351' title='bbox 637 4785 803 4838; x_wconf 87' lang='lat' dir='ltr'>usque</span> <span class='ocrx_word' id='word_1_352' title='bbox 858 4770 932 4823; x_wconf 86' lang='lat' dir='ltr'>ad</span> <span class='ocrx_word' id='word_1_353' title='bbox 978 4774 1287 4838; x_wconf 88' lang='lat' dir='ltr'>utrumque</span> <span class='ocrx_word' id='word_1_354' title='bbox 1345 4773 1589 4820; x_wconf 89' lang='lat' dir='ltr'>mortem</span> <span class='ocrx_word' id='word_1_355' title='bbox 1652 4766 1878 4820; x_wconf 91' lang='lat' dir='ltr'>Domini</span> <span class='ocrx_word' id='word_1_356' title='bbox 1908 4769 1964 4819; x_wconf 89' lang='lat' dir='ltr'>et</span> 
     </span>
    </p>
   </div>
   <div class='ocr_carea' id='block_1_54' title="bbox 268 4858 927 4928">
    <p class='ocr_par' dir='ltr' id='par_1_54' title="bbox 268 4858 927 4928">
     <span class='ocr_line' id='line_1_54' title="bbox 268 4858 927 4928; baseline -0.002 -16"><span class='ocrx_word' id='word_1_357' title='bbox 268 4858 660 4912; x_wconf 84' lang='lat' dir='ltr'>ascensionem</span> <span class='ocrx_word' id='word_1_358' title='bbox 684 4858 927 4928; x_wconf 89' lang='lat' dir='ltr'>respicit.</span> 
     </span>
    </p>
   </div>
   <div class='ocr_carea' id='block_1_55' title="bbox 342 4942 1961 5014">
    <p class='ocr_par' dir='ltr' id='par_1_55' title="bbox 342 4942 1961 5014">
     <span class='ocr_line' id='line_1_55' title="bbox 342 4942 1961 5014; baseline -0.004 -13"><span class='ocrx_word' id='word_1_359' title='bbox 342 4947 459 5001; x_wconf 86' lang='lat' dir='ltr'>Non</span> <span class='ocrx_word' id='word_1_360' title='bbox 503 4950 713 5014; x_wconf 83' lang='lat' dir='ltr'>petam.</span> <span class='ocrx_word' id='word_1_361' title='bbox 776 4946 899 4999; x_wconf 86' lang='lat' dir='ltr'>Non</span> <span class='ocrx_word' id='word_1_362' title='bbox 956 4944 1274 5010; x_wconf 86' lang='lat' dir='ltr'>humiliter,</span> <span class='ocrx_word' id='word_1_363' title='bbox 1330 4944 1425 4997; x_wconf 89' lang='lat' dir='ltr'>sed</span> <span class='ocrx_word' id='word_1_364' title='bbox 1486 4942 1752 5013; x_wconf 89' lang='lat' dir='ltr'>superbe.</span> <span class='ocrx_word' id='word_1_365' title='bbox 1804 4942 1961 4996; x_wconf 85' lang='lat' dir='ltr'>Multi</span> 
     </span>
    </p>
   </div>
   <div class='ocr_carea' id='block_1_56' title="bbox 1069 2822 1976 2893">
    <p class='ocr_par' dir='ltr' id='par_1_56' title="bbox 1069 2822 1976 2893">
     <span class='ocr_line' id='line_1_56' title="bbox 1069 2822 1976 2893; baseline -0.003 -17"><span class='ocrx_word' id='word_1_366' title='bbox 1069 2822 1196 2893; x_wconf 84' lang='lat' dir='ltr'>(lo.)</span> <span class='ocrx_word' id='word_1_367' title='bbox 1269 2822 1473 2876; x_wconf 87' lang='lat' dir='ltr'>Tabeel</span> <span class='ocrx_word' id='word_1_368' title='bbox 1554 2822 1738 2875; x_wconf 88' lang='lat' dir='ltr'>bonus</span> <span class='ocrx_word' id='word_1_369' title='bbox 1831 2822 1976 2875; x_wconf 91' lang='lat' dir='ltr'>Deus</span> 
     </span>
    </p>
   </div>
   <div class='ocr_carea' id='block_1_57' title="bbox 265 5031 1961 5105">
    <p class='ocr_par' dir='ltr' id='par_1_57' title="bbox 265 5031 1961 5105">
     <span class='ocr_line' id='line_1_57' title="bbox 265 5031 1961 5105; baseline -0.002 -17"><span class='ocrx_word' id='word_1_370' title='bbox 265 5034 421 5088; x_wconf 89' lang='lat' dir='ltr'>enim</span> <span class='ocrx_word' id='word_1_371' title='bbox 477 5035 747 5105; x_wconf 89' lang='lat' dir='ltr'>leguntur</span> <span class='ocrx_word' id='word_1_372' title='bbox 801 5050 834 5087; x_wconf 89' lang='lat' dir='ltr'>a</span> <span class='ocrx_word' id='word_1_373' title='bbox 876 5033 1119 5088; x_wconf 89' lang='lat' dir='ltr'>Domino</span> <span class='ocrx_word' id='word_1_374' title='bbox 1164 5033 1326 5104; x_wconf 87' lang='lat' dir='ltr'>signa</span> <span class='ocrx_word' id='word_1_375' title='bbox 1377 5031 1642 5102; x_wconf 89' lang='lat' dir='ltr'>petivisse</span> <span class='ocrx_word' id='word_1_376' title='bbox 1702 5036 1758 5084; x_wconf 88' lang='lat' dir='ltr'>et</span> <span class='ocrx_word' id='word_1_377' title='bbox 1807 5048 1961 5085; x_wconf 89' lang='lat' dir='ltr'>acce-</span> 
     </span>
    </p>
   </div>
   <div class='ocr_carea' id='block_1_58' title="bbox 260 5120 1961 5194">
    <p class='ocr_par' dir='ltr' id='par_1_58' title="bbox 260 5120 1961 5194">
     <span class='ocr_line' id='line_1_58' title="bbox 260 5120 1961 5194; baseline -0.002 -19"><span class='ocrx_word' id='word_1_378' title='bbox 260 5123 439 5194; x_wconf 88' lang='lat' dir='ltr'>pisse,</span> <span class='ocrx_word' id='word_1_379' title='bbox 481 5123 577 5176; x_wconf 89' lang='lat' dir='ltr'>sed</span> <span class='ocrx_word' id='word_1_380' title='bbox 608 5123 792 5177; x_wconf 86' lang='lat' dir='ltr'>Achaz</span> <span class='ocrx_word' id='word_1_381' title='bbox 824 5122 903 5177; x_wconf 90' lang='lat' dir='ltr'>ita</span> <span class='ocrx_word' id='word_1_382' title='bbox 959 5122 1275 5193; x_wconf 80' lang='lat' dir='ltr'>respondit,</span> <span class='ocrx_word' id='word_1_383' title='bbox 1325 5126 1601 5191; x_wconf 86' lang='lat' dir='ltr'>tanquam</span> <span class='ocrx_word' id='word_1_384' title='bbox 1654 5120 1961 5173; x_wconf 87' lang='lat' dir='ltr'>auctorita-</span> 
     </span>
    </p>
   </div>
   <div class='ocr_carea' id='block_1_59' title="bbox 259 5211 1957 5267">
    <p class='ocr_par' dir='ltr' id='par_1_59' title="bbox 259 5211 1957 5267">
     <span class='ocr_line' id='line_1_59' title="bbox 259 5211 1957 5267; baseline -0.002 -2"><span class='ocrx_word' id='word_1_385' title='bbox 259 5215 437 5265; x_wconf 90' lang='lat' dir='ltr'>tatem</span> <span class='ocrx_word' id='word_1_386' title='bbox 496 5211 711 5265; x_wconf 87' lang='lat' dir='ltr'>habens</span> <span class='ocrx_word' id='word_1_387' title='bbox 770 5227 784 5265; x_wconf 89' lang='lat'>:</span> <span class='ocrx_word' id='word_1_388' title='bbox 842 5214 959 5267; x_wconf 85' lang='lat' dir='ltr'>Non</span> <span class='ocrx_word' id='word_1_389' title='bbox 1018 5211 1249 5264; x_wconf 79' lang='lat' dir='ltr'>tentabis</span> <span class='ocrx_word' id='word_1_390' title='bbox 1283 5212 1563 5264; x_wconf 86' lang='lat' dir='ltr'>Dominum</span> <span class='ocrx_word' id='word_1_391' title='bbox 1588 5211 1750 5262; x_wconf 91' lang='lat' dir='ltr'>Deum</span> <span class='ocrx_word' id='word_1_392' title='bbox 1805 5213 1957 5263; x_wconf 87' lang='lat' dir='ltr'>tuum</span> 
     </span>
    </p>
   </div>
   <div class='ocr_carea' id='block_1_60' title="bbox 260 5297 1961 5370">
    <p class='ocr_par' dir='ltr' id='par_1_60' title="bbox 260 5297 1961 5370">
     <span class='ocr_line' id='line_1_60' title="bbox 260 5297 1961 5370; baseline 0.001 -21"><span class='ocrx_word' id='word_1_393' title='bbox 260 5299 384 5363; x_wconf 90' lang='lat' dir='ltr'>Vel,</span> <span class='ocrx_word' id='word_1_394' title='bbox 406 5298 602 5353; x_wconf 88' lang='lat' dir='ltr'>timuit</span> <span class='ocrx_word' id='word_1_395' title='bbox 620 5299 774 5370; x_wconf 89' lang='lat' dir='ltr'>quod</span> <span class='ocrx_word' id='word_1_396' title='bbox 804 5298 864 5353; x_wconf 88' lang='lat' dir='ltr'>in</span> <span class='ocrx_word' id='word_1_397' title='bbox 896 5300 1060 5369; x_wconf 91' lang='lat' dir='ltr'>signo</span> <span class='ocrx_word' id='word_1_398' title='bbox 1096 5301 1244 5352; x_wconf 87' lang='lat' dir='ltr'>Deus</span> <span class='ocrx_word' id='word_1_399' title='bbox 1264 5299 1679 5369; x_wconf 89' lang='lat' dir='ltr'>gloriticaretur</span> <span class='ocrx_word' id='word_1_400' title='bbox 1722 5301 1778 5351; x_wconf 90' lang='lat' dir='ltr'>et</span> <span class='ocrx_word' id='word_1_401' title='bbox 1806 5297 1961 5351; x_wconf 84' lang='lat' dir='ltr'>idola</span> 
     </span>
    </p>
   </div>
   <div class='ocr_carea' id='block_1_61' title="bbox 259 5386 694 5442">
    <p class='ocr_par' dir='ltr' id='par_1_61' title="bbox 259 5386 694 5442">
     <span class='ocr_line' id='line_1_61' title="bbox 259 5386 694 5442; baseline 0.007 -3"><span class='ocrx_word' id='word_1_402' title='bbox 259 5386 694 5442; x_wconf 84' lang='lat' dir='ltr'>viliticarentur.</span> 
     </span>
    </p>
   </div>
   <div class='ocr_carea' id='block_1_62' title="bbox 338 5474 1964 5543">
    <p class='ocr_par' dir='ltr' id='par_1_62' title="bbox 338 5474 1964 5543">
     <span class='ocr_line' id='line_1_62' title="bbox 338 5474 1964 5543; baseline 0 -18"><span class='ocrx_word' id='word_1_403' title='bbox 338 5475 499 5529; x_wconf 77' lang='lat' dir='ltr'>Vens.</span> <span class='ocrx_word' id='word_1_404' title='bbox 566 5478 647 5531; x_wconf 71' lang='grc'><strong>14.</strong></span> <span class='ocrx_word' id='word_1_405' title='bbox 726 5505 795 5517; x_wconf 92' lang='grc'><strong><em>-</em></strong></span> <span class='ocrx_word' id='word_1_406' title='bbox 843 5493 925 5530; x_wconf 87' lang='lat' dir='ltr'>cce</span> <span class='ocrx_word' id='word_1_407' title='bbox 983 5478 1137 5541; x_wconf 77' lang='lat' dir='ltr'>virgo</span> <span class='ocrx_word' id='word_1_408' title='bbox 1182 5477 1461 5543; x_wconf 80' lang='lat' dir='ltr'>concipiet.</span> <span class='ocrx_word' id='word_1_409' title='bbox 1511 5474 1633 5541; x_wconf 74' lang='lat'>(11).)</span> <span class='ocrx_word' id='word_1_410' title='bbox 1698 5474 1964 5528; x_wconf 89' lang='lat' dir='ltr'>Hebraiee</span> 
     </span>
    </p>
   </div>
   <div class='ocr_carea' id='block_1_63' title="bbox 266 5564 1957 5636">
    <p class='ocr_par' dir='ltr' id='par_1_63' title="bbox 266 5564 1957 5636">
     <span class='ocr_line' id='line_1_63' title="bbox 266 5564 1957 5636; baseline 0 -20"><span class='ocrx_word' id='word_1_411' title='bbox 266 5564 432 5625; x_wconf 86' lang='lat' dir='ltr'>alma,</span> <span class='ocrx_word' id='word_1_412' title='bbox 466 5564 660 5619; x_wconf 81' lang='lat' dir='ltr'>Latine</span> <span class='ocrx_word' id='word_1_413' title='bbox 700 5581 930 5636; x_wconf 86' lang='lat' dir='ltr'>quoque</span> <span class='ocrx_word' id='word_1_414' title='bbox 962 5566 1106 5618; x_wconf 87' lang='lat' dir='ltr'>alma</span> <span class='ocrx_word' id='word_1_415' title='bbox 1162 5564 1365 5617; x_wconf 89' lang='lat' dir='ltr'>dicitur</span> <span class='ocrx_word' id='word_1_416' title='bbox 1419 5569 1628 5625; x_wconf 88' lang='lat' dir='ltr'>sancta,</span> <span class='ocrx_word' id='word_1_417' title='bbox 1684 5568 1814 5628; x_wconf 88' lang='lat' dir='ltr'>etc.,</span> <span class='ocrx_word' id='word_1_418' title='bbox 1864 5579 1957 5616; x_wconf 84' lang='lat' dir='ltr'>us-</span> 
     </span>
    </p>
   </div>
   <div class='ocr_carea' id='block_1_64' title="bbox 2080 532 2253 596">
    <p class='ocr_par' dir='ltr' id='par_1_64' title="bbox 2080 532 2253 596">
     <span class='ocr_line' id='line_1_64' title="bbox 2080 532 2253 596; baseline -0.012 -16"><span class='ocrx_word' id='word_1_419' title='bbox 2080 532 2253 596; x_wconf 84' lang='lat' dir='ltr'>patet.</span> 
     </span>
    </p>
   </div>
   <div class='ocr_carea' id='block_1_65' title="bbox 2152 608 3774 681">
    <p class='ocr_par' dir='ltr' id='par_1_65' title="bbox 2152 608 3774 681">
     <span class='ocr_line' id='line_1_65' title="bbox 2152 608 3774 681; baseline -0.004 -13"><span class='ocrx_word' id='word_1_420' title='bbox 2152 616 2467 668; x_wconf 79' lang='lat' dir='ltr'>Emmanuel</span> <span class='ocrx_word' id='word_1_421' title='bbox 2532 614 2655 681; x_wconf 87' lang='lat' dir='ltr'>(In.)</span> <span class='ocrx_word' id='word_1_422' title='bbox 2708 611 2949 676; x_wconf 84' lang='lat' dir='ltr'>Quidam</span> <span class='ocrx_word' id='word_1_423' title='bbox 3010 610 3215 665; x_wconf 86' lang='lat' dir='ltr'>Isaiam</span> <span class='ocrx_word' id='word_1_424' title='bbox 3275 609 3420 663; x_wconf 89' lang='lat' dir='ltr'>duos</span> <span class='ocrx_word' id='word_1_425' title='bbox 3474 608 3621 664; x_wconf 86' lang='lat' dir='ltr'>tilios</span> <span class='ocrx_word' id='word_1_426' title='bbox 3670 608 3774 662; x_wconf 89' lang='lat' dir='ltr'>ha-</span> 
     </span>
    </p>
   </div>
   <div class='ocr_carea' id='block_1_66' title="bbox 2080 696 3777 770">
    <p class='ocr_par' dir='ltr' id='par_1_66' title="bbox 2080 696 3777 770">
     <span class='ocr_line' id='line_1_66' title="bbox 2080 696 3777 770; baseline -0.005 -13"><span class='ocrx_word' id='word_1_427' title='bbox 2080 702 2270 757; x_wconf 86' lang='lat' dir='ltr'>buisse</span> <span class='ocrx_word' id='word_1_428' title='bbox 2291 704 2508 769; x_wconf 89' lang='lat' dir='ltr'>dicunt,</span> <span class='ocrx_word' id='word_1_429' title='bbox 2542 706 2672 769; x_wconf 91' lang='lat' dir='ltr'>etc.,</span> <span class='ocrx_word' id='word_1_430' title='bbox 2705 715 2873 769; x_wconf 88' lang='lat' dir='ltr'>usque</span> <span class='ocrx_word' id='word_1_431' title='bbox 2904 700 2978 752; x_wconf 88' lang='lat' dir='ltr'>ad</span> <span class='ocrx_word' id='word_1_432' title='bbox 3028 704 3263 770; x_wconf 87' lang='lat' dir='ltr'>propter</span> <span class='ocrx_word' id='word_1_433' title='bbox 3309 713 3481 769; x_wconf 90' lang='lat' dir='ltr'>quam</span> <span class='ocrx_word' id='word_1_434' title='bbox 3535 696 3777 750; x_wconf 88' lang='lat' dir='ltr'>Verbum</span> 
     </span>
    </p>
   </div>
   <div class='ocr_carea' id='block_1_67' title="bbox 2081 791 2585 844">
    <p class='ocr_par' dir='ltr' id='par_1_67' title="bbox 2081 791 2585 844">
     <span class='ocr_line' id='line_1_67' title="bbox 2081 791 2585 844; baseline 0 -1"><span class='ocrx_word' id='word_1_435' title='bbox 2081 807 2211 843; x_wconf 84' lang='lat' dir='ltr'>caro</span> <span class='ocrx_word' id='word_1_436' title='bbox 2243 791 2454 844; x_wconf 87' lang='lat' dir='ltr'>factum</span> <span class='ocrx_word' id='word_1_437' title='bbox 2480 796 2585 843; x_wconf 89' lang='lat' dir='ltr'>est.</span> 
     </span>
    </p>
   </div>
   <div class='ocr_carea' id='block_1_68' title="bbox 2151 874 3773 947">
    <p class='ocr_par' dir='ltr' id='par_1_68' title="bbox 2151 874 3773 947">
     <span class='ocr_line' id='line_1_68' title="bbox 2151 874 3773 947; baseline -0.002 -17"><span class='ocrx_word' id='word_1_438' title='bbox 2151 880 2314 933; x_wconf 76' lang='lat' dir='ltr'>Vens.</span> <span class='ocrx_word' id='word_1_439' title='bbox 2356 882 2438 933; x_wconf 75' lang='lat' dir='ltr'>l5.</span> <span class='ocrx_word' id='word_1_440' title='bbox 2494 908 2562 919; x_wconf 90' lang='lat'><strong><em>—</em></strong></span> <span class='ocrx_word' id='word_1_441' title='bbox 2614 877 2920 947; x_wconf 79' lang='lat' dir='ltr'>Reprobare</span> <span class='ocrx_word' id='word_1_442' title='bbox 2959 878 3180 930; x_wconf 87' lang='lat' dir='ltr'>malum.</span> <span class='ocrx_word' id='word_1_443' title='bbox 3238 876 3369 946; x_wconf 82' lang='grc' dir='ltr'>(Ιο.)</span> <span class='ocrx_word' id='word_1_444' title='bbox 3415 875 3587 939; x_wconf 89' lang='lat' dir='ltr'>Quasi</span> <span class='ocrx_word' id='word_1_445' title='bbox 3626 874 3773 927; x_wconf 85' lang='lat' dir='ltr'>dice—</span> 
     </span>
    </p>
   </div>
   <div class='ocr_carea' id='block_1_69' title="bbox 2079 962 3772 1038">
    <p class='ocr_par' dir='ltr' id='par_1_69' title="bbox 2079 962 3772 1038">
     <span class='ocr_line' id='line_1_69' title="bbox 2079 962 3772 1038; baseline -0.004 -17"><span class='ocrx_word' id='word_1_446' title='bbox 2079 972 2192 1021; x_wconf 89' lang='lat' dir='ltr'>ret:</span> <span class='ocrx_word' id='word_1_447' title='bbox 2222 969 2282 1021; x_wconf 93' lang='lat' dir='ltr'>ln</span> <span class='ocrx_word' id='word_1_448' title='bbox 2314 968 2520 1038; x_wconf 91' lang='lat' dir='ltr'>pannis</span> <span class='ocrx_word' id='word_1_449' title='bbox 2557 966 2809 1020; x_wconf 87' lang='lat' dir='ltr'>infantiae</span> <span class='ocrx_word' id='word_1_450' title='bbox 2841 965 3059 1035; x_wconf 91' lang='lat' dir='ltr'>positus</span> <span class='ocrx_word' id='word_1_451' title='bbox 3089 964 3321 1018; x_wconf 82' lang='lat' dir='ltr'>habebit</span> <span class='ocrx_word' id='word_1_452' title='bbox 3352 963 3485 1017; x_wconf 89' lang='lat' dir='ltr'>boni</span> <span class='ocrx_word' id='word_1_453' title='bbox 3520 962 3772 1033; x_wconf 89' lang='lat' dir='ltr'>malique</span> 
     </span>
    </p>
   </div>
   <div class='ocr_carea' id='block_1_70' title="bbox 2079 1050 3772 1123">
    <p class='ocr_par' dir='ltr' id='par_1_70' title="bbox 2079 1050 3772 1123">
     <span class='ocr_line' id='line_1_70' title="bbox 2079 1050 3772 1123; baseline -0.005 -14"><span class='ocrx_word' id='word_1_454' title='bbox 2079 1056 2497 1110; x_wconf 86' lang='lat' dir='ltr'>discretionem.</span> <span class='ocrx_word' id='word_1_455' title='bbox 2585 1054 2677 1109; x_wconf 83' lang='lat' dir='ltr'>His</span> <span class='ocrx_word' id='word_1_456' title='bbox 2753 1053 2939 1107; x_wconf 87' lang='lat' dir='ltr'>verbis</span> <span class='ocrx_word' id='word_1_457' title='bbox 3017 1053 3364 1123; x_wconf 74' lang='lat' dir='ltr'>percipimus</span> <span class='ocrx_word' id='word_1_458' title='bbox 3447 1050 3772 1114; x_wconf 84' lang='lat' dir='ltr'>Salvatoris,</span> 
     </span>
    </p>
   </div>
   <div class='ocr_carea' id='block_1_71' title="bbox 2079 1139 3774 1209">
    <p class='ocr_par' dir='ltr' id='par_1_71' title="bbox 2079 1139 3774 1209">
     <span class='ocr_line' id='line_1_71' title="bbox 2079 1139 3774 1209; baseline -0.005 -11"><span class='ocrx_word' id='word_1_459' title='bbox 2079 1144 2379 1198; x_wconf 84' lang='lat' dir='ltr'>infantiam</span> <span class='ocrx_word' id='word_1_460' title='bbox 2408 1144 2660 1198; x_wconf 82' lang='lat' dir='ltr'>divinam</span> <span class='ocrx_word' id='word_1_461' title='bbox 2700 1143 2760 1196; x_wconf 90' lang='lat' dir='ltr'>in</span> <span class='ocrx_word' id='word_1_462' title='bbox 2806 1159 2870 1195; x_wconf 90' lang='lat' dir='ltr'>eo</span> <span class='ocrx_word' id='word_1_463' title='bbox 2920 1158 3035 1195; x_wconf 89' lang='lat' dir='ltr'>non</span> <span class='ocrx_word' id='word_1_464' title='bbox 3094 1141 3366 1194; x_wconf 88' lang='lat' dir='ltr'>minuisse</span> <span class='ocrx_word' id='word_1_465' title='bbox 3412 1139 3774 1209; x_wconf 85' lang='lat' dir='ltr'>sapientiam,</span> 
     </span>
    </p>
   </div>
   <div class='ocr_carea' id='block_1_72' title="bbox 2080 1230 3780 1304">
    <p class='ocr_par' dir='ltr' id='par_1_72' title="bbox 2080 1230 3780 1304">
     <span class='ocr_line' id='line_1_72' title="bbox 2080 1230 3780 1304; baseline -0.005 -17"><span class='ocrx_word' id='word_1_466' title='bbox 2080 1236 2339 1304; x_wconf 89' lang='lat' dir='ltr'>quamvis</span> <span class='ocrx_word' id='word_1_467' title='bbox 2399 1234 2664 1287; x_wconf 88' lang='lat' dir='ltr'>dicatur:</span> <span class='ocrx_word' id='word_1_468' title='bbox 2724 1233 2864 1286; x_wconf 82' lang='lat' dir='ltr'>Puer</span> <span class='ocrx_word' id='word_1_469' title='bbox 2936 1234 3114 1284; x_wconf 64' lang='lat' dir='ltr'>mrtem</span> <span class='ocrx_word' id='word_1_470' title='bbox 3167 1230 3474 1297; x_wconf 80' lang='lat' dir='ltr'>proﬁciebat</span> <span class='ocrx_word' id='word_1_471' title='bbox 3518 1231 3675 1281; x_wconf 71' lang='lat' dir='ltr'>aetate</span> <span class='ocrx_word' id='word_1_472' title='bbox 3729 1231 3780 1279; x_wconf 88' lang='lat' dir='ltr'>et</span> 
     </span>
    </p>
   </div>
   <div class='ocr_carea' id='block_1_73' title="bbox 2079 1318 3768 1392">
    <p class='ocr_par' dir='ltr' id='par_1_73' title="bbox 2079 1318 3768 1392">
     <span class='ocr_line' id='line_1_73' title="bbox 2079 1318 3768 1392; baseline -0.004 -15"><span class='ocrx_word' id='word_1_473' title='bbox 2079 1325 2371 1392; x_wconf 81' lang='lat' dir='ltr'>sapientia,</span> <span class='ocrx_word' id='word_1_474' title='bbox 2425 1328 2485 1376; x_wconf 90' lang='lat' dir='ltr'>ut</span> <span class='ocrx_word' id='word_1_475' title='bbox 2528 1322 2735 1376; x_wconf 85' lang='lat' dir='ltr'>veritas</span> <span class='ocrx_word' id='word_1_476' title='bbox 2789 1321 3027 1375; x_wconf 88' lang='lat' dir='ltr'>humani</span> <span class='ocrx_word' id='word_1_477' title='bbox 3072 1320 3328 1388; x_wconf 88' lang='lat' dir='ltr'>corporis</span> <span class='ocrx_word' id='word_1_478' title='bbox 3385 1318 3768 1389; x_wconf 86' lang='lat' dir='ltr'>probaretur:</span> 
     </span>
    </p>
   </div>
   <div class='ocr_carea' id='block_1_74' title="bbox 2081 1406 3596 1480">
    <p class='ocr_par' dir='ltr' id='par_1_74' title="bbox 2081 1406 3596 1480">
     <span class='ocr_line' id='line_1_74' title="bbox 2081 1406 3596 1480; baseline -0.003 -16"><span class='ocrx_word' id='word_1_479' title='bbox 2081 1411 2319 1465; x_wconf 88' lang='lat' dir='ltr'>infantia</span> <span class='ocrx_word' id='word_1_480' title='bbox 2351 1411 2503 1464; x_wconf 87' lang='lat' dir='ltr'>enim</span> <span class='ocrx_word' id='word_1_481' title='bbox 2530 1427 2643 1465; x_wconf 83' lang='lat' dir='ltr'>non</span> <span class='ocrx_word' id='word_1_482' title='bbox 2676 1410 3011 1480; x_wconf 71' lang='lat' dir='ltr'>przejudieat</span> <span class='ocrx_word' id='word_1_483' title='bbox 3040 1408 3249 1462; x_wconf 75' lang='lat' dir='ltr'>divinae</span> <span class='ocrx_word' id='word_1_484' title='bbox 3280 1406 3596 1478; x_wconf 54' lang='lat' dir='ltr'>sapientia.</span> 
     </span>
    </p>
   </div>
   <div class='ocr_carea' id='block_1_75' title="bbox 2154 1494 3780 1566">
    <p class='ocr_par' dir='ltr' id='par_1_75' title="bbox 2154 1494 3780 1566">
     <span class='ocr_line' id='line_1_75' title="bbox 2154 1494 3780 1566; baseline -0.001 -16"><span class='ocrx_word' id='word_1_485' title='bbox 2154 1500 2310 1553; x_wconf 75' lang='lat' dir='ltr'>Vens.</span> <span class='ocrx_word' id='word_1_486' title='bbox 2356 1502 2432 1553; x_wconf 82' lang='lat' dir='ltr'>l6.</span> <span class='ocrx_word' id='word_1_487' title='bbox 2468 1530 2534 1538; x_wconf 88' lang='lat'>—-</span> <span class='ocrx_word' id='word_1_488' title='bbox 2566 1500 2999 1566; x_wconf 81' lang='lat' dir='ltr'>I.‘erclinquetur,</span> <span class='ocrx_word' id='word_1_489' title='bbox 3035 1503 3140 1551; x_wconf 89' lang='lat' dir='ltr'>etc.</span> <span class='ocrx_word' id='word_1_490' title='bbox 3190 1498 3313 1565; x_wconf 84' lang='grc' dir='ltr'>(Ιο.)</span> <span class='ocrx_word' id='word_1_491' title='bbox 3347 1495 3510 1566; x_wconf 90' lang='lat' dir='ltr'>quasi</span> <span class='ocrx_word' id='word_1_492' title='bbox 3566 1494 3780 1549; x_wconf 86' lang='lat' dir='ltr'>diceret</span> 
     </span>
    </p>
   </div>
   <div class='ocr_carea' id='block_1_76' title="bbox 2082 1583 3777 1657">
    <p class='ocr_par' dir='ltr' id='par_1_76' title="bbox 2082 1583 3777 1657">
     <span class='ocr_line' id='line_1_76' title="bbox 2082 1583 3777 1657; baseline -0.002 -16"><span class='ocrx_word' id='word_1_493' title='bbox 2082 1589 2252 1641; x_wconf 84' lang='lat' dir='ltr'>Terra</span> <span class='ocrx_word' id='word_1_494' title='bbox 2301 1587 2477 1657; x_wconf 80' lang='lat' dir='ltr'>Syriae</span> <span class='ocrx_word' id='word_1_495' title='bbox 2538 1593 2594 1641; x_wconf 92' lang='lat' dir='ltr'>et</span> <span class='ocrx_word' id='word_1_496' title='bbox 2650 1587 2920 1641; x_wconf 59' lang='lat' dir='ltr'>Samaria;</span> <span class='ocrx_word' id='word_1_497' title='bbox 2981 1587 3050 1640; x_wconf 89' lang='lat' dir='ltr'>ab</span> <span class='ocrx_word' id='word_1_498' title='bbox 3124 1584 3478 1639; x_wconf 80' lang='lat' dir='ltr'>invocatione</span> <span class='ocrx_word' id='word_1_499' title='bbox 3529 1583 3777 1637; x_wconf 83' lang='lat' dir='ltr'>nominis</span> 
     </span>
    </p>
   </div>
   <div class='ocr_carea' id='block_1_77' title="bbox 2081 1671 3777 1743">
    <p class='ocr_par' dir='ltr' id='par_1_77' title="bbox 2081 1671 3777 1743">
     <span class='ocr_line' id='line_1_77' title="bbox 2081 1671 3777 1743; baseline -0.003 -15"><span class='ocrx_word' id='word_1_500' title='bbox 2081 1691 2204 1743; x_wconf 27' lang='lat' dir='ltr'>etus</span> <span class='ocrx_word' id='word_1_501' title='bbox 2237 1674 2569 1741; x_wconf 88' lang='lat' dir='ltr'>vastabitur,</span> <span class='ocrx_word' id='word_1_502' title='bbox 2593 1679 2649 1726; x_wconf 91' lang='lat' dir='ltr'>et</span> <span class='ocrx_word' id='word_1_503' title='bbox 2679 1674 2887 1727; x_wconf 88' lang='lat' dir='ltr'>domus</span> <span class='ocrx_word' id='word_1_504' title='bbox 2912 1673 3060 1727; x_wconf 80' lang='lat' dir='ltr'>Juda</span> <span class='ocrx_word' id='word_1_505' title='bbox 3086 1690 3115 1727; x_wconf 91' lang='lat' dir='ltr'>a</span> <span class='ocrx_word' id='word_1_506' title='bbox 3178 1674 3399 1726; x_wconf 88' lang='lat' dir='ltr'>duobus</span> <span class='ocrx_word' id='word_1_507' title='bbox 3444 1671 3678 1741; x_wconf 89' lang='lat' dir='ltr'>regibus</span> <span class='ocrx_word' id='word_1_508' title='bbox 3709 1671 3777 1724; x_wconf 85' lang='lat' dir='ltr'>li-</span> 
     </span>
    </p>
   </div>
   <div class='ocr_carea' id='block_1_78' title="bbox 2079 1762 2390 1816">
    <p class='ocr_par' dir='ltr' id='par_1_78' title="bbox 2079 1762 2390 1816">
     <span class='ocr_line' id='line_1_78' title="bbox 2079 1762 2390 1816; baseline -0.003 0"><span class='ocrx_word' id='word_1_509' title='bbox 2079 1762 2390 1816; x_wconf 89' lang='lat' dir='ltr'>berabitur.</span> 
     </span>
    </p>
   </div>
   <div class='ocr_carea' id='block_1_79' title="bbox 2151 1848 3775 1919">
    <p class='ocr_par' dir='ltr' id='par_1_79' title="bbox 2151 1848 3775 1919">
     <span class='ocr_line' id='line_1_79' title="bbox 2151 1848 3775 1919; baseline -0.001 -18"><span class='ocrx_word' id='word_1_510' title='bbox 2151 1850 2317 1903; x_wconf 72' lang='lat' dir='ltr'>Vens.</span> <span class='ocrx_word' id='word_1_511' title='bbox 2364 1852 2447 1903; x_wconf 79' lang='grc'><strong>18.</strong></span> <span class='ocrx_word' id='word_1_512' title='bbox 2505 1851 2835 1903; x_wconf 75' lang='lat' dir='ltr'>—-Muscae.</span> <span class='ocrx_word' id='word_1_513' title='bbox 2897 1849 3037 1917; x_wconf 82' lang='grc' dir='ltr'>(Ῐυ.)</span> <span class='ocrx_word' id='word_1_514' title='bbox 3092 1849 3153 1903; x_wconf 92' lang='lat' dir='ltr'>Id</span> <span class='ocrx_word' id='word_1_515' title='bbox 3212 1854 3295 1902; x_wconf 87' lang='lat' dir='ltr'>est</span> <span class='ocrx_word' id='word_1_516' title='bbox 3325 1848 3618 1919; x_wconf 63' lang='lat' dir='ltr'>zEgyptiis,</span> <span class='ocrx_word' id='word_1_517' title='bbox 3671 1864 3775 1917; x_wconf 89' lang='lat' dir='ltr'>po-</span> 
     </span>
    </p>
   </div>
   <div class='ocr_carea' id='block_1_80' title="bbox 2080 1935 3776 2005">
    <p class='ocr_par' dir='ltr' id='par_1_80' title="bbox 2080 1935 3776 2005">
     <span class='ocr_line' id='line_1_80' title="bbox 2080 1935 3776 2005; baseline -0.001 -16"><span class='ocrx_word' id='word_1_518' title='bbox 2080 1937 2217 2005; x_wconf 91' lang='lat' dir='ltr'>pulo</span> <span class='ocrx_word' id='word_1_519' title='bbox 2272 1936 2490 1990; x_wconf 90' lang='lat' dir='ltr'>imbelli</span> <span class='ocrx_word' id='word_1_520' title='bbox 2547 1942 2604 1990; x_wconf 87' lang='lat' dir='ltr'>et</span> <span class='ocrx_word' id='word_1_521' title='bbox 2657 1935 2982 1990; x_wconf 87' lang='lat' dir='ltr'>idololatria</span> <span class='ocrx_word' id='word_1_522' title='bbox 3058 1936 3329 1989; x_wconf 89' lang='lat' dir='ltr'>sordenti.</span> <span class='ocrx_word' id='word_1_523' title='bbox 3394 1935 3661 2005; x_wconf 87' lang='lat' dir='ltr'>Legimus</span> <span class='ocrx_word' id='word_1_524' title='bbox 3707 1936 3776 1988; x_wconf 85' lang='lat' dir='ltr'>ab</span> 
     </span>
    </p>
   </div>
   <div class='ocr_carea' id='block_1_81' title="bbox 2081 2024 3773 2094">
    <p class='ocr_par' dir='ltr' id='par_1_81' title="bbox 2081 2024 3773 2094">
     <span class='ocr_line' id='line_1_81' title="bbox 2081 2024 3773 2094; baseline -0.001 -17"><span class='ocrx_word' id='word_1_525' title='bbox 2081 2024 2356 2094; x_wconf 64' lang='lat' dir='ltr'>[Egyptiis</span> <span class='ocrx_word' id='word_1_526' title='bbox 2374 2024 2587 2078; x_wconf 83' lang='lat' dir='ltr'>Josiam</span> <span class='ocrx_word' id='word_1_527' title='bbox 2610 2024 2858 2077; x_wconf 91' lang='lat' dir='ltr'>occisum</span> <span class='ocrx_word' id='word_1_528' title='bbox 2885 2029 2940 2077; x_wconf 90' lang='lat' dir='ltr'>et</span> <span class='ocrx_word' id='word_1_529' title='bbox 2968 2024 3247 2094; x_wconf 87' lang='lat' dir='ltr'>populum</span> <span class='ocrx_word' id='word_1_530' title='bbox 3283 2024 3451 2077; x_wconf 88' lang='lat' dir='ltr'>Israel</span> <span class='ocrx_word' id='word_1_531' title='bbox 3505 2024 3773 2093; x_wconf 77' lang='lat' dir='ltr'>subjuga-</span> 
     </span>
    </p>
   </div>
   <div class='ocr_carea' id='block_1_82' title="bbox 2081 2112 3777 2181">
    <p class='ocr_par' dir='ltr' id='par_1_82' title="bbox 2081 2112 3777 2181">
     <span class='ocr_line' id='line_1_82' title="bbox 2081 2112 3777 2181; baseline -0.001 -16"><span class='ocrx_word' id='word_1_532' title='bbox 2081 2117 2224 2177; x_wconf 90' lang='lat' dir='ltr'>tum,</span> <span class='ocrx_word' id='word_1_533' title='bbox 2261 2128 2361 2165; x_wconf 91' lang='lat' dir='ltr'>nec</span> <span class='ocrx_word' id='word_1_534' title='bbox 2389 2114 2568 2166; x_wconf 90' lang='lat' dir='ltr'>multo</span> <span class='ocrx_word' id='word_1_535' title='bbox 2612 2116 2741 2181; x_wconf 89' lang='lat' dir='ltr'>post</span> <span class='ocrx_word' id='word_1_536' title='bbox 2765 2116 3020 2181; x_wconf 89' lang='lat' dir='ltr'>tempore</span> <span class='ocrx_word' id='word_1_537' title='bbox 3070 2112 3592 2165; x_wconf 80' lang='lat' dir='ltr'>Nabuchodonosor</span> <span class='ocrx_word' id='word_1_538' title='bbox 3647 2127 3777 2164; x_wconf 70' lang='lat' dir='ltr'>eum</span> 
     </span>
    </p>
   </div>
   <div class='ocr_carea' id='block_1_83' title="bbox 2081 2199 3778 2270">
    <p class='ocr_par' dir='ltr' id='par_1_83' title="bbox 2081 2199 3778 2270">
     <span class='ocr_line' id='line_1_83' title="bbox 2081 2199 3778 2270; baseline -0.001 -17"><span class='ocrx_word' id='word_1_539' title='bbox 2081 2200 2486 2254; x_wconf 88' lang='lat' dir='ltr'>innumerabili</span> <span class='ocrx_word' id='word_1_540' title='bbox 2545 2200 2795 2253; x_wconf 86' lang='lat' dir='ltr'>exercitu</span> <span class='ocrx_word' id='word_1_541' title='bbox 2874 2199 3025 2270; x_wconf 87' lang='lat' dir='ltr'>cepit</span> <span class='ocrx_word' id='word_1_542' title='bbox 3106 2201 3442 2265; x_wconf 84' lang='lat' dir='ltr'>Jerusalem,</span> <span class='ocrx_word' id='word_1_543' title='bbox 3495 2200 3778 2269; x_wconf 80' lang='lat' dir='ltr'>templum</span> 
     </span>
    </p>
   </div>
   <div class='ocr_carea' id='block_1_84' title="bbox 2080 2288 3777 2358">
    <p class='ocr_par' dir='ltr' id='par_1_84' title="bbox 2080 2288 3777 2358">
     <span class='ocr_line' id='line_1_84' title="bbox 2080 2288 3777 2358; baseline -0.001 -17"><span class='ocrx_word' id='word_1_544' title='bbox 2080 2289 2394 2355; x_wconf 88' lang='lat' dir='ltr'>succendit,</span> <span class='ocrx_word' id='word_1_545' title='bbox 2454 2293 2511 2343; x_wconf 84' lang='lat' dir='ltr'>et</span> <span class='ocrx_word' id='word_1_546' title='bbox 2577 2289 2929 2342; x_wconf 83' lang='lat' dir='ltr'>habitatores</span> <span class='ocrx_word' id='word_1_547' title='bbox 2976 2288 3236 2358; x_wconf 78' lang='lat' dir='ltr'>Assyrios</span> <span class='ocrx_word' id='word_1_548' title='bbox 3315 2288 3374 2340; x_wconf 90' lang='lat' dir='ltr'>in</span> <span class='ocrx_word' id='word_1_549' title='bbox 3430 2290 3627 2341; x_wconf 70' lang='lat' dir='ltr'>Iudaea</span> <span class='ocrx_word' id='word_1_550' title='bbox 3676 2304 3777 2358; x_wconf 86' lang='lat' dir='ltr'>po-</span> 
     </span>
    </p>
   </div>
   <div class='ocr_carea' id='block_1_85' title="bbox 2080 2377 2755 2433">
    <p class='ocr_par' dir='ltr' id='par_1_85' title="bbox 2080 2377 2755 2433">
     <span class='ocr_line' id='line_1_85' title="bbox 2080 2377 2755 2433; baseline 0.001 -2"><span class='ocrx_word' id='word_1_551' title='bbox 2080 2377 2215 2433; x_wconf 90' lang='lat' dir='ltr'>suit.</span> <span class='ocrx_word' id='word_1_552' title='bbox 2738 2384 2755 2397; x_wconf 73' lang='lat'><strong>‘</strong></span> 
     </span>
    </p>
   </div>
   <div class='ocr_carea' id='block_1_86' title="bbox 2154 2463 3781 2534">
    <p class='ocr_par' dir='ltr' id='par_1_86' title="bbox 2154 2463 3781 2534">
     <span class='ocr_line' id='line_1_86' title="bbox 2154 2463 3781 2534; baseline 0 -17"><span class='ocrx_word' id='word_1_553' title='bbox 2154 2467 2312 2521; x_wconf 77' lang='lat' dir='ltr'>Vens.</span> <span class='ocrx_word' id='word_1_554' title='bbox 2341 2468 2429 2520; x_wconf 80' lang='lat'>20.</span> <span class='ocrx_word' id='word_1_555' title='bbox 2464 2494 2535 2506; x_wconf 91' lang='lat'>-—</span> <span class='ocrx_word' id='word_1_556' title='bbox 2562 2466 2857 2521; x_wconf 83' lang='lat' dir='ltr'>Novacula.</span> <span class='ocrx_word' id='word_1_557' title='bbox 2909 2466 3033 2533; x_wconf 82' lang='grc' dir='ltr'>(Ιυ.)</span> <span class='ocrx_word' id='word_1_558' title='bbox 3076 2466 3190 2518; x_wconf 78' lang='lat' dir='ltr'>ttex</span> <span class='ocrx_word' id='word_1_559' title='bbox 3253 2463 3611 2534; x_wconf 75' lang='lat' dir='ltr'>Assyriorum</span> <span class='ocrx_word' id='word_1_560' title='bbox 3655 2463 3781 2533; x_wconf 87' lang='lat' dir='ltr'>(qui</span> 
     </span>
    </p>
   </div>
   <div class='ocr_carea' id='block_1_87' title="bbox 2082 2552 3778 2622">
    <p class='ocr_par' dir='ltr' id='par_1_87' title="bbox 2082 2552 3778 2622">
     <span class='ocr_line' id='line_1_87' title="bbox 2082 2552 3778 2622; baseline -0.002 -15"><span class='ocrx_word' id='word_1_561' title='bbox 2082 2554 2141 2607; x_wconf 93' lang='lat' dir='ltr'>in</span> <span class='ocrx_word' id='word_1_562' title='bbox 2160 2554 2405 2608; x_wconf 85' lang='lat' dir='ltr'>Jeremia</span> <span class='ocrx_word' id='word_1_563' title='bbox 2431 2554 2695 2608; x_wconf 89' lang='lat' dir='ltr'>columba</span> <span class='ocrx_word' id='word_1_564' title='bbox 2728 2552 2828 2607; x_wconf 88' lang='lat' dir='ltr'>Dei</span> <span class='ocrx_word' id='word_1_565' title='bbox 2859 2553 3110 2622; x_wconf 87' lang='lat' dir='ltr'>vocatur)</span> <span class='ocrx_word' id='word_1_566' title='bbox 3160 2553 3218 2605; x_wconf 89' lang='lat' dir='ltr'>in</span> <span class='ocrx_word' id='word_1_567' title='bbox 3269 2569 3334 2605; x_wconf 92' lang='lat' dir='ltr'>eo</span> <span class='ocrx_word' id='word_1_568' title='bbox 3386 2559 3659 2622; x_wconf 86' lang='lat' dir='ltr'>tanquam</span> <span class='ocrx_word' id='word_1_569' title='bbox 3719 2552 3778 2604; x_wconf 90' lang='lat' dir='ltr'>in</span> 
     </span>
    </p>
   </div>
   <div class='ocr_carea' id='block_1_88' title="bbox 2082 2639 3777 2711">
    <p class='ocr_par' dir='ltr' id='par_1_88' title="bbox 2082 2639 3777 2711">
     <span class='ocr_line' id='line_1_88' title="bbox 2082 2639 3777 2711; baseline -0.004 -14"><span class='ocrx_word' id='word_1_570' title='bbox 2082 2644 2360 2697; x_wconf 90' lang='lat' dir='ltr'>novacula</span> <span class='ocrx_word' id='word_1_571' title='bbox 2392 2642 2719 2695; x_wconf 88' lang='lat' dir='ltr'>acutissima</span> <span class='ocrx_word' id='word_1_572' title='bbox 2740 2646 2797 2696; x_wconf 88' lang='lat' dir='ltr'>et</span> <span class='ocrx_word' id='word_1_573' title='bbox 2844 2641 2903 2694; x_wconf 90' lang='lat' dir='ltr'>in</span> <span class='ocrx_word' id='word_1_574' title='bbox 2955 2641 3045 2694; x_wconf 92' lang='lat' dir='ltr'>his</span> <span class='ocrx_word' id='word_1_575' title='bbox 3080 2640 3179 2711; x_wconf 89' lang='lat' dir='ltr'>qui</span> <span class='ocrx_word' id='word_1_576' title='bbox 3209 2646 3372 2694; x_wconf 88' lang='lat' dir='ltr'>trans</span> <span class='ocrx_word' id='word_1_577' title='bbox 3405 2641 3638 2704; x_wconf 89' lang='lat' dir='ltr'>tlumen,</span> <span class='ocrx_word' id='word_1_578' title='bbox 3672 2639 3777 2692; x_wconf 87' lang='lat' dir='ltr'>sci-</span> 
     </span>
    </p>
   </div>
   <div class='ocr_carea' id='block_1_89' title="bbox 2082 2728 3776 2802">
    <p class='ocr_par' dir='ltr' id='par_1_89' title="bbox 2082 2728 3776 2802">
     <span class='ocr_line' id='line_1_89' title="bbox 2082 2728 3776 2802; baseline -0.002 -17"><span class='ocrx_word' id='word_1_579' title='bbox 2082 2731 2216 2786; x_wconf 88' lang='lat' dir='ltr'>licet</span> <span class='ocrx_word' id='word_1_580' title='bbox 2238 2732 2500 2802; x_wconf 82' lang='lat' dir='ltr'>Assyriis,</span> <span class='ocrx_word' id='word_1_581' title='bbox 2532 2736 2685 2799; x_wconf 87' lang='lat' dir='ltr'>sunt,</span> <span class='ocrx_word' id='word_1_582' title='bbox 2717 2731 2879 2785; x_wconf 87' lang='lat' dir='ltr'>radet</span> <span class='ocrx_word' id='word_1_583' title='bbox 2931 2731 3205 2784; x_wconf 88' lang='lat' dir='ltr'>Dominus</span> <span class='ocrx_word' id='word_1_584' title='bbox 3254 2728 3313 2782; x_wconf 90' lang='lat' dir='ltr'>in</span> <span class='ocrx_word' id='word_1_585' title='bbox 3372 2730 3570 2783; x_wconf 68' lang='lat' dir='ltr'>Judzea</span> <span class='ocrx_word' id='word_1_586' title='bbox 3602 2736 3776 2798; x_wconf 90' lang='lat' dir='ltr'>caput</span> 
     </span>
    </p>
   </div>
   <div class='ocr_carea' id='block_1_90' title="bbox 2085 2818 3778 2890">
    <p class='ocr_par' dir='ltr' id='par_1_90' title="bbox 2085 2818 3778 2890">
     <span class='ocr_line' id='line_1_90' title="bbox 2085 2818 3778 2890; baseline -0.002 -16"><span class='ocrx_word' id='word_1_587' title='bbox 2085 2826 2140 2874; x_wconf 91' lang='lat' dir='ltr'>et</span> <span class='ocrx_word' id='word_1_588' title='bbox 2169 2820 2316 2890; x_wconf 89' lang='lat' dir='ltr'>pilos</span> <span class='ocrx_word' id='word_1_589' title='bbox 2338 2821 2548 2890; x_wconf 81' lang='lat' dir='ltr'>pedum</span> <span class='ocrx_word' id='word_1_590' title='bbox 2582 2820 2794 2873; x_wconf 86' lang='lat' dir='ltr'>scilicet</span> <span class='ocrx_word' id='word_1_591' title='bbox 2851 2834 3084 2872; x_wconf 90' lang='lat' dir='ltr'>omnem</span> <span class='ocrx_word' id='word_1_592' title='bbox 3132 2818 3528 2872; x_wconf 84' lang='lat' dir='ltr'>fortitudinem</span> <span class='ocrx_word' id='word_1_593' title='bbox 3574 2834 3778 2889; x_wconf 88' lang='lat' dir='ltr'>regum</span> 
     </span>
    </p>
   </div>
   <div class='ocr_carea' id='block_1_91' title="bbox 2085 2892 3143 2977">
    <p class='ocr_par' dir='ltr' id='par_1_91' title="bbox 2085 2892 3143 2977">
     <span class='ocr_line' id='line_1_91' title="bbox 2085 2892 3143 2977; baseline -0.001 -17"><span class='ocrx_word' id='word_1_594' title='bbox 2085 2913 2142 2960; x_wconf 91' lang='lat' dir='ltr'>et</span> <span class='ocrx_word' id='word_1_595' title='bbox 2171 2907 2519 2977; x_wconf 88' lang='lat' dir='ltr'>principum,</span> <span class='ocrx_word' id='word_1_596' title='bbox 2552 2906 3029 2975; x_wconf 88' lang='lat' dir='ltr'>etsubjeetorum.</span> <span class='ocrx_word' id='word_1_597' title='bbox 3140 2892 3143 2893; x_wconf 15' lang='grc' dir='ltr'><em>ν</em></span> 
     </span>
    </p>
   </div>
   <div class='ocr_carea' id='block_1_92' title="bbox 2164 2994 3777 3063">
    <p class='ocr_par' dir='ltr' id='par_1_92' title="bbox 2164 2994 3777 3063">
     <span class='ocr_line' id='line_1_92' title="bbox 2164 2994 3777 3063; baseline 0 -17"><span class='ocrx_word' id='word_1_598' title='bbox 2164 2996 2321 3049; x_wconf 75' lang='lat' dir='ltr'>Vens.</span> <span class='ocrx_word' id='word_1_599' title='bbox 2370 2999 2456 3050; x_wconf 78' lang='lat'>22.</span> <span class='ocrx_word' id='word_1_600' title='bbox 2496 3025 2565 3035; x_wconf 98' lang='lat'><strong>—</strong></span> <span class='ocrx_word' id='word_1_601' title='bbox 2616 2996 2858 3052; x_wconf 85' lang='lat' dir='ltr'>Comedet</span> <span class='ocrx_word' id='word_1_602' title='bbox 2907 2996 3181 3063; x_wconf 80' lang='lat' dir='ltr'>butyrum.</span> <span class='ocrx_word' id='word_1_603' title='bbox 3254 2994 3639 3048; x_wconf 73' lang='lat' dir='ltr'>Delectabitur</span> <span class='ocrx_word' id='word_1_604' title='bbox 3719 2994 3777 3047; x_wconf 90' lang='lat' dir='ltr'>in</span> 
     </span>
    </p>
   </div>
   <div class='ocr_carea' id='block_1_93' title="bbox 2087 3085 3776 3157">
    <p class='ocr_par' dir='ltr' id='par_1_93' title="bbox 2087 3085 3776 3157">
     <span class='ocr_line' id='line_1_93' title="bbox 2087 3085 3776 3157; baseline -0.001 -18"><span class='ocrx_word' id='word_1_605' title='bbox 2087 3087 2347 3157; x_wconf 90' lang='lat' dir='ltr'>passione</span> <span class='ocrx_word' id='word_1_606' title='bbox 2372 3085 2577 3140; x_wconf 81' lang='lat' dir='ltr'>Christi</span> <span class='ocrx_word' id='word_1_607' title='bbox 2606 3086 2693 3139; x_wconf 89' lang='lat' dir='ltr'>vel</span> <span class='ocrx_word' id='word_1_608' title='bbox 2741 3102 2860 3139; x_wconf 89' lang='lat' dir='ltr'>sua.</span> <span class='ocrx_word' id='word_1_609' title='bbox 2926 3087 3198 3156; x_wconf 88' lang='lat' dir='ltr'>Butyrum</span> <span class='ocrx_word' id='word_1_610' title='bbox 3247 3087 3399 3139; x_wconf 83' lang='lat' dir='ltr'>enim</span> <span class='ocrx_word' id='word_1_611' title='bbox 3465 3102 3531 3138; x_wconf 86' lang='lat' dir='ltr'>ex</span> <span class='ocrx_word' id='word_1_612' title='bbox 3582 3085 3776 3139; x_wconf 89' lang='lat' dir='ltr'>multis</span> 
     </span>
    </p>
   </div>
   <div class='ocr_carea' id='block_1_94' title="bbox 2085 3173 2814 3228">
    <p class='ocr_par' dir='ltr' id='par_1_94' title="bbox 2085 3173 2814 3228">
     <span class='ocr_line' id='line_1_94' title="bbox 2085 3173 2814 3228; baseline -0.001 0"><span class='ocrx_word' id='word_1_613' title='bbox 2085 3173 2530 3228; x_wconf 87' lang='lat' dir='ltr'>confectionibus</span> <span class='ocrx_word' id='word_1_614' title='bbox 2551 3174 2814 3228; x_wconf 83' lang='lat' dir='ltr'>efﬁcitur.</span> 
     </span>
    </p>
   </div>
   <div class='ocr_carea' id='block_1_95' title="bbox 2154 3264 3776 3331">
    <p class='ocr_par' dir='ltr' id='par_1_95' title="bbox 2154 3264 3776 3331">
     <span class='ocr_line' id='line_1_95' title="bbox 2154 3264 3776 3331; baseline 0.001 -17"><span class='ocrx_word' id='word_1_615' title='bbox 2154 3264 2330 3317; x_wconf 77' lang='lat' dir='ltr'>Vens.</span> <span class='ocrx_word' id='word_1_616' title='bbox 2364 3265 2451 3317; x_wconf 75' lang='lat'>‘25.</span> <span class='ocrx_word' id='word_1_617' title='bbox 2486 3294 2554 3302; x_wconf 89' lang='lat'><strong>—</strong></span> <span class='ocrx_word' id='word_1_618' title='bbox 2591 3264 2663 3316; x_wconf 86' lang='lat' dir='ltr'>Et</span> <span class='ocrx_word' id='word_1_619' title='bbox 2683 3277 2858 3317; x_wconf 84' lang='lat' dir='ltr'>omnes</span> <span class='ocrx_word' id='word_1_620' title='bbox 2890 3266 3088 3316; x_wconf 85' lang='lat' dir='ltr'>montes</span> <span class='ocrx_word' id='word_1_621' title='bbox 3142 3265 3239 3331; x_wconf 81' lang='lat' dir='ltr'>qui</span> <span class='ocrx_word' id='word_1_622' title='bbox 3264 3265 3321 3315; x_wconf 85' lang='lat' dir='ltr'>in</span> <span class='ocrx_word' id='word_1_623' title='bbox 3372 3264 3590 3316; x_wconf 80' lang='lat' dir='ltr'>sarculo</span> <span class='ocrx_word' id='word_1_624' title='bbox 3648 3277 3776 3315; x_wconf 85' lang='lat' dir='ltr'>sar-</span> 
     </span>
    </p>
   </div>
   <div class='ocr_carea' id='block_1_96' title="bbox 2082 3349 3776 3420">
    <p class='ocr_par' dir='ltr' id='par_1_96' title="bbox 2082 3349 3776 3420">
     <span class='ocr_line' id='line_1_96' title="bbox 2082 3349 3776 3420; baseline -0.002 -16"><span class='ocrx_word' id='word_1_625' title='bbox 2082 3353 2311 3404; x_wconf 85' lang='lat' dir='ltr'>rientur.</span> <span class='ocrx_word' id='word_1_626' title='bbox 2346 3352 2474 3420; x_wconf 79' lang='grc' dir='ltr'>(Ιυ.)</span> <span class='ocrx_word' id='word_1_627' title='bbox 2502 3350 2728 3405; x_wconf 79' lang='lat' dir='ltr'>Relictis</span> <span class='ocrx_word' id='word_1_628' title='bbox 2769 3349 3187 3419; x_wconf 88' lang='lat' dir='ltr'>campestribus</span> <span class='ocrx_word' id='word_1_629' title='bbox 3221 3356 3371 3403; x_wconf 89' lang='lat' dir='ltr'>metu</span> <span class='ocrx_word' id='word_1_630' title='bbox 3406 3350 3657 3403; x_wconf 87' lang='lat' dir='ltr'>hostium</span> <span class='ocrx_word' id='word_1_631' title='bbox 3708 3349 3776 3402; x_wconf 91' lang='lat' dir='ltr'>ad</span> 
     </span>
    </p>
   </div>
   <div class='ocr_carea' id='block_1_97' title="bbox 2083 3438 3775 3509">
    <p class='ocr_par' dir='ltr' id='par_1_97' title="bbox 2083 3438 3775 3509">
     <span class='ocr_line' id='line_1_97' title="bbox 2083 3438 3775 3509; baseline -0.001 -17"><span class='ocrx_word' id='word_1_632' title='bbox 2083 3444 2355 3493; x_wconf 89' lang='lat' dir='ltr'>montana</span> <span class='ocrx_word' id='word_1_633' title='bbox 2405 3439 2740 3508; x_wconf 84' lang='lat' dir='ltr'>confugient</span> <span class='ocrx_word' id='word_1_634' title='bbox 2800 3454 3000 3506; x_wconf 83' lang='lat' dir='ltr'>aspera</span> <span class='ocrx_word' id='word_1_635' title='bbox 3072 3438 3357 3491; x_wconf 89' lang='lat' dir='ltr'>montium</span> <span class='ocrx_word' id='word_1_636' title='bbox 3412 3454 3586 3491; x_wconf 87' lang='lat' dir='ltr'>manu</span> <span class='ocrx_word' id='word_1_637' title='bbox 3644 3455 3775 3509; x_wconf 87' lang='lat' dir='ltr'>pro-</span> 
     </span>
    </p>
   </div>
   <div class='ocr_carea' id='block_1_98' title="bbox 2082 3526 3778 3597">
    <p class='ocr_par' dir='ltr' id='par_1_98' title="bbox 2082 3526 3778 3597">
     <span class='ocr_line' id='line_1_98' title="bbox 2082 3526 3778 3597; baseline -0.002 -17"><span class='ocrx_word' id='word_1_638' title='bbox 2082 3527 2204 3597; x_wconf 88' lang='lat' dir='ltr'>pria</span> <span class='ocrx_word' id='word_1_639' title='bbox 2225 3527 2565 3593; x_wconf 84' lang='lat' dir='ltr'>exeolentes,</span> <span class='ocrx_word' id='word_1_640' title='bbox 2600 3526 2772 3580; x_wconf 88' lang='lat' dir='ltr'>vitam</span> <span class='ocrx_word' id='word_1_641' title='bbox 2804 3526 3071 3579; x_wconf 89' lang='lat' dir='ltr'>miseram</span> <span class='ocrx_word' id='word_1_642' title='bbox 3111 3527 3532 3580; x_wconf 74' lang='lat' dir='ltr'>sustentabant.</span> <span class='ocrx_word' id='word_1_643' title='bbox 3566 3526 3778 3580; x_wconf 68' lang='lat' dir='ltr'>Caetera</span> 
     </span>
    </p>
   </div>
   <div class='ocr_carea' id='block_1_99' title="bbox 2081 3616 2592 3686">
    <p class='ocr_par' dir='ltr' id='par_1_99' title="bbox 2081 3616 2592 3686">
     <span class='ocr_line' id='line_1_99' title="bbox 2081 3616 2592 3686; baseline 0.002 -16"><span class='ocrx_word' id='word_1_644' title='bbox 2081 3622 2253 3670; x_wconf 89' lang='lat' dir='ltr'>erunt</span> <span class='ocrx_word' id='word_1_645' title='bbox 2282 3616 2338 3669; x_wconf 90' lang='lat' dir='ltr'>in</span> <span class='ocrx_word' id='word_1_646' title='bbox 2362 3632 2592 3686; x_wconf 88' lang='lat' dir='ltr'>pascua.</span> 
     </span>
    </p>
   </div>
   <div class='ocr_carea' id='block_1_100' title="bbox 2718 3686 3116 3740">
    <p class='ocr_par' dir='ltr' id='par_1_100' title="bbox 2718 3686 3116 3740">
     <span class='ocr_line' id='line_1_100' title="bbox 2718 3686 3116 3740; baseline -0.003 -1"><span class='ocrx_word' id='word_1_647' title='bbox 2718 3686 2942 3740; x_wconf 84' lang='lat' dir='ltr'>CAPUT</span> <span class='ocrx_word' id='word_1_648' title='bbox 2981 3686 3116 3739; x_wconf 86' lang='lat' dir='ltr'>VIII.</span> 
     </span>
    </p>
   </div>
   <div class='ocr_carea' id='block_1_101' title="bbox 2154 3790 3774 3848">
    <p class='ocr_par' dir='ltr' id='par_1_101' title="bbox 2154 3790 3774 3848">
     <span class='ocr_line' id='line_1_101' title="bbox 2154 3790 3774 3848; baseline -0.001 -5"><span class='ocrx_word' id='word_1_649' title='bbox 2154 3792 2310 3847; x_wconf 73' lang='lat' dir='ltr'>Vens.</span> <span class='ocrx_word' id='word_1_650' title='bbox 2378 3796 2421 3846; x_wconf 87' lang='lat' dir='ltr'>l.</span> <span class='ocrx_word' id='word_1_651' title='bbox 2449 3822 2515 3830; x_wconf 90' lang='lat'><strong>—</strong></span> <span class='ocrx_word' id='word_1_652' title='bbox 2544 3797 2613 3848; x_wconf 83' lang='lat' dir='ltr'>Et</span> <span class='ocrx_word' id='word_1_653' title='bbox 2665 3792 2812 3847; x_wconf 71' lang='lat' dir='ltr'>dixit</span> <span class='ocrx_word' id='word_1_654' title='bbox 2854 3792 3116 3845; x_wconf 85' lang='lat' dir='ltr'>Dominus</span> <span class='ocrx_word' id='word_1_655' title='bbox 3168 3790 3242 3844; x_wconf 88' lang='lat' dir='ltr'>ad</span> <span class='ocrx_word' id='word_1_656' title='bbox 3280 3806 3404 3844; x_wconf 90' lang='lat' dir='ltr'>me:</span> <span class='ocrx_word' id='word_1_657' title='bbox 3452 3792 3610 3844; x_wconf 84' lang='lat' dir='ltr'>Sume</span> <span class='ocrx_word' id='word_1_658' title='bbox 3655 3792 3774 3843; x_wconf 75' lang='lat' dir='ltr'>tibi.</span> 
     </span>
    </p>
   </div>
   <div class='ocr_carea' id='block_1_102' title="bbox 2082 3878 3774 3950">
    <p class='ocr_par' dir='ltr' id='par_1_102' title="bbox 2082 3878 3774 3950">
     <span class='ocr_line' id='line_1_102' title="bbox 2082 3878 3774 3950; baseline -0.004 -15"><span class='ocrx_word' id='word_1_659' title='bbox 2082 3880 2288 3950; x_wconf 78' lang='lat' dir='ltr'>(Hii-3n.)</span> <span class='ocrx_word' id='word_1_660' title='bbox 2314 3880 2568 3935; x_wconf 90' lang='lat' dir='ltr'>Primum</span> <span class='ocrx_word' id='word_1_661' title='bbox 2592 3879 2874 3950; x_wconf 84' lang='lat' dir='ltr'>propheta</span> <span class='ocrx_word' id='word_1_662' title='bbox 2903 3878 3162 3949; x_wconf 63' lang='lat' dir='ltr'>praedicit</span> <span class='ocrx_word' id='word_1_663' title='bbox 3192 3879 3375 3932; x_wconf 75' lang='lat' dir='ltr'>Achar.</span> <span class='ocrx_word' id='word_1_664' title='bbox 3397 3878 3608 3945; x_wconf 90' lang='lat' dir='ltr'>futura,</span> <span class='ocrx_word' id='word_1_665' title='bbox 3643 3885 3774 3943; x_wconf 89' lang='lat' dir='ltr'>etc.,</span> 
     </span>
    </p>
   </div>
   <div class='ocr_carea' id='block_1_103' title="bbox 2077 3964 3774 4037">
    <p class='ocr_par' dir='ltr' id='par_1_103' title="bbox 2077 3964 3774 4037">
     <span class='ocr_line' id='line_1_103' title="bbox 2077 3964 3774 4037; baseline -0.002 -16"><span class='ocrx_word' id='word_1_666' title='bbox 2077 3984 2245 4037; x_wconf 86' lang='lat' dir='ltr'>usque</span> <span class='ocrx_word' id='word_1_667' title='bbox 2293 3970 2367 4021; x_wconf 86' lang='lat' dir='ltr'>ad</span> <span class='ocrx_word' id='word_1_668' title='bbox 2410 3969 2561 4022; x_wconf 90' lang='lat' dir='ltr'>unde</span> <span class='ocrx_word' id='word_1_669' title='bbox 2613 3983 2841 4021; x_wconf 90' lang='lat' dir='ltr'>rursum</span> <span class='ocrx_word' id='word_1_670' title='bbox 2904 3972 3099 4037; x_wconf 90' lang='lat' dir='ltr'>partus</span> <span class='ocrx_word' id='word_1_671' title='bbox 3157 3965 3450 4035; x_wconf 83' lang='lat' dir='ltr'>virginalis</span> <span class='ocrx_word' id='word_1_672' title='bbox 3498 3964 3774 4019; x_wconf 89' lang='lat' dir='ltr'>describi-</span> 
     </span>
    </p>
   </div>
   <div class='ocr_carea' id='block_1_104' title="bbox 2077 4061 2192 4110">
    <p class='ocr_par' dir='ltr' id='par_1_104' title="bbox 2077 4061 2192 4110">
     <span class='ocr_line' id='line_1_104' title="bbox 2077 4061 2192 4110; baseline 0 0"><span class='ocrx_word' id='word_1_673' title='bbox 2077 4061 2192 4110; x_wconf 90' lang='lat' dir='ltr'>tur.</span> 
     </span>
    </p>
   </div>
   <div class='ocr_carea' id='block_1_105' title="bbox 2152 4141 3777 4215">
    <p class='ocr_par' dir='ltr' id='par_1_105' title="bbox 2152 4141 3777 4215">
     <span class='ocr_line' id='line_1_105' title="bbox 2152 4141 3777 4215; baseline -0.004 -15"><span class='ocrx_word' id='word_1_674' title='bbox 2152 4146 2413 4200; x_wconf 84' lang='lat' dir='ltr'>Velociter</span> <span class='ocrx_word' id='word_1_675' title='bbox 2454 4146 2648 4215; x_wconf 88' lang='lat' dir='ltr'>spolia.</span> <span class='ocrx_word' id='word_1_676' title='bbox 2709 4145 2829 4213; x_wconf 75' lang='lat' dir='ltr'>(In)</span> <span class='ocrx_word' id='word_1_677' title='bbox 2887 4146 3001 4198; x_wconf 84' lang='lat' dir='ltr'>Hoc</span> <span class='ocrx_word' id='word_1_678' title='bbox 3059 4158 3269 4197; x_wconf 86' lang='lat' dir='ltr'>nomen</span> <span class='ocrx_word' id='word_1_679' title='bbox 3369 4141 3552 4213; x_wconf 87' lang='lat' dir='ltr'>pueri,</span> <span class='ocrx_word' id='word_1_680' title='bbox 3614 4142 3777 4213; x_wconf 89' lang='lat' dir='ltr'>quasi</span> 
     </span>
    </p>
   </div>
   <div class='ocr_carea' id='block_1_106' title="bbox 2077 4232 3775 4305">
    <p class='ocr_par' dir='ltr' id='par_1_106' title="bbox 2077 4232 3775 4305">
     <span class='ocr_line' id='line_1_106' title="bbox 2077 4232 3775 4305; baseline -0.002 -17"><span class='ocrx_word' id='word_1_681' title='bbox 2077 4233 2290 4288; x_wconf 90' lang='lat' dir='ltr'>diceret</span> <span class='ocrx_word' id='word_1_682' title='bbox 2323 4252 2335 4288; x_wconf 90' lang='lat'>:</span> <span class='ocrx_word' id='word_1_683' title='bbox 2364 4236 2442 4288; x_wconf 77' lang='lat' dir='ltr'>Ne</span> <span class='ocrx_word' id='word_1_684' title='bbox 2481 4234 2714 4305; x_wconf 88' lang='lat' dir='ltr'>patiaris</span> <span class='ocrx_word' id='word_1_685' title='bbox 2763 4235 2913 4287; x_wconf 87' lang='lat' dir='ltr'>ultra</span> <span class='ocrx_word' id='word_1_686' title='bbox 2944 4232 3236 4286; x_wconf 90' lang='lat' dir='ltr'>diabolum</span> <span class='ocrx_word' id='word_1_687' title='bbox 3276 4248 3546 4302; x_wconf 85' lang='lat' dir='ltr'>regnare;</span> <span class='ocrx_word' id='word_1_688' title='bbox 3577 4237 3632 4285; x_wconf 87' lang='lat' dir='ltr'>et</span> <span class='ocrx_word' id='word_1_689' title='bbox 3661 4246 3775 4285; x_wconf 90' lang='lat' dir='ltr'>non</span> 
     </span>
    </p>
   </div>
   <div class='ocr_carea' id='block_1_107' title="bbox 2077 4320 3628 4393">
    <p class='ocr_par' dir='ltr' id='par_1_107' title="bbox 2077 4320 3628 4393">
     <span class='ocr_line' id='line_1_107' title="bbox 2077 4320 3628 4393; baseline -0.002 -17"><span class='ocrx_word' id='word_1_690' title='bbox 2077 4323 2328 4391; x_wconf 87' lang='lat' dir='ltr'>angelos,</span> <span class='ocrx_word' id='word_1_691' title='bbox 2363 4338 2480 4376; x_wconf 88' lang='lat' dir='ltr'>non</span> <span class='ocrx_word' id='word_1_692' title='bbox 2514 4324 2824 4393; x_wconf 86' lang='lat' dir='ltr'>Prophetas</span> <span class='ocrx_word' id='word_1_693' title='bbox 2847 4322 3026 4388; x_wconf 90' lang='lat' dir='ltr'>mitte,</span> <span class='ocrx_word' id='word_1_694' title='bbox 3055 4320 3153 4375; x_wconf 91' lang='lat' dir='ltr'>sed</span> <span class='ocrx_word' id='word_1_695' title='bbox 3186 4321 3306 4391; x_wconf 91' lang='lat' dir='ltr'>ipse</span> <span class='ocrx_word' id='word_1_696' title='bbox 3332 4321 3628 4374; x_wconf 87' lang='lat' dir='ltr'>descende.</span> 
     </span>
    </p>
   </div>
   <div class='ocr_carea' id='block_1_108' title="bbox 2149 4408 3773 4480">
    <p class='ocr_par' dir='ltr' id='par_1_108' title="bbox 2149 4408 3773 4480">
     <span class='ocr_line' id='line_1_108' title="bbox 2149 4408 3773 4480; baseline 0.001 -18"><span class='ocrx_word' id='word_1_697' title='bbox 2149 4412 2309 4465; x_wconf 74' lang='lat' dir='ltr'>Vens.</span> <span class='ocrx_word' id='word_1_698' title='bbox 2352 4415 2403 4465; x_wconf 78' lang='lat'>‘2.</span> <span class='ocrx_word' id='word_1_699' title='bbox 2449 4442 2516 4450; x_wconf 88' lang='lat'>—</span> <span class='ocrx_word' id='word_1_700' title='bbox 2566 4414 2773 4477; x_wconf 82' lang='lat' dir='ltr'>Uriam,</span> <span class='ocrx_word' id='word_1_701' title='bbox 2816 4417 2921 4464; x_wconf 91' lang='lat' dir='ltr'>etc.</span> <span class='ocrx_word' id='word_1_702' title='bbox 2979 4412 3103 4480; x_wconf 84' lang='grc' dir='ltr'>(Ιυ.)</span> <span class='ocrx_word' id='word_1_703' title='bbox 3149 4412 3327 4476; x_wconf 90' lang='lat' dir='ltr'>Urias,</span> <span class='ocrx_word' id='word_1_704' title='bbox 3371 4410 3465 4463; x_wconf 83' lang='lat' dir='ltr'>lux</span> <span class='ocrx_word' id='word_1_705' title='bbox 3516 4408 3773 4475; x_wconf 89' lang='lat' dir='ltr'>Domini;</span> 
     </span>
    </p>
   </div>
   <div class='ocr_carea' id='block_1_109' title="bbox 2076 4498 3775 4566">
    <p class='ocr_par' dir='ltr' id='par_1_109' title="bbox 2076 4498 3775 4566">
     <span class='ocr_line' id='line_1_109' title="bbox 2076 4498 3775 4566; baseline 0 -13"><span class='ocrx_word' id='word_1_706' title='bbox 2076 4499 2389 4565; x_wconf 85' lang='lat' dir='ltr'>Zacharias,</span> <span class='ocrx_word' id='word_1_707' title='bbox 2434 4500 2712 4553; x_wconf 83' lang='lat' dir='ltr'>memoria</span> <span class='ocrx_word' id='word_1_708' title='bbox 2765 4499 3032 4566; x_wconf 88' lang='lat' dir='ltr'>Domini;</span> <span class='ocrx_word' id='word_1_709' title='bbox 3084 4501 3401 4565; x_wconf 85' lang='lat' dir='ltr'>Barachias,</span> <span class='ocrx_word' id='word_1_710' title='bbox 3454 4498 3775 4553; x_wconf 89' lang='lat' dir='ltr'>benedictio</span> 
     </span>
    </p>
   </div>
   <div class='ocr_carea' id='block_1_110' title="bbox 2079 4587 3776 4658">
    <p class='ocr_par' dir='ltr' id='par_1_110' title="bbox 2079 4587 3776 4658">
     <span class='ocr_line' id='line_1_110' title="bbox 2079 4587 3776 4658; baseline -0.002 -16"><span class='ocrx_word' id='word_1_711' title='bbox 2079 4587 2336 4653; x_wconf 87' lang='lat' dir='ltr'>Domini;</span> <span class='ocrx_word' id='word_1_712' title='bbox 2372 4588 2461 4641; x_wconf 88' lang='lat' dir='ltr'>his</span> <span class='ocrx_word' id='word_1_713' title='bbox 2501 4588 2739 4642; x_wconf 88' lang='lat' dir='ltr'>testibus</span> <span class='ocrx_word' id='word_1_714' title='bbox 2775 4590 3038 4642; x_wconf 88' lang='lat' dir='ltr'>nativitas</span> <span class='ocrx_word' id='word_1_715' title='bbox 3071 4589 3302 4642; x_wconf 85' lang='lat' dir='ltr'>Domini</span> <span class='ocrx_word' id='word_1_716' title='bbox 3348 4589 3776 4658; x_wconf 89' lang='lat' dir='ltr'>comprobatur.</span> 
     </span>
    </p>
   </div>
   <div class='ocr_carea' id='block_1_111' title="bbox 2078 4674 3778 4743">
    <p class='ocr_par' dir='ltr' id='par_1_111' title="bbox 2078 4674 3778 4743">
     <span class='ocr_line' id='line_1_111' title="bbox 2078 4674 3778 4743; baseline -0.002 -13"><span class='ocrx_word' id='word_1_717' title='bbox 2078 4676 2234 4731; x_wconf 90' lang='lat' dir='ltr'>Unde</span> <span class='ocrx_word' id='word_1_718' title='bbox 2271 4676 2495 4730; x_wconf 89' lang='lat' dir='ltr'>duobus</span> <span class='ocrx_word' id='word_1_719' title='bbox 2523 4677 2757 4730; x_wconf 87' lang='lat' dir='ltr'>testibus</span> <span class='ocrx_word' id='word_1_720' title='bbox 2806 4678 3074 4731; x_wconf 86' lang='lat' dir='ltr'>euntibus</span> <span class='ocrx_word' id='word_1_721' title='bbox 3100 4677 3158 4729; x_wconf 91' lang='lat' dir='ltr'>in</span> <span class='ocrx_word' id='word_1_722' title='bbox 3191 4678 3455 4731; x_wconf 79' lang='lat' dir='ltr'>Emmaus</span> <span class='ocrx_word' id='word_1_723' title='bbox 3500 4674 3778 4743; x_wconf 85' lang='lat' dir='ltr'>incipiens</span> 
     </span>
    </p>
   </div>
   <div class='ocr_carea' id='block_1_112' title="bbox 2078 4764 3776 4836">
    <p class='ocr_par' dir='ltr' id='par_1_112' title="bbox 2078 4764 3776 4836">
     <span class='ocr_line' id='line_1_112' title="bbox 2078 4764 3776 4836; baseline -0.001 -18"><span class='ocrx_word' id='word_1_724' title='bbox 2078 4782 2109 4818; x_wconf 90' lang='lat' dir='ltr'>a</span> <span class='ocrx_word' id='word_1_725' title='bbox 2141 4765 2327 4835; x_wconf 83' lang='lat' dir='ltr'>Moyse</span> <span class='ocrx_word' id='word_1_726' title='bbox 2381 4769 2436 4818; x_wconf 88' lang='lat' dir='ltr'>et</span> <span class='ocrx_word' id='word_1_727' title='bbox 2492 4766 2803 4836; x_wconf 89' lang='lat' dir='ltr'>prophetis,</span> <span class='ocrx_word' id='word_1_728' title='bbox 2862 4782 2990 4836; x_wconf 71' lang='lat' dir='ltr'>qua:</span> <span class='ocrx_word' id='word_1_729' title='bbox 3023 4766 3091 4819; x_wconf 91' lang='lat' dir='ltr'>de</span> <span class='ocrx_word' id='word_1_730' title='bbox 3133 4783 3190 4819; x_wconf 90' lang='lat' dir='ltr'>se</span> <span class='ocrx_word' id='word_1_731' title='bbox 3239 4767 3383 4820; x_wconf 89' lang='lat' dir='ltr'>dicta</span> <span class='ocrx_word' id='word_1_732' title='bbox 3432 4770 3617 4832; x_wconf 90' lang='lat' dir='ltr'>erant,</span> <span class='ocrx_word' id='word_1_733' title='bbox 3666 4764 3776 4819; x_wconf 83' lang='lat' dir='ltr'>dis-</span> 
     </span>
    </p>
   </div>
   <div class='ocr_carea' id='block_1_113' title="bbox 2078 4844 2465 4907">
    <p class='ocr_par' dir='ltr' id='par_1_113' title="bbox 2078 4844 2465 4907">
     <span class='ocr_line' id='line_1_113' title="bbox 2078 4844 2465 4907; baseline -0.005 0"><span class='ocrx_word' id='word_1_734' title='bbox 2078 4853 2277 4907; x_wconf 89' lang='lat' dir='ltr'>seruit.</span> <span class='ocrx_word' id='word_1_735' title='bbox 2456 4844 2465 4848; x_wconf 51' lang='grc'><em>”</em></span> 
     </span>
    </p>
   </div>
   <div class='ocr_carea' id='block_1_114' title="bbox 2148 4941 3776 5012">
    <p class='ocr_par' dir='ltr' id='par_1_114' title="bbox 2148 4941 3776 5012">
     <span class='ocr_line' id='line_1_114' title="bbox 2148 4941 3776 5012; baseline 0.001 -19"><span class='ocrx_word' id='word_1_736' title='bbox 2148 4943 2307 4996; x_wconf 73' lang='lat' dir='ltr'>Vens.</span> <span class='ocrx_word' id='word_1_737' title='bbox 2372 4944 2423 4996; x_wconf 91' lang='lat'>3.</span> <span class='ocrx_word' id='word_1_738' title='bbox 2468 4973 2533 4979; x_wconf 91' lang='lat'><em>—</em></span> <span class='ocrx_word' id='word_1_739' title='bbox 2588 4941 2682 4994; x_wconf 83' lang='lat' dir='ltr'>Ad</span> <span class='ocrx_word' id='word_1_740' title='bbox 2724 4942 3122 5012; x_wconf 81' lang='lat' dir='ltr'>prophetissam</span> <span class='ocrx_word' id='word_1_741' title='bbox 3157 4943 3279 5011; x_wconf 88' lang='lat' dir='ltr'>(ln.)</span> <span class='ocrx_word' id='word_1_742' title='bbox 3343 4943 3424 4996; x_wconf 82' lang='lat' dir='ltr'>Ad</span> <span class='ocrx_word' id='word_1_743' title='bbox 3499 4941 3776 5012; x_wconf 88' lang='lat' dir='ltr'>Spiritum</span> 
     </span>
    </p>
   </div>
   <div class='ocr_carea' id='block_1_115' title="bbox 2078 5030 3773 5102">
    <p class='ocr_par' dir='ltr' id='par_1_115' title="bbox 2078 5030 3773 5102">
     <span class='ocr_line' id='line_1_115' title="bbox 2078 5030 3773 5102; baseline 0 -19"><span class='ocrx_word' id='word_1_744' title='bbox 2078 5037 2336 5084; x_wconf 89' lang='lat' dir='ltr'>sanctum</span> <span class='ocrx_word' id='word_1_745' title='bbox 2392 5047 2423 5083; x_wconf 90' lang='lat' dir='ltr'>a</span> <span class='ocrx_word' id='word_1_746' title='bbox 2444 5046 2555 5100; x_wconf 88' lang='lat' dir='ltr'>quo</span> <span class='ocrx_word' id='word_1_747' title='bbox 2581 5030 2766 5083; x_wconf 87' lang='lat' dir='ltr'>omnis</span> <span class='ocrx_word' id='word_1_748' title='bbox 2797 5031 3117 5100; x_wconf 86' lang='lat' dir='ltr'>prophetia,</span> <span class='ocrx_word' id='word_1_749' title='bbox 3167 5048 3296 5102; x_wconf 68' lang='lat' dir='ltr'>qua:</span> <span class='ocrx_word' id='word_1_750' title='bbox 3358 5034 3547 5086; x_wconf 69' lang='lat' dir='ltr'>Graece</span> <span class='ocrx_word' id='word_1_751' title='bbox 3580 5030 3773 5084; x_wconf 88' lang='lat' dir='ltr'>neutri</span> 
     </span>
    </p>
   </div>
   <div class='ocr_carea' id='block_1_116' title="bbox 2077 5118 3764 5189">
    <p class='ocr_par' dir='ltr' id='par_1_116' title="bbox 2077 5118 3764 5189">
     <span class='ocr_line' id='line_1_116' title="bbox 2077 5118 3764 5189; baseline -0.001 -15"><span class='ocrx_word' id='word_1_752' title='bbox 2077 5118 2306 5189; x_wconf 89' lang='lat' dir='ltr'>generis</span> <span class='ocrx_word' id='word_1_753' title='bbox 2346 5135 2616 5188; x_wconf 89' lang='lat' dir='ltr'>pneuma,</span> <span class='ocrx_word' id='word_1_754' title='bbox 2673 5119 2944 5173; x_wconf 84' lang='lat' dir='ltr'>Hebraice</span> <span class='ocrx_word' id='word_1_755' title='bbox 3013 5120 3276 5174; x_wconf 88' lang='lat' dir='ltr'>feminini</span> <span class='ocrx_word' id='word_1_756' title='bbox 3319 5122 3533 5185; x_wconf 83' lang='lat' dir='ltr'>Ruach,</span> <span class='ocrx_word' id='word_1_757' title='bbox 3569 5119 3764 5174; x_wconf 87' lang='lat' dir='ltr'>Latine</span> 
     </span>
    </p>
   </div>
   <div class='ocr_carea' id='block_1_117' title="bbox 2076 5207 3772 5279">
    <p class='ocr_par' dir='ltr' id='par_1_117' title="bbox 2076 5207 3772 5279">
     <span class='ocr_line' id='line_1_117' title="bbox 2076 5207 3772 5279; baseline 0 -18"><span class='ocrx_word' id='word_1_758' title='bbox 2076 5208 2376 5261; x_wconf 88' lang='lat' dir='ltr'>masculini</span> <span class='ocrx_word' id='word_1_759' title='bbox 2403 5208 2631 5278; x_wconf 89' lang='lat' dir='ltr'>generis</span> <span class='ocrx_word' id='word_1_760' title='bbox 2686 5211 2789 5273; x_wconf 91' lang='lat' dir='ltr'>est,</span> <span class='ocrx_word' id='word_1_761' title='bbox 2835 5213 2891 5261; x_wconf 90' lang='lat' dir='ltr'>et</span> <span class='ocrx_word' id='word_1_762' title='bbox 2936 5207 3062 5262; x_wconf 92' lang='lat' dir='ltr'>ideo</span> <span class='ocrx_word' id='word_1_763' title='bbox 3108 5208 3348 5261; x_wconf 81' lang='lat' dir='ltr'>diversis</span> <span class='ocrx_word' id='word_1_764' title='bbox 3387 5208 3772 5279; x_wconf 87' lang='lat' dir='ltr'>positionibus</span> 
     </span>
    </p>
   </div>
   <div class='ocr_carea' id='block_1_118' title="bbox 2078 5297 3766 5367">
    <p class='ocr_par' dir='ltr' id='par_1_118' title="bbox 2078 5297 3766 5367">
     <span class='ocr_line' id='line_1_118' title="bbox 2078 5297 3766 5367; baseline 0 -17"><span class='ocrx_word' id='word_1_765' title='bbox 2078 5298 2333 5362; x_wconf 89' lang='lat' dir='ltr'>sortitur,</span> <span class='ocrx_word' id='word_1_766' title='bbox 2391 5297 2605 5350; x_wconf 88' lang='lat' dir='ltr'>nullius</span> <span class='ocrx_word' id='word_1_767' title='bbox 2654 5301 2737 5349; x_wconf 92' lang='lat' dir='ltr'>est</span> <span class='ocrx_word' id='word_1_768' title='bbox 2792 5297 2968 5350; x_wconf 90' lang='lat' dir='ltr'>enim.</span> <span class='ocrx_word' id='word_1_769' title='bbox 3052 5298 3148 5350; x_wconf 91' lang='lat' dir='ltr'>Vel</span> <span class='ocrx_word' id='word_1_770' title='bbox 3194 5297 3263 5350; x_wconf 89' lang='lat' dir='ltr'>ad</span> <span class='ocrx_word' id='word_1_771' title='bbox 3342 5297 3575 5352; x_wconf 86' lang='lat' dir='ltr'>Mariam</span> <span class='ocrx_word' id='word_1_772' title='bbox 3631 5313 3766 5367; x_wconf 88' lang='lat' dir='ltr'>pro-</span> 
     </span>
    </p>
   </div>
   <div class='ocr_carea' id='block_1_119' title="bbox 2077 5384 3061 5455">
    <p class='ocr_par' dir='ltr' id='par_1_119' title="bbox 2077 5384 3061 5455">
     <span class='ocr_line' id='line_1_119' title="bbox 2077 5384 3061 5455; baseline 0 -17"><span class='ocrx_word' id='word_1_773' title='bbox 2077 5385 2391 5455; x_wconf 89' lang='lat' dir='ltr'>phetissam</span> <span class='ocrx_word' id='word_1_774' title='bbox 2424 5384 2595 5438; x_wconf 85' lang='lat' dir='ltr'>fuisse</span> <span class='ocrx_word' id='word_1_775' title='bbox 2617 5400 2787 5438; x_wconf 90' lang='lat' dir='ltr'>nemo</span> <span class='ocrx_word' id='word_1_776' title='bbox 2818 5384 3061 5439; x_wconf 88' lang='lat' dir='ltr'>dubitat.</span> 
     </span>
    </p>
   </div>
   <div class='ocr_carea' id='block_1_120' title="bbox 2148 5472 3768 5544">
    <p class='ocr_par' dir='ltr' id='par_1_120' title="bbox 2148 5472 3768 5544">
     <span class='ocr_line' id='line_1_120' title="bbox 2148 5472 3768 5544; baseline -0.001 -16"><span class='ocrx_word' id='word_1_777' title='bbox 2148 5476 2306 5528; x_wconf 72' lang='lat' dir='ltr'>Vens.</span> <span class='ocrx_word' id='word_1_778' title='bbox 2341 5475 2394 5528; x_wconf 76' lang='grc'><strong>4.</strong></span> <span class='ocrx_word' id='word_1_779' title='bbox 2429 5504 2497 5513; x_wconf 93' lang='grc'><strong><em>-</em></strong></span> <span class='ocrx_word' id='word_1_780' title='bbox 2528 5476 2665 5528; x_wconf 78' lang='lat' dir='ltr'>Puer</span> <span class='ocrx_word' id='word_1_781' title='bbox 2695 5472 2821 5542; x_wconf 88' lang='lat' dir='ltr'>(lo.)</span> <span class='ocrx_word' id='word_1_782' title='bbox 2842 5472 3180 5542; x_wconf 65' lang='lat' dir='ltr'>Praecipitur</span> <span class='ocrx_word' id='word_1_783' title='bbox 3212 5472 3409 5543; x_wconf 89' lang='lat' dir='ltr'>itaque</span> <span class='ocrx_word' id='word_1_784' title='bbox 3460 5473 3768 5544; x_wconf 85' lang='lat' dir='ltr'>Isias,etc.,</span> 
     </span>
    </p>
   </div>
   <div class='ocr_carea' id='block_1_121' title="bbox 2078 5561 3648 5633">
    <p class='ocr_par' dir='ltr' id='par_1_121' title="bbox 2078 5561 3648 5633">
     <span class='ocr_line' id='line_1_121' title="bbox 2078 5561 3648 5633; baseline 0 -16"><span class='ocrx_word' id='word_1_785' title='bbox 2078 5579 2246 5633; x_wconf 81' lang='lat' dir='ltr'>usque</span> <span class='ocrx_word' id='word_1_786' title='bbox 2269 5564 2343 5617; x_wconf 87' lang='lat' dir='ltr'>ad</span> <span class='ocrx_word' id='word_1_787' title='bbox 2370 5563 2607 5617; x_wconf 91' lang='lat' dir='ltr'>domum</span> <span class='ocrx_word' id='word_1_788' title='bbox 2643 5563 2813 5618; x_wconf 88' lang='lat' dir='ltr'>David</span> <span class='ocrx_word' id='word_1_789' title='bbox 2846 5563 2968 5616; x_wconf 78' lang='lat' dir='ltr'>sola</span> <span class='ocrx_word' id='word_1_790' title='bbox 2999 5561 3356 5617; x_wconf 90' lang='lat' dir='ltr'>invocatione</span> <span class='ocrx_word' id='word_1_791' title='bbox 3384 5563 3648 5617; x_wconf 89' lang='lat' dir='ltr'>salvaret.</span> 
     </span>
    </p>
   </div>
  </div>
