4018 6176
292 275 421 329 1247

903 273 1294 331 WALAFRIDI
1336 275 1580 331 STRABI
1621 275 1822 331 FULD.
1869 276 2029 332 ΜΟΝ.
2069 276 2219 333 OPP.
2265 275 2437 331 PARS
2476 275 2516 329 1.
2557 305 2625 313 -
2664 274 3115 330 THEOLOGICA.

3665 281 3681 330 1
3695 279 3789 332 248

346 398 450 452 Pro
469 412 526 451 eo
562 395 712 465 quod
743 397 940 465 abjecit
989 396 1222 465 populus
1267 410 1442 465 aquas
1489 397 1646 452 Siole.
1680 398 1886 466 (Ηιειι.)
1916 397 1978 450 In
2013 399 2056 451 A
2167 396 2520 451 Lmtabuntur
2539 412 2742 464 coram,
2774 400 2843 465 te,
2874 400 2981 450 etc.
3042 397 3322 468 Propheta
3365 397 3437 452 ad
3499 398 3787 453 Christum

279 484 489 556 quibus
519 501 706 538 caicus
735 500 794 537 se
821 484 974 547 lavit,
1009 488 1140 548 etc.,
1202 499 1371 553 usque
1408 484 1482 538 ad
1539 489 1751 538 terram
1801 485 1985 556 ipsius

276 573 488 628 ludam
530 577 768 628 conatus
797 571 869 625 sit
894 571 1208 641 possidere.

351 662 513 716 Vens.
577 664 628 715 6.
685 661 877 727 Aquas
937 662 1199 726 ﬂuminis.
1263 659 1386 730 (lo.)
1462 659 1775 714 Exercitum
1853 659 1986 713 Sen-

286 749 583 816 nacherib,
609 749 770 816 cujus
816 748 1074 817 potentia
1107 763 1390 818 occupans
1441 753 1655 802 terram
1711 748 1983 803 Samaria:

285 837 650 892 inundationi
685 835 938 888 fluminis
961 843 1344 906 comparatur.

359 926 516 979 Vens.
571 928 623 978 9.
661 955 722 963 ——
753 927 1172 992 Congrcgamini
1200 927 1394 995 populi
1456 926 1584 996 (ῐο.)
1607 924 1778 990 Quasi
1805 942 1817 979 :
1846 929 1987 983 Con-

300 1017 388 1066 tra
430 1013 760 1066 Emmanuel
795 1012 940 1066 nihil
964 1013 1217 1083 potestis,
1251 1020 1378 1081 etc.,
1413 1029 1583 1084 usque
1602 1015 1676 1068 ad
1701 1014 1837 1085 quia
1857 1031 1986 1085 per-

296 1101 532 1155 versitas
562 1116 674 1154 non
706 1106 892 1170 potest
913 1107 1130 1155 rectum
1160 1119 1449 1172 superare.

358 1190 528 1244 Vens.
600 1191 684 1242 12.
749 1219 818 1228 -
880 1191 955 1243 Ne
1005 1190 1222 1244 dicatis.
1299 1192 1427 1258 (ln.)
1485 1190 1681 1261 Quasi,
1725 1190 1982 1244 diceret:

288 1279 410 1331 Non
457 1277 705 1331 timeatis
739 1277 988 1331 duorum
1048 1294 1247 1348 regum
1302 1279 1570 1332 adversus
1607 1279 1810 1333 ludam
1841 1295 1982 1332 con-

278 1364 630 1435 jurationem
663 1381 676 1420 :
733 1366 1051 1436 conjuratio
1101 1371 1185 1420 est
1214 1383 1521 1422 consensus
1551 1368 1861 1421 multorum
1926 1367 1986 1420 in

287 1455 524 1509 malum.

357 1545 433 1598 Ne
465 1545 704 1597 timeatis
734 1559 902 1613 neque
931 1545 1198 1613 paventis.
1263 1545 1347 1598 Tu
1401 1548 1457 1596 et
1486 1543 1585 1613 qui
1630 1547 1822 1596 tecum
1853 1547 1990 1596 sunt

287 1630 516 1700 populi,
582 1629 683 1700 qui
725 1631 988 1684 videntur
1044 1630 1444 1702 timendi;qui
1500 1629 1849 1702 principium
1905 1647 1988 1684 sa-

289 1716 519 1788 pientia:
550 1717 722 1772 timor
758 1719 1001 1772 Domini.

365 1807 528 1859 Vens.
568 1808 652 1860 14.
717 1835 788 1847 -
841 1810 902 1861 In
947 1807 1204 1876 lapidem.
1238 1807 1363 1876 (ῐο.)
1408 1808 1588 1870 Quem
1637 1807 1987 1877 reprobave-

289 1901 425 1948 runt
458 1895 830 1962 aediﬁcantes,
873 1903 1004 1960 etc.,
1057 1911 1227 1963 usque
1256 1896 1331 1948 ad
1368 1901 1597 1964 peccata
1627 1895 1870 1966 peccatis
1895 1911 1988 1947 so—

289 1982 510 2036 ciautes
542 1989 601 2037 et
631 1983 800 2038 vineti
834 1984 1055 2053 laqueis
1087 1983 1445 2038 delictorum.

363 2071 580 2125 Duabus
611 2071 878 2126 domibus.
898 2073 991 2125 Vel
1037 2070 1094 2124 in
1125 2071 1344 2125 duabus
1373 2071 1626 2133 familiis.
1661 2076 1790 2137 etc.,
1823 2086 1990 2140 usque

289 2158 365 2211 ad
393 2173 498 2227 per
523 2158 855 2212 traditiones
884 2175 1012 2212 suas
1057 2159 1198 2229 legis
1228 2165 1515 2230 praecepta
1572 2159 1990 2230 dissipaverunt

293 2249 351 2299 et
379 2248 827 2300 maculaverunt.

367 2333 528 2388 Vens.
589 2337 672 2388 t6.
721 2364 783 2375 —
833 2335 1006 2402 Signa
1065 2337 1250 2403 legem.
1305 2335 1475 2399 Quasi
1531 2336 1787 2390 diceret:
1819 2335 1989 2405 Aperi

297 2436 449 2486 eam,
485 2422 748 2487 Domine,
781 2423 1076 2493 discipulis
1098 2423 1256 2484 meis.
1283 2429 1416 2490 etc.,
1467 2439 1634 2493 usque
1679 2424 1753 2477 ad
1785 2440 1988 2493 possu-

296 2526 428 2564 mus
463 2511 635 2565 etiam
661 2512 946 2565 doctrinas
974 2511 1319 2582 intelligere.

364 2599 525 2653 Vens.
559 2603 644 2654 t8.
669 2629 738 2639 —
769 2602 936 2655 Pueri
971 2603 1095 2666 mei,
1126 2617 1193 2654 ea:
1219 2603 1328 2656 Deo
1375 2603 1512 2654 nati.
1540 2600 1651 2654 Alii
1689 2599 1988 2670 Propheta:

295 2692 356 2742 et
386 2703 588 2742 eorum
639 2687 924 2758 discipuli.
979 2690 1199 2758 Legunt
1245 2691 1350 2743 hoc
1379 2689 1616 2759 quidam
1662 2690 1732 2743 de
1766 2689 1987 2742 duobus

295 2775 428 2830 filiis
451 2776 632 2842 lsaizr,
667 2781 800 2846 etc.,
829 2792 997 2846 usque
1025 2778 1099 2831 ad
1127 2778 1225 2848 qui
1259 2778 1317 2830 in
1347 2783 1674 2848 portentum
1701 2777 1988 2831 saecularis

297 2863 592 2933 sapientiai
614 2869 670 2918 et
695 2863 992 2934 sapientiae
1019 2865 1345 2919 Judmorum
1374 2865 1622 2919 fuerunt.

2096 483 2167 538 de
2197 485 2516 554 discipulis.

2167 573 2324 626 Vens.
2360 575 2410 623 4.
2443 573 2732 638 —Jugum
2761 574 2928 624 enim.
2988 572 3105 638 (Ιυ.)
3169 572 3348 627 Habet
3391 573 3660 628 Christus
3703 576 3790 645 ju-

2093 676 2256 730 gum,
2288 660 2382 712 sed
2409 675 2616 725 suave;
2663 665 2720 713 et
2747 659 3030 726 diabolus,
3061 661 3158 714 sed
3193 661 3565 730 importabile
3599 679 3785 718 onere.

2096 749 2160 802 Et
2181 747 2436 803 Christus
2467 747 2853 818 principatum
2887 765 3063 818 super
3090 749 3418 814 humerum,
3443 750 3502 803 in
3537 767 3657 821 quo
3686 768 3793 804 cru-

2093 851 2214 889 cem
2267 835 2530 904 portavit,
2563 841 2621 890 et
2667 836 2929 889 diabolus
2983 836 3040 890 in
3096 837 3338 891 humero
3399 839 3646 908 virgam,
3689 855 3789 910 qua

2092 925 2368 995 superbit.

2165 1013 2481 1068 Ea-acioris.
2517 1012 2717 1082 Ipsius,
2751 1013 2964 1067 scilicet
2987 1013 3288 1084 exigentis.
3340 1015 3612 1080 Quotidie
3644 1016 3789 1070 enim

2095 1117 2400 1155 nummum
2435 1102 2648 1171 peccati
2681 1118 2853 1172 quem
2908 1102 3094 1172 primo
3127 1103 3348 1157 homini
3397 1104 3708 1165 commisit,
3762 1123 3790 1158 a

2094 1188 2336 1261 posteris
2359 1205 2489 1242 cum
2519 1205 2692 1242 usura
2722 1189 2915 1259 exigit.

2168 1279 2338 1333 Vens.
2401 1281 2448 1332 5.
2522 1307 2590 1316 —-—
2641 1281 2784 1343 Quia
2839 1281 3010 1334 omnis
3049 1281 3286 1333 violenta
3313 1280 3604 1348 praedatio.
3670 1282 3789 1349 (11).)

2095 1366 2222 1419 Acsi
2258 1365 2404 1420 dicat
2435 1382 2447 1420 :
2483 1367 2670 1420 Genus
2702 1367 3026 1420 humanum
3058 1367 3210 1437 quod
3256 1367 3520 1422 diabolus
3581 1369 3793 1438 deprae-

2097 1455 2262 1508 datus
2299 1459 2404 1520 est,
2437 1454 2658 1508 auferet
2705 1454 2757 1508 ei
2791 1455 3063 1508 Dominus
3104 1455 3405 1519 violenter,
3436 1457 3498 1510 id
3528 1462 3640 1522 est,
3696 1474 3792 1527 po-

2096 1547 2305 1608 tenter,
2357 1547 2414 1596 et
2445 1542 2633 1612 ipsum
2664 1558 2792 1596 cum
2813 1545 3064 1596 tumultu
3095 1543 3361 1598 detrudet
3389 1543 3449 1598 in
3480 1545 3790 1599 infernum.

2100 1631 2258 1686 Unde
2287 1636 2402 1685 tam
2442 1631 2512 1684 de
2539 1630 2662 1700 ipso
2693 1647 2866 1700 quam
2897 1631 2966 1684 de
3036 1631 3312 1684 membris
3362 1633 3485 1700 ejus
3539 1633 3750 1686 dicitur
3779 1651 3792 1687 :

2101 1720 2282 1774 Periit
2311 1722 2568 1774 memoria
2595 1735 2776 1773 eorum
2805 1735 2924 1774 cum
2955 1722 3136 1774 sonitu
3165 1720 3339 1787 (Psal.
3365 1735 3456 1786 IX).

2181 1809 2559 1862 Vestimenlum
2617 1809 2852 1861 mistum.
2915 1808 3038 1877 (lu.)
3089 1806 3388 1871 {Diabolus
3445 1807 3546 1878 qui
3600 1809 3796 1876 plenus

2100 1895 2360 1950 omnium
2393 1894 2690 1965 sanguine,
2724 1895 2825 1966 qui
2854 1895 3142 1949 homicida
3173 1896 3244 1950 ab
3274 1895 3476 1960 initio;
3510 1899 3599 1949 vel
3620 1896 3796 1950 homi-

2100 2002 2220 2047 nes,
2274 1985 2483 2056 quibus
2531 1984 2786 2038 diabolus
2863 1989 3142 2054 tanquam
3203 1990 3358 2039 veste
3389 1985 3795 2049 circumdatur,

2099 2089 2344 2145 quorum
2371 2089 2573 2126 manus
2597 2073 2780 2142 plena:
2804 2077 2935 2126 sunt
2960 2072 3255 2143 sanguine.

2169 2163 2328 2216 Vens.
2363 2165 2411 2214 6.
2447 2190 2514 2200 —-
2565 2163 2704 2215 Puer
2733 2164 2895 2215 natus
2924 2167 3001 2215 est
3035 2162 3207 2214 nobis.
3248 2162 3366 2214 Non
3405 2159 3644 2226 Judasis,
3699 2179 3796 2214 no-

2098 2249 2206 2318 bis,
2265 2255 2398 2317 etc.,
2431 2265 2600 2318 uSque
2657 2249 2734 2304 ad
2784 2249 2880 2302 sed
2933 2248 3070 2302 oriri
3119 2265 3236 2302 non
3294 2249 3623 2303 videntibus
3684 2266 3798 2304 non

2096 2337 2340 2392 videtur.

2170 2427 2514 2491 Principatus
2547 2440 2710 2493 super
2757 2426 3059 2480 humerum.
3101 2426 3234 2494 (10.)
3292 2425 3434 2478 Dum
3492 2425 3802 2478 duceretur

2098 2513 2169 2567 ab
2192 2511 2538 2583 patibulum,
2567 2513 2818 2582 portavit
2847 2529 3093 2581 crucem,
3142 2513 3203 2567 in
3232 2530 3346 2584 qua
3399 2514 3616 2567 meruit
3646 2516 3801 2585 prin-

2097 2602 2374 2672 cipatum.

2171 2690 2296 2757 (ln.)
2350 2689 2768 2761 Septuaginta:
2837 2691 3037 2757 Magni
3079 2692 3294 2746 consilii
3350 2691 3597 2758 angelus.
3645 2689 3804 2753 Quod

2097 2776 2158 2830 in
2217 2777 2450 2832 Hebraeo
2509 2795 2624 2832 non
2679 2778 2942 2843 habetur,
3009 2778 3105 2831 sed
3162 2778 3464 2832 nominum
3506 2779 3804 2848 majestate

2099 2866 2412 2934 perterriti,
2471 2883 2587 2919 non
2644 2866 2769 2920 ausi
2821 2872 2954 2920 sunt
3011 2866 3081 2920 de
3137 2882 3315 2935 puero
3373 2867 3577 2925 dicere,
3652 2868 3804 2937 quod

368 2952 529 3006 Vens.
564 2956 650 3006 2t.
676 2983 744 2992 —
774 2955 894 3008 Non
923 2955 1030 3007 eris
1059 2955 1152 3007 eis.
1189 2953 1323 3020 (Ιο.)
1370 2954 1483 3006 Hoc
1511 2958 1596 3006 est
1652 2953 1698 3006 si
1743 2952 1993 3022 populus
2023 2950 2063 3004 C
2099 2957 2296 3019 aperte
2330 2953 2476 3006 Deus
2531 2952 2905 3022 appellandus
2956 2951 3049 3006 sit.
3095 2952 3224 3006 Ideo
3273 2968 3378 3020 pro
3437 2953 3526 3006 bis
3564 2969 3663 3006 sex
3698 2969 3804 3005 no-

297 3039 403 3092 iste
440 3039 690 3093 uoluerit
720 3039 1016 3093 veritatem
1050 3056 1082 3092 a
1114 3039 1357 3093 Domino
1411 3056 1690 3110 quaerere,
1725 3055 1843 3093 non
1890 3038 1990 3092 ha-

305 3127 458 3182 bebit
511 3128 821 3196 Christum,
885 3129 1098 3182 scilicet
1193 3129 1391 3182 lumen
1471 3127 1748 3197 veritatis,
1823 3143 1996 3199 quam

299 3215 557 3283 negligit.

371 3304 531 3356 Vens.
566 3305 654 3356 ‘ll.
685 3332 755 3344 —
779 3307 912 3370 Regi
936 3321 1049 3358 suo.
1107 3305 1338 3358 Diabolo
1363 3309 1418 3358 et
1434 3303 1689 3375 paternis
1746 3305 1996 3360 traditio-

310 3390 501 3458 nibus,
533 3391 592 3445 id
621 3397 726 3453 est,
756 3392 1007 3461 antiquis
1041 3393 1351 3446 erroribus.

975 3535 1198 3589 CAPUT
1239 3535 1323 3588 IX.

372 3657 531 3710 Vens.
563 3659 610 3710 t.
643 3685 712 3697 —
735 3659 915 3711 Primo
959 3661 1208 3724 tempore.
1255 3658 1460 3727 (HIER.)
1522 3659 1616 3712 H83
1660 3657 1788 3711 dum
1818 3657 1999 3712 tribus

311 3745 382 3798 ab
401 3744 644 3815 Assyriis
665 3744 724 3798 in
754 3745 1144 3814 captivitatem
1167 3745 1354 3800 ductas
1375 3750 1526 3812 sunt,
1554 3753 1688 3809 etc.,
1738 3761 1905 3815 usque
1925 3745 2001 3800 ad

305 3831 450 3887 vidit
479 3833 637 3904 prius
663 3833 846 3886 lucem
888 3833 1252 3904 prmdicantis
1275 3833 1500 3888 Christi.

380 3924 548 3977 Terra
577 3922 840 3978 Zabulon.
891 3921 1016 3992 (Ιυ.)
1043 3923 1105 3975 In
1137 3939 1251 3991 qua
1267 3922 1522 3978 Christus
1561 3921 1812 3992 primum
1844 3937 1996 3993 prae-

301 4009 514 4065 dicavit
544 4017 602 4064 et
641 4009 921 4063 miracula
951 4011 1082 4063 fecit
1125 4026 1137 4064 :
1193 4010 1272 4064 ibi
1303 4010 1457 4064 enim
1488 4025 1666 4081 aquas
1695 4010 1753 4064 in
1803 4011 1998 4064 vinum

304 4097 606 4162 convertit,
642 4098 932 4168 apostolos
961 4098 1148 4168 elegit.

383 4189 490 4242 Via
513 4188 699 4239 maris.
734 4187 883 4239 Mare
915 4185 974 4238 in
1007 4186 1114 4240 hoc
1145 4186 1269 4240 loco
1293 4186 1448 4241 lacus
1486 4187 1853 4248 Genezareth,
1892 4186 1992 4256 qui
2023 4225 2066 4278 θ

300 4273 546 4328 Iordane
567 4273 846 4327 inﬂuente
880 4273 1143 4326 efﬁcitur.
1201 4278 1267 4326 ιιι
1325 4273 1486 4342 cujus
1533 4273 1724 4326 littore
1754 4278 1838 4326 est
1889 4275 1990 4328 Ca-

304 4358 647 4427 pharnaum,
668 4359 942 4427 Tiberius,
979 4360 1276 4415 Bethsaida
1295 4364 1351 4414 et
1381 4362 1671 4424 Carazain,
1703 4361 1758 4414 in
1791 4361 1998 4432 quibus

305 4448 584 4502 Dominus
605 4448 853 4503 maxime
873 4456 1257 4502 commoratus
1287 4455 1392 4517 est,
1417 4450 1568 4504 et-sic
1601 4465 1614 4504 :
1643 4452 1876 4520 Populus
1903 4453 2002 4519 qui

306 4537 622 4590 ambulabat
650 4540 708 4590 in
738 4538 968 4591 tenebris
999 4539 1139 4591 vidit
1165 4539 1332 4592 lucem
1359 4554 1632 4606 magnam.

377 4625 616 4680 Galilaeae
648 4627 908 4691 gentium.
937 4625 1181 4679 Galitaam
1211 4625 1340 4679 dum
1365 4632 1500 4679 sunt
1531 4642 1544 4678 :
1576 4642 1688 4679 una
1718 4626 1998 4696 gentium,

304 4712 491 4766 vicina
515 4712 698 4784 Tyriis
727 4713 789 4767 in
814 4712 965 4766 tribu
1001 4713 1295 4793 Nephtali;
1327 4713 1504 4767 altera
1555 4715 1704 4767 circa
1748 4715 2001 4769 Tiberia-

307 4802 437 4856 dem
460 4805 516 4854 et
542 4810 812 4871 stagnum
843 4802 1208 4869 Genesareth,
1232 4802 1290 4854 in
1307 4801 1460 4855 tribu
1491 4802 1761 4855 Zabnlon.

381 4890 544 4944 Vens.
578 4894 632 4944 2.
665 4917 734 4930 —
766 4893 830 4945 In
858 4893 1070 4958 regione
1112 4891 1322 4946 umbrae
1359 4893 1572 4944 mortis.
1611 4890 1731 4959 (ln.)
1791 4890 1854 4944 In
1886 4906 2005 4943 um-

308 4977 412 5032 bra
441 4978 644 5032 mortis
675 4983 827 5042 sunt,
863 4979 964 5049 qui
997 4979 1058 5032 in
1111 4979 1357 5048 peccatis
1402 4978 1588 5033 adhuc
1613 4979 1811 5032 vivunt
1865 4993 1879 5031 :
1944 4979 2007 5033 In

309 5069 529 5134 regione
557 5067 760 5122 umbra
784 5070 994 5134 mortis,
1027 5067 1128 5137 qui
1178 5068 1298 5137 jam
1345 5066 1588 5122 mortuis
1639 5066 1908 5139 operibus
1937 5067 2007 5121 ad

316 5155 542 5209 inferna
556 5155 996 5210 descenderunt.

389 5243 563 5297 Vens.
589 5246 640 5298 3.
677 5275 745 5284 —
788 5246 907 5300 Non
960 5245 1328 5311 magniﬁcasti
1384 5245 1650 5299 (mitium.
1715 5243 1888 5298 Nobis
1940 5244 2010 5298 de

318 5330 498 5384 salute
526 5332 854 5387 Judaeorum
883 5349 896 5398 ;
957 5331 1218 5403 quamvis
1246 5331 1399 5386 enim
1430 5333 1717 5403 gaudeant
1746 5331 1816 5386 de
1872 5347 2009 5402 gen-

320 5413 465 5469 tium
495 5421 885 5483 conversione,
917 5420 1109 5473 dolent
1132 5425 1322 5472 tamen
1363 5418 1430 5470 de
1465 5419 1788 5471 Judagorani
1821 5418 2009 5487 repul-

317 5519 496 5556 SlOﬂe.

2107 3039 2360 3093 minibus
2390 3040 2496 3093 hoc
2517 3044 2850 3110 posuerunt,
2884 3041 3071 3105 magni
3100 3041 3312 3094 consilii
3339 3043 3583 3107 angelus.

2178 3128 2335 3182 Vens.
2363 3131 2417 3181 7.
2450 3157 2519 3168 —-
2560 3128 2726 3181 Zelus
2755 3129 2988 3182 Domini.
3032 3127 3160 3196 (ln.)
3216 3128 3400 3198 Cmpit
3453 3129 3524 3181 ab
3574 3129 3803 3182 Emma-

2108 3218 2239 3269 nuel
2283 3215 2604 3286 prophetia,
2636 3215 2734 3269 ubi
2766 3215 3016 3269 dicitur:
3053 3216 3179 3268 Pete
3211 3216 3310 3268 tibi
3359 3218 3577 3282 signum
3617 3233 3651 3269 α
3683 3219 3802 3270 Deo.

2107 3304 2205 3358 llic
2233 3304 2449 3358 ﬁnitur.

2175 3394 2333 3447 Vens.
2359 3396 2408 3446 8.
2445 3421 2513 3430 —
2555 3391 2782 3444 Verbum
2846 3393 2997 3445 misit
3047 3394 3331 3446 Dominus.
3388 3391 3515 3460 (Iu.)
3556 3392 3804 3446 Verbum

2107 3479 2449 3535 Hebraicum
2508 3481 2662 3546 (1:11)
2715 3477 2926 3545 Dabar,
3007 3484 3138 3544 etc.,
3214 3494 3383 3548 usque
3473 3480 3546 3533 ad
3619 3479 3805 3550 despi-

2108 3568 2268 3621 ciunt
2297 3565 2628 3632 Ecclesium,
2666 3572 2723 3620 et
2751 3566 3177 3637 simplicitatem
3210 3568 3335 3638 ejus
3389 3573 3601 3637 putant
3632 3568 3809 3639 impeo

2109 3657 2318 3710 ritiarn.

2180 3745 2340 3798 Vens.
2385 3745 2466 3798 10.
2497 3773 2564 3784 —-
2594 3744 2810 3798 Lateres
2859 3743 3182 3798 ceciderunt.
3219 3743 3340 3814 (Ιο.)
3406 3743 3689 3797 Dicebant
3723 3761 3811 3796 su-

2109 3832 2322 3902 perius,
2367 3835 2499 3896 etc.,
2531 3846 2700 3900 usque
2728 3830 2802 3884 ad
2852 3846 2916 3882 ex
2951 3829 3190 3884 fortibus
3249 3835 3305 3883 et
3333 3829 3622 3883 bellicosis
3652 3831 3810 3901 priu-

2107 3918 2327 3990 cipibus
2361 3919 2643 3988 populum
2673 3916 3013 3971 muniemus.

2179 4006 2394 4063 Cedros.
2459 4005 2515 4059 ld
2573 4009 2676 4072 est,
2725 4004 3084 4059 invincibiles
3143 4021 3212 4058 ex
3281 4004 3442 4059 nobis
3508 4005 3807 4075 principes

2109 4093 2488 4164 prmticiemus
2509 4093 2608 4146 eis.

2792 4237 3019 4292 CAPUT
3056 4237 3116 4290 Χ.

2182 4359 2350 4414 Vens.
2399 4363 2446 4414 1.
2479 4389 2544 4397 -—
2585 4361 2674 4415 Vw
2695 4361 2792 4428 qui
2823 4358 3080 4412 condunt.
3124 4357 3326 4426 (Ηιειι.)
3375 4358 3505 4410 Huic
3538 4357 3810 4425 plerique

2111 4447 2296 4501 adhuc
2351 4453 2552 4501 contra
2619 4447 2814 4501 decem
2867 4445 3051 4499 tribus
3091 4444 3201 4498 dici
3253 4443 3626 4506 arbitrantur,
3672 4451 3809 4510 etc.,

2110 4550 2279 4604 usque
2305 4536 2379 4589 ad
2407 4553 2536 4590 cum
2567 4533 2931 4605 captivitatis,
2969 4531 3275 4600 veljudicii
3332 4532 3454 4586 dies
3481 4531 3810 4585 advenerit.

2179 4624 2340 4678 Vens.
2375 4627 2425 4678 5.
2458 4653 2529 4665 —
2556 4625 2646 4678 Vw
2693 4625 2888 4678 Assur.
2924 4623 3049 4690 (10.)
3110 4622 3413 4689 Hucusque
3457 4626 3662 4673 contra
3721 4621 3814 4673 de-

2111 4727 2235 4766 cem
2268 4718 2324 4765 et
2355 4711 2496 4765 duas
2540 4711 2742 4776 tribus,
2805 4715 2935 4773 etc.,
2997 4724 3165 4777 usque
3214 4709 3288 4762 ad
3343 4712 3400 4762 et
3454 4725 3567 4761 non
3620 4709 3814 4761 solum

2112 4800 2436 4870 captivavit,
2468 4800 2563 4852 sed
2588 4799 2797 4870 partim
2821 4799 3046 4852 delevit.

2184 4890 2344 4942 Vens.
2375 4893 2426 4942 7.
2474 4918 2543 4928 —
2600 4890 2724 4958 Ipse
2762 4893 2961 4941 autem.
3015 4887 3140 4952 (Ιυ.)
3192 4885 3283 4940 Sic
3338 4883 3696 4954 philosophi,
3734 4884 3812 4936 sic

2114 4976 2387 5041 haeretici,
2447 4981 2504 5031 et
2558 4975 2636 5029 sic
2685 4979 3078 5046 persecutores
3128 4971 3436 5028 Christiani
3467 4972 3730 5026 nominis
3802 4988 3816 5024 :

2117 5081 2246 5119 cum
2306 5066 2456 5119 Deus
2510 5064 2732 5135 aliquos
2788 5063 2870 5117 eis
2935 5061 3315 5116 verberandos
3382 5061 3688 5132 permittit,
3761 5059 3818 5114 id

2119 5169 2316 5206 omnes
2375 5151 2638 5216 saeviunt,
2700 5167 2804 5204 nec
2882 5149 3203 5213 verberare,
3261 5149 3357 5202 sed
3403 5147 3662 5200 occidere
3727 5163 3827 5200 cu-

2119 5240 2288 5310 piunt
2321 5255 2335 5294 :
2364 5245 2423 5293 et
2442 5239 2638 5310 paucis
2669 5239 2953 5309 superatis
3009 5238 3068 5291 in
3123 5253 3322 5290 omnes
3370 5235 3668 5288 audaciam
3737 5252 3824 5288 su-

2121 5333 2306 5384 munt.

2195 5417 2358 5470 Vens.
2408 5419 2458 5468 9.
2533 5443 2604 5456 —
2654 5411 2917 5482 Nunquid
2983 5426 3089 5464 non
3137 5412 3415 5480 principes
3478 5412 3585 5463 mei
3632 5413 3825 5464 simul.

2121 5505 2315 5558 Ordo:
2365 5505 2546 5573 Reges
2597 5508 2730 5556 sunt
2761 5501 2873 5555 mei
2926 5498 3231 5570 principes,
3295 5498 3347 5552 id
3379 5503 3482 5565 est,
3516 5499 3658 5551 mihi
3700 5518 3825 5553 ser-
