4074 6186
314 251 451 302 1249

304 368 521 422 vientes
566 387 577 421 :

304 459 427 527 subj
440 467 731 528 ugaverat.

383 549 695 602 Damascus.
758 550 1063 602 Damascus
1136 554 1218 602 est
1291 550 1622 619 metropolis
1688 551 1746 603 in
1799 550 2004 620 Syria:

307 637 453 691 hanc
483 638 737 690 condidit
766 638 1003 705 Eliezer,
1033 653 1228 690 servus
1259 638 1497 691 Abrahze
1523 655 1535 701 ;
1571 638 1629 691 in
1662 639 1765 692 hac
1800 654 2008 709 regna-

309 724 390 778 vit
424 724 615 779 Rasin.

382 831 542 885 Vens.
606 833 688 884 10.
741 860 812 870 -
858 829 1125 896 Quomodo
1176 832 1380 883 invenit
1424 846 1635 885 manus.
1703 834 1817 885 Vox
1865 831 2007 885 Sen-

308 919 579 973 nacherib
629 919 968 972 admirantis
1033 919 1347 987 potentiam
1399 936 1581 974 suam.
1637 922 1808 976 Plena
1860 925 2009 979 dicta

310 1008 633 1078 complevit.
669 1007 878 1061 Omnes
927 1007 1081 1061 enim
1113 1006 1367 1061 civitates
1415 1007 1613 1062 decem
1644 1011 1919 1079 tribuum,
1953 1019 2010 1067 et

305 1096 451 1149 Juda
470 1099 525 1148 et
570 1094 867 1165 Benjamin
918 1100 1128 1164 praeter
1179 1095 1491 1149 Jerusalem
1535 1097 1895 1167 depi-aadatus
1926 1107 2011 1155 est

307 1189 362 1235 et
392 1183 568 1253 ipsius
602 1188 819 1253 partem
860 1182 1214 1246 inferiorem,
1248 1200 1422 1254 quam
1476 1187 1705 1241 tradidit
1738 1188 1789 1241 ei
1821 1189 2009 1245 Sobna

308 1272 512 1325 scriba.

401 1379 564 1431 Vens.
626 1381 707 1431 l2.
762 1410 825 1417 —
888 1380 1019 1433 Cum
1072 1381 1376 1447 impleverit
1418 1383 1687 1435 Dominus.
1748 1383 2002 1437 Subver-

304 1465 512 1531 siones,
546 1467 759 1519 scilicet
789 1467 967 1531 urbis,
1023 1467 1193 1520 etiam
1244 1468 1600 1522 obsidionem
1646 1473 1874 1541 quando
1906 1489 2003 1540 ve-

303 1556 390 1608 nit
423 1556 721 1621 Rabsaces,
770 1561 826 1608 et
870 1555 1004 1609 fecit
1048 1572 1113 1609 ea
1162 1572 1289 1627 qua:
1335 1557 1395 1610 in
1447 1560 1815 1628 sequentibus
1848 1577 2004 1615 com-

307 1649 723 1697 memorantur.

378 1733 536 1785 Vens.
593 1732 674 1784 14.
724 1761 791 1771 -
850 1731 1129 1786 Ganniret.
1167 1732 1412 1785 Gannire
1465 1739 1551 1786 est
1606 1736 1885 1806 vulpium,
1920 1741 2005 1792 vel

308 1826 372 1874 ut
398 1820 514 1879 alii,
542 1821 753 1871 avium.
858 1868 867 1879 ,

380 1926 539 1981 Vens.
579 1929 750 1978 16.-
780 1927 847 1979 Ει
883 1926 1072 1979 subtus
1128 1927 1380 1993 gloriam.
1434 1928 1575 1981 Dicit
1629 1929 2006 2000 Hieronymus

308 2013 623 2066 secundum
658 2014 942 2078 Hebraeos,
989 2030 1227 2083 corpora
1274 2015 1707 2070 interfectorum
1755 2021 2006 2088 Assyrio-

307 2118 435 2155 rum
463 2102 674 2155 cmlesti
725 2102 857 2171 igne
908 2108 1131 2168 exusta,
1184 2107 1241 2155 et
1287 2103 1345 2156 in
1404 2105 1697 2173 pulverem
1759 2108 2005 2176 redacta,

306 2191 640 2243 vestimenta
672 2191 847 2243 illmsa
875 2207 888 2253 ;
922 2197 977 2243 et
1007 2192 1298 2244 venientes
1319 2192 1519 2258 Judaei,
1571 2197 1813 2249 vestium
1843 2213 2007 2251 sum-

306 2278 503 2332 mitate
533 2284 780 2348 arrepta,
814 2280 1112 2349 pulverem
1148 2280 1527 2333 excutiebant.

403 2366 603 2435 (Hien.)
662 2366 901 2429 Quidam
962 2368 1162 2419 volunt
1216 2367 1368 2420 hunc
1430 2384 1623 2438 regem
1681 2369 2006 2440 signiﬁcare

302 2456 649 2506 contrariam
706 2454 1127 2519 fortitudinem,
1202 2460 1332 2519 etc.,
1409 2472 1578 2525 usque
1646 2459 1721 2512 ad
1777 2460 2009 2514 tradunt

305 2543 460 2595 enim
496 2542 714 2596 Hebraei
746 2544 939 2595 decem
968 2548 1190 2596 tantum
1228 2544 1295 2597 de
1328 2544 1450 2614 ejus
1496 2548 1747 2600 exercitu
1774 2564 2006 2603 reman-

305 2646 464 2684 $1558.

377 2736 536 2789 Vens.
577 2741 661 2791 l7.
705 2767 762 2777 —-
794 2740 862 2791 Et
882 2739 984 2789 erit
1003 2738 1197 2790 lumen.
1225 2738 1429 2791 Dicunt
1458 2739 1679 2793 Hebraei
1713 2742 1866 2812 quod
1902 2743 2003 2797 Mi-

303 2822 462 2875 chael
496 2823 872 2891 archangelus
906 2822 1094 2887 fuerit,
1156 2824 1245 2876 cui
1294 2825 1596 2879 commissa
1639 2833 1723 2880 est
1750 2829 2007 2882 custodia

305 2909 459 2962 illius
489 2910 694 2980 gentis,
727 2911 870 2964 sicut
904 2911 1099 2964 Daniel
1131 2911 1284 2966 dicit.

338 3012 536 3069 'Vens.
608 3018 688 3069 18.
750 3045 813 3055 -
882 3018 951 3070 Et
998 3017 1176 3081 gloria
1251 3019 1443 3071 saltus.
1496 3018 1786 3074 Carmelus
1840 3038 2005 3077 mons

306 3119 570 3173 magnus,
626 3104 899 3157 fecundus
956 3105 1272 3159 arboribus.
1349 3106 1518 3169 Quasi
1578 3109 1857 3162 exercitus
1916 3111 2003 3165 in-

306 3208 577 3246 numerus
615 3192 780 3263 (sicut
810 3193 963 3262 ligna
988 3194 1319 3263 sylvarum),
1367 3200 1423 3247 et
1460 3211 1697 3266 corpore
1729 3202 1785 3251 et
1813 3199 2005 3254 anima

305 3281 533 3350 peribit.

375 3370 463 3424 Ad
515 3385 746 3422 carnem.
808 3370 939 3439 (In)
1024 3369 1283 3423 Haeretici
1335 3386 1587 3441 quoque,
1646 3390 1775 3428 cum
1825 3376 2002 3430 eccleo

304 3458 526 3509 siastica
584 3458 841 3510 doctrina
899 3457 1165 3525 illuxerit,
1235 3462 1291 3511 et
1347 3476 1545 3513 eorum
1597 3460 1859 3532 decipula
1902 3481 2001 3532 pa-

305 3547 501 3614 tuerit,
580 3547 645 3598 ad
696 3552 911 3599 tantam
948 3547 1140 3599 veniet
1190 3547 1580 3610 solitudinem,
1640 3557 1703 3603 ut
1742 3552 1812 3605 de
1853 3555 1995 3606 saltu

302 3642 360 3687 et
390 3634 751 3688 infructuosis
811 3635 1130 3701 arboribus,
1164 3641 1220 3688 et
1279 3636 1687 3692 innumerabili
1737 3641 2004 3694 multitu-

302 3724 452 3784 dine,
498 3724 586 3775 vix
650 3723 814 3792 pauci
849 3722 1151 3787 resideant,
1196 3725 1293 3794 qui
1337 3740 1533 3777 eorum
1568 3736 1882 3797 sequantur
1910 3745 2005 3782 er-

305 3828 517 3865 rorem.

378 3901 537 3953 Vens.
602 3902 688 3952 20.
746 3928 814 3938 —
859 3902 927 3953 Et
980 3902 1082 3953 erit
1152 3904 1211 3953 in
1265 3901 1354 3955 die
1406 3902 1523 3955 illa.
1604 3900 1812 3972 (Ηιειι.)
1862 3906 2002 3959 Cum

309 3987 524 4041 Phaeee
555 3993 610 4039 et
640 3986 812 4040 Rasin
841 3987 1054 4040 vellent
1085 3988 1299 4053 venire,
1335 3994 1461 4053 etc.,
1514 4003 1683 4056 usque
1718 3990 1792 4042 ad
1818 3993 1911 4044 sed
1945 3992 2007 4045 in

311 4075 426 4128 Deo
456 4091 613 4144 spem
647 4079 885 4145 ponant.

1430 250 1685 305 GLOSSA
1714 248 2117 304 ORDINARIA.
2164 280 2227 290 —
2272 252 2399 306 LIB.
2448 252 2663 305 ISAlA-J.

633 370 839 423 multos
889 371 1042 424 enim
1094 387 1253 439 reges
1309 386 1497 424 secum
1557 370 1812 439 adduxit,
1863 388 2003 442 quos
2035 376 2081 425 Α
2122 376 2427 427 mternitati
2456 375 2537 441 (in
2573 391 2687 445 quo
2716 376 2909 428 omnia
2957 378 3261 445 praesentia
3293 379 3447 447 sunt)
3491 387 3820 449 comparata

3684 260 3817 309 1250

2121 471 2525 516 momentanea
2555 468 2706 516 sunt.

2184 550 2342 603 Vens.
2375 554 2457 603 2U.
2510 578 2577 591 —
2640 552 2865 619 Virgam
2916 567 3035 606 sum
3086 555 3145 605 in
3201 569 3372 609 mare.
3434 556 3562 621 (ln.)
3604 556 3812 620 Quasi:

2117 639 2441 707 Ant-squam
2491 639 2680 692 veniat
2735 656 2908 709 super
2950 645 3024 703 te,
3075 642 3441 711 aggredietur
3480 645 3813 711 'l‘haraeam,

2118 741 2311 795 regem
2360 728 2684 797 Aitliiopiaa,
2742 733 2797 781 et
2846 728 3111 782 transibit
3141 746 3295 782 mare
3348 731 3627 798 Rubrum,
3658 736 3816 787 etle-

2118 815 2271 866 vabit
2318 815 2536 884 virgam
2623 831 2794 885 super
2843 818 3145 886 Egyptum
3201 824 3257 871 et
3317 818 3396 872 sic
3453 836 3582 873 cum
3635 822 3818 875 multo

2119 904 2364 955 exercitu
2397 908 2714 957 revertetur
2743 911 2940 957 contra
2963 906 3297 962 Jerusalem.

2189 991 2349 1043 Vens.
2381 994 2468 1044 29.
2525 1022 2591 1031 —
2646 994 3001 1046 Transierunt
3052 996 3269 1047 cursim.
3307 994 3457 1049 Gaba
3498 995 3674 1061 sedes,
3708 1002 3812 1050 etc.

2118 1078 2472 1131 Praeteritum
2499 1094 2604 1148 pro
2634 1078 2827 1132 futuro
2857 1095 3014 1132 more
3043 1081 3397 1151 prophetico.

2187 1167 2357 1221 Vens.
2394 1170 2481 1230 31,
2528 1170 2613 1220 3'2.
2645 1195 2717 1207 —
2765 1170 3162 1233 Confortamini
3214 1170 3393 1224 adhuc
3423 1171 3537 1223 dies
3565 1178 3662 1225 est.
3693 1173 3819 1241 (11).)

2116 1254 2419 1325 Postquam
2475 1254 2861 1310 Sennacherib
2905 1257 3145 1311 tetendit
3198 1257 3258 1312 in
3342 1259 3494 1313 Nobe
3549 1263 3817 1321 tentoria.

2115 1344 2309 1395 volens
2342 1359 2509 1396 mane
2525 1360 2854 1414 expugnare
2874 1346 3211 1409 Jerusalem,
3235 1350 3613 1415 nonlcessavit
3634 1366 3815 1420 usque

2114 1431 2174 1483 in
2199 1430 2443 1484 mediam
2475 1438 2700 1486 noctem
2756 1433 2965 1486 minari
3023 1435 3437 1489 desolationem
3480 1438 3814 1501 Jerusalem.

2116 1519 2343 1573 dicens:
2380 1521 2480 1585 En,
2537 1520 2645 1574 ista
2694 1522 2815 1574 sola
2857 1522 3052 1575 civitas
3094 1522 3321 1576 liberari
3375 1524 3445 1577 de
3482 1539 3657 1578 manu
3694 1540 3819 1577 mea

2038 1644 2078 1698 Β
2116 1608 2325 1698 poterit
2348 1607 2374 1662 ?

2180 1696 2342 1748 Vens.
2369 1697 2454 1749 33.
2488 1726 2551 1734 —
2605 1698 2737 1750 Ecce
2780 1697 3087 1751 dominatur
3145 1701 3404 1753 Dominus
3460 1702 3815 1760 emcrcituum.

2116 1786 2221 1837 etc.
2272 1783 2422 1836 Dixit
2451 1783 2613 1854 pueri
2686 1800 2903 1838 nomen
2954 1786 3024 1839 de
3072 1786 3293 1856 virgine
3356 1788 3645 1855 nascituri,
3684 1795 3814 1856 etc.,

2114 1885 2283 1939 usque
2298 1871 2372 1924 ad
2402 1877 2455 1924 et
2481 1872 2726 1925 Libanus
2756 1889 2887 1927 cum
2918 1874 3034 1926 suis
3060 1875 3242 1927 cedris
3272 1876 3614 1930 succidatur.

2788 2013 3015 2067 CAPUT
3054 2015 3141 2068 XI.

2187 2135 2347 2188 Vens.
2385 2137 2615 2189 l.—Et
2663 2136 2983 2199 egredietur.
3030 2140 3209 2205 virga.
3266 2140 3473 2209 (1111111.)
3526 2140 3709 2210 Usque
3744 2138 3814 2193 ad

2114 2222 2455 2292 principium
2520 2223 2751 2276 visionis
2784 2224 3129 2293 {Babylonia
3224 2228 3525 2296 prophetia
3609 2234 3695 2281 est
3749 2229 3818 2282 de

2114 2311 2373 2375 Christo,‘
2402 2327 2574 2381 quam
2634 2328 2738 2381 per
2786 2318 2975 2381 partes
3033 2314 3422 2383 explanamus,
3471 2330 3541 2368 ne
3594 2316 3819 2369 lectoris

2115 2400 2452 2452 memoriam
2486 2401 2921 2454 confundamus.

2188 2489 2528 2554 Egredietur.
2576 2490 2801 2558 Virgam
2834 2494 2891 2542 et
2948 2489 3148 2543 ﬂorem
3201 2490 3383 2544 Judaei
3424 2491 3614 2560 ipsum
3649 2492 3817 2545 Chri-

2115 2581 2265 2629 stum
2316 2576 2783 2645 interpretantur,
2841 2582 2969 2643 etc.,
3029 2592 3198 2645 usque
3251 2579 3325 2631 ad
3379 2584 3433 2631 et
3464 2585 3519 2631 tu
3554 2595 3613 2632 es
3646 2580 3819 2633 Filius

2116 2680 2277 2718 meus
2311 2664 2751 2734 primogenitus,
2786 2665 2883 2733 qui
2911 2681 3113 2734 regnas
3144 2664 3203 2717 in
3238 2666 3671 2736 sempiternum.

2190 2753 2351 2807 Vens.
2384 2755 2442 2805 2.
2478 2783 2547 2791 —
2574 2755 2640 2806 Et
2669 2754 2983 2819 requiescet.
3020 2751 3148 2822 (In.)
3178 2752 3321 2817 Quia
3343 2753 3402 2807 in
3444 2753 3566 2823 ipso
3599 2754 3821 2809 habitat

2118 2841 2304 2893 omnis
2334 2840 2629 2909 plenitudo
2655 2840 2988 2893 Divinitatis.

2040 2924 2079 2978 C
2189 2929 2447 2997 Spiritus.
2500 2929 2655 2983 Sicut
2684 2944 2870 2982 sermo
2928 2929 3172 2996 Domini,
3203 2930 3319 2994 lux,
3362 2929 3475 2983 vita
3523 2934 3580 2983 et
3621 2946 3815 2984 resur-

2113 3017 2289 3068 rectio
2320 3020 2571 3081 vocatur,
2615 3021 2753 3080 etc.,
2788 3030 2957 3084 usque
3005 3017 3080 3069 ad
3100 3016 3158 3070 hi
3213 3022 3345 3070 sunt
3400 3022 3618 3088 septem
3667 3020 3820 3072 oeuli

2115 3103 2175 3156 in
2206 3102 2395 3172 lapide
2425 3120 2542 3157 uno
2571 3104 2882 3157 secundum
2914 3104 3263 3158 Zachariam.

2180 3191 2339 3244 Vens.
2374 3193 2425 3244 3.
2449 3220 2521 3232 —
2548 3194 2618 3245 Et
2653 3191 2880 3260 replebit
2917 3208 3034 3245 eum
3062 3195 3312 3261 spiritus.
3369 3194 3491 3259 (11).)
3533 3193 3817 3263 Spiritua-

2113 3277 2245 3331 liter
2276 3282 2508 3349 propter
2557 3280 2825 3349 parvulos
2905 3280 3003 3351 qui
3053 3281 3257 3335 timore
3309 3280 3589 3351 indigent,
3642 3298 3813 3354 quem

2113 3368 2263 3421 foras
2294 3368 2473 3421 mittit
2514 3368 2766 3438 perfecta
2814 3368 3079 3422 charitas.
3131 3370 3239 3434 Qui
3289 3369 3442 3423 enim
3470 3370 3655 3439 timet,
3688 3387 3815 3441 pce-

2116 3472 2246 3509 nam
2286 3456 2477 3521 habet,
2509 3461 2564 3510 et
2593 3472 2707 3510 non
2739 3461 2824 3509 est
2853 3456 3138 3527 perfectus
3165 3458 3221 3511 in
3244 3458 3533 3512 charitate.

2187 3546 2301 3601 Non
2332 3544 2637 3598 secundum.
2692 3544 2814 3598 Non
2872 3545 3111 3615 accipiet
3169 3562 3492 3615 personam,
3527 3562 3663 3617 quia
3702 3563 3817 3602 non

2115 3637 2200 3685 est
2231 3648 2605 3701 personarum
2629 3638 2894 3702 acceptor
2921 3634 3091 3697 Deus,
3140 3635 3234 3686 sed
3287 3635 3347 3688 in
3391 3635 3550 3688 omni
3598 3642 3769 3704 gente
3806 3657 3821 3700 ;

2116 3720 2214 3790 qui
2238 3720 2402 3772 timet
2433 3720 2614 3772 Deum
2645 3724 2909 3789 acceptus
2937 3726 3022 3773 est
3052 3720 3157 3773 illi.

2186 3808 2413 3873 Arguet.
2471 3807 2597 3877 (11).)
2668 3807 2987 3860 Pharisaeos
3038 3814 3093 3859 et
3147 3809 3632 3877 reprehendentes
3688 3828 3821 3882 apo-

2116 3894 2281 3961 tolos,
2307 3895 2537 3965 quando
2580 3895 2639 3947 in
2671 3894 2905 3947 sabbato
2961 3896 3316 3949 ambulantes
3374 3913 3476 3966 per
3535 3904 3674 3965 sata,
3711 3900 3821 3967 spi-

2115 4000 2208 4037 cas
2266 3984 2536 4036 vellentes
2609 3982 2875 4037 manibus
2947 3984 3340 4039 confricabant
3388 3992 3443 4039 et
3495 3987 3815 4041 manduca—

2114 4071 2275 4125 bant.

384 4165 525 4216 Vens
576 4166 664 4217 2|.
697 4192 768 4202 —
818 4163 1078 4230 Reliquiw
1122 4169 1507 4220 convertentur.
1546 4163 1867 4222 Secundum
1914 4167 2010 4220 ,Ιο-
2044 4172 2086 4226 1)
2195 4160 2361 4214 Vens.
2411 4159 2463 4212 4.
2496 4188 2565 4198 -
2626 4160 2802 4226 Virga
2854 4161 2965 4214 oris
3019 4162 3125 4214 sui.
3176 4162 3296 4232 (Ιο.)
3332 4163 3523 4215 Potest
3547 4177 3651 4231 per
3707 4163 3819 4216 vir-

308 4250 549 4319 sephum
579 4250 984 4304 innumerabili
1033 4249 1359 4304 Iudaeorum
1410 4252 1777 4306 multitudine
1808 4254 2007 4322 occisa,

308 4337 685 4406 intelligimus
732 4352 947 4406 paucos
986 4336 1044 4388 in
1092 4339 1365 4407 apostolis
1408 4343 1463 4392 et
1512 4338 1839 4410 apostolicis
1870 4341 2007 4394 viris

310 4442 434 4479 esse
464 4426 728 4478 salvatos.

375 4514 531 4567 Vens.
586 4517 672 4567 22.
734 4543 804 4555 —
854 4516 1252 4570 Consummatio
1307 4515 1665 4569 abbreviata“
1734 4516 2009 4570 Perfectio

309 4618 513 4657 eorum
570 4618 697 4673 qua:
757 4603 827 4655 de
884 4604 1105 4657 Christo
1163 4608 1323 4657 erant
1371 4609 1487 4657 tam
1548 4604 1723 4673 longo
1748 4610 2008 4675 tempore

308 4694 441 4741 ante
468 4690 734 4758 praedicta
766 4690 948 4744 tribus
978 4691 1143 4744 annis
1173 4697 1227 4745 et
1260 4691 1497 4745 dimidio
1528 4694 1830 4761 completa.

378 4780 684 4843 Justitiam,
740 4779 873 4849 quia
928 4779 1140 4849 injuste
1201 4781 1443 4848 occisus,
1514 4787 1759 4835 mortem
1803 4786 1857 4836 et
1889 4782 2008 4836 dia-

308 4866 504 4919 bolum
533 4867 684 4934 juste
716 4866 867 4932 vicit,
901 4873 957 4920 et
982 4868 1262 4921 mundum
1301 4869 1548 4923 redemit
1578 4873 1795 4923 ‘morte.

384 4956 541 5008 Vens.
578 4958 670 5010 23.
726 4984 794 4996 —
838 4956 1355 5011 Consummationem
1402 4960 1562 5011 enim.
1628 4958 1757 5027 (11).)
1805 4957 1889 5011 Ad
1915 4957 2008 5011 lit-

308 5050 513 5096 teram.
549 5043 713 5108 Fecit,
750 5045 885 5116 quia
922 5050 1141 5098 tantam
1182 5046 1609 5099 multitudinem
1669 5052 1879 5116 praeter
1907 5045 2011 5100 de-

309 5146 459 5195 cem,
483 5131 687 5185 occidit
714 5131 869 5185 brevi
900 5134 1081 5202 spatio
1113 5133 1285 5186 unius
1311 5134 1510 5188 noctis.

389 5220 546 5273 Vens.
578 5222 661 5274 24.
692 5250 754 5259 —
786 5222 958 5289 Super
1001 5226 1051 5275 te
1104 5224 1162 5274 in
1215 5224 1309 5275 via
1366 5223 1607 5289 £gypti.
1659 5220 2012 5292 Captivitatis

310 5307 509 5361 decem
532 5308 812 5373 tribubus,
842 5315 970 5376 etc.,
994 5324 1161 5377 usque
1181 5310 1254 5361 ad
1280 5308 1432 5377 cepit
1457 5314 1511 5362 et
1542 5308 1839 5362 subvertit.

390 5395 551 5449 Vens.
605 5398 693 5450 2i.
756 5426 825 5436 —
873 5398 1157 5450 Paululum
1215 5396 1603 5465 modicumque.
1671 5398 1783 5451 Hoc
1840 5397 2012 5465 longo

312 5488 574 5555 tempore
623 5489 751 5554 post
820 5485 1169 5556 completum
1225 5489 1346 5547 est;
1388 5484 1483 5538 sed
1545 5484 1736 5540 omnia
1808 5485 2013 5539 saecula

2123 4264 2253 4319 gam
2289 4248 2567 4302 sententia
2591 4248 3153 4319 judiciiintelligiJn
3176 4250 3461 4321 principio
3485 4251 3638 4305 enim
3664 4267 3818 4321 prte-

2120 4337 2418 4391 dicationis
2472 4337 2660 4391 dixit:
2704 4339 3076 4391 Paenitentiam
3134 4340 3297 4405 agite,
3356 4340 3822 4409 appropinquabit

2117 4430 2257 4481 enim
2306 4442 2529 4493 regnum
2576 4427 2870 4491 cwlorum;
2922 4430 2979 4479 et
3029 4426 3367 4495 subjunxit:
3417 4428 3600 4482 Omnis
3659 4428 3821 4481 arbor

2118 4531 2236 4584 qua
2254 4530 2360 4568 non
2382 4517 2522 4581 facit
2541 4517 2753 4582 fructus
2785 4515 2943 4568 bonos
2984 4514 3290 4568 eradicetur
3317 4520 3365 4569 et
3396 4517 3453 4568 in
3502 4517 3681 4583 ignem
3700 4516 3822 4567 mit-

2120 4609 2281 4658 tetur.

2191 4692 2354 4744 Vens.
2518 4722 2586 4731 —
2632 4690 2933 4759 Inter/iciet
2973 4692 3221 4757 impium.
3270 4692 3326 4745 Si
3380 4691 3536 4745 enim
3582 4690 3816 4746 Michael

2116 4778 2418 4833 interticiet
2466 4779 2549 4848 (ut
2596 4780 2829 4849 quidam
2879 4777 3117 4847 d’cunt),
3172 4779 3291 4849 ipse
3338 4781 3481 4833 Deus
3532 4784 3723 4833 tamen
3760 4780 3817 4833 in

2117 4867 2384 4921 Michaele
2419 4866 2526 4919 hoc
2555 4866 2739 4919 faciet.

2188 4954 2363 5009 Fides.
2449 4955 2662 5023 (Hinn.)
2718 4952 2933 5007 Fideles
3008 4953 3154 5006 bene
3220 4954 3512 5023 operando
3562 4954 3811 5008 adhaere-

2120 5042 2732 5112 bunteiquifactusest
2770 5046 2854 5094 est
2893 5042 3196 5111 sapientia,
3234 5042 3457 5111 justitia
3478 5049 3534 5097 et
3560 5044 3812 5097 sanctili-

2120 5132 2289 5193 catio,
2323 5131 2420 5200 qui
2455 5130 2531 5183 ait
2564 5146 2575 5184 :
2612 5133 2721 5195 Ego
2756 5131 2858 5183 lure
2888 5136 2936 5184 et
2967 5133 3105 5184 vita.

2196 5220 2353 5273 Vens.
2424 5221 2475 5272 6.
2551 5246 2621 5260 —
2704 5221 2884 5286 Lupus
2970 5235 3089 5272 cum
3181 5235 3339 5286 agno.
3402 5219 3524 5288 (11).)
3611 5220 3823 5273 Paulus

2122 5325 2251 5363 cum
2282 5310 2471 5373 Petro,
2506 5306 2655 5361 unde
2690 5323 2701 5359 :
2741 5309 3025 5375 Benjamin
3065 5308 3224 5376 lupus
3263 5324 3461 5377 rapam.
3498 5309 3567 5361 Et
3599 5325 3611 5362 :
3645 5310 3822 5363 Pasce

2121 5411 2243 5450 oves
2271 5411 2435 5449 meas.
2461 5395 2742 5449 Habitabit
2797 5396 2954 5464 lupus
2998 5411 3117 5449 cum
3166 5411 3325 5462 agno.
3385 5397 3509 5450 Non
3548 5413 3731 5467 agnus
3766 5404 3824 5451 et

2120 5483 2320 5539 haedus
2359 5482 2685 5538 habitabant
2739 5498 2867 5537 cum
2918 5483 3053 5552 lupo
3095 5488 3150 5536 et
3195 5484 3391 5554 pardo,
3435 5485 3529 5539 sed
3564 5486 3735 5557 lupus
3767 5493 3822 5539 et
