4018 6176
293 255 418 308 1251

903 246 1289 302 WAIAFHIDI
1328 242 1575 300 STRABI
1617 243 1816 298 FULD.
1861 241 1972 297 MOI

2160 241 2219 296 P.
2271 238 2444 293 PARS
2484 237 2524 290 Ι.
2567 266 2634 274 -
2673 235 3126 292 THEOLOGICA.

3665 242 3796 293 1252

289 375 523 448 pardus,
555 372 689 444 agni
718 375 774 426 et
797 370 946 425 haedi
976 368 1274 424 imitantur
1319 365 1726 430 innocentiam,
1773 363 1986 417 scilicet
2015 361 2059 415 Α
2103 360 2244 414 mari
2278 360 2496 423 Rubro,
2521 358 2827 413 dixerunt:
2889 359 3197 414 Cantemus
3253 361 3524 424 Domino,
3574 366 3684 415 etc.
3714 361 3798 416 Sic

291 464 576 521 Christum
588 504 599 516 .

362 550 645 606 Habitabit
693 550 852 617 lupus
930 544 1139 615 (Hien.)
1213 541 1398 598 Iudaei
1469 539 1647 593 nostri
1689 538 1988 608 judaizan-

291 645 395 704 tes,
424 644 557 705 etc.,
602 652 770 706 usque
816 634 890 688 ad
936 633 1078 685 nihil
1113 633 1349 696 malum,
1379 629 1488 682 nisi
1548 629 1984 698 turpitudinem.

369 728 490 794 (11).)
535 725 756 777 Vitulus
805 728 854 774 et
903 719 1025 772 ovis
1092 719 1339 772 humiles
1386 722 1442 770 et
1493 717 1845 782 innocentes,
1883 721 1984 768 etc.

295 829 462 882 usque
486 811 560 867 ad
585 813 694 866 hoc
723 812 954 879 praestet
981 807 1224 860 Ecclesia
1244 805 1299 858 in
1336 805 1570 858 mundo.

363 902 521 955 Vens.
567 903 621 952 7.
679 925 740 937 -—
769 897 872 950 Leo
937 897 1098 964 quasi
1136 893 1244 957 bos,
1310 901 1414 945 etc.
1497 893 1624 961 (lo.)
1696 891 1989 960 Principes

291 991 445 1046 enim
471 988 644 1057 hujus
668 983 858 1039 saeculi
885 989 942 1036 et
974 980 1256 1051 simplices
1304 980 1402 1034 alii
1446 980 1694 1034 historiae
1745 979 1988 1050 superli-

289 1080 373 1133 cie
407 1082 542 1130 sunt
568 1069 1128 1138 contenti;triticum
1163 1069 1315 1121 enim
1356 1072 1414 1121 et
1434 1065 1762 1133 medullam,
1791 1065 1846 1119 id
1881 1070 1985 1129 est,

290 1165 623 1221 interiorem
646 1175 872 1215 sensum
904 1174 1016 1211 non
1044 1156 1392 1224 intelligunt.

360 1255 523 1308 Vens.
576 1253 629 1305 8.
676 1279 745 1288 —-
797 1249 1014 1314 Infans.
1079 1243 1357 1307 Christus,
1411 1241 1495 1294 vel
1535 1241 1796 1311 apostoli,
1821 1239 1985 1294 mali-

287 1342 367 1397 tia
395 1338 639 1412 parvuli,
695 1352 860 1390 sensu
910 1332 1176 1404 perfecti:
1211 1330 1310 1402 qui
1341 1331 1629 1384 daemones
1685 1328 1988 1399 ejiciebant

289 1430 360 1485 de
391 1426 725 1498 corporibus
747 1421 990 1476 obsessis
1013 1419 1350 1490 corporibus
1377 1417 1610 1472 scilicet.

363 1517 580 1583 Reguli.
635 1511 907 1580 Regulus,
968 1524 1061 1561 rex
1119 1505 1378 1560 omnium
1423 1503 1799 1576 serpentium,
1851 1509 1982 1562 etc..

289 1617 459 1670 usque
488 1600 562 1654 ad
591 1600 661 1654 de
690 1596 932 1651 obsessis
964 1593 1296 1664 corporibus
1328 1592 1558 1645 scilicet.

359 1694 599 1746 Manum.
628 1687 688 1741 Id
713 1691 815 1745 est.
845 1683 1098 1738 divinam
1146 1680 1464 1752 potentiam
1515 1679 1573 1732 in
1606 1677 1982 1747 compreheno

287 1796 413 1834 sum
443 1777 646 1833 exinde
677 1776 929 1846 aspidem
967 1773 1051 1826 vel
1103 1772 1387 1841 regulum,
1421 1769 1474 1823 id
1533 1773 1635 1836 est,
1665 1767 1980 1839 diabolum,

283 1869 469 1923 tradet
495 1865 800 1938 captivum.

359 1956 520 2008 Vens.
559 1956 612 2006 9.
649 1981 718 1993 —
776 1950 917 2015 Quia
965 1947 1189 2015 repleta.
1223 1945 1372 1998 More
1419 1958 1544 2006 suo,
1587 1942 1644 1996 in
1697 1941 1810 1996 ﬁne
1857 1958 1983 2012 pro-

285 2042 539 2113 phetalia
564 2039 735 2094 verba
785 2037 1138 2109 panduntur,
1172 2051 1243 2089 ne
1291 2033 1360 2087 ad
1421 2032 1665 2086 litteram
1693 2027 1982 2099 accipian—

286 2135 399 2184 tur.

357 2219 530 2271 Vens.
574 2216 658 2268 l0.
690 2243 758 2254 -—
788 2212 927 2277 Quia
973 2215 1083 2264 stat
1128 2212 1186 2263 in
1234 2212 1472 2275 signum,
1525 2206 1702 2260 unde:
1739 2207 1866 2259 Ecce
1890 2219 1985 2272 po-

285 2309 425 2360 situs
470 2309 548 2359 est
605 2304 689 2356 hic
744 2303 803 2354 in
845 2302 1084 2364 ruinam,
1126 2302 1176 2351 et
1222 2300 1280 2350 in
1331 2297 1770 2349 resurrectionem
1801 2292 1985 2345 multo-

287 2408 408 2447 rum
438 2394 494 2444 in
533 2391 718 2452 Israel,
751 2389 876 2441 etin
909 2389 1122 2453 signum
1150 2387 1238 2439 cui
1286 2380 1851 2448 contradicetur(Luc.
1884 2380 1975 2448 ιι).

285 2483 408 2537 LXX
438 2498 451 2535 :
479 2480 584 2544 Qui
629 2481 930 2546 consurget
981 2480 1042 2529 ut
1090 2474 1162 2528 sit
1204 2473 1487 2544 princeps,
1533 2475 1666 2538 etc.,
1715 2483 1883 2536 usque
1911 2467 1985 2520 ad

282 2571 438 2624 idem
470 2567 753 2638 signiﬁcat
776 2565 1122 2635 sepulcrum.
1157 2563 1264 2616 Pro
1297 2560 1639 2614 dormitione
1679 2563 1736 2612 et
1763 2555 1979 2626 requie,

282 2659 460 2712 altero
508 2656 700 2722 verbo,
750 2653 847 2708 sed
902 2651 1104 2708 eodem
1161 2665 1352 2715 sensu,
1429 2649 1731 2718 sepulcrum
1804 2644 1979 2699 verti-

283 2766 430 2804 mus.

350 2839 510 2891 Vens.
545 2839 630 2889 ll.
685 2863 754 2872 -—-
784 2832 1096 2888 Residuum.
1151 2831 1272 2900 (Io.)
1305 2827 1608 2898 Apostolus
1649 2842 1662 2879 :
1723 2825 1981 2893 Reliquix

2100 465 2279 518 regno
2313 447 2512 502 mundi
2544 448 2851 515 destructo,
2877 448 3014 501 dicit
3036 449 3272 502 Ecclesia
3297 465 3310 502 :
3334 451 3654 516 Con/ilebor
3683 451 3795 504 tibi.

2172 538 2332 590 Vens.
2393 540 2450 591 3.
2503 567 2568 574 —
2627 537 2709 589 De
2753 537 2998 602 fontibus
3052 537 3380 591 Saluatoris.
3417 540 3552 607 (ID.)
3608 538 3796 591 Unde:

2100 626 2402 680 Benedicite
2422 626 2644 679 Domino
2704 624 2770 677 de
2792 626 3038 690 fontibus
3095 627 3285 690 Israel,
3333 632 3462 692 etc.,
3522 641 3696 695 usque
3727 626 3800 678 ad

2103 719 2162 764 ut
2183 712 2486 783 prophetia
2516 728 2648 765 cum
2680 709 2985 780 Evangelio
3003 714 3321 766 conveniat.

2754 852 2978 907 CAPUT
3016 853 3154 906 XIII.

2170 979 2332 1031 Vens.
2391 981 2438 1030 l.
2496 1007 2563 1016 —
2650 976 2796 1031 Onus
2861 976 3175 1044 Babylonis.
3235 977 3436 1046 (Hii-3R.)
3523 979 3797 1048 Babylon.

2098 1067 2431 1136 metropolis
2494 1065 2914 1130 Chaldaeorum,
2989 1070 3120 1130 etc.,
3162 1081 3331 1135 usque
3362 1067 3434 1119 ad
3483 1067 3587 1137 qui
3617 1069 3794 1120 dicit:

2099 1157 2219 1209 Haec
2250 1157 2431 1208 omnia
2459 1154 2562 1206 tibi
2582 1152 2721 1206 dabo
2750 1155 2800 1206 si
2829 1153 3025 1206 cadens
3042 1154 3359 1205 adorareris
3380 1169 3483 1208 me.

2168 1245 2334 1297 Vens.
2388 1247 2442 1296 ’7.
2507 1271 2581 1282 -
2635 1243 3021 1308 Dissolventur,
3056 1246 3160 1296 etc.
3207 1241 3351 1305 Quia
3383 1242 3613 1296 nullum
3662 1259 3801 1314 opus

2099 1331 2198 1386 Dei
2222 1329 2446 1401 justitia
2476 1329 2713 1399 dignum
2745 1329 3082 1397 reperietur.

2169 1421 2338 1474 Vens.
2373 1422 2424 1472 8.
2473 1448 2541 1458 —-
2593 1417 2914 1471 Combustae.
2971 1417 3139 1481 Quasi
3178 1417 3449 1471 carbones
3481 1419 3666 1472 nimio
3697 1419 3799 1472 do-

2094 1510 2233 1574 lore,
2267 1508 2352 1560 vel
2381 1507 2437 1560 in
2461 1523 2547 1561 re.
2588 1505 2746 1560 Multi
2801 1505 2950 1559 enim
3008 1507 3164 1560 fuere
3217 1508 3518 1562 combusti.
3572 1509 3801 1564 Combu-

2095 1603 2192 1651 slaa
2219 1600 2359 1663 igne.
2387 1598 2524 1666 Igne
2562 1609 2734 1666 quem
2775 1593 2886 1646 sibi
2943 1594 3384 1660 succenderunt,
3421 1597 3562 1666 quia
3615 1596 3797 1650 dicere

2094 1701 2212 1739 non
2267 1689 2539 1754 possunt;
2583 1684 2873 1749 Signatum
2920 1688 3000 1737 est
3052 1699 3217 1752 super
3263 1699 3361 1737 nos
3410 1685 3592 1738 lumen
3621 1685 3798 1739 vultus

2095 1776 2196 1837 tui,
2246 1773 2470 1827 Domine
2524 1772 2693 1839 (Psal.
2765 1771 2865 1837 ιν),
2930 1776 3066 1824 etc:
3131 1773 3236 1826 Nos
3306 1777 3484 1825 autem
3557 1773 3799 1827 revelata

2091 1863 2237 1928 facie
2261 1862 2495 1932 gloriam
2522 1863 2742 1916 Domini
2790 1859 3209 1929 contemplantes
3266 1861 3344 1926 (II
3363 1860 3484 1915 Cor.
3515 1863 3621 1926 ιιι).

2195 1949 2368 2005 Vens.
2414 1951 2494 2003 10.
2529 1949 3011 2005 —Obtenebratus
3070 1953 3150 2002 est
3199 1949 3299 2002 sol.
3357 1949 3606 2002 Possunt
3680 1949 3799 2002 haec

2094 2037 2161 2092 ad
2205 2037 2353 2091 diem
2405 2038 2607 2106 judicii
2662 2039 2884 2106 referri,
2944 2037 3176 2109 quando
3243 2037 3438 2090 omnia
3487 2037 3801 2091 luminaria

2093 2126 2458 2180 obtenebrari
2490 2127 2834 2182 videbuntur
2861 2130 3188 2196 comparata
3243 2124 3534 2194 splendori
3567 2125 3794 2178 Christi.

2162 2216 2325 2270 Vens.
2361 2219 2446 2269 ll.
2479 2217 2652 2269 --Et
2698 2217 2930 2270 visitabo
2979 2231 3142 2283 super
3193 2214 3339 2267 orbis
3387 2214 3560 2266 mala.
3606 2214 3798 2266 Vindi-

2092 2303 2230 2357 cabo
2253 2307 2310 2356 ut
2335 2304 2638 2373 corrigam,
2696 2310 2827 2373 etc.,
2880 2319 3051 2372 usque
3106 2303 3215 2356 ad:
3276 2301 3658 2356 Misericordia
3698 2318 3796 2354 au-

2093 2396 2195 2446 tem
2224 2406 2341 2445 mea
2377 2407 2483 2445 non
2515 2395 2796 2458 auferetur
2825 2393 2893 2446 ab
2921 2396 3017 2446 eis.

2162 2481 2232 2532 Et
2253 2481 2568 2546 requiscere.
2605 2479 2777 2543 Quasi
2828 2479 3081 2534 diceret:
3121 2479 3235 2532 Hoc
3286 2479 3507 2539 faciam,
3571 2482 3640 2532 ut
3699 2478 3796 2549 qui

2092 2567 2351 2636 superbit
2381 2567 2732 2622 humilietur.
2767 2556 2771 2560 ”

2163 2655 2326 2709 Vens.
2391 2658 2473 2708 l2.
2531 2685 2599 2694 —
2647 2654 2948 2710 Pretiosior
2999 2656 3104 2708 erit
3157 2657 3246 2708 vir
3287 2670 3440 2719 auro,
3505 2658 3616 2710 etc.
3670 2656 3795 2725 (ῐυ.)

2093 2742 2300 2798 Omnia
2345 2758 2474 2796 rara
2523 2742 2790 2812 pretiosa.
2861 2743 2920 2797 id
2975 2749 3079 2809 est,
3133 2742 3218 2796 vir
3261 2743 3568 2812 Babylonis
3614 2744 3796 2797 rarius

2092 2831 2418 2885 invenietur
2485 2847 2646 2885 auro.
2715 2831 2993 2885 Similiter
3045 2831 3254 2884 dicitur
3311 2847 3501 2885 sermo
3564 2832 3793 2885 Domini

279 2930 445 2982 salvae
471 2928 618 2995 ﬁent.
678 2923 936 2978 Tradunt
989 2919 1144 2974 enim
1193 2916 1448 2971 historias
1505 2913 1660 2986 quod
1732 2910 1978 2983 apostoli
2012 2920 2052 2974 C
2090 2919 2389 2990 pretiosus,
2425 2919 2479 2973 id
2512 2923 2615 2986 est,
2666 2935 2795 2972 raro
2843 2917 3298 2972 inveniebantur.
3348 2920 3410 2973 In
3443 2918 3538 2973 die
3561 2936 3795 2990 quoque

277 3020 400 3070 toto
432 3013 568 3068 orbe
595 3011 790 3066 diffusi
828 3007 1287 3079 praedicaverunt
1336 3002 1700 3073 Evangelium
1735 3017 1748 3055 :
1782 3006 1838 3054 et
1855 2999 1980 3070 qui-

280 3105 407 3160 dem
445 3105 663 3169 Persas,
721 3099 1006 3168 Indosque
1056 3099 1522 3166 penetraverunt,
1580 3098 1645 3147 ut
1693 3090 1977 3161 Ethiopia

279 3207 515 3248 manum
555 3190 716 3244 daret
746 3187 882 3240 Deo.

350 3284 514 3336 Vens.
552 3281 636 3333 l2.
669 3307 739 3319 —
767 3277 1022 3343 Signum.
1077 3270 1290 3335 Crucis,
1344 3269 1404 3323 in
1442 3286 1558 3340 qua
1585 3271 1670 3323 est
1723 3268 1976 3335 victoria,

278 3376 343 3426 ut
371 3370 551 3423 sciant
587 3381 786 3419 omnes
806 3363 863 3416 in
897 3377 1010 3432 quo
1039 3359 1300 3414 diabolus
1322 3357 1396 3411 sit
1424 3357 1619 3411 victus.

351 3461 400 3510 Α
443 3459 677 3524 quatuor
702 3451 903 3519 plagis.
955 3445 1073 3515 (1ο.)
1108 3445 1228 3498 Hoc
1268 3444 1326 3498 in
1360 3445 1728 3497 Pentecosten
1758 3442 1980 3496 videtur

281 3543 608 3613 impletum,
663 3542 793 3602 etc.,
844 3548 1014 3603 usque
1071 3531 1145 3584 ad
1187 3535 1251 3584 ut
1298 3529 1473 3584 totius
1526 3529 1980 3583 mundivocatio

281 3631 721 3686 demonstretur.

349 3722 509 3774 Vens.
550 3719 631 3771 l3.
657 3746 722 3754 —-
754 3717 825 3769 Et
855 3713 1155 3778 auferetur,
1217 3714 1324 3764 etc.
1358 3708 1482 3781 (10.)
1540 3707 1778 3772 Quando
1809 3705 1980 3760 Isaias

282 3809 388 3865 hoc
413 3803 786 3878 praedicebat,
831 3801 980 3855 inter
1029 3798 1170 3853 duas
1219 3802 1275 3850 et
1303 3797 1499 3852 decem
1548 3796 1729 3850 tribus
1773 3796 1982 3849 discor—

280 3895 374 3950 dia
432 3891 803 3948 inexorabilis
858 3893 998 3954 erat,
1079 3887 1376 3941 credentes
1436 3888 1626 3939 autem
1698 3881 1980 3954 paciﬁcati

280 3981 494 4037 suntin
520 3979 634 4034 ﬁde
652 3975 857 4032 Christi
894 3975 1110 4028 unitate
1139 3972 1451 4027 charitatis.

351 4071 511 4124 Vens.
567 4067 651 4120 14.
697 4094 759 4104 —-
842 4065 1165 4131 Prwceptum
1222 4074 1434 4125 manus,
1489 4061 1592 4111 etc.
1627 4056 1784 4120 Quod
1831 4071 1975 4126 prie»

279 4158 500 4230 cipiunt
527 4158 840 4225 operantur
873 4170 889 4219 ;
919 4155 977 4204 et
1003 4148 1175 4202 verbo
1201 4146 1426 4212 docent,
1454 4149 1511 4198 et
1551 4143 1832 4214 exemplo.

351 4243 512 4297 Vens.
550 4245 634 4295 15.
665 4269 736 4282 -
782 4239 1049 4306 Linguam
1097 4237 1287 4289 maris.
1322 4232 1448 4303 (10.)
1499 4232 1636 4297 Qua:
1665 4231 1815 4285 idola
1845 4231 1972 4284 lau-

279 4333 468 4387 dabat.
527 4331 697 4395 Mare,
752 4327 805 4382 id
863 4331 966 4392 est,
1024 4325 1268 4396 populus
1323 4323 1571 4394 Egypti,
1630 4321 1755 4392 (qui
1806 4335 1977 4391 super

281 4436 485 4474 omnes
532 4417 687 4471 idola
741 4415 923 4483 colit,)
955 4418 1018 4468 ut
1072 4414 1249 4466 Deum
1306 4410 1504 4466 laudet
1545 4415 1602 4466 et
1645 4410 1864 4476 timeat,
1916 4413 1973 4462 et

284 4508 431 4562 idola
462 4507 806 4562 condemnet
835 4509 891 4558 et
919 4503 1168 4572 adijciat.

349 4597 418 4650 Et
448 4595 663 4649 levabit.
699 4594 770 4647 Ut
823 4592 1092 4652 Idumaaa.
1134 4595 1189 4644 et
1223 4589 1403 4656 Moab,
1465 4593 1523 4643 et
1577 4589 1680 4642 ﬁlii
1731 4592 1976 4642 Ammon

283 4683 511 4738 tradent
549 4697 754 4736 manus
780 4680 1074 4752 apostolis,
1098 4679 1177 4732 sic
1212 4683 1269 4732 et
1305 4675 1577 4748 Egyptii.

349 4775 419 4828 Et
436 4772 719 4841 percutiet.
754 4769 813 4823 Id
841 4772 944 4827 est.
993 4767 1213 4820 minuet
1252 4783 1357 4836 pro
1397 4781 1513 4818 uno
1564 4768 1781 4834 septem
1817 4764 1976 4833 prin-

280 4861 436 4930 cipes
488 4857 773 4930 ponendo,
838 4860 964 4921 etc.,
1025 4869 1193 4924 usque
1261 4854 1335 4907 ad
1391 4857 1456 4908 ut
1502 4851 1662 4905 siccis
1733 4850 1978 4920 pedibus

279 4947 608 5004 transirent.

354 5037 421 5089 Ut
469 5037 750 5088 transeant
799 5047 897 5101 per
924 5046 1063 5098 eum,
1095 5035 1198 5083 etc.
1232 5027 1346 5082 Sub
1402 5027 1757 5098 metaphora,
1817 5025 1976 5080 Nilus

281 5124 491 5177 divisus
545 5125 603 5174 et
645 5120 703 5172 in
761 5125 952 5190 partes
1000 5134 1176 5171 caesus
1229 5116 1456 5182 dicitur,
1515 5121 1644 5180 etc.,
1707 5129 1876 5183 usque
1904 5114 1978 5168 ad

287 5209 529 5264 Domino
550 5207 858 5277 Evangelio
879 5206 1025 5260 viam
1062 5207 1442 5276 praeparante.

953 5350 1177 5405 CAPUT
1227 5349 1339 5403 XII.

356 5476 518 5530 Vens.
553 5479 599 5532 1.
649 5505 714 5515 -
770 5476 1066 5548 Conﬁtebor
1112 5475 1228 5529 tibi.
1285 5471 1483 5542 (Hlen.)
1535 5469 1684 5526 Sicut
1739 5467 1976 5526 transito

2083 3005 2286 3076 judicii
2329 3005 2586 3060 visitabit
2645 3005 2926 3060 Dominus
2977 3005 3124 3058 mala
3183 3004 3336 3058 orbis
3389 3010 3444 3058 et
3496 3005 3794 3076 quiescere

2089 3093 2259 3147 faciet
2288 3093 2669 3164 arrogantiam
2713 3093 3066 3161 dmmonum,
3123 3098 3181 3145 et
3207 3092 3373 3162 pauci
3424 3093 3796 3148 invenientur

2089 3181 2252 3235 electi
2283 3186 2518 3251 propter
2544 3180 3000 3250 persecutionem
3045 3179 3398 3234 Antichristi.

2161 3271 2323 3323 Vens.
2361 3273 2444 3323 l3.
2499 3298 2562 3310 —
2612 3269 2810 3325 Cazlum
2859 3268 3106 3331 turbabo,
3137 3273 3243 3321 etc.
3302 3268 3421 3320 Non
3475 3269 3632 3338 quod
3681 3267 3797 3320 ani-

2089 3362 2243 3411 mata
2271 3360 2426 3424 sunt,
2459 3355 2555 3410 sed
2618 3361 2850 3426 propter
2899 3354 3354 3425 iudignationem
3410 3353 3663 3420 Domini,
3697 3353 3794 3422 qui

2088 3444 2321 3514 respicit
2341 3449 2575 3511 terram,
2622 3448 2677 3497 et
2704 3443 2840 3497 facit
2884 3459 3011 3496 eam
3071 3448 3336 3497 tremere.
3390 3442 3652 3496 Forsitan
3693 3441 3795 3494 im-

2089 3533 2342 3587 minente
2391 3532 2742 3603 captivitate,
2803 3531 3011 3585 caelum
3067 3531 3340 3594 tonando,
3378 3534 3436 3583 et
3473 3535 3629 3584 terra
3659 3545 3791 3583 con-

2089 3621 2355 3675 cutiendo
2381 3625 2534 3674 mota
2564 3625 2667 3674 est.
2711 3621 2905 3674 Potest
2931 3619 2999 3674 de
3030 3620 3121 3674 die
3144 3618 3348 3690 judicii
3369 3618 3502 3688 legi.

2161 3711 2321 3765 Vens.
2380 3710 2460 3764 14.
2509 3739 2567 3751 -
2623 3709 2864 3763 Damula
2921 3708 3154 3778 fugiens.
3223 3706 3483 3770 Damula,
3528 3707 3793 3761 diabolus

2090 3803 2174 3852 est
2223 3798 2311 3852 vel
2360 3813 2533 3868 prava
2580 3797 2861 3865 doctrina,
2920 3797 3082 3866 cujus
3134 3795 3396 3866 magistri
3439 3795 3500 3848 in
3560 3795 3796 3850 damula

2089 3885 2504 3957 signiﬁcantur,
2541 3903 2670 3958 quae
2702 3885 2910 3940 dicitur
2949 3882 3164 3959 δορκὰς.

2159 3977 2316 4030 Vens.
2352 3979 2432 4030 l7.
2460 4005 2532 4016 —
2579 3978 2711 4030 Ecce
2761 3991 2854 4043 ego
2906 3975 3195 4039 suscitabo,
3252 3979 3365 4029 etc.
3430 3973 3708 4044 Legimus
3737 3974 3796 4027 in

2089 4063 2289 4117 Genesi
2323 4080 2377 4129 x,
2418 4063 2569 4133 quod
2618 4068 2670 4117 et
2716 4063 2895 4118 Madai
2933 4063 3086 4117 filius
3108 4064 3222 4117 Noe
3254 4066 3453 4117 auctor
3492 4063 3796 4118 Medorum

2090 4151 2198 4206 fuit
2230 4169 2242 4205 :
2274 4152 2373 4222 qui
2421 4151 2831 4222 interpretatur
2878 4167 3166 4219 mensura,
3217 4150 3333 4205 sive
3364 4167 3398 4205 a
3427 4156 3666 4220 potente
3709 4152 3794 4205 vel

2086 4238 2240 4292 forti.
2295 4238 2478 4308 Igitur
2529 4243 2727 4292 contra
2774 4239 3116 4310 Babylonios
3176 4238 3275 4309 qui
3317 4244 3509 4292 mente
3565 4239 3796 4292 confusi

2087 4331 2239 4393 sunt,
2265 4326 2669 4381 suscitantura
2714 4331 2948 4397 potente
2995 4332 3051 4381 et
3102 4327 3236 4382 forti
3283 4328 3397 4381 Deo
3424 4326 3796 4382 fortitudines

2086 4416 2153 4471 ad
2208 4417 2583 4487 puniendum,
2637 4432 2767 4487 quae
2810 4416 3054 4470 reddant
3099 4415 3411 4486 unicuique
3468 4415 3795 4470 secundum

2084 4520 2257 4575 opera
2286 4521 2404 4559 sua.

2159 4594 2316 4646 Vens.
2357 4596 2439 4647 l9.
2493 4622 2563 4632 —
2613 4595 2684 4647 Et
2713 4594 2815 4646 erit
2852 4591 3094 4659 Babylon
3122 4592 3223 4645 illa
3253 4593 3468 4654 civitas,
3510 4594 3618 4644 etc.
3660 4590 3794 4660 (In.)

2087 4682 2207 4735 Non
2254 4684 2446 4752 postea
2499 4680 2840 4734 resedificata
2897 4685 3000 4746 est,
3061 4683 3192 4748 etc.,
3244 4695 3413 4748 usque
3459 4678 3533 4732 ad
3572 4695 3604 4732 a
3635 4679 3798 4750 lupis

2085 4773 2140 4822 et
2159 4768 2395 4820 canibus
2416 4766 2786 4821 devorandas.

2159 4856 2319 4908 Vens.
2349 4857 2438 4908 2l.
2468 4883 2537 4894 -
2595 4857 2806 4910 Bestiae.
2869 4869 2973 4908 etc.
3009 4855 3117 4908 Per
3161 4854 3264 4908 has
3323 4869 3520 4908 omnes
3575 4853 3798 4908 bestias

2085 4943 2229 4997 lucis
2259 4943 2508 5014 refugas,
2553 4943 2880 4998 daemonum
2921 4944 3005 4997 vel
3031 4945 3370 5014 angelorum
3420 4943 3798 5000 fortitudines

2083 5028 2480 5100 intelligimus,
2514 5030 2722 5100 quibus
2753 5030 2822 5084 ad
2856 5029 3211 5100 puniendum
3243 5029 3564 5084 traduntur.

2155 5119 2514 5174 Struthiones.
2552 5119 2626 5172 De
2673 5119 2882 5190 quibus
2914 5118 2973 5172 in
3016 5118 3119 5172 Job
3158 5117 3295 5171 satis
3345 5121 3651 5172 tractatum
3682 5125 3796 5186 est,

2085 5221 2214 5278 qua:
2243 5205 2313 5260 de
2342 5210 2494 5260 terra
2543 5206 2714 5260 altius
2738 5223 2856 5261 non
2913 5207 3229 5273 elevantur,
3261 5221 3392 5260 cum
3421 5221 3643 5277 pennas
3680 5208 3797 5263 ha-

2084 5293 2219 5348 bere
2249 5292 2568 5346 videantur.

2157 5381 2359 5437 Pilosi.
2422 5379 2742 5450 Sylvestres
2779 5379 3045 5433 homines
3095 5378 3326 5450 hispidi,
3375 5379 3475 5453 qui
3513 5384 3569 5436 et
3623 5381 3798 5440 incu-

2086 5469 2286 5527 boncs.
2318 5467 2399 5523 vel
2433 5466 2628 5540 satyri,
2653 5467 2735 5523 vel
2767 5482 2979 5537 genera
3001 5467 3352 5524 daemonum.
