4074 6186
250 255 390 307 1253

242 462 414 525 νὶηεθ,
465 464 557 515 sed
616 463 851 514 maculis
911 476 1205 530 respersaa,
1238 477 1367 531 qua:
1401 467 1580 515 rostro
1617 461 1678 515 in
1739 462 1947 532 palude

243 548 357 601 sito
391 549 744 602 horrendum
775 547 1043 601 stridunt.

318 640 550 692 Sirenes.
610 637 755 690 Sunt
809 641 1102 706 serpentes
1156 635 1368 689 cristati
1401 641 1455 689 et
1498 634 1634 689 alati
1665 638 1821 690 velut
1850 636 1947 690 alii

241 725 429 795 pisces
459 725 667 778 marini
716 725 776 778 in
835 724 1020 794 specie
1050 723 1337 790 muliebri,
1384 725 1469 778 vel
1509 729 1775 794 portenta
1824 725 1945 779 dia-

243 812 387 880 boli,
436 828 564 883 qua:
614 812 765 866 dulci
804 812 1089 864 cantilena
1120 811 1412 880 decipiunt
1440 812 1723 880 homines,
1776 814 1947 881 hujus

242 901 441 955 saeculi
491 900 879 970 naufragium,
920 916 1036 953 non
1068 902 1272 953 clausis
1301 901 1536 955 auribus
1565 905 1943 957 transeuntes.

885 1041 1109 1097 CAPUT
1162 1041 1301 1096 XIV.

318 1170 477 1223 Vens.
511 1172 555 1224 1.
611 1168 895 1221 —Jacob.
954 1166 1098 1221 Nota
1150 1165 1559 1236 proprietatem
1618 1167 1942 1222 verborum.

240 1257 417 1311 Jacob
445 1256 543 1327 qui
575 1257 758 1311 adhuc
814 1256 871 1309 in
905 1256 1056 1309 lucta
1088 1260 1192 1319 est,
1244 1254 1582 1307 miseretur:
1619 1255 1811 1321 Israel,
1847 1256 1947 1324 qui

241 1350 379 1417 post
408 1346 702 1398 victoriam
732 1359 945 1398 nomen
977 1343 1213 1414 accepit,
1241 1343 1433 1413 elegit.

318 1435 474 1488 Vens.
526 1436 580 1487 4.
639 1463 707 1472 ——
740 1432 1033 1497 Quomodo,
1102 1436 1207 1485 etc.
1265 1431 1616 1485 Admirando
1656 1432 1944 1503 quomodo

244 1527 498 1575 vastator
554 1527 857 1585 terrarum,
909 1527 1039 1586 etc.,
1085 1535 1253 1589 usque
1281 1519 1355 1573 ad
1384 1520 1696 1574 novissima
1750 1526 1943 1575 autem

242 1610 476 1663 inimica
499 1609 826 1663 destruetur
848 1625 1022 1662 mors.

318 1698 575 1751 Emactor.
611 1697 811 1763 (Ηιειι.)
866 1696 975 1760 Qui
1014 1696 1187 1765 exigit
1218 1694 1415 1766 [usque
1470 1696 1540 1749 ad
1572 1696 1943 1750 novissimum

245 1785 624 1854 quadrantem
675 1801 703 1835 a
765 1784 1115 1838 debitoribus
1174 1784 1312 1850 suis,
1364 1784 1463 1854 qui
1517 1784 1713 1837 dicunt
1760 1786 1942 1837 illud:

246 1873 465 1924 Dimitte
514 1872 666 1924 nobis
723 1871 907 1925 debita
961 1871 1178 1941 (Matth,
1220 1874 1293 1939 v).
1349 1871 1489 1925 Huic
1517 1871 1815 1924 tradantur
1844 1873 1942 1925 de-

244 1959 478 2026 bitores,
562 1960 696 2013 huic
751 1960 987 2013 tradidit
1063 1961 1272 2014 Paulus
1356 1960 1694 2015 Corinthum
1762 1960 1942 2013 forni-

245 2054 493 2102 cantem.

318 2138 478 2190 Vens.
539 2140 591 2190 5.
624 2166 691 2175 —
725 2136 1009 2190 Bacutum.
1063 2137 1235 2190 Vocat
1290 2136 1811 2191 Nabuchodonosor
1856 2138 1943 2190 vel

245 2225 565 2285 diabolum,
620 2224 753 2295 quia
806 2225 952 2278 sicut
1008 2242 1110 2295 per
1156 2224 1319 2279 illum
1372 2226 1796 2295 flagellantura
1829 2226 1942 2278 Deo

244 2313 434 2383 impii,
462 2312 540 2366 sic
588 2330 692 2383 per
719 2314 871 2368 hunc
898 2314 955 2367 in
979 2314 1163 2383 poenis
1214 2313 1424 2368 inferni
1474 2314 1560 2366 vel
1597 2313 1852 2385 quotidie
1886 2314 1942 2367 in

241 2408 475 2472 peccato
498 2402 877 2472 suggerendo,
915 2402 1263 2457 insidiando.

318 2492 481 2543 Vens.
534 2493 587 2547 8.
656 2522 724 2529 —
782 2492 1001 2545 Abietes
1058 2507 1267 2562 quoque
1326 2490 1617 2561 Principes
1692 2490 1941 2544 diversa-

242 2595 373 2632 rum
431 2580 689 2649 gentium
720 2579 790 2632 ab
840 2579 939 2633 illo
994 2580 1226 2645 afflicti;
1261 2580 1347 2633 vel
1380 2578 1504 2643 filii,
1548 2594 1793 2648 quorum
1834 2594 1941 2648 pa-

244 2672 361 2721 tres
390 2668 697 2721 interfecit.

316 2758 404 2809 Ea:
431 2770 535 2823 quo
562 2755 827 2809 dormisti.
862 2755 1006 2819 Quia
1042 2755 1189 2808 victo
1234 2754 1365 2808 forti
1410 2758 1463 2809 et
1492 2754 1727 2825 direptis
1770 2754 1939 2819 vasis,

241 2845 369 2913 ejus
408 2845 679 2897 satellites
736 2848 1097 2909 corruerunt,
1156 2844 1345 2897 unde:
1378 2846 1454 2898 Ite
1490 2845 1548 2896 in
1579 2845 1755 2909 ignem
1784 2850 1937 2896 eter-

239 2948 393 2997 num,
427 2936 523 3000 qui
545 2936 775 3001 paratus
827 2938 905 2986 est
943 2932 1175 2994 diabolo,
1212 2937 1263 2987 et
1292 2934 1499 2998 angelis
1542 2932 1658 3002 ejus
1712 2932 1940 3001 (Matth.
1978 2930 2017 2983 C

242 3024 395 3088 XXV).
428 3021 571 3073 Nota
601 3019 802 3073 mortis
836 3036 988 3073 mors
1018 3018 1288 3074 dormitio
1312 3020 1538 3073 dicitur.

320 3107 428 3175 Qui
474 3109 735 3163 succidat.
792 3109 947 3162 Unde
988 3108 1277 3179 psalmus:
1310 3109 1535 3178 Operuit
1585 3113 1786 3163 montes
1817 3125 1943 3162 um—

252 3200 351 3251 bra
394 3199 532 3266 ejus,
584 3203 633 3250 et
679 3198 903 3251 arbusta
948 3198 1065 3265 ejus
1120 3198 1303 3251 cedros
1365 3198 1465 3250 Dei
1513 3197 1679 3263 (Psat.
1733 3199 1940 3261 Lxxix.)

254 3290 363 3341 Has
415 3286 725 3356 aliquando
768 3290 1065 3355 peccantes
1118 3286 1291 3339 tradit
1341 3278 1621 3339 Dominus
1660 3285 1941 3355 supplicio

250 3374 661 3428 conterendas:
695 3374 846 3427 unde
899 3374 1145 3427 dicitur:
1198 3374 1438 3430 Conteret
1471 3374 1733 3428 Dominus
1762 3374 1944 3427 cedros

250 3464 456 3516 Libani
480 3464 656 3527 (Psat.
691 3478 886 3515 xxvui.

326 3552 485 3605 Vens.
547 3554 596 3603 9.
661 3582 729 3590 —
786 3552 1062 3617 Infernus.
1115 3549 1468 3604 Hahitatores
1524 3551 1605 3603 vel
1659 3550 1946 3621 principes

252 3640 377 3708 ejus
429 3639 637 3693 inferni
670 3640 864 3693 subter
909 3644 985 3692 te.
1013 3638 1126 3692 Sub
1183 3642 1335 3691 terra
1366 3640 1519 3692 enim
1552 3644 1636 3693 est
1669 3640 1943 3702 infernus,

251 3728 313 3780 in
342 3744 455 3797 quo
485 3727 638 3779 visus
688 3733 773 3780 est
820 3726 973 3780 dives
998 3726 1091 3779 ille
1138 3744 1170 3779 a
1200 3726 1427 3788 Lazaro,
1482 3728 1637 3780 unde
1673 3728 1947 3781 Dominus

254 3815 476 3867 vinctos
508 3832 639 3868 suos
671 3814 838 3880 eruit,
866 3814 1117 3867 vinctum
1141 3813 1437 3867 diabolum
1459 3814 1693 3867 dimisit.

327 3904 515 3957 Omnes
560 3905 855 3971 principes.
903 3901 1014 3954 Etsi
1069 3903 1189 3955 tunc
1239 3902 1383 3954 facta
1413 3917 1527 3954 non
1568 3905 1721 3968 sunt,
1754 3905 1945 3954 tamen

252 3992 381 4045 tieri
417 3996 745 4061 potuerunt.
781 3991 1057 4044 Solatium
1090 3992 1176 4043 est
1229 3990 1515 4043 malorum
1545 3988 1808 4043 inimicos
1847 3989 1945 4042 ha-

252 4082 388 4134 bere
419 4080 594 4133 socios
630 4095 950 4149 poenarum.

329 4169 487 4222 Vens.
543 4170 625 4221 10.
687 4198 753 4206 -
813 4168 1141 4221 Vulneratus
1207 4181 1279 4220 es.
1338 4166 1446 4230 Qui
1502 4165 1845 4219 immortalis
1893 4170 1949 4219 et

254 4259 404 4311 Deus
450 4256 749 4309 videbaris.
801 4256 913 4308 Nos
959 4271 1064 4324 pro
1095 4254 1485 4308 imbecillitate
1534 4270 1805 4307 sensuum
1843 4270 1947 4324 pu-

250 4346 516 4400 tabamus
552 4361 668 4398 non
716 4360 883 4414 posse
914 4344 1176 4397 resistere
1229 4343 1501 4413 potentiae
1536 4342 1656 4413 Dei,
1688 4348 1743 4397 et
1774 4348 1826 4397 te
1858 4360 1948 4396 so-

253 4436 372 4488 lum
405 4434 463 4486 in
486 4432 786 4485 altitudine
816 4436 914 4484 tua
953 4447 1310 4501 permanere.

328 4523 492 4575 Vens.
535 4524 618 4574 11.
660 4552 727 4561 -
761 4521 975 4575 Subter.
1011 4520 1137 4589 (In)
1193 4520 1433 4575 Putredo
1485 4519 1637 4573 tinea
1669 4524 1725 4573 et
1753 4520 1949 4590 operi-

253 4615 513 4664 mentum
545 4608 848 4670 vermium,
899 4612 1027 4673 etc.,
1077 4623 1246 4677 usque
1290 4608 1365 4661 ad
1394 4607 1491 4678 qui
1525 4607 1750 4662 dicebat
1795 4608 1950 4662 Chri-

253 4703 341 4751 sto
384 4700 549 4752 :Haec
592 4699 772 4751 omnia
821 4696 923 4749 tibi
973 4696 1131 4761 dabo,
1160 4699 1210 4751 si
1257 4697 1451 4751 cadens
1506 4697 1822 4751 adoraveris
1869 4714 1950 4751 me

252 4788 473 4855 (Matth.
519 4786 611 4851 iv).

326 4876 490 4929 Vens.
563 4878 643 4928 12.
696 4905 762 4914 -—
817 4874 922 4939 Qui
948 4890 1104 4927 mane
1133 4873 1414 4926 oriebaris.
1463 4872 1669 4942 (illam)
1708 4872 1773 4926 Hi
1818 4877 1949 4926 sunt

254 4963 380 5017 falsi
409 4962 671 5032 apostoli,
705 4967 834 5026 etc.,
886 4977 1055 5030 usque
1108 4960 1183 5014 ad
1229 4964 1286 5013 et
1314 4960 1373 5013 in
1400 4960 1682 5030 lateribus
1721 4959 1944 5030 aquilo-

255 5051 367 5115 nis,
390 5051 448 5103 in
483 5050 720 5119 frigidis.

334 5139 496 5192 Vens.
531 5141 613 5191 13.
648 5167 716 5177 -
741 5139 803 5191 In
854 5137 1038 5190 emtum
1084 5135 1452 5189 conscendam.
1497 5134 1623 5205 (10.)
1655 5135 1718 5187 In
1750 5133 1943 5187 firma-

252 5231 453 5280 mento
480 5232 621 5285 erat.
662 5226 721 5278 in
748 5226 955 5279 coelum
987 5224 1083 5277 ubi
1114 5229 1199 5276 est
1248 5223 1475 5277 Domini
1524 5222 1729 5275 solium
1758 5221 1945 5290 cupie-

249 5315 354 5369 bat
407 5315 729 5368 ascendere.
785 5314 913 5367 Haec
952 5313 1143 5366 omnia
1196 5311 1262 5364 ad
1297 5311 1593 5365 haereticos
1622 5316 1756 5363 sunt
1803 5310 1943 5363 refe-

249 5402 450 5466 renda,
511 5402 607 5473 qui
666 5417 798 5456 cum
857 5401 1125 5455 deorsum
1183 5399 1295 5455 sint
1327 5413 1457 5455 cum
1511 5396 1769 5470 principe
1817 5413 1943 5459 suo,

245 5492 469 5563 jactant
501 5508 556 5545 se
589 5490 834 5545 excelsos
855 5505 997 5547 esse.

1372 250 1620 306 GLOSSA
1660 250 2078 307 ORDINARIA.
2120 280 2191 291 —
2233 252 2357 305 LIB.
2400 250 2623 306 ISAIA‘I.

323 375 591 428 Vsns.22.
639 403 701 414 -οη
760 373 926 426 Ululae
964 373 1022 425 in
1068 371 1295 428 sedibus.
1355 372 1758 441 Magnitudinis
1814 389 1944 426 cor-
1975 377 2021 427 Α

3631 257 3765 310 1254

2132 374 2192 427 ιη
2245 374 2505 427 lateribus
2536 373 2834 441 aquilonis.
2871 374 3063 428 Unde:
3124 375 3211 428 Ab
3269 374 3533 444 aquilone
3592 392 3763 429 exar-

2060 461 2297 515 descunt
2329 461 2495 523 mala,
2532 466 2589 514 et
2614 461 2977 514 succenditur
2998 462 3109 514 olla
3155 463 3436 516 Jeremiee.
3472 464 3547 516 De
3595 480 3713 534 quo
3744 481 3756 518 ε

2062 551 2256 603 Dicam
2281 551 2549 618 aquiloni,
2569 551 2677 602 Da:
2718 549 2776 602 id
2808 554 2911 613 est,
2947 550 3121 603 redde
3148 551 3429 620 captivos.

2130 638 2388 692 Nubium.
2420 638 2477 691 Id
2508 642 2594 691 est
2643 637 3077 706 prophetarum,
3110 638 3180 691 de
3202 638 3444 708 quibus:
3483 640 3761 694 Mandabo

2058 726 2290 779 nubibus
2350 728 2481 779 meis
2527 741 2593 778 ne
2643 727 2837 794 pluant
2894 741 3062 794 super
3118 742 3235 779 eam
3286 726 3512 780 imbrem
3589 727 3758 797 (Psat.

2058 813 2241 884 xxxv).
2280 816 2349 868 Et
2404 817 2603 867 veritas
2636 819 2730 867 tua
2782 829 2949 883 usque
2987 814 3060 867 ad
3106 815 3292 867 nubes.
3354 814 3527 868 Judas
3575 817 3757 870 nubes

2058 902 2167 955 fuit
2234 917 2363 956 cum
2418 902 2545 955 aliis
2600 904 2889 972 apostolis,
2948 903 3042 956 sed
3106 902 3241 955 vitio
3308 919 3412 955 suo
3460 902 3750 957 diabolum

2057 1005 2418 1044 ascensorem
2439 991 2707 1060 suscepit.

2130 1096 2291 1151 Vens.
2343 1099 2425 1152 15.
2463 1126 2536 1138 —
2577 1098 2952 1151 Verumtamen
2992 1096 3066 1149 ad
3111 1098 3388 1162 infernum
3418 1096 3754 1153 detraheris.

2058 1184 2165 1249 Qui
2197 1200 2299 1254 per
2320 1185 2558 1239 virtutes
2588 1185 2823 1255 potuisti
2873 1186 3197 1249 ascendere,
3252 1201 3356 1256 per
3398 1185 3535 1238 vitia
3564 1186 3754 1239 cades.

2057 1272 2247 1326 Sancti
2279 1272 2490 1327 habent
2538 1290 2754 1343 pennas
2810 1275 3092 1327 columbae
3123 1278 3180 1327 et
3207 1274 3416 1344 aquilas
3472 1279 3537 1327 ut
3563 1276 3761 1328 volent

2058 1365 2113 1415 et
2142 1362 2533 1431 requiescant:
2594 1362 2759 1432 impii
2790 1364 2951 1433 quasi
2993 1363 3295 1432 plumbum
3327 1366 3669 1431 merguntur
3698 1365 3757 1415 in

2058 1450 2215 1515 aquis
2256 1448 2669 1514 vehementibus,
2703 1454 2753 1503 et
2799 1449 3127 1503 descendunt
3146 1451 3202 1502 in
3232 1448 3568 1518 profundum
3598 1452 3759 1516 quasi

2057 1538 2200 1605 lapis
2256 1537 2435 1605 (Zach.
2502 1538 2570 1606 v).
2651 1538 2926 1609 Iniquitas
3000 1539 3161 1592 sedet
3228 1553 3400 1607 super
3465 1536 3744 1590 talentum

2058 1625 2300 1694 plumbi.

2118 1714 2449 1768 Detraheris.
2523 1713 2737 1767 Invitus
2792 1714 3074 1777 Christus;
3148 1713 3439 1767 descendit
3489 1713 3756 1768 volunta-

2054 1816 2193 1854 I‘llIS.

2128 1888 2491 1954 Profundum.
2575 1887 2658 1941 Ad
2742 1887 2969 1941 intimas
3045 1892 3101 1940 et
3180 1886 3455 1957 pessimas
3534 1904 3753 1956 poenas.

2053 1974 2275 2038 Quanto
2309 1976 2462 2029 enim
2496 1976 2707 2045 gradus
2738 1976 2927 2040 altior,
2962 1962 3119 2028 tanto
3142 1991 3302 2028 casus
3333 1975 3578 2044 gravior.

2122 2065 2272 2117 Laci.
2309 2064 2371 2118 Id
2427 2070 2532 2129 est,
2565 2063 2799 2128 inferni,
2830 2069 2965 2130 etc.,
3010 2078 3179 2131 usque
3210 2063 3284 2115 ad
3337 2063 3431 2116 sed
3467 2079 3569 2133 per
3602 2069 3759 2134 tepo-

2054 2167 2174 2205 rem
2206 2157 2261 2205 et
2289 2151 2712 2206 simulationem
2736 2151 2868 2205 fidei
2898 2168 2931 2204 a
2967 2152 3207 2205 Domino
3238 2151 3596 2221 rejiciuntur.

2125 2249 2299 2304 Vens.
2343 2251 2425 2303 16.
2473 2279 2540 2288 —-
2579 2251 2677 2303 Est
2705 2250 2813 2301 vir.
2848 2249 2976 2317 (ln.)
3012 2248 3132 2301 Non
3187 2249 3378 2313 Deus;
3410 2248 3597 2302 unde:
3640 2250 3756 2302 Ini-

2049 2338 2220 2390 micus
2251 2338 2403 2391 homo
2433 2338 2885 2407 superseminavit
2914 2337 3188 2389 zizaniam
3222 2336 3451 2404 (Matth.
3488 2340 3636 2403 xm).

2125 2434 2290 2489 Vens.
2338 2439 2419 2489 i7.
2452 2466 2520 2474 —-
2552 2435 2733 2489 Urbes.
2766 2432 2891 2503 (1ο.)
2946 2432 3237 2497 Ecclesias,
3271 2436 3336 2486 ut
3379 2433 3589 2485 faceret
3617 2449 3749 2503 syn-

2049 2537 2265 2591 agogas
2333 2522 2565 2587 diaboli,
2637 2527 2693 2575 et
2769 2521 3038 2575 haeretica
3112 2519 3389 2590 pravitate
3472 2520 3758 2590 pollueret

2051 2609 2392 2663 munditiam
2426 2609 2615 2663 fidei.‘

2128 2708 2337 2760 Vinctis
2366 2706 2482 2774 ejus
2506 2722 2631 2759 non.
2674 2705 2823 2769 Quos
2874 2705 3100 2758 solvunt
3128 2704 3390 2775 apostoli.
3426 2703 3744 2757 imitatores

2051 2793 2334 2863 magistri,
2392 2798 2524 2857 etc.,
2556 2808 2726 2863 usque
2754 2793 2828 2845 ad
2860 2791 2957 2846 sed
2990 2792 3049 2846 in
3096 2792 3344 2846 tenebris
3394 2792 3749 2857 recludebat,

2056 2886 2120 2934 ut
2152 2898 2254 2935 nec
2286 2881 2719 2935 Evilmerodacli
2759 2880 2878 2934 filio
2902 2896 3006 2933 suo
3036 2881 3301 2950 aperiret.

2128 2989 2289 3041 Vens.
2358 2990 2436 3042 l8.
2469 3018 2537 3025 —
2589 2988 2779 3042 Omnes
2828 3001 2997 3053 reges.
3052 2988 3169 3055 (1υ.)
3234 2987 3416 3056 Reges
3471 2987 3753 3057 gentium,

2050 3080 2182 3140 etc.,
2232 3089 2399 3143 usque
2468 3075 2543 3127 ad
2618 3090 2720 3128 nec
2786 3074 2844 3127 in
2914 3080 3097 3128 morte
3165 3074 3405 3145 quiescit
3443 3092 3476 3128 a
3530 3076 3755 3129 crucia-

2052 3162 2229 3216 tibus.

2124 3249 2285 3302 Vens.
2347 3252 2430 3304 19.
2488 3279 2554 3289 -
2612 3251 2689 3302 Tu
2744 3253 2941 3303 autem.
2978 3248 3213 3302 Videtur
3256 3248 3466 3303 fabulas
3505 3264 3747 3302 consen-

2048 3336 2174 3404 tire,
2199 3343 2329 3406 etc.,
2360 3353 2527 3405 usque
2553 3338 2627 3391 art
2660 3338 2948 3391 reviviscet
2978 3342 3140 3406 pater
3160 3342 3311 3391 tuus.

2125 3428 2298 3491 Quasi
2342 3426 2592 3480 cadaver.
2627 3426 2752 3493 (Ιο.)
2809 3424 3168 3479 Multitudine
3223 3429 3588 3495 peccatorum
3644 3441 3754 3494 pu-

2054 3519 2303 3568 truerunt
2371 3520 2422 3567 et
2495 3520 2762 3583 corruptae
2833 3518 2959 3568 sunt
3034 3516 3309 3568 cicatrices
3388 3529 3513 3568 meae
3570 3514 3753 3583 (Psat.

2053 3606 2278 3668 xxxvii).
2317 3604 2503 3657 Virtus
2535 3603 2720 3657 suavis
2746 3602 2936 3656 odoris
2959 3607 3063 3657 est.

2126 3708 2285 3760 Vens.
2320 3709 2405 3759 20.
2470 3736 2535 3747 -
2594 3709 2951 3761 Consortium.
3003 3707 3230 3761 Scilicet
3276 3707 3607 3777 sepulturae.
3663 3706 3757 3760 Al-

2053 3799 2174 3848 tera
2230 3799 2315 3847 est
2371 3793 2525 3848 enim
2576 3810 2744 3863 paena
2800 3794 3065 3859 auctoris,
3124 3795 3301 3848 altera
3355 3794 3478 3863 ejus
3517 3794 3617 3863 qui
3679 3794 3750 3847 ab

2056 3882 2391 3935 auctoritate
2448 3882 2819 3952 compulsus:
2872 3882 2969 3935 Hic
2996 3885 3082 3934 est
3136 3882 3361 3951 gladius
3392 3898 3506 3951 quo
3553 3881 3758 3935 vulne-

2056 3970 2164 4021 rati
2187 3975 2319 4023 sunt
2350 3970 2607 4039 plurimi,
2641 3976 2697 4022 et
2727 3968 3032 4022 interfecti.

2133 4062 2220 4112 Tu
2266 4058 2406 4112 enim
2463 4064 2680 4112 terram.
2718 4058 2924 4121 Quasi:
2956 4058 3015 4111 In
3066 4056 3333 4128 superbia
3362 4066 3463 4111 tua
3512 4072 3753 4126 regnum

2061 4145 2457 4199 Chaldaaorum
2505 4145 2856 4199 destructum
2901 4150 3007 4211 est,
3040 4144 3196 4216 quod
3222 4144 3406 4199 adhuc
3431 4144 3757 4212 mansisset,

2066 4234 2176 4287 nisi
2207 4234 2475 4304 superbia
2510 4236 2606 4286 tua
2626 4249 2740 4286 non
2767 4232 2984 4288 fuisset.

2135 4323 2413 4390 Populum.
2472 4321 2651 4385 Quem
2700 4321 2804 4375 tibi
2856 4322 3002 4375 Deus
3060 4320 3425 4376 commiserat
3467 4320 3756 4391 corrigen-

2060 4409 2197 4463 dum
2229 4415 2285 4463 et
2314 4408 2653 4478 regendum.

2132 4496 2407 4551 Occidisti.
2443 4498 2566 4550 Non
2597 4498 2710 4551 Deo
2758 4513 3053 4552 reservans
3103 4498 3277 4565 vivos,
3302 4497 3397 4552 sed
3431 4512 3614 4567 poenae
3641 4502 3753 4549 tum

2061 4601 2391 4655 praeparans
2425 4586 2627 4639 socios.

2134 4675 2250 4728 Non
2298 4673 2597 4727 vocabitur.
2650 4674 2781 4728 Ideo
2824 4689 2940 4727 non
2970 4674 3282 4740 vocabitur,
3334 4674 3396 4728 in
3448 4679 3752 4743 aeternum,

2063 4767 2192 4826 etc.,
2226 4777 2393 4829 usque
2421 4761 2496 4815 ad
2527 4762 2711 4815 deleta
2769 4765 2853 4815 est
2904 4763 3092 4816 omnis
3146 4763 3473 4834 progenies,
3520 4779 3623 4833 pro
3656 4780 3754 4816 su-

2063 4850 2261 4921 perbia
2289 4856 2346 4904 et
2372 4849 2667 4920 impietate
2689 4849 2886 4919 patris.

2133 4958 2293 5011 Vens.
2346 4960 2436 5011 2i.
2496 4987 2564 4996 —
2606 4958 2926 5025 Iniquitate:
2987 4957 3109 5026 (10.)
3169 4959 3313 5012 LXX.
3374 4959 3481 5012 Pro
3537 4957 3752 5028 iniqui-

2061 5051 2175 5100 tate
2206 5045 2384 5115 patris
2413 5045 2523 5099 tui.
2561 5045 2723 5109 Quod
2751 5046 2985 5115 quidam
3026 5062 3139 5099 non
3192 5046 3598 5114 intelligentes,
3632 5046 3757 5099 dra-

2060 5150 2281 5199 conem,
2315 5134 2415 5205 qui
2446 5139 2645 5204 regnat
2674 5134 2733 5187 in
2787 5133 2953 5201 mari,
3005 5150 3177 5204 quem
3224 5134 3530 5189 Leviathan
3561 5134 3755 5204 appel-

2059 5222 2198 5287 lant,
2232 5222 2452 5275 Hebraei
2482 5224 2679 5275 volunt
2711 5238 2835 5275 esse
2884 5226 3105 5292 patrem
3141 5222 3389 5288 diaboli;
3437 5221 3749 5274 secundum

2059 5311 2232 5365 illud:
2284 5311 2428 5375 Quia
2476 5310 2710 5363 mendas:
2765 5316 2844 5364 est
2898 5316 2949 5364 et
3002 5315 3161 5379 pater
3212 5312 3328 5380 ejus
3373 5312 3552 5379 (Joan.
3611 5313 3751 5379 VIII),

2060 5398 2209 5469 quod
2243 5398 2392 5451 male
2424 5397 2795 5469 intelligendo
2819 5398 3146 5468 depravaut.

2132 5487 2291 5541 Vens.
2319 5489 2406 5540 ‘23.
2444 5518 2505 5527 —
2542 5490 2603 5542 Et
2646 5503 2864 5557 ponam.
2904 5487 3049 5541 Nihil
3108 5492 3194 5541 est
3241 5487 3298 5541 in
3330 5504 3393 5540 ea
3446 5487 3549 5542 nisi
3584 5504 3753 5542 vena-
