4018 6176
376 245 510 297 1255

370 369 450 421 tio
498 367 674 436 regia,
729 370 785 418 et
831 364 1124 418 coctilibus
1178 364 1356 418 muris
1403 369 1534 433 post
1579 378 1758 416 annos
1791 361 2070 433 plurimos
2101 365 2141 414 A

371 454 596 508 refectis
636 453 871 505 inclusa.

443 545 502 597 In
534 542 914 610 possessionem
943 541 1115 593 ericii.
1152 539 1391 592 Mundus
1419 554 1651 609 quoque
1698 538 1769 593 ab
1799 538 1972 593 ericio
2011 543 2070 591 et

371 630 676 702 paludibus
694 628 1012 699 possidetur
1053 627 1242 692 modo,
1277 627 1330 680 id
1358 633 1461 689 est,
1499 627 1568 680 ab
1616 626 1927 680 immundis
1957 627 2068 696 spi-

374 718 614 783 ritibus;
647 717 743 770 sed
776 715 833 769 in
862 717 976 769 ﬁne
1006 716 1209 769 mundi
1258 717 1534 786 scopabit,
1567 716 1619 770 id
1653 720 1754 782 est,
1800 715 2070 786 purgabit

372 822 504 860 eum
538 805 812 858 Dominus
845 805 979 871 igne
1003 805 1364 874 purgatorio.

442 895 602 946 Vnus.
655 893 743 946 24.
777 923 845 931 -
891 892 1113 946 Juravit
1160 896 1439 947 Dominus.
1499 894 1798 962 [lucusque
1853 891 1924 946 de
1957 893 2067 944 Ba-

374 981 579 1049 bylone
627 985 685 1034 et
739 980 992 1049 regibus,
1027 986 1158 1043 etc.,
1191 995 1360 1050 usque
1400 980 1475 1033 ad
1531 985 1589 1034 et
1653 981 1761 1034 hoc
1809 979 1869 1034 in
1913 984 2068 1033 terra

366 1067 510 1121 Juda
567 1073 620 1121 et
677 1068 737 1121 in
793 1069 1084 1122 montibus
1146 1069 1290 1137 ejus,
1362 1068 1509 1122 sicut
1585 1067 1860 1122 Dominus
1911 1083 2067 1137 pra:-

371 1154 614 1210 dixerat.

444 1244 611 1298 Vsus.
644 1247 732 1298 25.
757 1274 826 1284 ——-
853 1245 914 1298 In
963 1245 1252 1298 montibus.
1301 1245 1443 1298 Nota
1470 1245 1896 1316 proprietatem,
1933 1247 2064 1314 etc.,

371 1346 541 1400 usque
560 1332 634 1386 ad
663 1333 761 1386 sed
801 1337 857 1387 et
887 1349 984 1386 eos
1015 1333 1113 1402 qui
1147 1333 1447 1386 virtutibus
1478 1334 1860 1403 profecerunt.

445 1421 624 1474 Vens.
667 1423 756 1474 26.
792 1451 858 1460 —
909 1421 1034 1475 Hoc
1076 1423 1377 1485 consilium,
1411 1421 1464 1475 id
1511 1427 1616 1486 est,
1648 1421 1940 1476 auferatur
1964 1421 2066 1491 ju-

369 1524 505 1578 gum
539 1510 682 1578 ejus,
734 1514 862 1573 etc.,
897 1525 1066 1577 usque
1120 1510 1194 1563 ad
1250 1511 1596 1580 generaliter
1617 1511 1684 1564 ad
1719 1509 1917 1563 orbem
1948 1515 2065 1563 ter-

371 1612 565 1650 rarum
598 1597 904 1665 pertinere.

445 1685 605 1738 Vens.
638 1687 725 1739 28.
757 1713 829 1726 -
856 1687 917 1740 In
946 1701 1086 1740 anno
1117 1701 1220 1754 quo
1248 1691 1508 1739 mortuus.
1542 1687 1586 1739 A
1631 1685 1912 1756 principio
1938 1685 2062 1739 libri

372 1772 672 1843 hucusque
699 1773 804 1827 sub
844 1774 1000 1839 Ozia,
1044 1774 1331 1840 Joatham,
1376 1776 1578 1837 Acbaz,
1615 1773 1956 1827 vaticinatus
1982 1778 2068 1832 est

374 1861 562 1928 Isaias,
590 1878 770 1932 usque
809 1862 876 1916 ad
906 1863 1078 1916 tinem
1113 1863 1216 1916 sub
1251 1863 1484 1917 Ezechia
1521 1862 1796 1932 praedicta
1825 1866 1882 1916 et
1930 1878 2062 1933 par-

372 1949 476 2004 tim
503 1952 804 2020 completa.

443 2041 644 2093 Achaz.
692 2038 815 2102 Quo
890 2038 1135 2102 vivente,
1194 2042 1471 2108 regnante
1527 2037 1587 2091 in
1634 2037 2060 2108 peccatoribus:

372 2141 477 2179 nec
503 2126 725 2194 pondus
756 2131 951 2180 contra
979 2127 1350 2196 alienigenas,
1407 2141 1511 2180 nec
1539 2141 1728 2180 sermo
1762 2126 1861 2180 Dei
1890 2126 2068 2196 (juxta

372 2212 766 2284 Septuaginta)
797 2215 920 2268 fieri
941 2221 1162 2285 poterat
1191 2216 1256 2268 ad
1290 2214 1649 2285 Prophetam.

441 2303 602 2357 Vsus.
653 2305 740 2356 29.
800 2332 869 2344 —
919 2305 994 2358 Ne
1037 2304 1250 2358 laeteris.
1311 2303 1462 2372 Rege
1541 2307 1786 2368 mortuo,
1850 2301 2067 2355 inimici

369 2383 653 2452 laetantur,
713 2386 873 2455 quasi
932 2386 1142 2458 aliquid
1201 2386 1344 2440 lucri
1391 2387 1593 2440 facturi
1651 2386 1812 2439 novis
1857 2387 2060 2440 rebus:

368 2475 502 2529 hinc
552 2474 882 2540 Pbilistbaei,
943 2491 1088 2546 quos
1130 2474 1314 2528 Achaz
1371 2474 1577 2528 afﬂixit
1627 2475 1696 2528 de
1729 2479 1910 2527 morte
1941 2475 2064 2544 ejus

367 2553 638 2618 laetantur
662 2567 717 2615 et
761 2563 968 2616 ludatis
1019 2563 1314 2628 insultant,
1369 2563 1503 2634 quia
1534 2569 1756 2616 maturo
1777 2578 1910 2632 rege
1941 2578 2066 2633 per-

369 2646 514 2716 dito,
571 2646 900 2715 subjaceant
955 2647 1077 2716 ejus
1115 2646 1253 2715 tilio,
1299 2663 1411 2718 quo
1442 2651 1738 2716 regnante,
1771 2663 1829 2700 se
1859 2651 2064 2718 putant

367 2734 510 2788 tines
533 2748 732 2787 eorum
769 2748 932 2803 posse
971 2733 1258 2788 invadere.

445 2823 616 2888 Virga
666 2823 1018 2890 percussoris.
1067 2820 1276 2890 (lima)
1319 2821 1550 2892 Abjecto
1603 2821 1746 2892 jugo
1780 2821 1899 2888 Dei,
1931 2827 2060 2888 etc.,

1021 241 1410 295 WALAFRIDI
1455 239 1701 296 STRABI
1749 239 1942 294 FULD.
1987 239 2148 293 MON.
2185 237 2342 293 O'PP.
2388 240 2560 294 PARS
2599 239 2638 292 l.
2680 267 2747 275 —-
2787 237 3246 294 THEOLOGICA.

3750 242 3888 294 1256

2254 365 2356 431 Ar,
2394 363 2446 416 id
2481 367 2563 415 est
2592 361 2970 428 adversarius,
3004 367 3133 427 etc.,
3178 377 3346 432 usque
3383 362 3458 415 ad
3500 368 3628 434 post
3657 382 3687 416 a
3721 363 3888 418 Chal-

2177 451 2316 504 dans
2347 451 2544 504 vastati
2580 455 2734 504 sunt.

2251 542 2418 595 Vaas.
2449 544 2507 595 2.
2573 571 2642 582 —
2673 541 2933 596 Ascendit
2980 541 3190 596 domus.
3247 541 3328 595 Ad
3356 543 3604 606 excelsa,
3639 543 3697 596 in
3754 543 3880 612 qui-

2178 629 2283 683 bus
2329 629 2708 698 superbierat,
2767 635 2834 682 ut
2882 645 3001 683 non
3045 629 3324 694 immolet,
3381 630 3476 684 sed
3526 635 3592 683 ut
3648 631 3886 700 plangat

2179 718 2273 771 ubi
2306 722 2652 788 peccaverat.

2252 807 2447 861 Dibon.
2509 807 2637 873 (10.)
2669 807 2875 860 Fluxus
2904 821 3105 858 eorum
3132 822 3146 859 :
3191 805 3546 859 Mendacium
3597 807 3806 861 transit
3834 815 3883 861 et

2178 892 2325 958 fluit,
2378 897 2435 946 et
2463 908 2759 962 nunquam
2788 891 2846 944 in
2899 891 3098 944 eodem
3140 895 3287 944 statu
3319 899 3666 960 permanet;
3693 909 3878 946 sermo

2177 987 2364 1034 autem
2455 979 2678 1035 Domini
2736 984 2820 1032 est
2889 983 3221 1050 compactus
3290 985 3347 1032 et
3403 979 3646 1034 stabilis.
3727 981 3879 1034 Unde

2177 1085 2388 1123 manna
2422 1069 2646 1124 videtur
2699 1069 2865 1140 quasi
2923 1069 3158 1138 glacies:
3218 1085 3337 1122 non
3378 1069 3524 1137 ﬂuit,
3575 1069 3682 1124 sed
3744 1087 3877 1123 con-

2177 1157 2338 1210 sistit.

2247 1247 2429 1314 Super
2457 1244 2623 1299 Nabo.
2679 1243 2801 1313 (ln.)
2846 1243 2990 1307 Quia
3033 1248 3088 1296 ct
3116 1242 3304 1296 omnis
3336 1243 3660 1313 prophetiae
3714 1245 3880 1314 hujus

2176 1348 2326 1385 unus
2356 1338 2440 1386 est
2497 1348 2717 1397 sensus,
2777 1336 3099 1400 etc.,usque
3137 1331 3212 1384 ad
3240 1347 3368 1384 cum
3427 1332 3622 1386 anima
3678 1350 3876 1387 eorum

2179 1419 2476 1472 ululaverit
2509 1419 2636 1471 sibi.

2250 1507 2408 1559 Vsus.
2460 1509 2512 1559 3.
2550 1535 2619 1544 --
2672 1506 2855 1560 Omnis
2901 1507 3160 1560 ululatus.
3211 1504 3336 1558 Alia
3395 1505 3623 1560 littera:
3683 1507 3880 1562 Omnis

2179 1593 2376 1660 ululat,
2434 1593 2592 1646 Moab
2649 1593 2879 1660 scilicet,
2946 1599 3004 1646 et
3055 1593 3134 1646 sic
3187 1592 3492 1646 descendet
3538 1593 3598 1647 in
3656 1596 3874 1664 ﬂetum.

2175 1679 2380 1742 Quasi:
2430 1681 2696 1735 Ascendit
2741 1681 2809 1736 ad
2865 1681 3103 1744 excelsa,
3165 1686 3231 1734 ut
3277 1688 3406 1735 ante
3458 1682 3614 1736 idola
3659 1684 3871 1752 ploret.

2173 1768 2278 1824 Sed
2297 1785 2426 1823 cum
2453 1769 2531 1824 ibi
2563 1771 2785 1824 nullum
2829 1770 3104 1823 auxilium
3138 1770 3435 1840 reperiret,
3469 1771 3774 1826 descendit
3795 1777 3879 1826 ad-

2173 1858 2372 1912 ﬂetum
2403 1859 2463 1912 in
2491 1863 2704 1912 terram
2734 1859 2820 1912 vel
2853 1858 2913 1912 in
2941 1859 3179 1912 domum
3211 1875 3394 1913 suam.

2243 1947 2400 2000 Vens.
2430 1947 2482 2001 4.
2545 1975 2619 1988 -
2647 1947 2928 2001 Clamabit
2974 1947 3236 2002 Hesebon.
3285 1950 3329 2000 A
3381 1947 3673 2018 principio
3719 1952 3878 2019 regni

2172 2034 2326 2106 quod
2380 2040 2464 2087 est
2492 2033 2551 2087 in
2594 2036 2872 2100 Hesebon,
2905 2051 3086 2106 usque
3117 2037 3242 2089 Jasa
3273 2036 3584 2099 civitatem,
3617 2038 3718 2091 ubi
3745 2039 3878 2092 lini-

2173 2128 2287 2187 tur,
2320 2122 2532 2192 ubique
2557 2123 2793 2189 clamor,
2829 2123 3044 2193 ubique
3067 2124 3270 2177 luctus.

2245 2211 2508 2279 Empediti
2544 2211 2710 2264 Moab
2757 2211 3058 2265 ululubunt.
3092 2213 3175 2264 Ab
3208 2212 3499 2278 uxoribus,
3558 2213 3738 2268 fortes
3763 2215 3880 2268 bel-

2173 2298 2400 2352 latores.
2428 2299 2566 2352 lnde
2591 2299 2802 2352 dicitur
2827 2299 3110 2352 Abraham
3133 2302 3470 2356 vernaculos
3499 2301 3716 2355 domus
3762 2319 3878 2356 sua:

2173 2387 2410 2455 elegisse
2441 2387 2752 2457 expeditos,
2785 2386 2842 2440 id
2873 2393 2978 2454 est,
3015 2388 3136 2441 sine
3167 2391 3458 2444 uxoribus.

2246 2475 2414 2528 Vnus.
2520 2505 2588 2515 —
2610 2477 2723 2528 Ccr
2741 2491 2912 2530 meum
2932 2476 3007 2528 ad
3025 2478 3202 2531 Moab.
3238 2479 3304 2531 Ut
3325 2477 3541 2532 scilicet
3566 2494 3876 2548 provocem

2172 2578 2271 2616 eos
2307 2563 2377 2616 ad
2419 2563 2836 2631 paenitentiam,
2870 2569 3001 2629 etc.,
3033 2580 3202 2634 usque
3229 2566 3304 2619 ad
3331 2567 3485 2636 quod
3535 2567 3879 2637 interpreta-

2171 2655 2266 2704 tur
2294 2651 2370 2704 leo
2405 2652 2524 2704 Dei.

2229 2739 2326 2792 Ad
2366 2738 2550 2805 Segor.
2608 2737 2732 2809 (lo.)
2763 2738 2943 2810 Segor
2971 2745 3055 2795 est
3089 2759 3156 2796 ex
3199 2743 3454 2814 quinque
3497 2743 3748 2798 urbibus
3787 2744 3877 2796 So-

2169 2826 2496 2889 domorum,
2551 2832 2684 2893 etc.,
2715 2843 2884 2898 usque
2939 2830 3014 2883 ad
3071 2831 3116 2884 si
3146 2838 3274 2902 post
3320 2832 3728 2887 liberationem
3763 2848 3874 2886 non

365 2924 536 2978 usque
565 2909 641 2963 ad
667 2914 721 2962 et
748 2909 818 2964 de
846 2909 926 2963 eis
969 2915 1262 2980 serpentes
1298 2911 1574 2975 volantes,
1623 2911 1711 2964 vel
1745 2911 1845 2982 qui
1868 2910 2060 2964 absor—
2093 2915 2134 2971 C
2170 2919 2469 2984 peccasset.

368 2997 540 3052 beant
569 2998 844 3052 volucres.

437 3084 597 3138 Vnus.
634 3087 717 3140 3t.
749 3115 818 3125 —
851 3085 1025 3139 Ulula.
1065 3084 1189 3153 (11).)
1221 3084 1427 3149 Quasi:
1474 3085 1809 3153 Philistbtei,
1841 3087 2059 3156 plorate

362 3171 656 3226 miseriam
685 3179 950 3240 vestram,
985 3189 1113 3244 qua:
1141 3174 1297 3227 venit
1318 3190 1418 3244 per
1446 3173 1850 3228 Sennacberib.

439 3262 619 3331 Ulula,
647 3267 846 3331 porta;
879 3263 1075 3331 clama,
1101 3265 1310 3316 civitas.
1365 3261 1674 3316 Pbilistbaai
1707 3262 1937 3333 potione
1967 3278 2058 3315 ca-

359 3349 576 3415 dentes,
631 3353 761 3416 etc.,
806 3365 975 3418 usque
1025 3351 1099 3404 ad
1147 3351 1338 3404 anima
1395 3350 1560 3404 malis
1614 3350 2061 3422 cogitationibus

362 3439 580 3506 repleta
593 3478 606 3491 .

433 3523 522 3578 Ab
553 3523 803 3592 aquilone
863 3526 1003 3577 enim
1053 3525 1258 3590 fumus.
1293 3524 1804 3579 Exardescentibus
1841 3526 2058 3596 sagittis

361 3609 596 3675 diaboli,
643 3610 740 3680 qui
777 3609 981 3663 noxius
1022 3611 1200 3664 oculis
1236 3615 1292 3664 et
1343 3611 1662 3666 contrarius
1718 3612 1944 3667 lumini.
1975 3613 2058 3667 Ab

361 3697 630 3768 aquilone
657 3697 769 3751 olla
791 3699 1052 3752 Jeremiae
1075 3699 1454 3754 succenditur.

429 3788 548 3842 Non
593 3791 672 3842 est
703 3789 802 3855 qui
830 3787 1057 3855 effugiat
1085 3803 1276 3853 agmen
1307 3789 1444 3858 ejus.
1483 3789 1681 3843 Nullus
1707 3795 1918 3862 praeter
1963 3791 2055 3845 Je-

361 3874 630 3940 rusalem,
667 3879 798 3942 etc.,
854 3889 1025 3944 usque
1053 3875 1129 3929 ad
1165 3880 1222 3930 et
1249 3877 1370 3931 sola
1421 3877 1736 3932 Jerusalem
1794 3879 1866 3933 sit
1912 3881 2058 3934 libe-

357 3963 556 4017 rauda.

423 4052 584 4106 Vsus.
646 4053 730 4106 32.
787 4080 857 4092 —
895 4053 1116 4106 Nuntiis
1167 4055 1361 4120 gentis.
1395 4054 1627 4124 Angelis
1656 4055 1754 4126 qui
1804 4060 2059 4127 prmsunt

359 4138 680 4193 civitatibus
727 4144 785 4193 et
863 4140 1163 4210 gentibus:
1225 4140 1465 4212 singulis
1518 4143 1881 4207 mirantibus,
1955 4160 2056 4198 cur

357 4225 477 4278 sola
523 4224 659 4280 Sion
715 4225 1162 4280 amaritudinem
1222 4227 1365 4280 fumi
1431 4227 1708 4296 vitaverit,
1772 4230 1855 4283 vel
1919 4247 2054 4284 eva-

356 4313 511 4366 serit.

426 4400 708 4454 Fundavit
766 4402 920 4455 Sion.
982 4401 1164 4471 Super
1218 4402 1656 4459 fundamentum
1711 4406 2049 4476 prudentiae,

351 4487 618 4558 justitiai,
666 4487 1037 4558 fortitudinis,
1074 4492 1490 4562 temperantia,
1554 4510 1683 4564 qum
1714 4499 1848 4549 sunt
1891 4495 2054 4550 Chri-

359 4582 496 4630 stus.

1009 4703 1238 4759 CAPUT
1286 4705 1393 4759 XV.

431 4841 590 4896 Vsus.
623 4845 670 4897 t.
725 4872 795 4884 —
844 4845 989 4900 Onus
1041 4847 1215 4900 Moab.
1253 4848 1380 4900 llmc
1409 4852 1494 4902 est
1542 4849 1681 4903 visio
1735 4851 1893 4906 Isaias
1949 4853 2050 4907 ha-

358 4929 478 4984 bita
502 4930 572 4985 de
623 4947 819 5002 onere,
871 4933 927 4986 id
980 4939 1084 5000 est,
1124 4935 1192 4989 de
1224 4935 1610 4992 destructione
1655 4939 1832 4994 Moab.
1866 4940 2048 5007 Moab,

357 5017 512 5072 titius
551 5017 714 5085 Loth,
759 5020 921 5090 cujus
959 5023 1261 5092 progenies
1291 5029 1347 5078 et
1398 5026 1690 5094 provincia
1743 5028 1904 5082 Moab
1949 5045 2053 5082 vo-

359 5111 484 5161 cata
513 5112 636 5162 est:
660 5107 720 5162 in
746 5108 869 5180 ipsa
897 5117 984 5163 est
1037 5113 1133 5178 Ar,
1166 5128 1295 5183 qua:
1327 5129 1480 5168 nunc
1507 5114 1793 5186 Ariopolis
1840 5122 2052 5171 metro-

359 5194 526 5264 polis.

430 5281 576 5336 Onus
639 5284 817 5338 Moab.
883 5285 1085 5355 (Ηιειι.)
1131 5287 1225 5340 Est
1288 5288 1643 5345 circumcisio
1694 5293 1938 5348 carnalis
1996 5300 2052 5348 et

357 5367 688 5436 spiritualis,
721 5376 849 5439 etc.,
884 5388 1051 5441 usque
1088 5375 1162 5428 ad
1197 5375 1337 5431 Loth
1367 5394 1618 5450 quoque,
1648 5380 1892 5436 Sodoma
1919 5399 2054 5454 per-

359 5460 549 5522 eunte,
584 5457 740 5514 venit
770 5459 829 5514 in
859 5461 1060 5532 Segor,
1092 5466 1148 5516 et
1176 5468 1334 5518 ortus
1355 5471 1440 5520 est
1468 5466 1571 5521 sol.

2244 3003 2400 3055 Vens.
2436 3004 2486 3055 6.
2527 3032 2595 3041 —
2637 3005 2899 3058 Nemrim.
2947 3005 3199 3060 Nemrim
3246 3007 3523 3078 Oppidum
3566 3012 3658 3062 est
3704 3025 3875 3079 super

2167 3106 2346 3158 mare,
2379 3093 2507 3157 etc.,
2531 3105 2700 3160 usque
2719 3092 2792 3146 ad
2823 3098 2879 3146 et
2907 3093 3036 3148 ideo
3058 3101 3274 3150 arescet
3298 3093 3496 3151 herba.

2240 3179 2406 3233 Vens.
2443 3183 2499 3232 7.
2529 3208 2598 3219 —
2639 3182 2710 3234 Et
2738 3183 2982 3236 visitatio
3028 3199 3228 3238 eorum.
3278 3184 3538 3237 Visitatio
3572 3185 3634 3239 in
3678 3186 3870 3238 malo:

2175 3267 2418 3321 Visitabo
2466 3269 2524 3319 in
2566 3269 2728 3335 virga
2774 3271 3094 3337 iniquitates
3119 3287 3300 3326 eorum
3333 3272 3501 3342 (Psal.
3562 3283 3872 3337 Lxxxvmf;

2167 3354 2413 3408 visitatio
2484 3354 2544 3408 in
2602 3354 2789 3410 bono:
2859 3359 3120 3413 Visitavit
3192 3375 3289 3414 nos
3351 3363 3535 3415 oriens
3611 3378 3681 3414 ea:
3769 3363 3875 3415 alto

2167 3444 2320 3512 (Luc.
2354 3444 2413 3512 ι).

2235 3529 2334 3583 Ad
2389 3535 2676 3584 torrentem
2727 3532 2977 3586 salicum.
3066 3534 3346 3590 Hactenus
3421 3535 3493 3589 de
3540 3535 3875 3605 captivitate

2166 3617 2541 3672 Moabitarum
2591 3635 2696 3689 per
2743 3619 3027 3690 Assyrios,
3063 3623 3233 3676 modo
3288 3623 3359 3678 de
3419 3623 3518 3678 illa
3578 3639 3715 3693 qum
3778 3639 3877 3694 per

2167 3705 2488 3760 Chaldmos.

2233 3795 2390 3848 Vens.
2449 3798 2500 3848 8.
2566 3825 2632 3834 —
2684 3797 2932 3851 Ululatus
2983 3798 3119 3865 ejus.
3177 3799 3372 3866 Quasi,
3432 3799 3564 3853 ideo
3629 3801 3876 3853 ululabit

2169 3881 2344 3945 Moab,
2380 3882 2516 3953 quia
2566 3882 2665 3936 ubi
2716 3885 2876 3937 luxus
2943 3885 3123 3954 prius,
3174 3891 3231 3939 et
3283 3886 3584 3940 delectatio
3637 3895 3875 3958 propter

2165 3967 2384 4038 irrigua
2414 3975 2470 4024 et
2497 3970 2741 4024 fontium
2775 3988 3020 4039 amoena,
3055 3973 3134 4027 ibi
3181 3975 3354 4030 modo
3406 3974 3513 4028 rivi
3544 3977 3868 4046 sanguinis.

2239 4055 2422 4110 Vsus.
2452 4060 2504 4112 9.
2536 4088 2604 4096 —
2629 4059 2795 4126 Aqua
2827 4060 3015 4115 Dibon.
3080 4062 3282 4131 Dibon,
3329 4061 3649 4129 silentium,
3690 4063 3870 4117 Dibon

2167 4142 2332 4212 ﬂens,
2374 4149 2431 4198 et
2459 4149 2649 4200 tamen
2679 4162 2794 4200 una
2816 4152 2898 4201 est
2919 4147 3142 4204 civitas.

2807 4288 3030 4343 CAPUT
3073 4290 3203 4344 XVI.

2239 4424 2399 4479 Vens.
2466 4428 2514 4480 1.
2550 4428 2848 4482 —Emitte
2901 4443 3127 4494 agnum.
3184 4430 3398 4498 (Ηιειι.)
3457 4429 3677 4483 Idcirco
3737 4447 3869 4501 pro-

2161 4513 2352 4582 phetas
2382 4513 2470 4566 vix
2529 4513 2954 4586 intelliguntur,
2988 4522 3118 4583 etc.,
3151 4532 3319 4588 usque
3355 4517 3430 4570 ad
3463 4516 3561 4587 qui
3599 4517 3870 4572 domine-

2163 4604 2259 4653 tur
2275 4599 2335 4653 in
2365 4605 2484 4654 toto
2513 4603 2669 4657 orbe.

2235 4688 2398 4740 Petra
2427 4686 2645 4743 deserti.
2711 4690 2838 4755 (ιο.)
2879 4690 3029 4744 Ruth
3061 4690 3292 4758 scilicet,
3339 4691 3476 4762 quia
3525 4692 3696 4761 juxta
3731 4709 3874 4764 prae-

2163 4779 2392 4843 ceptum
2427 4774 2677 4842 Domini,
2719 4780 2848 4844 etc.,
2888 4791 3058 4845 usque
3109 4777 3184 4830 ad
3212 4778 3356 4831 sicut
3400 4778 3554 4832 enim
3608 4779 3872 4834 Christus

2165 4875 2268 4930 pro
2317 4866 2564 4932 utroque
2622 4865 2836 4934 populo
2895 4865 3067 4931 venit,
3125 4865 3206 4920 sic
3261 4865 3331 4920 de
3387 4871 3636 4937 utroque
3715 4871 3868 4923 nasci

2163 4949 2356 5002 voluit.

2232 5036 2332 5088 Ad
2377 5043 2602 5092 montem
2647 5040 2774 5108 ﬁlia
2839 5041 2981 5096 Sion.
3037 5043 3374 5108 Jerusalem,
3424 5043 3512 5097 vel
3557 5045 3765 5113 potius
3806 5047 3866 5100 ad

2164 5123 2492 5193 Ecclesiam,
2525 5143 2652 5197 quae
2683 5137 2768 5182 est
2813 5129 2873 5183 in
2903 5131 3386 5200 contemplatione
3417 5137 3702 5201 tauquam
3750 5151 3870 5204 spe~

2162 5210 2466 5266 culationis
2496 5214 2632 5268 ﬁlia.
2690 5216 2753 5270 In
2803 5217 3115 5271 Jerusalem
3147 5235 3377 5288 quoque
3427 5218 3680 5273 maxime
3730 5237 3869 5290 prec

2162 5297 2392 5367 dicavit,
2439 5300 2714 5356 miracula
2761 5303 2912 5372 fecit,
2950 5321 3151 5375 passus
3208 5312 3313 5374 est,
3344 5313 3607 5360 mortuus
3649 5316 3771 5377 est,
3820 5317 3868 5364 et

2162 5387 2491 5454 resurrexit,
2524 5393 2582 5443 et
2600 5406 2781 5460 genus
2810 5393 3130 5448 humanum
3150 5395 3416 5449 redemit.

2237 5475 2402 5529 Vnus.
2437 5477 2490 5530 2.
2551 5507 2618 5518 -—
2647 5480 2736 5534 Sic
2768 5487 2943 5535 erunt.
2997 5481 3086 5536 Sic
3118 5481 3180 5536 in
3226 5482 3613 5553 captivitatem
3652 5488 3867 5542 transi-
