  <div class='ocr_page' id='page_1' title='image "/cluster/home/n/w/nwhite01/storage/ocr_20150623/113/hvd.32044054759782/634.png"; bbox 0 0 4074 6186; ppageno 0'>
   <div class='ocr_carea' id='block_1_1' title="bbox 260 258 393 309">
    <p class='ocr_par' dir='ltr' id='par_1_1' title="bbox 260 258 393 309">
     <span class='ocr_line' id='line_1_1' title="bbox 260 258 393 309; baseline 0 0"><span class='ocrx_word' id='word_1_1' title='bbox 260 258 393 309; x_wconf 67' lang='grc'>125⁸7</span> 
     </span>
    </p>
   </div>
   <div class='ocr_carea' id='block_1_2' title="bbox 1392 262 2632 325">
    <p class='ocr_par' dir='ltr' id='par_1_2' title="bbox 1392 262 2632 325">
     <span class='ocr_line' id='line_1_2' title="bbox 1392 262 2632 325; baseline 0.006 -11"><span class='ocrx_word' id='word_1_2' title='bbox 1392 262 1647 317; x_wconf 79' lang='lat' dir='ltr'>GLOSSA</span> <span class='ocrx_word' id='word_1_3' title='bbox 1688 264 2091 322; x_wconf 77' lang='lat' dir='ltr'>ORDINARIA.</span> <span class='ocrx_word' id='word_1_4' title='bbox 2131 298 2199 308; x_wconf 90' lang='lat'>—-</span> <span class='ocrx_word' id='word_1_5' title='bbox 2238 270 2366 323; x_wconf 87' lang='lat' dir='ltr'>LIB.</span> <span class='ocrx_word' id='word_1_6' title='bbox 2411 270 2632 325; x_wconf 78' lang='grc' dir='ltr'>15ΑΙᾸΞ.</span> 
     </span>
    </p>
   </div>
   <div class='ocr_carea' id='block_1_3' title="bbox 3627 283 3760 335">
    <p class='ocr_par' dir='ltr' id='par_1_3' title="bbox 3627 283 3760 335">
     <span class='ocr_line' id='line_1_3' title="bbox 3627 283 3760 335; baseline 0.008 -1"><span class='ocrx_word' id='word_1_7' title='bbox 3627 283 3760 335; x_wconf 72' lang='grc'><strong>1258</strong></span> 
     </span>
    </p>
   </div>
   <div class='ocr_carea' id='block_1_4' title="bbox 254 373 3761 454">
    <p class='ocr_par' dir='ltr' id='par_1_4' title="bbox 254 373 3761 454">
     <span class='ocr_line' id='line_1_4' title="bbox 254 373 3761 454; baseline 0.008 -27"><span class='ocrx_word' id='word_1_8' title='bbox 254 373 399 428; x_wconf 84' lang='lat' dir='ltr'>bunt</span> <span class='ocrx_word' id='word_1_9' title='bbox 455 391 556 446; x_wconf 91' lang='lat' dir='ltr'>per</span> <span class='ocrx_word' id='word_1_10' title='bbox 598 377 793 429; x_wconf 84' lang='lat' dir='ltr'>Arnen</span> <span class='ocrx_word' id='word_1_11' title='bbox 827 392 838 430; x_wconf 92' lang='lat'>:</span> <span class='ocrx_word' id='word_1_12' title='bbox 876 376 976 448; x_wconf 86' lang='lat' dir='ltr'>qui</span> <span class='ocrx_word' id='word_1_13' title='bbox 1024 382 1108 432; x_wconf 91' lang='lat' dir='ltr'>est</span> <span class='ocrx_word' id='word_1_14' title='bbox 1156 379 1434 433; x_wconf 85' lang='lat' dir='ltr'>terminus</span> <span class='ocrx_word' id='word_1_15' title='bbox 1481 381 1852 437; x_wconf 89' lang='lat' dir='ltr'>Moabitarum</span> <span class='ocrx_word' id='word_1_16' title='bbox 1905 389 1962 440; x_wconf 89' lang='lat' dir='ltr'>et</span> <span class='ocrx_word' id='word_1_17' title='bbox 1998 388 2042 439; x_wconf 84' lang='grc' dir='ltr'><strong>Α</strong></span> <span class='ocrx_word' id='word_1_18' title='bbox 2143 389 2303 443; x_wconf 77' lang='lat' dir='ltr'>Vens.</span> <span class='ocrx_word' id='word_1_19' title='bbox 2337 391 2417 443; x_wconf 87' lang='grc'>10.</span> <span class='ocrx_word' id='word_1_20' title='bbox 2451 418 2514 429; x_wconf 91' lang='grc'><strong>-</strong></span> <span class='ocrx_word' id='word_1_21' title='bbox 2551 393 2624 444; x_wconf 83' lang='lat' dir='ltr'>De</span> <span class='ocrx_word' id='word_1_22' title='bbox 2648 392 2894 446; x_wconf 83' lang='lat' dir='ltr'>carmelo.</span> <span class='ocrx_word' id='word_1_23' title='bbox 2942 394 3233 449; x_wconf 88' lang='lat' dir='ltr'>Carmelus</span> <span class='ocrx_word' id='word_1_24' title='bbox 3272 412 3439 450; x_wconf 89' lang='lat' dir='ltr'>mons</span> <span class='ocrx_word' id='word_1_25' title='bbox 3478 404 3561 453; x_wconf 82' lang='lat' dir='ltr'>est</span> <span class='ocrx_word' id='word_1_26' title='bbox 3609 400 3761 454; x_wconf 88' lang='lat' dir='ltr'>inter</span> 
     </span>
    </p>
   </div>
   <div class='ocr_carea' id='block_1_5' title="bbox 252 463 741 517">
    <p class='ocr_par' dir='ltr' id='par_1_5' title="bbox 252 463 741 517">
     <span class='ocr_line' id='line_1_5' title="bbox 252 463 741 517; baseline 0.004 -2"><span class='ocrx_word' id='word_1_27' title='bbox 252 463 741 517; x_wconf 72' lang='lat' dir='ltr'>Amorrhmorum.</span> 
     </span>
    </p>
   </div>
   <div class='ocr_carea' id='block_1_6' title="bbox 323 552 1952 626">
    <p class='ocr_par' dir='ltr' id='par_1_6' title="bbox 323 552 1952 626">
     <span class='ocr_line' id='line_1_6' title="bbox 323 552 1952 626; baseline 0.005 -22"><span class='ocrx_word' id='word_1_28' title='bbox 323 552 535 621; x_wconf 79' lang='lat' dir='ltr'>(HIER.)</span> <span class='ocrx_word' id='word_1_29' title='bbox 562 553 1723 626; x_wconf 67' lang='lat' dir='ltr'>Arnen(quaeinterpretaturilluminatio)</span> <span class='ocrx_word' id='word_1_30' title='bbox 1754 574 1952 612; x_wconf 88' lang='lat' dir='ltr'>eorum</span> 
     </span>
    </p>
   </div>
   <div class='ocr_carea' id='block_1_7' title="bbox 253 640 1951 711">
    <p class='ocr_par' dir='ltr' id='par_1_7' title="bbox 253 640 1951 711">
     <span class='ocr_line' id='line_1_7' title="bbox 253 640 1951 711; baseline 0.005 -19"><span class='ocrx_word' id='word_1_31' title='bbox 253 640 683 711; x_wconf 85' lang='lat' dir='ltr'>qui,derclictis</span> <span class='ocrx_word' id='word_1_32' title='bbox 733 642 1043 708; x_wconf 89' lang='lat' dir='ltr'>erroribus,</span> <span class='ocrx_word' id='word_1_33' title='bbox 1091 645 1502 700; x_wconf 88' lang='lat' dir='ltr'>transcendunt</span> <span class='ocrx_word' id='word_1_34' title='bbox 1554 647 1626 700; x_wconf 89' lang='lat' dir='ltr'>ad</span> <span class='ocrx_word' id='word_1_35' title='bbox 1657 647 1951 701; x_wconf 83' lang='lat' dir='ltr'>scientiam</span> 
     </span>
    </p>
   </div>
   <div class='ocr_carea' id='block_1_8' title="bbox 250 729 521 782">
    <p class='ocr_par' dir='ltr' id='par_1_8' title="bbox 250 729 521 782">
     <span class='ocr_line' id='line_1_8' title="bbox 250 729 521 782; baseline 0.007 -2"><span class='ocrx_word' id='word_1_36' title='bbox 250 729 521 782; x_wconf 82' lang='lat' dir='ltr'>veritatis.</span> 
     </span>
    </p>
   </div>
   <div class='ocr_carea' id='block_1_9' title="bbox 322 818 1951 892">
    <p class='ocr_par' dir='ltr' id='par_1_9' title="bbox 322 818 1951 892">
     <span class='ocr_line' id='line_1_9' title="bbox 322 818 1951 892; baseline 0.005 -24"><span class='ocrx_word' id='word_1_37' title='bbox 322 818 489 870; x_wconf 75' lang='lat' dir='ltr'>Vens.</span> <span class='ocrx_word' id='word_1_38' title='bbox 525 821 574 871; x_wconf 87' lang='lat'>3.</span> <span class='ocrx_word' id='word_1_39' title='bbox 612 849 677 857; x_wconf 91' lang='lat'>—</span> <span class='ocrx_word' id='word_1_40' title='bbox 733 820 822 872; x_wconf 85' lang='lat' dir='ltr'>Ini</span> <span class='ocrx_word' id='word_1_41' title='bbox 859 819 1159 874; x_wconf 81' lang='lat' dir='ltr'>consilium.</span> <span class='ocrx_word' id='word_1_42' title='bbox 1205 821 1355 875; x_wconf 84' lang='lat' dir='ltr'>Nihil</span> <span class='ocrx_word' id='word_1_43' title='bbox 1411 838 1545 892; x_wconf 83' lang='lat' dir='ltr'>agas</span> <span class='ocrx_word' id='word_1_44' title='bbox 1593 822 1712 876; x_wconf 89' lang='lat' dir='ltr'>sine</span> <span class='ocrx_word' id='word_1_45' title='bbox 1761 822 1951 877; x_wconf 88' lang='lat' dir='ltr'>consi-</span> 
     </span>
    </p>
   </div>
   <div class='ocr_carea' id='block_1_10' title="bbox 250 904 1949 982">
    <p class='ocr_par' dir='ltr' id='par_1_10' title="bbox 250 904 1949 982">
     <span class='ocr_line' id='line_1_10' title="bbox 250 904 1949 982; baseline 0.005 -26"><span class='ocrx_word' id='word_1_46' title='bbox 250 904 348 970; x_wconf 89' lang='lat' dir='ltr'>lio,</span> <span class='ocrx_word' id='word_1_47' title='bbox 384 921 484 958; x_wconf 90' lang='lat' dir='ltr'>nec</span> <span class='ocrx_word' id='word_1_48' title='bbox 510 905 927 959; x_wconf 89' lang='lat' dir='ltr'>circumferaris</span> <span class='ocrx_word' id='word_1_49' title='bbox 960 907 1117 961; x_wconf 90' lang='lat' dir='ltr'>omni</span> <span class='ocrx_word' id='word_1_50' title='bbox 1158 914 1325 963; x_wconf 85' lang='lat' dir='ltr'>vento</span> <span class='ocrx_word' id='word_1_51' title='bbox 1381 909 1677 978; x_wconf 65' lang='lat' dir='ltr'>doctrinm,</span> <span class='ocrx_word' id='word_1_52' title='bbox 1710 926 1949 982; x_wconf 86' lang='lat' dir='ltr'>sequere</span> 
     </span>
    </p>
   </div>
   <div class='ocr_carea' id='block_1_11' title="bbox 247 994 1008 1065">
    <p class='ocr_par' dir='ltr' id='par_1_11' title="bbox 247 994 1008 1065">
     <span class='ocr_line' id='line_1_11' title="bbox 247 994 1008 1065; baseline 0.001 -19"><span class='ocrx_word' id='word_1_53' title='bbox 247 994 443 1064; x_wconf 87' lang='lat' dir='ltr'>magni</span> <span class='ocrx_word' id='word_1_54' title='bbox 475 994 693 1047; x_wconf 81' lang='lat' dir='ltr'>consilii</span> <span class='ocrx_word' id='word_1_55' title='bbox 717 996 1008 1065; x_wconf 80' lang='lat' dir='ltr'>angelum.</span> 
     </span>
    </p>
   </div>
   <div class='ocr_carea' id='block_1_12' title="bbox 320 1085 1949 1155">
    <p class='ocr_par' dir='ltr' id='par_1_12' title="bbox 320 1085 1949 1155">
     <span class='ocr_line' id='line_1_12' title="bbox 320 1085 1949 1155; baseline 0.006 -22"><span class='ocrx_word' id='word_1_56' title='bbox 320 1085 466 1151; x_wconf 81' lang='lat' dir='ltr'>Coge</span> <span class='ocrx_word' id='word_1_57' title='bbox 525 1085 827 1137; x_wconf 74' lang='lat' dir='ltr'>consilium.</span> <span class='ocrx_word' id='word_1_58' title='bbox 887 1086 961 1138; x_wconf 90' lang='lat' dir='ltr'>De</span> <span class='ocrx_word' id='word_1_59' title='bbox 1018 1085 1174 1155; x_wconf 83' lang='lat' dir='ltr'>vagis</span> <span class='ocrx_word' id='word_1_60' title='bbox 1237 1085 1452 1140; x_wconf 81' lang='lat' dir='ltr'>scilicet</span> <span class='ocrx_word' id='word_1_61' title='bbox 1518 1091 1567 1140; x_wconf 88' lang='lat' dir='ltr'>et</span> <span class='ocrx_word' id='word_1_62' title='bbox 1625 1088 1949 1142; x_wconf 83' lang='lat' dir='ltr'>errantibus</span> 
     </span>
    </p>
   </div>
   <div class='ocr_carea' id='block_1_13' title="bbox 250 1171 865 1227">
    <p class='ocr_par' dir='ltr' id='par_1_13' title="bbox 250 1171 865 1227">
     <span class='ocr_line' id='line_1_13' title="bbox 250 1171 865 1227; baseline 0.003 -3"><span class='ocrx_word' id='word_1_63' title='bbox 250 1171 554 1225; x_wconf 83' lang='lat' dir='ltr'>Ecclesiam</span> <span class='ocrx_word' id='word_1_64' title='bbox 586 1172 865 1227; x_wconf 88' lang='lat' dir='ltr'>faciendo.</span> 
     </span>
    </p>
   </div>
   <div class='ocr_carea' id='block_1_14' title="bbox 320 1261 1944 1335">
    <p class='ocr_par' dir='ltr' id='par_1_14' title="bbox 320 1261 1944 1335">
     <span class='ocr_line' id='line_1_14' title="bbox 320 1261 1944 1335; baseline 0.004 -22"><span class='ocrx_word' id='word_1_65' title='bbox 320 1261 470 1314; x_wconf 85' lang='lat' dir='ltr'>Pone</span> <span class='ocrx_word' id='word_1_66' title='bbox 500 1265 660 1329; x_wconf 85' lang='lat' dir='ltr'>quasi</span> <span class='ocrx_word' id='word_1_67' title='bbox 680 1268 901 1315; x_wconf 86' lang='lat' dir='ltr'>noctem.</span> <span class='ocrx_word' id='word_1_68' title='bbox 949 1261 1403 1317; x_wconf 85' lang='lat' dir='ltr'>Tabernaculum</span> <span class='ocrx_word' id='word_1_69' title='bbox 1456 1264 1689 1332; x_wconf 79' lang='lat' dir='ltr'>scilicet,</span> <span class='ocrx_word' id='word_1_70' title='bbox 1717 1265 1777 1318; x_wconf 92' lang='lat' dir='ltr'>in</span> <span class='ocrx_word' id='word_1_71' title='bbox 1830 1282 1944 1335; x_wconf 89' lang='lat' dir='ltr'>quo</span> 
     </span>
    </p>
   </div>
   <div class='ocr_carea' id='block_1_15' title="bbox 248 1348 1940 1424">
    <p class='ocr_par' dir='ltr' id='par_1_15' title="bbox 248 1348 1940 1424">
     <span class='ocr_line' id='line_1_15' title="bbox 248 1348 1940 1424; baseline 0.004 -24"><span class='ocrx_word' id='word_1_72' title='bbox 248 1348 542 1418; x_wconf 81' lang='lat' dir='ltr'>quiescere</span> <span class='ocrx_word' id='word_1_73' title='bbox 597 1353 652 1403; x_wconf 88' lang='lat' dir='ltr'>te</span> <span class='ocrx_word' id='word_1_74' title='bbox 702 1350 943 1420; x_wconf 82' lang='lat' dir='ltr'>putabas</span> <span class='ocrx_word' id='word_1_75' title='bbox 1032 1354 1159 1417; x_wconf 90' lang='lat' dir='ltr'>etc.,</span> <span class='ocrx_word' id='word_1_76' title='bbox 1234 1366 1402 1421; x_wconf 88' lang='lat' dir='ltr'>usque</span> <span class='ocrx_word' id='word_1_77' title='bbox 1458 1354 1533 1405; x_wconf 87' lang='lat' dir='ltr'>ad</span> <span class='ocrx_word' id='word_1_78' title='bbox 1604 1358 1664 1406; x_wconf 90' lang='lat' dir='ltr'>ut</span> <span class='ocrx_word' id='word_1_79' title='bbox 1718 1353 1940 1424; x_wconf 82' lang='lat' dir='ltr'>fugien-</span> 
     </span>
    </p>
   </div>
   <div class='ocr_carea' id='block_1_16' title="bbox 246 1438 1764 1509">
    <p class='ocr_par' dir='ltr' id='par_1_16' title="bbox 246 1438 1764 1509">
     <span class='ocr_line' id='line_1_16' title="bbox 246 1438 1764 1509; baseline 0.003 -20"><span class='ocrx_word' id='word_1_80' title='bbox 246 1442 364 1490; x_wconf 87' lang='lat' dir='ltr'>tem</span> <span class='ocrx_word' id='word_1_81' title='bbox 395 1438 676 1507; x_wconf 88' lang='lat' dir='ltr'>populum</span> <span class='ocrx_word' id='word_1_82' title='bbox 711 1438 807 1491; x_wconf 87' lang='lat' dir='ltr'>Dei</span> <span class='ocrx_word' id='word_1_83' title='bbox 830 1438 978 1507; x_wconf 89' lang='lat' dir='ltr'>apud</span> <span class='ocrx_word' id='word_1_84' title='bbox 1006 1455 1063 1492; x_wconf 90' lang='lat' dir='ltr'>se</span> <span class='ocrx_word' id='word_1_85' title='bbox 1090 1438 1327 1509; x_wconf 86' lang='lat' dir='ltr'>recipiat</span> <span class='ocrx_word' id='word_1_86' title='bbox 1353 1445 1409 1493; x_wconf 89' lang='lat' dir='ltr'>et</span> <span class='ocrx_word' id='word_1_87' title='bbox 1438 1440 1764 1495; x_wconf 85' lang='lat' dir='ltr'>abscondat.</span> 
     </span>
    </p>
   </div>
   <div class='ocr_carea' id='block_1_17' title="bbox 321 1526 1943 1597">
    <p class='ocr_par' dir='ltr' id='par_1_17' title="bbox 321 1526 1943 1597">
     <span class='ocr_line' id='line_1_17' title="bbox 321 1526 1943 1597; baseline 0.003 -20"><span class='ocrx_word' id='word_1_88' title='bbox 321 1527 480 1578; x_wconf 73' lang='lat' dir='ltr'>Vens.</span> <span class='ocrx_word' id='word_1_89' title='bbox 516 1526 573 1578; x_wconf 83' lang='grc'>4.</span> <span class='ocrx_word' id='word_1_90' title='bbox 623 1556 691 1566; x_wconf 94' lang='lat'><strong><em>—</em></strong></span> <span class='ocrx_word' id='word_1_91' title='bbox 739 1528 971 1595; x_wconf 75' lang='lat' dir='ltr'>Pro/agi</span> <span class='ocrx_word' id='word_1_92' title='bbox 1007 1530 1133 1581; x_wconf 87' lang='lat' dir='ltr'>mei.</span> <span class='ocrx_word' id='word_1_93' title='bbox 1199 1527 1305 1590; x_wconf 85' lang='lat' dir='ltr'>Qui</span> <span class='ocrx_word' id='word_1_94' title='bbox 1354 1544 1445 1582; x_wconf 90' lang='lat' dir='ltr'>me</span> <span class='ocrx_word' id='word_1_95' title='bbox 1491 1528 1782 1597; x_wconf 88' lang='lat' dir='ltr'>fugerunt,</span> <span class='ocrx_word' id='word_1_96' title='bbox 1842 1529 1943 1597; x_wconf 89' lang='lat' dir='ltr'>qui</span> 
     </span>
    </p>
   </div>
   <div class='ocr_carea' id='block_1_18' title="bbox 244 1614 1936 1686">
    <p class='ocr_par' dir='ltr' id='par_1_18' title="bbox 244 1614 1936 1686">
     <span class='ocr_line' id='line_1_18' title="bbox 244 1614 1936 1686; baseline 0.003 -20"><span class='ocrx_word' id='word_1_97' title='bbox 244 1614 314 1667; x_wconf 91' lang='lat' dir='ltr'>de</span> <span class='ocrx_word' id='word_1_98' title='bbox 350 1615 592 1668; x_wconf 85' lang='lat' dir='ltr'>Ecclesia</span> <span class='ocrx_word' id='word_1_99' title='bbox 618 1615 827 1685; x_wconf 78' lang='lat' dir='ltr'>egressi</span> <span class='ocrx_word' id='word_1_100' title='bbox 886 1621 1037 1680; x_wconf 89' lang='lat' dir='ltr'>sunt,</span> <span class='ocrx_word' id='word_1_101' title='bbox 1091 1618 1187 1686; x_wconf 89' lang='lat' dir='ltr'>qui</span> <span class='ocrx_word' id='word_1_102' title='bbox 1237 1633 1464 1669; x_wconf 84' lang='lat' dir='ltr'>sensum</span> <span class='ocrx_word' id='word_1_103' title='bbox 1496 1634 1662 1671; x_wconf 91' lang='lat' dir='ltr'>suum</span> <span class='ocrx_word' id='word_1_104' title='bbox 1692 1622 1822 1671; x_wconf 89' lang='lat' dir='ltr'>sunt</span> <span class='ocrx_word' id='word_1_105' title='bbox 1852 1634 1936 1671; x_wconf 90' lang='lat' dir='ltr'>se-</span> 
     </span>
    </p>
   </div>
   <div class='ocr_carea' id='block_1_19' title="bbox 245 1702 1392 1774">
    <p class='ocr_par' dir='ltr' id='par_1_19' title="bbox 245 1702 1392 1774">
     <span class='ocr_line' id='line_1_19' title="bbox 245 1702 1392 1774; baseline 0.003 -19"><span class='ocrx_word' id='word_1_106' title='bbox 245 1702 381 1768; x_wconf 89' lang='lat' dir='ltr'>cuti,</span> <span class='ocrx_word' id='word_1_107' title='bbox 418 1720 535 1756; x_wconf 90' lang='lat' dir='ltr'>non</span> <span class='ocrx_word' id='word_1_108' title='bbox 572 1704 891 1759; x_wconf 88' lang='lat' dir='ltr'>doctrinam</span> <span class='ocrx_word' id='word_1_109' title='bbox 920 1704 1162 1774; x_wconf 82' lang='lat' dir='ltr'>Spiritus</span> <span class='ocrx_word' id='word_1_110' title='bbox 1193 1706 1392 1759; x_wconf 88' lang='lat' dir='ltr'>sancti.</span> 
     </span>
    </p>
   </div>
   <div class='ocr_carea' id='block_1_20' title="bbox 316 1792 1941 1861">
    <p class='ocr_par' dir='ltr' id='par_1_20' title="bbox 316 1792 1941 1861">
     <span class='ocr_line' id='line_1_20' title="bbox 316 1792 1941 1861; baseline 0.001 -16"><span class='ocrx_word' id='word_1_111' title='bbox 316 1792 538 1846; x_wconf 78' lang='lat' dir='ltr'>Finitus</span> <span class='ocrx_word' id='word_1_112' title='bbox 567 1798 644 1847; x_wconf 86' lang='lat' dir='ltr'>est</span> <span class='ocrx_word' id='word_1_113' title='bbox 673 1798 814 1847; x_wconf 81' lang='lat' dir='ltr'>enim</span> <span class='ocrx_word' id='word_1_114' title='bbox 850 1795 1050 1861; x_wconf 86' lang='lat' dir='ltr'>pulvis.</span> <span class='ocrx_word' id='word_1_115' title='bbox 1084 1792 1282 1847; x_wconf 85' lang='lat' dir='ltr'>Subito</span> <span class='ocrx_word' id='word_1_116' title='bbox 1322 1793 1526 1847; x_wconf 86' lang='lat' dir='ltr'>transit</span> <span class='ocrx_word' id='word_1_117' title='bbox 1580 1794 1649 1847; x_wconf 90' lang='lat' dir='ltr'>ad</span> <span class='ocrx_word' id='word_1_118' title='bbox 1709 1793 1941 1847; x_wconf 89' lang='lat' dir='ltr'>interfe-</span> 
     </span>
    </p>
   </div>
   <div class='ocr_carea' id='block_1_21' title="bbox 251 1880 1944 1952">
    <p class='ocr_par' dir='ltr' id='par_1_21' title="bbox 251 1880 1944 1952">
     <span class='ocr_line' id='line_1_21' title="bbox 251 1880 1944 1952; baseline 0.001 -19"><span class='ocrx_word' id='word_1_119' title='bbox 251 1880 499 1934; x_wconf 91' lang='lat' dir='ltr'>ctionem</span> <span class='ocrx_word' id='word_1_120' title='bbox 529 1882 934 1943; x_wconf 84' lang='lat' dir='ltr'>Sennacherib,</span> <span class='ocrx_word' id='word_1_121' title='bbox 979 1881 1074 1951; x_wconf 89' lang='lat' dir='ltr'>qui</span> <span class='ocrx_word' id='word_1_122' title='bbox 1108 1882 1292 1950; x_wconf 84' lang='lat' dir='ltr'>pulvis</span> <span class='ocrx_word' id='word_1_123' title='bbox 1342 1887 1399 1935; x_wconf 90' lang='lat' dir='ltr'>et</span> <span class='ocrx_word' id='word_1_124' title='bbox 1429 1883 1621 1948; x_wconf 87' lang='lat' dir='ltr'>miser,</span> <span class='ocrx_word' id='word_1_125' title='bbox 1655 1881 1789 1952; x_wconf 84' lang='lat' dir='ltr'>quia</span> <span class='ocrx_word' id='word_1_126' title='bbox 1822 1883 1944 1951; x_wconf 90' lang='lat' dir='ltr'>glo-</span> 
     </span>
    </p>
   </div>
   <div class='ocr_carea' id='block_1_22' title="bbox 251 1966 1945 2039">
    <p class='ocr_par' dir='ltr' id='par_1_22' title="bbox 251 1966 1945 2039">
     <span class='ocr_line' id='line_1_22' title="bbox 251 1966 1945 2039; baseline 0.002 -21"><span class='ocrx_word' id='word_1_127' title='bbox 251 1966 337 2019; x_wconf 88' lang='lat' dir='ltr'>ria</span> <span class='ocrx_word' id='word_1_128' title='bbox 368 1968 491 2037; x_wconf 90' lang='lat' dir='ltr'>ejus</span> <span class='ocrx_word' id='word_1_129' title='bbox 521 1974 790 2039; x_wconf 88' lang='lat' dir='ltr'>tanquam</span> <span class='ocrx_word' id='word_1_130' title='bbox 826 1966 1032 2038; x_wconf 83' lang='lat' dir='ltr'>pulvis,</span> <span class='ocrx_word' id='word_1_131' title='bbox 1055 1984 1225 2038; x_wconf 87' lang='lat' dir='ltr'>quem</span> <span class='ocrx_word' id='word_1_132' title='bbox 1256 1969 1483 2039; x_wconf 80' lang='lat' dir='ltr'>projicit</span> <span class='ocrx_word' id='word_1_133' title='bbox 1512 1982 1714 2021; x_wconf 77' lang='lat' dir='ltr'>ventus</span> <span class='ocrx_word' id='word_1_134' title='bbox 1741 1985 1773 2020; x_wconf 91' lang='lat' dir='ltr'>a</span> <span class='ocrx_word' id='word_1_135' title='bbox 1803 1968 1945 2022; x_wconf 85' lang='lat' dir='ltr'>facie</span> 
     </span>
    </p>
   </div>
   <div class='ocr_carea' id='block_1_23' title="bbox 247 2058 1947 2129">
    <p class='ocr_par' dir='ltr' id='par_1_23' title="bbox 247 2058 1947 2129">
     <span class='ocr_line' id='line_1_23' title="bbox 247 2058 1947 2129; baseline 0 -18"><span class='ocrx_word' id='word_1_136' title='bbox 247 2063 437 2123; x_wconf 79' lang='lat' dir='ltr'>terrae,</span> <span class='ocrx_word' id='word_1_137' title='bbox 473 2062 527 2110; x_wconf 88' lang='lat' dir='ltr'>et</span> <span class='ocrx_word' id='word_1_138' title='bbox 557 2058 959 2111; x_wconf 80' lang='lat' dir='ltr'>miserabiliter</span> <span class='ocrx_word' id='word_1_139' title='bbox 1003 2058 1072 2111; x_wconf 90' lang='lat' dir='ltr'>ab</span> <span class='ocrx_word' id='word_1_140' title='bbox 1105 2059 1211 2112; x_wconf 88' lang='lat' dir='ltr'>hac</span> <span class='ocrx_word' id='word_1_141' title='bbox 1234 2060 1354 2112; x_wconf 90' lang='lat' dir='ltr'>luce</span> <span class='ocrx_word' id='word_1_142' title='bbox 1391 2059 1675 2129; x_wconf 82' lang='lat' dir='ltr'>migravit,</span> <span class='ocrx_word' id='word_1_143' title='bbox 1732 2058 1947 2112; x_wconf 91' lang='lat' dir='ltr'>occisus</span> 
     </span>
    </p>
   </div>
   <div class='ocr_carea' id='block_1_24' title="bbox 256 2145 1198 2216">
    <p class='ocr_par' dir='ltr' id='par_1_24' title="bbox 256 2145 1198 2216">
     <span class='ocr_line' id='line_1_24' title="bbox 256 2145 1198 2216; baseline 0.002 -19"><span class='ocrx_word' id='word_1_144' title='bbox 256 2161 287 2197; x_wconf 87' lang='lat' dir='ltr'>a</span> <span class='ocrx_word' id='word_1_145' title='bbox 313 2145 449 2198; x_wconf 83' lang='lat' dir='ltr'>ﬁliis</span> <span class='ocrx_word' id='word_1_146' title='bbox 481 2145 598 2198; x_wconf 89' lang='lat' dir='ltr'>suis</span> <span class='ocrx_word' id='word_1_147' title='bbox 628 2145 689 2198; x_wconf 90' lang='lat' dir='ltr'>in</span> <span class='ocrx_word' id='word_1_148' title='bbox 715 2146 928 2216; x_wconf 91' lang='lat' dir='ltr'>templo</span> <span class='ocrx_word' id='word_1_149' title='bbox 964 2146 1060 2200; x_wconf 91' lang='lat' dir='ltr'>Dei</span> <span class='ocrx_word' id='word_1_150' title='bbox 1092 2146 1198 2199; x_wconf 91' lang='lat' dir='ltr'>sui.</span> 
     </span>
    </p>
   </div>
   <div class='ocr_carea' id='block_1_25' title="bbox 322 2232 1947 2303">
    <p class='ocr_par' dir='ltr' id='par_1_25' title="bbox 322 2232 1947 2303">
     <span class='ocr_line' id='line_1_25' title="bbox 322 2232 1947 2303; baseline 0.001 -19"><span class='ocrx_word' id='word_1_151' title='bbox 322 2233 483 2285; x_wconf 72' lang='lat' dir='ltr'>Vens.</span> <span class='ocrx_word' id='word_1_152' title='bbox 538 2235 592 2285; x_wconf 63' lang='grc' dir='ltr'>εἰ.</span> <span class='ocrx_word' id='word_1_153' title='bbox 653 2262 721 2270; x_wconf 92' lang='lat'><strong><em>—</em></strong></span> <span class='ocrx_word' id='word_1_154' title='bbox 774 2235 840 2286; x_wconf 90' lang='lat' dir='ltr'>Et</span> <span class='ocrx_word' id='word_1_155' title='bbox 889 2233 1249 2302; x_wconf 68' lang='lat' dir='ltr'>praeparabit.</span> <span class='ocrx_word' id='word_1_156' title='bbox 1310 2232 1490 2286; x_wconf 79' lang='lat' dir='ltr'>Judaei</span> <span class='ocrx_word' id='word_1_157' title='bbox 1521 2237 1812 2303; x_wconf 87' lang='lat' dir='ltr'>exponunt</span> <span class='ocrx_word' id='word_1_158' title='bbox 1840 2233 1947 2287; x_wconf 89' lang='lat' dir='ltr'>hoe</span> 
     </span>
    </p>
   </div>
   <div class='ocr_carea' id='block_1_26' title="bbox 252 2319 1946 2392">
    <p class='ocr_par' dir='ltr' id='par_1_26' title="bbox 252 2319 1946 2392">
     <span class='ocr_line' id='line_1_26' title="bbox 252 2319 1946 2392; baseline 0.001 -20"><span class='ocrx_word' id='word_1_159' title='bbox 252 2320 321 2372; x_wconf 89' lang='lat' dir='ltr'>de</span> <span class='ocrx_word' id='word_1_160' title='bbox 356 2319 609 2385; x_wconf 82' lang='lat' dir='ltr'>Ezechia,</span> <span class='ocrx_word' id='word_1_161' title='bbox 645 2319 763 2390; x_wconf 89' lang='lat' dir='ltr'>qui,</span> <span class='ocrx_word' id='word_1_162' title='bbox 804 2326 933 2390; x_wconf 85' lang='lat' dir='ltr'>post</span> <span class='ocrx_word' id='word_1_163' title='bbox 985 2326 1224 2374; x_wconf 89' lang='lat' dir='ltr'>mortem</span> <span class='ocrx_word' id='word_1_164' title='bbox 1262 2321 1667 2387; x_wconf 81' lang='lat' dir='ltr'>Sennnclierib,</span> <span class='ocrx_word' id='word_1_165' title='bbox 1710 2321 1767 2374; x_wconf 92' lang='lat' dir='ltr'>in</span> <span class='ocrx_word' id='word_1_166' title='bbox 1810 2338 1946 2392; x_wconf 87' lang='lat' dir='ltr'>pace</span> 
     </span>
    </p>
   </div>
   <div class='ocr_carea' id='block_1_27' title="bbox 251 2408 1949 2479">
    <p class='ocr_par' dir='ltr' id='par_1_27' title="bbox 251 2408 1949 2479">
     <span class='ocr_line' id='line_1_27' title="bbox 251 2408 1949 2479; baseline 0.001 -18"><span class='ocrx_word' id='word_1_167' title='bbox 251 2410 530 2479; x_wconf 79' lang='lat' dir='ltr'>regnavit.</span> <span class='ocrx_word' id='word_1_168' title='bbox 581 2408 685 2462; x_wconf 89' lang='lat' dir='ltr'>Sed</span> <span class='ocrx_word' id='word_1_169' title='bbox 745 2409 948 2461; x_wconf 91' lang='lat' dir='ltr'>melius</span> <span class='ocrx_word' id='word_1_170' title='bbox 1006 2409 1077 2463; x_wconf 87' lang='lat' dir='ltr'>ad</span> <span class='ocrx_word' id='word_1_171' title='bbox 1132 2409 1419 2463; x_wconf 87' lang='lat' dir='ltr'>Christum</span> <span class='ocrx_word' id='word_1_172' title='bbox 1482 2410 1832 2477; x_wconf 84' lang='lat' dir='ltr'>referuntur,</span> <span class='ocrx_word' id='word_1_173' title='bbox 1887 2415 1949 2463; x_wconf 90' lang='lat' dir='ltr'>ut</span> 
     </span>
    </p>
   </div>
   <div class='ocr_carea' id='block_1_28' title="bbox 248 2495 1944 2568">
    <p class='ocr_par' dir='ltr' id='par_1_28' title="bbox 248 2495 1944 2568">
     <span class='ocr_line' id='line_1_28' title="bbox 248 2495 1944 2568; baseline 0.002 -21"><span class='ocrx_word' id='word_1_174' title='bbox 248 2495 509 2565; x_wconf 62' lang='lat' dir='ltr'>quendam</span> <span class='ocrx_word' id='word_1_175' title='bbox 542 2495 607 2549; x_wconf 90' lang='lat' dir='ltr'>ad</span> <span class='ocrx_word' id='word_1_176' title='bbox 643 2496 915 2566; x_wconf 85' lang='lat' dir='ltr'>primum,</span> <span class='ocrx_word' id='word_1_177' title='bbox 952 2497 1211 2568; x_wconf 63' lang='lat' dir='ltr'>quaedam</span> <span class='ocrx_word' id='word_1_178' title='bbox 1240 2497 1307 2551; x_wconf 91' lang='lat' dir='ltr'>ad</span> <span class='ocrx_word' id='word_1_179' title='bbox 1340 2498 1649 2551; x_wconf 90' lang='lat' dir='ltr'>secundum</span> <span class='ocrx_word' id='word_1_180' title='bbox 1682 2498 1944 2552; x_wconf 83' lang='lat' dir='ltr'>referun-</span> 
     </span>
    </p>
   </div>
   <div class='ocr_carea' id='block_1_29' title="bbox 246 2584 697 2637">
    <p class='ocr_par' dir='ltr' id='par_1_29' title="bbox 246 2584 697 2637">
     <span class='ocr_line' id='line_1_29' title="bbox 246 2584 697 2637; baseline 0.004 -2"><span class='ocrx_word' id='word_1_181' title='bbox 246 2589 342 2635; x_wconf 90' lang='lat' dir='ltr'>tur</span> <span class='ocrx_word' id='word_1_182' title='bbox 372 2584 697 2637; x_wconf 85' lang='lat' dir='ltr'>adventum.</span> 
     </span>
    </p>
   </div>
   <div class='ocr_carea' id='block_1_30' title="bbox 324 2669 1941 2743">
    <p class='ocr_par' dir='ltr' id='par_1_30' title="bbox 324 2669 1941 2743">
     <span class='ocr_line' id='line_1_30' title="bbox 324 2669 1941 2743; baseline 0.002 -21"><span class='ocrx_word' id='word_1_183' title='bbox 324 2669 483 2723; x_wconf 73' lang='lat' dir='ltr'>Vens.</span> <span class='ocrx_word' id='word_1_184' title='bbox 518 2674 569 2723; x_wconf 85' lang='lat'>6.</span> <span class='ocrx_word' id='word_1_185' title='bbox 594 2702 661 2709; x_wconf 91' lang='lat'><em>—</em></span> <span class='ocrx_word' id='word_1_186' title='bbox 685 2672 898 2726; x_wconf 81' lang='lat' dir='ltr'>Sedebit</span> <span class='ocrx_word' id='word_1_187' title='bbox 954 2688 1114 2741; x_wconf 80' lang='lat' dir='ltr'>super</span> <span class='ocrx_word' id='word_1_188' title='bbox 1160 2672 1317 2726; x_wconf 71' lang='lat' dir='ltr'>illud.</span> <span class='ocrx_word' id='word_1_189' title='bbox 1352 2672 1657 2736; x_wconf 87' lang='lat' dir='ltr'>Quiescens</span> <span class='ocrx_word' id='word_1_190' title='bbox 1689 2678 1744 2726; x_wconf 89' lang='lat' dir='ltr'>et</span> <span class='ocrx_word' id='word_1_191' title='bbox 1786 2673 1941 2743; x_wconf 85' lang='lat' dir='ltr'>judi-</span> 
     </span>
    </p>
   </div>
   <div class='ocr_carea' id='block_1_31' title="bbox 246 2761 1112 2829">
    <p class='ocr_par' dir='ltr' id='par_1_31' title="bbox 246 2761 1112 2829">
     <span class='ocr_line' id='line_1_31' title="bbox 246 2761 1112 2829; baseline 0.006 -20"><span class='ocrx_word' id='word_1_192' title='bbox 246 2773 400 2824; x_wconf 88' lang='lat' dir='ltr'>cans,</span> <span class='ocrx_word' id='word_1_193' title='bbox 428 2776 597 2829; x_wconf 88' lang='lat' dir='ltr'>super</span> <span class='ocrx_word' id='word_1_194' title='bbox 614 2761 780 2814; x_wconf 83' lang='lat' dir='ltr'>corda</span> <span class='ocrx_word' id='word_1_195' title='bbox 814 2762 1112 2814; x_wconf 89' lang='lat' dir='ltr'>honorum.</span> 
     </span>
    </p>
   </div>
   <div class='ocr_carea' id='block_1_32' title="bbox 320 2848 1948 2920">
    <p class='ocr_par' dir='ltr' id='par_1_32' title="bbox 320 2848 1948 2920">
     <span class='ocr_line' id='line_1_32' title="bbox 320 2848 1948 2920; baseline 0.002 -21"><span class='ocrx_word' id='word_1_196' title='bbox 320 2848 648 2901; x_wconf 72' lang='lat' dir='ltr'>Audiuimus</span> <span class='ocrx_word' id='word_1_197' title='bbox 677 2850 985 2918; x_wconf 81' lang='lat' dir='ltr'>superbiam</span> <span class='ocrx_word' id='word_1_198' title='bbox 1036 2849 1211 2903; x_wconf 83' lang='lat' dir='ltr'>Moab.</span> <span class='ocrx_word' id='word_1_199' title='bbox 1273 2850 1420 2903; x_wconf 85' lang='lat' dir='ltr'>More</span> <span class='ocrx_word' id='word_1_200' title='bbox 1452 2850 1782 2920; x_wconf 69' lang='lat' dir='ltr'>Scriptum,</span> <span class='ocrx_word' id='word_1_201' title='bbox 1812 2850 1948 2920; x_wconf 91' lang='lat' dir='ltr'>quia</span> 
     </span>
    </p>
   </div>
   <div class='ocr_carea' id='block_1_33' title="bbox 2065 478 3757 551">
    <p class='ocr_par' dir='ltr' id='par_1_33' title="bbox 2065 478 3757 551">
     <span class='ocr_line' id='line_1_33' title="bbox 2065 478 3757 551; baseline 0.007 -21"><span class='ocrx_word' id='word_1_202' title='bbox 2065 478 2389 532; x_wconf 70' lang='lat' dir='ltr'>thnicem</span> <span class='ocrx_word' id='word_1_203' title='bbox 2423 483 2478 531; x_wconf 87' lang='lat' dir='ltr'>et</span> <span class='ocrx_word' id='word_1_204' title='bbox 2517 480 2872 534; x_wconf 69' lang='lat' dir='ltr'>Palaestinam</span> <span class='ocrx_word' id='word_1_205' title='bbox 2924 481 3236 537; x_wconf 87' lang='lat' dir='ltr'>imminens</span> <span class='ocrx_word' id='word_1_206' title='bbox 3284 486 3641 551; x_wconf 88' lang='lat' dir='ltr'>Ptolomaidi,</span> <span class='ocrx_word' id='word_1_207' title='bbox 3698 489 3757 541; x_wconf 90' lang='lat' dir='ltr'>in</span> 
     </span>
    </p>
   </div>
   <div class='ocr_carea' id='block_1_34' title="bbox 2064 565 3756 642">
    <p class='ocr_par' dir='ltr' id='par_1_34' title="bbox 2064 565 3756 642">
     <span class='ocr_line' id='line_1_34' title="bbox 2064 565 3756 642; baseline 0.007 -25"><span class='ocrx_word' id='word_1_208' title='bbox 2064 581 2176 634; x_wconf 89' lang='lat' dir='ltr'>quo</span> <span class='ocrx_word' id='word_1_209' title='bbox 2204 565 2345 619; x_wconf 85' lang='lat' dir='ltr'>Elias</span> <span class='ocrx_word' id='word_1_210' title='bbox 2376 567 2575 619; x_wconf 89' lang='lat' dir='ltr'>oravit.</span> <span class='ocrx_word' id='word_1_211' title='bbox 2617 568 2680 621; x_wconf 87' lang='lat' dir='ltr'>Et</span> <span class='ocrx_word' id='word_1_212' title='bbox 2726 568 2959 637; x_wconf 89' lang='lat' dir='ltr'>ponitur</span> <span class='ocrx_word' id='word_1_213' title='bbox 3013 586 3158 641; x_wconf 64' lang='lat' dir='ltr'>saepe.</span> <span class='ocrx_word' id='word_1_214' title='bbox 3207 588 3311 641; x_wconf 90' lang='lat' dir='ltr'>pro</span> <span class='ocrx_word' id='word_1_215' title='bbox 3360 573 3613 642; x_wconf 88' lang='lat' dir='ltr'>qualibet</span> <span class='ocrx_word' id='word_1_216' title='bbox 3644 575 3756 629; x_wconf 81' lang='lat' dir='ltr'>fer-</span> 
     </span>
    </p>
   </div>
   <div class='ocr_carea' id='block_1_35' title="bbox 2060 653 3758 722">
    <p class='ocr_par' dir='ltr' id='par_1_35' title="bbox 2060 653 3758 722">
     <span class='ocr_line' id='line_1_35' title="bbox 2060 653 3758 722; baseline 0.008 -18"><span class='ocrx_word' id='word_1_217' title='bbox 2060 653 2265 706; x_wconf 88' lang='lat' dir='ltr'>tilitate</span> <span class='ocrx_word' id='word_1_218' title='bbox 2300 670 2312 719; x_wconf 90' lang='lat'><strong>;</strong></span> <span class='ocrx_word' id='word_1_219' title='bbox 2343 654 2495 707; x_wconf 90' lang='lat' dir='ltr'>unde</span> <span class='ocrx_word' id='word_1_220' title='bbox 2527 659 2582 707; x_wconf 88' lang='lat' dir='ltr'>et</span> <span class='ocrx_word' id='word_1_221' title='bbox 2613 654 2738 708; x_wconf 92' lang='lat' dir='ltr'>hic:</span> <span class='ocrx_word' id='word_1_222' title='bbox 2776 659 3080 722; x_wconf 75' lang='lat' dir='ltr'>Auferetur</span> <span class='ocrx_word' id='word_1_223' title='bbox 3118 660 3310 712; x_wconf 71' lang='lat' dir='ltr'>laetitia</span> <span class='ocrx_word' id='word_1_224' title='bbox 3356 665 3406 713; x_wconf 89' lang='lat' dir='ltr'>et</span> <span class='ocrx_word' id='word_1_225' title='bbox 3463 664 3758 717; x_wconf 68' lang='lat' dir='ltr'>exsultatio</span> 
     </span>
    </p>
   </div>
   <div class='ocr_carea' id='block_1_36' title="bbox 2060 740 3751 821">
    <p class='ocr_par' dir='ltr' id='par_1_36' title="bbox 2060 740 3751 821">
     <span class='ocr_line' id='line_1_36' title="bbox 2060 740 3751 821; baseline 0.007 -28"><span class='ocrx_word' id='word_1_226' title='bbox 2060 740 2125 793; x_wconf 85' lang='lat' dir='ltr'>de</span> <span class='ocrx_word' id='word_1_227' title='bbox 2146 742 2395 795; x_wconf 87' lang='lat' dir='ltr'>Carmelo</span> <span class='ocrx_word' id='word_1_228' title='bbox 2426 741 2527 811; x_wconf 81' lang='grc' dir='ltr'><em>(ΙΙΙ</em></span> <span class='ocrx_word' id='word_1_229' title='bbox 2567 744 2696 808; x_wconf 83' lang='lat' dir='ltr'>Reg.</span> <span class='ocrx_word' id='word_1_230' title='bbox 2748 746 2920 811; x_wconf 82' lang='lat' dir='ltr'>xvui),</span> <span class='ocrx_word' id='word_1_231' title='bbox 2968 744 3025 798; x_wconf 91' lang='lat' dir='ltr'>id</span> <span class='ocrx_word' id='word_1_232' title='bbox 3078 751 3181 811; x_wconf 87' lang='lat' dir='ltr'>est,</span> <span class='ocrx_word' id='word_1_233' title='bbox 3238 747 3501 802; x_wconf 87' lang='lat' dir='ltr'>fertilitas</span> <span class='ocrx_word' id='word_1_234' title='bbox 3554 749 3751 821; x_wconf 89' lang='lat' dir='ltr'>inqua</span> 
     </span>
    </p>
   </div>
   <div class='ocr_carea' id='block_1_37' title="bbox 2060 829 2702 885">
    <p class='ocr_par' dir='ltr' id='par_1_37' title="bbox 2060 829 2702 885">
     <span class='ocr_line' id='line_1_37' title="bbox 2060 829 2702 885; baseline 0.005 -3"><span class='ocrx_word' id='word_1_235' title='bbox 2060 829 2402 883; x_wconf 72' lang='lat' dir='ltr'>ltelabantur</span> <span class='ocrx_word' id='word_1_236' title='bbox 2426 830 2702 885; x_wconf 72' lang='lat' dir='ltr'>Moabitm.</span> 
     </span>
    </p>
   </div>
   <div class='ocr_carea' id='block_1_38' title="bbox 2129 918 3751 990">
    <p class='ocr_par' dir='ltr' id='par_1_38' title="bbox 2129 918 3751 990">
     <span class='ocr_line' id='line_1_38' title="bbox 2129 918 3751 990; baseline 0.006 -19"><span class='ocrx_word' id='word_1_237' title='bbox 2129 918 2461 972; x_wconf 70' lang='lat' dir='ltr'>Exsultabit.</span> <span class='ocrx_word' id='word_1_238' title='bbox 2494 919 2637 982; x_wconf 89' lang='lat' dir='ltr'>Quia</span> <span class='ocrx_word' id='word_1_239' title='bbox 2657 920 2968 990; x_wconf 88' lang='lat' dir='ltr'>spiritualis</span> <span class='ocrx_word' id='word_1_240' title='bbox 2994 921 3442 977; x_wconf 89' lang='lat' dir='ltr'>circumcisionis</span> <span class='ocrx_word' id='word_1_241' title='bbox 3491 924 3751 980; x_wconf 88' lang='lat' dir='ltr'>notitiam</span> 
     </span>
    </p>
   </div>
   <div class='ocr_carea' id='block_1_39' title="bbox 2055 1005 2877 1074">
    <p class='ocr_par' dir='ltr' id='par_1_39' title="bbox 2055 1005 2877 1074">
     <span class='ocr_line' id='line_1_39' title="bbox 2055 1005 2877 1074; baseline 0.006 -17"><span class='ocrx_word' id='word_1_242' title='bbox 2055 1020 2114 1058; x_wconf 91' lang='lat' dir='ltr'>se</span> <span class='ocrx_word' id='word_1_243' title='bbox 2146 1005 2352 1059; x_wconf 89' lang='lat' dir='ltr'>habere</span> <span class='ocrx_word' id='word_1_244' title='bbox 2372 1006 2588 1074; x_wconf 88' lang='lat' dir='ltr'>jactant</span> <span class='ocrx_word' id='word_1_245' title='bbox 2606 1008 2877 1063; x_wconf 61' lang='lat' dir='ltr'>haeretici.</span> 
     </span>
    </p>
   </div>
   <div class='ocr_carea' id='block_1_40' title="bbox 2134 1095 3753 1171">
    <p class='ocr_par' dir='ltr' id='par_1_40' title="bbox 2134 1095 3753 1171">
     <span class='ocr_line' id='line_1_40' title="bbox 2134 1095 3753 1171; baseline 0.006 -25"><span class='ocrx_word' id='word_1_246' title='bbox 2134 1096 2339 1148; x_wconf 87' lang='lat' dir='ltr'>Vocem.</span> <span class='ocrx_word' id='word_1_247' title='bbox 2375 1095 2450 1147; x_wconf 84' lang='lat' dir='ltr'>Ne</span> <span class='ocrx_word' id='word_1_248' title='bbox 2483 1095 2744 1149; x_wconf 86' lang='lat' dir='ltr'>draconis</span> <span class='ocrx_word' id='word_1_249' title='bbox 2799 1112 3018 1152; x_wconf 89' lang='lat' dir='ltr'>venena</span> <span class='ocrx_word' id='word_1_250' title='bbox 3064 1098 3196 1152; x_wconf 91' lang='lat' dir='ltr'>inde</span> <span class='ocrx_word' id='word_1_251' title='bbox 3250 1099 3665 1171; x_wconf 87' lang='lat' dir='ltr'>exprimantur,</span> <span class='ocrx_word' id='word_1_252' title='bbox 3698 1106 3753 1156; x_wconf 89' lang='lat' dir='ltr'>et</span> 
     </span>
    </p>
   </div>
   <div class='ocr_carea' id='block_1_41' title="bbox 2054 1182 2779 1239">
    <p class='ocr_par' dir='ltr' id='par_1_41' title="bbox 2054 1182 2779 1239">
     <span class='ocr_line' id='line_1_41' title="bbox 2054 1182 2779 1239; baseline 0.003 -3"><span class='ocrx_word' id='word_1_253' title='bbox 2054 1182 2314 1237; x_wconf 90' lang='lat' dir='ltr'>bibentes</span> <span class='ocrx_word' id='word_1_254' title='bbox 2344 1183 2779 1239; x_wconf 84' lang='lat' dir='ltr'>interﬁciantur.</span> 
     </span>
    </p>
   </div>
   <div class='ocr_carea' id='block_1_42' title="bbox 2127 1273 3754 1348">
    <p class='ocr_par' dir='ltr' id='par_1_42' title="bbox 2127 1273 3754 1348">
     <span class='ocr_line' id='line_1_42' title="bbox 2127 1273 3754 1348; baseline 0.006 -25"><span class='ocrx_word' id='word_1_255' title='bbox 2127 1273 2292 1327; x_wconf 76' lang='lat' dir='ltr'>Vnus.</span> <span class='ocrx_word' id='word_1_256' title='bbox 2348 1275 2430 1326; x_wconf 85' lang='lat' dir='ltr'>ll.</span> <span class='ocrx_word' id='word_1_257' title='bbox 2492 1303 2558 1310; x_wconf 97' lang='lat'><strong>—</strong></span> <span class='ocrx_word' id='word_1_258' title='bbox 2622 1275 2815 1327; x_wconf 80' lang='lat' dir='ltr'>Venter</span> <span class='ocrx_word' id='word_1_259' title='bbox 2859 1290 3030 1328; x_wconf 86' lang='lat' dir='ltr'>meus.</span> <span class='ocrx_word' id='word_1_260' title='bbox 3108 1276 3410 1346; x_wconf 87' lang='lat' dir='ltr'>Propheta,</span> <span class='ocrx_word' id='word_1_261' title='bbox 3470 1278 3568 1348; x_wconf 92' lang='lat' dir='ltr'>qui</span> <span class='ocrx_word' id='word_1_262' title='bbox 3624 1282 3754 1332; x_wconf 83' lang='lat' dir='ltr'>tan-</span> 
     </span>
    </p>
   </div>
   <div class='ocr_carea' id='block_1_43' title="bbox 2053 1360 3750 1433">
    <p class='ocr_par' dir='ltr' id='par_1_43' title="bbox 2053 1360 3750 1433">
     <span class='ocr_line' id='line_1_43' title="bbox 2053 1360 3750 1433; baseline 0.004 -21"><span class='ocrx_word' id='word_1_263' title='bbox 2053 1377 2224 1430; x_wconf 85' lang='lat' dir='ltr'>quam</span> <span class='ocrx_word' id='word_1_264' title='bbox 2252 1360 2490 1426; x_wconf 87' lang='lat' dir='ltr'>cithara,</span> <span class='ocrx_word' id='word_1_265' title='bbox 2524 1361 2740 1415; x_wconf 89' lang='lat' dir='ltr'>musica</span> <span class='ocrx_word' id='word_1_266' title='bbox 2770 1367 2889 1416; x_wconf 89' lang='lat' dir='ltr'>arte</span> <span class='ocrx_word' id='word_1_267' title='bbox 2939 1364 3310 1433; x_wconf 86' lang='lat' dir='ltr'>compositus,</span> <span class='ocrx_word' id='word_1_268' title='bbox 3368 1370 3425 1419; x_wconf 88' lang='lat' dir='ltr'>et</span> <span class='ocrx_word' id='word_1_269' title='bbox 3450 1366 3519 1420; x_wconf 89' lang='lat' dir='ltr'>de</span> <span class='ocrx_word' id='word_1_270' title='bbox 3553 1367 3649 1421; x_wconf 91' lang='lat' dir='ltr'>Dei</span> <span class='ocrx_word' id='word_1_271' title='bbox 3679 1368 3750 1420; x_wconf 88' lang='lat' dir='ltr'>ti-</span> 
     </span>
    </p>
   </div>
   <div class='ocr_carea' id='block_1_44' title="bbox 2054 1449 3752 1522">
    <p class='ocr_par' dir='ltr' id='par_1_44' title="bbox 2054 1449 3752 1522">
     <span class='ocr_line' id='line_1_44' title="bbox 2054 1449 3752 1522; baseline 0.004 -21"><span class='ocrx_word' id='word_1_272' title='bbox 2054 1464 2213 1501; x_wconf 88' lang='lat' dir='ltr'>more</span> <span class='ocrx_word' id='word_1_273' title='bbox 2244 1449 2588 1517; x_wconf 88' lang='lat' dir='ltr'>concipiens,</span> <span class='ocrx_word' id='word_1_274' title='bbox 2646 1450 2854 1503; x_wconf 90' lang='lat' dir='ltr'>multos</span> <span class='ocrx_word' id='word_1_275' title='bbox 2906 1450 3116 1505; x_wconf 89' lang='lat' dir='ltr'>liberos</span> <span class='ocrx_word' id='word_1_276' title='bbox 3164 1457 3421 1522; x_wconf 78' lang='lat' dir='ltr'>generat,</span> <span class='ocrx_word' id='word_1_277' title='bbox 3453 1459 3519 1509; x_wconf 88' lang='lat' dir='ltr'>ut</span> <span class='ocrx_word' id='word_1_278' title='bbox 3564 1455 3752 1508; x_wconf 89' lang='lat' dir='ltr'>omnis</span> 
     </span>
    </p>
   </div>
   <div class='ocr_carea' id='block_1_45' title="bbox 2051 1536 2930 1595">
    <p class='ocr_par' dir='ltr' id='par_1_45' title="bbox 2051 1536 2930 1595">
     <span class='ocr_line' id='line_1_45' title="bbox 2051 1536 2930 1595; baseline 0.006 -6"><span class='ocrx_word' id='word_1_279' title='bbox 2051 1536 2260 1590; x_wconf 85' lang='lat' dir='ltr'>chorda</span> <span class='ocrx_word' id='word_1_280' title='bbox 2282 1553 2482 1591; x_wconf 92' lang='lat' dir='ltr'>sonum</span> <span class='ocrx_word' id='word_1_281' title='bbox 2514 1554 2680 1592; x_wconf 90' lang='lat' dir='ltr'>suum</span> <span class='ocrx_word' id='word_1_282' title='bbox 2716 1539 2930 1595; x_wconf 87' lang='lat' dir='ltr'>reddat.</span> 
     </span>
    </p>
   </div>
   <div class='ocr_carea' id='block_1_46' title="bbox 2128 1626 3749 1702">
    <p class='ocr_par' dir='ltr' id='par_1_46' title="bbox 2128 1626 3749 1702">
     <span class='ocr_line' id='line_1_46' title="bbox 2128 1626 3749 1702; baseline 0.004 -23"><span class='ocrx_word' id='word_1_283' title='bbox 2128 1628 2196 1679; x_wconf 87' lang='lat' dir='ltr'>Et</span> <span class='ocrx_word' id='word_1_284' title='bbox 2218 1628 2443 1679; x_wconf 77' lang='lat' dir='ltr'>viscera.</span> <span class='ocrx_word' id='word_1_285' title='bbox 2495 1626 2652 1680; x_wconf 89' lang='lat' dir='ltr'>Sicut</span> <span class='ocrx_word' id='word_1_286' title='bbox 2696 1627 2914 1681; x_wconf 86' lang='lat' dir='ltr'>cithara</span> <span class='ocrx_word' id='word_1_287' title='bbox 2958 1644 3163 1683; x_wconf 88' lang='lat' dir='ltr'>sonum</span> <span class='ocrx_word' id='word_1_288' title='bbox 3212 1630 3591 1702; x_wconf 89' lang='lat' dir='ltr'>compositum</span> <span class='ocrx_word' id='word_1_289' title='bbox 3631 1647 3749 1685; x_wconf 90' lang='lat' dir='ltr'>non</span> 
     </span>
    </p>
   </div>
   <div class='ocr_carea' id='block_1_47' title="bbox 2057 1713 3745 1785">
    <p class='ocr_par' dir='ltr' id='par_1_47' title="bbox 2057 1713 3745 1785">
     <span class='ocr_line' id='line_1_47' title="bbox 2057 1713 3745 1785; baseline 0.004 -20"><span class='ocrx_word' id='word_1_290' title='bbox 2057 1713 2287 1781; x_wconf 86' lang='lat' dir='ltr'>emittit,</span> <span class='ocrx_word' id='word_1_291' title='bbox 2320 1719 2448 1779; x_wconf 87' lang='lat' dir='ltr'>etc.,</span> <span class='ocrx_word' id='word_1_292' title='bbox 2507 1730 2675 1783; x_wconf 82' lang='lat' dir='ltr'>usque</span> <span class='ocrx_word' id='word_1_293' title='bbox 2730 1714 2805 1769; x_wconf 90' lang='lat' dir='ltr'>ad</span> <span class='ocrx_word' id='word_1_294' title='bbox 2860 1720 2915 1769; x_wconf 92' lang='lat' dir='ltr'>et</span> <span class='ocrx_word' id='word_1_295' title='bbox 2968 1717 3227 1782; x_wconf 83' lang='lat' dir='ltr'>Jacobus,</span> <span class='ocrx_word' id='word_1_296' title='bbox 3277 1718 3368 1771; x_wconf 89' lang='lat' dir='ltr'>cui</span> <span class='ocrx_word' id='word_1_297' title='bbox 3417 1734 3532 1772; x_wconf 89' lang='lat' dir='ltr'>una</span> <span class='ocrx_word' id='word_1_298' title='bbox 3570 1718 3745 1785; x_wconf 88' lang='lat' dir='ltr'>deest,</span> 
     </span>
    </p>
   </div>
   <div class='ocr_carea' id='block_1_48' title="bbox 2055 1802 2500 1855">
    <p class='ocr_par' dir='ltr' id='par_1_48' title="bbox 2055 1802 2500 1855">
     <span class='ocr_line' id='line_1_48' title="bbox 2055 1802 2500 1855; baseline 0.004 -2"><span class='ocrx_word' id='word_1_299' title='bbox 2055 1802 2261 1854; x_wconf 86' lang='lat' dir='ltr'>desunt</span> <span class='ocrx_word' id='word_1_300' title='bbox 2282 1817 2500 1855; x_wconf 87' lang='lat' dir='ltr'>omnes.</span> 
     </span>
    </p>
   </div>
   <div class='ocr_carea' id='block_1_49' title="bbox 2126 1875 3748 1957">
    <p class='ocr_par' dir='ltr' id='par_1_49' title="bbox 2126 1875 3748 1957">
     <span class='ocr_line' id='line_1_49' title="bbox 2126 1875 3748 1957; baseline 0.004 -17"><span class='ocrx_word' id='word_1_301' title='bbox 2126 1889 2286 1942; x_wconf 74' lang='lat' dir='ltr'>Vens.</span> <span class='ocrx_word' id='word_1_302' title='bbox 2354 1893 2433 1942; x_wconf 76' lang='lat'>12.</span> <span class='ocrx_word' id='word_1_303' title='bbox 2502 1920 2565 1929; x_wconf 91' lang='lat'>—-</span> <span class='ocrx_word' id='word_1_304' title='bbox 2610 1875 2817 1946; x_wconf 79' lang='lat' dir='ltr'>Sancta</span> <span class='ocrx_word' id='word_1_305' title='bbox 2872 1906 2993 1945; x_wconf 87' lang='lat' dir='ltr'>sua.</span> <span class='ocrx_word' id='word_1_306' title='bbox 3068 1892 3149 1945; x_wconf 84' lang='lat' dir='ltr'>Ad</span> <span class='ocrx_word' id='word_1_307' title='bbox 3209 1898 3476 1957; x_wconf 86' lang='lat' dir='ltr'>sanctam,</span> <span class='ocrx_word' id='word_1_308' title='bbox 3538 1894 3748 1947; x_wconf 89' lang='lat' dir='ltr'>scilicet</span> 
     </span>
    </p>
   </div>
   <div class='ocr_carea' id='block_1_50' title="bbox 2058 1977 3745 2050">
    <p class='ocr_par' dir='ltr' id='par_1_50' title="bbox 2058 1977 3745 2050">
     <span class='ocr_line' id='line_1_50' title="bbox 2058 1977 3745 2050; baseline 0.003 -20"><span class='ocrx_word' id='word_1_309' title='bbox 2058 1977 2336 2042; x_wconf 64' lang='lat' dir='ltr'>Ecclesiai,</span> <span class='ocrx_word' id='word_1_310' title='bbox 2361 1993 2488 2047; x_wconf 60' lang='lat' dir='ltr'>quae</span> <span class='ocrx_word' id='word_1_311' title='bbox 2529 1979 2829 2032; x_wconf 88' lang='lat' dir='ltr'>conabitur</span> <span class='ocrx_word' id='word_1_312' title='bbox 2858 1996 2957 2032; x_wconf 85' lang='lat' dir='ltr'>sua</span> <span class='ocrx_word' id='word_1_313' title='bbox 2987 1979 3190 2045; x_wconf 82' lang='lat' dir='ltr'>fecere,</span> <span class='ocrx_word' id='word_1_314' title='bbox 3226 1996 3342 2033; x_wconf 86' lang='lat' dir='ltr'>non</span> <span class='ocrx_word' id='word_1_315' title='bbox 3373 1982 3745 2050; x_wconf 61' lang='lat' dir='ltr'>praevalebit:</span> 
     </span>
    </p>
   </div>
   <div class='ocr_carea' id='block_1_51' title="bbox 2055 2065 3465 2137">
    <p class='ocr_par' dir='ltr' id='par_1_51' title="bbox 2055 2065 3465 2137">
     <span class='ocr_line' id='line_1_51' title="bbox 2055 2065 3465 2137; baseline 0.003 -20"><span class='ocrx_word' id='word_1_316' title='bbox 2055 2080 2171 2117; x_wconf 88' lang='lat' dir='ltr'>non</span> <span class='ocrx_word' id='word_1_317' title='bbox 2207 2065 2360 2119; x_wconf 91' lang='lat' dir='ltr'>enim</span> <span class='ocrx_word' id='word_1_318' title='bbox 2392 2066 2582 2119; x_wconf 89' lang='lat' dir='ltr'>statim</span> <span class='ocrx_word' id='word_1_319' title='bbox 2609 2067 2854 2136; x_wconf 76' lang='lat' dir='ltr'>perfecte</span> <span class='ocrx_word' id='word_1_320' title='bbox 2887 2068 3153 2121; x_wconf 86' lang='lat' dir='ltr'>virtutem</span> <span class='ocrx_word' id='word_1_321' title='bbox 3190 2068 3465 2137; x_wconf 87' lang='lat' dir='ltr'>capimus.</span> 
     </span>
    </p>
   </div>
   <div class='ocr_carea' id='block_1_52' title="bbox 2128 2154 3747 2225">
    <p class='ocr_par' dir='ltr' id='par_1_52' title="bbox 2128 2154 3747 2225">
     <span class='ocr_line' id='line_1_52' title="bbox 2128 2154 3747 2225; baseline 0.002 -18"><span class='ocrx_word' id='word_1_322' title='bbox 2128 2155 2244 2208; x_wconf 85' lang='lat' dir='ltr'>Non</span> <span class='ocrx_word' id='word_1_323' title='bbox 2268 2154 2488 2207; x_wconf 83' lang='lat' dir='ltr'>valebit.</span> <span class='ocrx_word' id='word_1_324' title='bbox 2523 2154 2583 2207; x_wconf 93' lang='lat' dir='ltr'>1n</span> <span class='ocrx_word' id='word_1_325' title='bbox 2608 2155 2688 2207; x_wconf 92' lang='lat' dir='ltr'>eis</span> <span class='ocrx_word' id='word_1_326' title='bbox 2723 2155 2933 2208; x_wconf 86' lang='lat' dir='ltr'>scilicet</span> <span class='ocrx_word' id='word_1_327' title='bbox 2967 2172 3082 2209; x_wconf 91' lang='lat' dir='ltr'>non</span> <span class='ocrx_word' id='word_1_328' title='bbox 3113 2156 3409 2210; x_wconf 79' lang='lat' dir='ltr'>invenient</span> <span class='ocrx_word' id='word_1_329' title='bbox 3448 2157 3747 2225; x_wconf 82' lang='lat' dir='ltr'>auxilium,</span> 
     </span>
    </p>
   </div>
   <div class='ocr_carea' id='block_1_53' title="bbox 2056 2240 3748 2315">
    <p class='ocr_par' dir='ltr' id='par_1_53' title="bbox 2056 2240 3748 2315">
     <span class='ocr_line' id='line_1_53' title="bbox 2056 2240 3748 2315; baseline 0.002 -21"><span class='ocrx_word' id='word_1_330' title='bbox 2056 2240 2113 2294; x_wconf 89' lang='lat' dir='ltr'>in</span> <span class='ocrx_word' id='word_1_331' title='bbox 2147 2241 2353 2311; x_wconf 86' lang='lat' dir='ltr'>quibus</span> <span class='ocrx_word' id='word_1_332' title='bbox 2411 2243 2693 2312; x_wconf 83' lang='lat' dir='ltr'>sperabat,</span> <span class='ocrx_word' id='word_1_333' title='bbox 2739 2248 2793 2297; x_wconf 91' lang='lat' dir='ltr'>et</span> <span class='ocrx_word' id='word_1_334' title='bbox 2822 2243 2900 2296; x_wconf 90' lang='lat' dir='ltr'>sic</span> <span class='ocrx_word' id='word_1_335' title='bbox 2947 2245 3233 2315; x_wconf 85' lang='lat' dir='ltr'>apparuit,</span> <span class='ocrx_word' id='word_1_336' title='bbox 3274 2244 3411 2314; x_wconf 90' lang='lat' dir='ltr'>quia</span> <span class='ocrx_word' id='word_1_337' title='bbox 3465 2244 3748 2298; x_wconf 87' lang='lat' dir='ltr'>incassum</span> 
     </span>
    </p>
   </div>
   <div class='ocr_carea' id='block_1_54' title="bbox 2055 2330 2292 2382">
    <p class='ocr_par' dir='ltr' id='par_1_54' title="bbox 2055 2330 2292 2382">
     <span class='ocr_line' id='line_1_54' title="bbox 2055 2330 2292 2382; baseline -0.004 -1"><span class='ocrx_word' id='word_1_338' title='bbox 2055 2330 2292 2382; x_wconf 87' lang='lat' dir='ltr'>colebat.</span> 
     </span>
    </p>
   </div>
   <div class='ocr_carea' id='block_1_55' title="bbox 2128 2418 3749 2487">
    <p class='ocr_par' dir='ltr' id='par_1_55' title="bbox 2128 2418 3749 2487">
     <span class='ocr_line' id='line_1_55' title="bbox 2128 2418 3749 2487; baseline 0.004 -20"><span class='ocrx_word' id='word_1_339' title='bbox 2128 2418 2292 2469; x_wconf 75' lang='lat' dir='ltr'>Vens.</span> <span class='ocrx_word' id='word_1_340' title='bbox 2356 2419 2435 2469; x_wconf 83' lang='lat' dir='ltr'>l3.</span> <span class='ocrx_word' id='word_1_341' title='bbox 2470 2447 2537 2456; x_wconf 95' lang='lat'>—</span> <span class='ocrx_word' id='word_1_342' title='bbox 2595 2420 2704 2471; x_wconf 85' lang='lat' dir='ltr'>Hoc</span> <span class='ocrx_word' id='word_1_343' title='bbox 2760 2418 2997 2477; x_wconf 75' lang='lat' dir='ltr'>rerbum,</span> <span class='ocrx_word' id='word_1_344' title='bbox 3050 2420 3109 2472; x_wconf 94' lang='lat' dir='ltr'>1n</span> <span class='ocrx_word' id='word_1_345' title='bbox 3146 2419 3444 2487; x_wconf 67' lang='lat' dir='ltr'>prooemio,</span> <span class='ocrx_word' id='word_1_346' title='bbox 3489 2422 3620 2483; x_wconf 88' lang='lat' dir='ltr'>etc.,</span> <span class='ocrx_word' id='word_1_347' title='bbox 3652 2434 3749 2473; x_wconf 85' lang='lat' dir='ltr'>us-</span> 
     </span>
    </p>
   </div>
   <div class='ocr_carea' id='block_1_56' title="bbox 2056 2504 3745 2577">
    <p class='ocr_par' dir='ltr' id='par_1_56' title="bbox 2056 2504 3745 2577">
     <span class='ocr_line' id='line_1_56' title="bbox 2056 2504 3745 2577; baseline 0.005 -23"><span class='ocrx_word' id='word_1_348' title='bbox 2056 2520 2155 2570; x_wconf 88' lang='lat' dir='ltr'>que</span> <span class='ocrx_word' id='word_1_349' title='bbox 2186 2504 2259 2555; x_wconf 85' lang='lat' dir='ltr'>ad</span> <span class='ocrx_word' id='word_1_350' title='bbox 2305 2504 2464 2567; x_wconf 87' lang='lat' dir='ltr'>Quod</span> <span class='ocrx_word' id='word_1_351' title='bbox 2495 2506 2645 2558; x_wconf 86' lang='lat' dir='ltr'>enim</span> <span class='ocrx_word' id='word_1_352' title='bbox 2678 2505 2778 2559; x_wconf 86' lang='lat' dir='ltr'>tibi</span> <span class='ocrx_word' id='word_1_353' title='bbox 2821 2513 3091 2576; x_wconf 77' lang='lat' dir='ltr'>coeperat,</span> <span class='ocrx_word' id='word_1_354' title='bbox 3138 2507 3227 2560; x_wconf 91' lang='lat' dir='ltr'>hic</span> <span class='ocrx_word' id='word_1_355' title='bbox 3253 2513 3338 2560; x_wconf 88' lang='lat' dir='ltr'>est</span> <span class='ocrx_word' id='word_1_356' title='bbox 3375 2509 3745 2577; x_wconf 87' lang='lat' dir='ltr'>completum.</span> 
     </span>
    </p>
   </div>
   <div class='ocr_carea' id='block_1_57' title="bbox 2124 2592 3747 2665">
    <p class='ocr_par' dir='ltr' id='par_1_57' title="bbox 2124 2592 3747 2665">
     <span class='ocr_line' id='line_1_57' title="bbox 2124 2592 3747 2665; baseline 0.004 -22"><span class='ocrx_word' id='word_1_357' title='bbox 2124 2592 2284 2645; x_wconf 69' lang='lat' dir='ltr'>Vens.</span> <span class='ocrx_word' id='word_1_358' title='bbox 2323 2594 2404 2646; x_wconf 16' lang='lat' dir='ltr'>lii.</span> <span class='ocrx_word' id='word_1_359' title='bbox 2435 2624 2500 2633; x_wconf 94' lang='lat'><em>—</em></span> <span class='ocrx_word' id='word_1_360' title='bbox 2530 2596 2590 2647; x_wconf 82' lang='lat' dir='ltr'>In</span> <span class='ocrx_word' id='word_1_361' title='bbox 2650 2595 2821 2648; x_wconf 81' lang='lat' dir='ltr'>tribus</span> <span class='ocrx_word' id='word_1_362' title='bbox 2879 2597 3075 2648; x_wconf 88' lang='lat' dir='ltr'>annis:</span> <span class='ocrx_word' id='word_1_363' title='bbox 3129 2596 3287 2665; x_wconf 82' lang='lat' dir='ltr'>quasi</span> <span class='ocrx_word' id='word_1_364' title='bbox 3344 2596 3600 2649; x_wconf 89' lang='lat' dir='ltr'>diceret:</span> <span class='ocrx_word' id='word_1_365' title='bbox 3633 2596 3747 2649; x_wconf 89' lang='lat' dir='ltr'>Sic-</span> 
     </span>
    </p>
   </div>
   <div class='ocr_carea' id='block_1_58' title="bbox 2057 2681 3748 2752">
    <p class='ocr_par' dir='ltr' id='par_1_58' title="bbox 2057 2681 3748 2752">
     <span class='ocr_line' id='line_1_58' title="bbox 2057 2681 3748 2752; baseline 0.004 -21"><span class='ocrx_word' id='word_1_366' title='bbox 2057 2684 2119 2732; x_wconf 88' lang='lat' dir='ltr'>ut</span> <span class='ocrx_word' id='word_1_367' title='bbox 2168 2681 2332 2750; x_wconf 89' lang='lat' dir='ltr'>pauci</span> <span class='ocrx_word' id='word_1_368' title='bbox 2381 2681 2593 2734; x_wconf 88' lang='lat' dir='ltr'>racemi</span> <span class='ocrx_word' id='word_1_369' title='bbox 2643 2687 2961 2749; x_wconf 84' lang='lat' dir='ltr'>remanent,</span> <span class='ocrx_word' id='word_1_370' title='bbox 3010 2688 3152 2747; x_wconf 90' lang='lat' dir='ltr'>etc.,</span> <span class='ocrx_word' id='word_1_371' title='bbox 3201 2699 3369 2752; x_wconf 82' lang='lat' dir='ltr'>usque</span> <span class='ocrx_word' id='word_1_372' title='bbox 3422 2684 3495 2737; x_wconf 85' lang='lat' dir='ltr'>ad</span> <span class='ocrx_word' id='word_1_373' title='bbox 3526 2684 3619 2737; x_wconf 89' lang='lat' dir='ltr'>sed</span> <span class='ocrx_word' id='word_1_374' title='bbox 3653 2700 3748 2737; x_wconf 91' lang='lat' dir='ltr'>re-</span> 
     </span>
    </p>
   </div>
   <div class='ocr_carea' id='block_1_59' title="bbox 2056 2768 3746 2840">
    <p class='ocr_par' dir='ltr' id='par_1_59' title="bbox 2056 2768 3746 2840">
     <span class='ocr_line' id='line_1_59' title="bbox 2056 2768 3746 2840; baseline 0.002 -20"><span class='ocrx_word' id='word_1_375' title='bbox 2056 2768 2188 2821; x_wconf 88' lang='lat' dir='ltr'>licto</span> <span class='ocrx_word' id='word_1_376' title='bbox 2217 2784 2409 2822; x_wconf 87' lang='lat' dir='ltr'>errore</span> <span class='ocrx_word' id='word_1_377' title='bbox 2462 2785 2783 2830; x_wconf 84' lang='lat' dir='ltr'>conversus,</span> <span class='ocrx_word' id='word_1_378' title='bbox 2828 2770 3009 2823; x_wconf 88' lang='lat' dir='ltr'>tribus</span> <span class='ocrx_word' id='word_1_379' title='bbox 3060 2770 3227 2822; x_wconf 85' lang='lat' dir='ltr'>annis</span> <span class='ocrx_word' id='word_1_380' title='bbox 3286 2776 3509 2824; x_wconf 89' lang='lat' dir='ltr'>tantum</span> <span class='ocrx_word' id='word_1_381' title='bbox 3539 2787 3746 2840; x_wconf 89' lang='lat' dir='ltr'>parvus</span> 
     </span>
    </p>
   </div>
   <div class='ocr_carea' id='block_1_60' title="bbox 2056 2856 3229 2927">
    <p class='ocr_par' dir='ltr' id='par_1_60' title="bbox 2056 2856 3229 2927">
     <span class='ocr_line' id='line_1_60' title="bbox 2056 2856 3229 2927; baseline 0.003 -19"><span class='ocrx_word' id='word_1_382' title='bbox 2056 2861 2110 2908; x_wconf 89' lang='lat' dir='ltr'>et</span> <span class='ocrx_word' id='word_1_383' title='bbox 2138 2856 2392 2909; x_wconf 91' lang='lat' dir='ltr'>modicus</span> <span class='ocrx_word' id='word_1_384' title='bbox 2424 2862 2478 2910; x_wconf 91' lang='lat' dir='ltr'>et</span> <span class='ocrx_word' id='word_1_385' title='bbox 2512 2857 2792 2927; x_wconf 82' lang='lat' dir='ltr'>inglorius</span> <span class='ocrx_word' id='word_1_386' title='bbox 2824 2858 3191 2927; x_wconf 87' lang='lat' dir='ltr'>relinquitur.</span> <span class='ocrx_word' id='word_1_387' title='bbox 3224 2856 3229 2867; x_wconf 55' lang='grc'>⁵</span> 
     </span>
    </p>
   </div>
   <div class='ocr_carea' id='block_1_61' title="bbox 247 2935 3743 3014">
    <p class='ocr_par' dir='ltr' id='par_1_61' title="bbox 247 2935 3743 3014">
     <span class='ocr_line' id='line_1_61' title="bbox 247 2935 3743 3014; baseline 0.003 -26"><span class='ocrx_word' id='word_1_388' title='bbox 247 2935 379 2988; x_wconf 60' lang='lat' dir='ltr'>lana</span> <span class='ocrx_word' id='word_1_389' title='bbox 421 2938 797 3003; x_wconf 87' lang='lat' dir='ltr'>nuntiaverat,</span> <span class='ocrx_word' id='word_1_390' title='bbox 827 2953 897 2991; x_wconf 93' lang='lat' dir='ltr'>ne</span> <span class='ocrx_word' id='word_1_391' title='bbox 956 2939 1312 3007; x_wconf 87' lang='lat' dir='ltr'>negligentes</span> <span class='ocrx_word' id='word_1_392' title='bbox 1372 2938 1596 3005; x_wconf 83' lang='lat' dir='ltr'>faceret,</span> <span class='ocrx_word' id='word_1_393' title='bbox 1629 2938 1943 2992; x_wconf 89' lang='lat' dir='ltr'>commina-</span> <span class='ocrx_word' id='word_1_394' title='bbox 1979 2938 2019 2991; x_wconf 85' lang='lat' dir='ltr'><strong>C</strong></span> <span class='ocrx_word' id='word_1_395' title='bbox 2127 2946 2444 2998; x_wconf 86' lang='lat' dir='ltr'>Mercenari.</span> <span class='ocrx_word' id='word_1_396' title='bbox 2479 2945 2603 3014; x_wconf 95' lang='lat'>(10.)</span> <span class='ocrx_word' id='word_1_397' title='bbox 2652 2945 2808 2998; x_wconf 84' lang='lat' dir='ltr'>Falsa</span> <span class='ocrx_word' id='word_1_398' title='bbox 2842 2944 3098 2999; x_wconf 88' lang='lat' dir='ltr'>doctrina</span> <span class='ocrx_word' id='word_1_399' title='bbox 3153 2945 3345 3000; x_wconf 90' lang='lat' dir='ltr'>omnia</span> <span class='ocrx_word' id='word_1_400' title='bbox 3400 2946 3543 3000; x_wconf 89' lang='lat' dir='ltr'>lucri</span> <span class='ocrx_word' id='word_1_401' title='bbox 3573 2962 3743 3001; x_wconf 87' lang='lat' dir='ltr'>causa</span> 
     </span>
    </p>
   </div>
   <div class='ocr_carea' id='block_1_62' title="bbox 251 3023 628 3077">
    <p class='ocr_par' dir='ltr' id='par_1_62' title="bbox 251 3023 628 3077">
     <span class='ocr_line' id='line_1_62' title="bbox 251 3023 628 3077; baseline 0.003 -1"><span class='ocrx_word' id='word_1_402' title='bbox 251 3023 405 3076; x_wconf 85' lang='lat' dir='ltr'>tione</span> <span class='ocrx_word' id='word_1_403' title='bbox 434 3029 628 3077; x_wconf 86' lang='lat' dir='ltr'>terret.</span> 
     </span>
    </p>
   </div>
   <div class='ocr_carea' id='block_1_63' title="bbox 322 3122 1945 3192">
    <p class='ocr_par' dir='ltr' id='par_1_63' title="bbox 322 3122 1945 3192">
     <span class='ocr_line' id='line_1_63' title="bbox 322 3122 1945 3192; baseline 0 -17"><span class='ocrx_word' id='word_1_404' title='bbox 322 3125 391 3175; x_wconf 87' lang='lat' dir='ltr'>Et</span> <span class='ocrx_word' id='word_1_405' title='bbox 420 3122 754 3187; x_wconf 82' lang='lat' dir='ltr'>indignatio.</span> <span class='ocrx_word' id='word_1_406' title='bbox 795 3123 913 3191; x_wconf 90' lang='lat'>(10.)</span> <span class='ocrx_word' id='word_1_407' title='bbox 957 3122 1167 3175; x_wconf 89' lang='lat' dir='ltr'>Contra</span> <span class='ocrx_word' id='word_1_408' title='bbox 1191 3123 1369 3175; x_wconf 89' lang='lat' dir='ltr'>Deum</span> <span class='ocrx_word' id='word_1_409' title='bbox 1416 3122 1475 3177; x_wconf 88' lang='lat' dir='ltr'>in</span> <span class='ocrx_word' id='word_1_410' title='bbox 1508 3124 1712 3177; x_wconf 68' lang='lat' dir='ltr'>coelum</span> <span class='ocrx_word' id='word_1_411' title='bbox 1752 3124 1945 3192; x_wconf 89' lang='lat' dir='ltr'>posuit</span> 
     </span>
    </p>
   </div>
   <div class='ocr_carea' id='block_1_64' title="bbox 250 3210 1943 3281">
    <p class='ocr_par' dir='ltr' id='par_1_64' title="bbox 250 3210 1943 3281">
     <span class='ocr_line' id='line_1_64' title="bbox 250 3210 1943 3281; baseline 0.001 -20"><span class='ocrx_word' id='word_1_412' title='bbox 250 3228 313 3263; x_wconf 86' lang='lat' dir='ltr'>os</span> <span class='ocrx_word' id='word_1_413' title='bbox 344 3226 508 3263; x_wconf 90' lang='lat' dir='ltr'>suum</span> <span class='ocrx_word' id='word_1_414' title='bbox 541 3210 835 3279; x_wconf 86' lang='lat' dir='ltr'>prophetis</span> <span class='ocrx_word' id='word_1_415' title='bbox 865 3210 1188 3263; x_wconf 89' lang='lat' dir='ltr'>detrahens.</span> <span class='ocrx_word' id='word_1_416' title='bbox 1224 3210 1370 3263; x_wconf 90' lang='lat' dir='ltr'>lllud</span> <span class='ocrx_word' id='word_1_417' title='bbox 1419 3211 1810 3281; x_wconf 87' lang='lat' dir='ltr'>evangelicum</span> <span class='ocrx_word' id='word_1_418' title='bbox 1836 3228 1943 3280; x_wconf 87' lang='lat' dir='ltr'>ap-</span> 
     </span>
    </p>
   </div>
   <div class='ocr_carea' id='block_1_65' title="bbox 250 3299 1942 3369">
    <p class='ocr_par' dir='ltr' id='par_1_65' title="bbox 250 3299 1942 3369">
     <span class='ocr_line' id='line_1_65' title="bbox 250 3299 1942 3369; baseline -0.001 -16"><span class='ocrx_word' id='word_1_419' title='bbox 250 3316 504 3369; x_wconf 86' lang='lat' dir='ltr'>ponens:</span> <span class='ocrx_word' id='word_1_420' title='bbox 542 3300 731 3353; x_wconf 83' lang='lat' dir='ltr'>Omnes</span> <span class='ocrx_word' id='word_1_421' title='bbox 762 3300 858 3366; x_wconf 88' lang='lat' dir='ltr'>qui</span> <span class='ocrx_word' id='word_1_422' title='bbox 886 3303 1142 3352; x_wconf 80' lang='lat' dir='ltr'>venerunt</span> <span class='ocrx_word' id='word_1_423' title='bbox 1170 3299 1242 3351; x_wconf 90' lang='lat' dir='ltr'>ad</span> <span class='ocrx_word' id='word_1_424' title='bbox 1273 3304 1321 3353; x_wconf 85' lang='lat' dir='ltr'>te</span> <span class='ocrx_word' id='word_1_425' title='bbox 1351 3305 1476 3353; x_wconf 85' lang='lat' dir='ltr'>ante</span> <span class='ocrx_word' id='word_1_426' title='bbox 1504 3316 1585 3352; x_wconf 87' lang='lat' dir='ltr'>me</span> <span class='ocrx_word' id='word_1_427' title='bbox 1613 3303 1763 3365; x_wconf 84' lang='lat' dir='ltr'>fures</span> <span class='ocrx_word' id='word_1_428' title='bbox 1822 3301 1942 3365; x_wconf 82' lang='lat' dir='ltr'>fue-</span> 
     </span>
    </p>
   </div>
   <div class='ocr_carea' id='block_1_66' title="bbox 249 3385 1940 3455">
    <p class='ocr_par' dir='ltr' id='par_1_66' title="bbox 249 3385 1940 3455">
     <span class='ocr_line' id='line_1_66' title="bbox 249 3385 1940 3455; baseline -0.001 -15"><span class='ocrx_word' id='word_1_429' title='bbox 249 3391 379 3441; x_wconf 87' lang='lat' dir='ltr'>runt</span> <span class='ocrx_word' id='word_1_430' title='bbox 400 3390 451 3440; x_wconf 86' lang='lat' dir='ltr'>et</span> <span class='ocrx_word' id='word_1_431' title='bbox 482 3387 733 3440; x_wconf 85' lang='lat' dir='ltr'>latrones.</span> <span class='ocrx_word' id='word_1_432' title='bbox 789 3385 1021 3455; x_wconf 85' lang='lat' dir='ltr'>Moysen</span> <span class='ocrx_word' id='word_1_433' title='bbox 1066 3390 1121 3439; x_wconf 90' lang='lat' dir='ltr'>et</span> <span class='ocrx_word' id='word_1_434' title='bbox 1173 3386 1344 3441; x_wconf 89' lang='lat' dir='ltr'>David</span> <span class='ocrx_word' id='word_1_435' title='bbox 1402 3386 1713 3440; x_wconf 88' lang='lat' dir='ltr'>homicidas</span> <span class='ocrx_word' id='word_1_436' title='bbox 1758 3390 1940 3451; x_wconf 83' lang='lat' dir='ltr'>vocat,</span> 
     </span>
    </p>
   </div>
   <div class='ocr_carea' id='block_1_67' title="bbox 248 3473 901 3541">
    <p class='ocr_par' dir='ltr' id='par_1_67' title="bbox 248 3473 901 3541">
     <span class='ocr_line' id='line_1_67' title="bbox 248 3473 901 3541; baseline 0 -14"><span class='ocrx_word' id='word_1_437' title='bbox 248 3476 419 3527; x_wconf 86' lang='lat' dir='ltr'>Josue</span> <span class='ocrx_word' id='word_1_438' title='bbox 446 3473 901 3541; x_wconf 87' lang='lat' dir='ltr'>sanguinarium.</span> 
     </span>
    </p>
   </div>
   <div class='ocr_carea' id='block_1_68' title="bbox 324 3561 1973 3627">
    <p class='ocr_par' dir='ltr' id='par_1_68' title="bbox 324 3561 1973 3627">
     <span class='ocr_line' id='line_1_68' title="bbox 324 3561 1973 3627; baseline -0.001 -11"><span class='ocrx_word' id='word_1_439' title='bbox 324 3564 486 3616; x_wconf 69' lang='lat' dir='ltr'>Vens.</span> <span class='ocrx_word' id='word_1_440' title='bbox 518 3567 570 3616; x_wconf 87' lang='grc'>7.</span> <span class='ocrx_word' id='word_1_441' title='bbox 602 3591 676 3603; x_wconf 93' lang='lat'><strong>—</strong></span> <span class='ocrx_word' id='word_1_442' title='bbox 710 3561 971 3616; x_wconf 85' lang='lat' dir='ltr'>Ululabit.</span> <span class='ocrx_word' id='word_1_443' title='bbox 1005 3561 1164 3616; x_wconf 81' lang='lat' dir='ltr'>Alter</span> <span class='ocrx_word' id='word_1_444' title='bbox 1215 3562 1285 3615; x_wconf 87' lang='lat' dir='ltr'>ad</span> <span class='ocrx_word' id='word_1_445' title='bbox 1312 3561 1578 3627; x_wconf 85' lang='lat' dir='ltr'>alterum,</span> <span class='ocrx_word' id='word_1_446' title='bbox 1612 3578 1811 3615; x_wconf 88' lang='lat' dir='ltr'>omnes</span> <span class='ocrx_word' id='word_1_447' title='bbox 1835 3561 1937 3615; x_wconf 87' lang='lat' dir='ltr'>sci-</span> <span class='ocrx_word' id='word_1_448' title='bbox 1964 3592 1973 3601; x_wconf 83' lang='lat'><strong><em>-</em></strong></span> 
     </span>
    </p>
   </div>
   <div class='ocr_carea' id='block_1_69' title="bbox 250 3649 1948 3720">
    <p class='ocr_par' dir='ltr' id='par_1_69' title="bbox 250 3649 1948 3720">
     <span class='ocr_line' id='line_1_69' title="bbox 250 3649 1948 3720; baseline -0.001 -16"><span class='ocrx_word' id='word_1_449' title='bbox 250 3652 380 3704; x_wconf 91' lang='lat' dir='ltr'>licet</span> <span class='ocrx_word' id='word_1_450' title='bbox 407 3650 803 3704; x_wconf 65' lang='lat' dir='ltr'>haereticorum</span> <span class='ocrx_word' id='word_1_451' title='bbox 836 3654 892 3703; x_wconf 89' lang='lat' dir='ltr'>et</span> <span class='ocrx_word' id='word_1_452' title='bbox 934 3649 1766 3720; x_wconf 88' lang='lat' dir='ltr'>philosophorumdiversitates</span> <span class='ocrx_word' id='word_1_453' title='bbox 1805 3664 1948 3703; x_wconf 92' lang='lat' dir='ltr'>con-</span> 
     </span>
    </p>
   </div>
   <div class='ocr_carea' id='block_1_70' title="bbox 249 3737 1167 3807">
    <p class='ocr_par' dir='ltr' id='par_1_70' title="bbox 249 3737 1167 3807">
     <span class='ocr_line' id='line_1_70' title="bbox 249 3737 1167 3807; baseline -0.003 -14"><span class='ocrx_word' id='word_1_454' title='bbox 249 3747 337 3793; x_wconf 91' lang='lat' dir='ltr'>tra</span> <span class='ocrx_word' id='word_1_455' title='bbox 379 3740 515 3792; x_wconf 90' lang='lat' dir='ltr'>sein</span> <span class='ocrx_word' id='word_1_456' title='bbox 550 3740 855 3792; x_wconf 88' lang='lat' dir='ltr'>tormentis</span> <span class='ocrx_word' id='word_1_457' title='bbox 884 3737 1167 3807; x_wconf 88' lang='lat' dir='ltr'>mugient.</span> 
     </span>
    </p>
   </div>
   <div class='ocr_carea' id='block_1_71' title="bbox 320 3824 1949 3897">
    <p class='ocr_par' dir='ltr' id='par_1_71' title="bbox 320 3824 1949 3897">
     <span class='ocr_line' id='line_1_71' title="bbox 320 3824 1949 3897; baseline -0.003 -15"><span class='ocrx_word' id='word_1_458' title='bbox 320 3830 494 3897; x_wconf 82' lang='lat' dir='ltr'>Super</span> <span class='ocrx_word' id='word_1_459' title='bbox 518 3843 716 3881; x_wconf 87' lang='lat' dir='ltr'>muros.</span> <span class='ocrx_word' id='word_1_460' title='bbox 754 3827 880 3880; x_wconf 81' lang='lat' dir='ltr'>Non</span> <span class='ocrx_word' id='word_1_461' title='bbox 921 3826 1230 3879; x_wconf 68' lang='lat' dir='ltr'>mditicatos</span> <span class='ocrx_word' id='word_1_462' title='bbox 1273 3825 1489 3895; x_wconf 88' lang='lat' dir='ltr'>quadro</span> <span class='ocrx_word' id='word_1_463' title='bbox 1551 3824 1760 3894; x_wconf 85' lang='lat' dir='ltr'>lapide,</span> <span class='ocrx_word' id='word_1_464' title='bbox 1805 3824 1949 3877; x_wconf 87' lang='lat' dir='ltr'>sicut</span> 
     </span>
    </p>
   </div>
   <div class='ocr_carea' id='block_1_72' title="bbox 248 3911 1949 3984">
    <p class='ocr_par' dir='ltr' id='par_1_72' title="bbox 248 3911 1949 3984">
     <span class='ocr_line' id='line_1_72' title="bbox 248 3911 1949 3984; baseline -0.002 -17"><span class='ocrx_word' id='word_1_465' title='bbox 248 3915 531 3984; x_wconf 69' lang='lat' dir='ltr'>templum</span> <span class='ocrx_word' id='word_1_466' title='bbox 561 3914 659 3968; x_wconf 91' lang='lat' dir='ltr'>Dei</span> <span class='ocrx_word' id='word_1_467' title='bbox 692 3918 841 3980; x_wconf 89' lang='lat' dir='ltr'>sunt,</span> <span class='ocrx_word' id='word_1_468' title='bbox 884 3913 941 3965; x_wconf 87' lang='lat' dir='ltr'>in</span> <span class='ocrx_word' id='word_1_469' title='bbox 975 3928 1088 3983; x_wconf 90' lang='lat' dir='ltr'>quo</span> <span class='ocrx_word' id='word_1_470' title='bbox 1140 3912 1219 3964; x_wconf 89' lang='lat' dir='ltr'>sic</span> <span class='ocrx_word' id='word_1_471' title='bbox 1270 3911 1487 3981; x_wconf 88' lang='lat' dir='ltr'>lapides</span> <span class='ocrx_word' id='word_1_472' title='bbox 1516 3911 1698 3982; x_wconf 86' lang='lat' dir='ltr'>politi,</span> <span class='ocrx_word' id='word_1_473' title='bbox 1735 3915 1798 3964; x_wconf 88' lang='lat' dir='ltr'>ut</span> <span class='ocrx_word' id='word_1_474' title='bbox 1845 3926 1949 3963; x_wconf 91' lang='lat' dir='ltr'>nec</span> 
     </span>
    </p>
   </div>
   <div class='ocr_carea' id='block_1_73' title="bbox 254 4000 1264 4067">
    <p class='ocr_par' dir='ltr' id='par_1_73' title="bbox 254 4000 1264 4067">
     <span class='ocr_line' id='line_1_73' title="bbox 254 4000 1264 4067; baseline -0.004 -10"><span class='ocrx_word' id='word_1_475' title='bbox 254 4003 493 4057; x_wconf 74' lang='lat' dir='ltr'>malleus</span> <span class='ocrx_word' id='word_1_476' title='bbox 522 4002 750 4056; x_wconf 89' lang='lat' dir='ltr'>auditus</span> <span class='ocrx_word' id='word_1_477' title='bbox 781 4001 873 4067; x_wconf 82' lang='lat' dir='ltr'>sit,</span> <span class='ocrx_word' id='word_1_478' title='bbox 906 4016 1011 4054; x_wconf 91' lang='lat' dir='ltr'>nec</span> <span class='ocrx_word' id='word_1_479' title='bbox 1033 4000 1264 4054; x_wconf 87' lang='lat' dir='ltr'>securis.</span> 
     </span>
    </p>
   </div>
   <div class='ocr_carea' id='block_1_74' title="bbox 324 4087 1947 4157">
    <p class='ocr_par' dir='ltr' id='par_1_74' title="bbox 324 4087 1947 4157">
     <span class='ocr_line' id='line_1_74' title="bbox 324 4087 1947 4157; baseline -0.001 -14"><span class='ocrx_word' id='word_1_480' title='bbox 324 4093 480 4144; x_wconf 71' lang='lat' dir='ltr'>Vens.</span> <span class='ocrx_word' id='word_1_481' title='bbox 519 4094 569 4146; x_wconf 91' lang='lat'>8.</span> <span class='ocrx_word' id='word_1_482' title='bbox 601 4122 666 4130; x_wconf 87' lang='lat'><strong>-—</strong></span> <span class='ocrx_word' id='word_1_483' title='bbox 715 4091 1037 4145; x_wconf 85' lang='lat' dir='ltr'>Suburbana</span> <span class='ocrx_word' id='word_1_484' title='bbox 1084 4089 1341 4143; x_wconf 84' lang='lat' dir='ltr'>Hesebon.</span> <span class='ocrx_word' id='word_1_485' title='bbox 1385 4089 1593 4142; x_wconf 87' lang='lat' dir='ltr'>Omnes</span> <span class='ocrx_word' id='word_1_486' title='bbox 1651 4087 1947 4157; x_wconf 86' lang='lat' dir='ltr'>cogitatio-</span> 
     </span>
    </p>
   </div>
   <div class='ocr_carea' id='block_1_75' title="bbox 250 4177 2019 4265">
    <p class='ocr_par' dir='ltr' id='par_1_75' title="bbox 250 4177 2019 4265">
     <span class='ocr_line' id='line_1_75' title="bbox 250 4177 2019 4265; baseline -0.001 -34"><span class='ocrx_word' id='word_1_487' title='bbox 250 4196 351 4232; x_wconf 85' lang='lat' dir='ltr'>nes</span> <span class='ocrx_word' id='word_1_488' title='bbox 382 4194 579 4231; x_wconf 88' lang='lat' dir='ltr'>eorum</span> <span class='ocrx_word' id='word_1_489' title='bbox 625 4180 790 4249; x_wconf 90' lang='lat' dir='ltr'>(quod</span> <span class='ocrx_word' id='word_1_490' title='bbox 849 4179 1130 4249; x_wconf 79' lang='lat' dir='ltr'>significat</span> <span class='ocrx_word' id='word_1_491' title='bbox 1183 4177 1454 4244; x_wconf 80' lang='lat' dir='ltr'>liesebon)</span> <span class='ocrx_word' id='word_1_492' title='bbox 1499 4192 1612 4229; x_wconf 91' lang='lat' dir='ltr'>non</span> <span class='ocrx_word' id='word_1_493' title='bbox 1662 4177 1951 4245; x_wconf 88' lang='lat' dir='ltr'>pertinent</span> <span class='ocrx_word' id='word_1_494' title='bbox 1978 4213 2019 4265; x_wconf 69' lang='grc' dir='ltr'>Ι)</span> 
     </span>
    </p>
   </div>
   <div class='ocr_carea' id='block_1_76' title="bbox 251 4263 1950 4337">
    <p class='ocr_par' dir='ltr' id='par_1_76' title="bbox 251 4263 1950 4337">
     <span class='ocr_line' id='line_1_76' title="bbox 251 4263 1950 4337; baseline -0.001 -16"><span class='ocrx_word' id='word_1_495' title='bbox 251 4269 320 4321; x_wconf 90' lang='lat' dir='ltr'>ad</span> <span class='ocrx_word' id='word_1_496' title='bbox 346 4267 632 4321; x_wconf 88' lang='lat' dir='ltr'>civitatem</span> <span class='ocrx_word' id='word_1_497' title='bbox 667 4269 765 4321; x_wconf 86' lang='lat' dir='ltr'>Dei</span> <span class='ocrx_word' id='word_1_498' title='bbox 796 4288 810 4333; x_wconf 86' lang='lat'><strong>;</strong></span> <span class='ocrx_word' id='word_1_499' title='bbox 842 4268 910 4321; x_wconf 88' lang='lat' dir='ltr'>de</span> <span class='ocrx_word' id='word_1_500' title='bbox 939 4283 1052 4337; x_wconf 89' lang='lat' dir='ltr'>qua</span> <span class='ocrx_word' id='word_1_501' title='bbox 1087 4284 1099 4320; x_wconf 90' lang='lat'>:</span> <span class='ocrx_word' id='word_1_502' title='bbox 1131 4267 1394 4320; x_wconf 83' lang='lat' dir='ltr'>Fluminis</span> <span class='ocrx_word' id='word_1_503' title='bbox 1423 4263 1653 4334; x_wconf 86' lang='lat' dir='ltr'>impetus</span> <span class='ocrx_word' id='word_1_504' title='bbox 1715 4266 1950 4333; x_wconf 68' lang='lat' dir='ltr'>laetiﬁcat</span> 
     </span>
    </p>
   </div>
   <div class='ocr_carea' id='block_1_77' title="bbox 253 4353 1953 4424">
    <p class='ocr_par' dir='ltr' id='par_1_77' title="bbox 253 4353 1953 4424">
     <span class='ocr_line' id='line_1_77' title="bbox 253 4353 1953 4424; baseline 0 -19"><span class='ocrx_word' id='word_1_505' title='bbox 253 4357 529 4408; x_wconf 81' lang='lat' dir='ltr'>civitatem</span> <span class='ocrx_word' id='word_1_506' title='bbox 590 4358 681 4409; x_wconf 89' lang='lat' dir='ltr'>Dei</span> <span class='ocrx_word' id='word_1_507' title='bbox 730 4356 890 4424; x_wconf 75' lang='lat' dir='ltr'>(Psal.</span> <span class='ocrx_word' id='word_1_508' title='bbox 960 4359 1084 4420; x_wconf 76' lang='lat' dir='ltr'>va)</span> <span class='ocrx_word' id='word_1_509' title='bbox 1121 4370 1132 4420; x_wconf 92' lang='lat'>;</span> <span class='ocrx_word' id='word_1_510' title='bbox 1170 4354 1266 4407; x_wconf 92' lang='lat' dir='ltr'>sed</span> <span class='ocrx_word' id='word_1_511' title='bbox 1336 4353 1664 4407; x_wconf 86' lang='lat' dir='ltr'>suburbana</span> <span class='ocrx_word' id='word_1_512' title='bbox 1709 4358 1860 4418; x_wconf 89' lang='lat' dir='ltr'>sunt,</span> <span class='ocrx_word' id='word_1_513' title='bbox 1888 4356 1953 4405; x_wconf 88' lang='lat' dir='ltr'>ut</span> 
     </span>
    </p>
   </div>
   <div class='ocr_carea' id='block_1_78' title="bbox 255 4442 1485 4514">
    <p class='ocr_par' dir='ltr' id='par_1_78' title="bbox 255 4442 1485 4514">
     <span class='ocr_line' id='line_1_78' title="bbox 255 4442 1485 4514; baseline -0.003 -17"><span class='ocrx_word' id='word_1_514' title='bbox 255 4445 328 4499; x_wconf 89' lang='lat' dir='ltr'>ad</span> <span class='ocrx_word' id='word_1_515' title='bbox 355 4444 553 4497; x_wconf 87' lang='lat' dir='ltr'>urbem</span> <span class='ocrx_word' id='word_1_516' title='bbox 589 4443 817 4497; x_wconf 87' lang='lat' dir='ltr'>Domini</span> <span class='ocrx_word' id='word_1_517' title='bbox 848 4443 1133 4514; x_wconf 88' lang='lat' dir='ltr'>pertinere</span> <span class='ocrx_word' id='word_1_518' title='bbox 1160 4442 1485 4495; x_wconf 83' lang='lat' dir='ltr'>credantur.</span> 
     </span>
    </p>
   </div>
   <div class='ocr_carea' id='block_1_79' title="bbox 326 4528 1953 4597">
    <p class='ocr_par' dir='ltr' id='par_1_79' title="bbox 326 4528 1953 4597">
     <span class='ocr_line' id='line_1_79' title="bbox 326 4528 1953 4597; baseline -0.004 -9"><span class='ocrx_word' id='word_1_519' title='bbox 326 4533 583 4588; x_wconf 89' lang='lat' dir='ltr'>Sabama.</span> <span class='ocrx_word' id='word_1_520' title='bbox 617 4532 892 4586; x_wconf 82' lang='lat' dir='ltr'>Attollens</span> <span class='ocrx_word' id='word_1_521' title='bbox 921 4530 1303 4595; x_wconf 89' lang='lat' dir='ltr'>altitudinem,</span> <span class='ocrx_word' id='word_1_522' title='bbox 1358 4534 1484 4594; x_wconf 89' lang='lat' dir='ltr'>etc.,</span> <span class='ocrx_word' id='word_1_523' title='bbox 1534 4544 1703 4597; x_wconf 87' lang='lat' dir='ltr'>usque</span> <span class='ocrx_word' id='word_1_524' title='bbox 1732 4528 1805 4581; x_wconf 87' lang='lat' dir='ltr'>ad</span> <span class='ocrx_word' id='word_1_525' title='bbox 1848 4529 1953 4581; x_wconf 87' lang='lat' dir='ltr'>Do-</span> 
     </span>
    </p>
   </div>
   <div class='ocr_carea' id='block_1_80' title="bbox 256 4615 1955 4691">
    <p class='ocr_par' dir='ltr' id='par_1_80' title="bbox 256 4615 1955 4691">
     <span class='ocr_line' id='line_1_80' title="bbox 256 4615 1955 4691; baseline -0.004 -17"><span class='ocrx_word' id='word_1_526' title='bbox 256 4621 400 4675; x_wconf 91' lang='lat' dir='ltr'>mini</span> <span class='ocrx_word' id='word_1_527' title='bbox 429 4638 561 4691; x_wconf 87' lang='lat' dir='ltr'>ergo</span> <span class='ocrx_word' id='word_1_528' title='bbox 603 4622 857 4689; x_wconf 89' lang='lat' dir='ltr'>gentium</span> <span class='ocrx_word' id='word_1_529' title='bbox 909 4618 1151 4689; x_wconf 90' lang='lat' dir='ltr'>apostoli</span> <span class='ocrx_word' id='word_1_530' title='bbox 1208 4624 1264 4672; x_wconf 91' lang='lat' dir='ltr'>et</span> <span class='ocrx_word' id='word_1_531' title='bbox 1305 4616 1598 4687; x_wconf 89' lang='lat' dir='ltr'>apostolici</span> <span class='ocrx_word' id='word_1_532' title='bbox 1643 4615 1747 4669; x_wconf 90' lang='lat' dir='ltr'>viri</span> <span class='ocrx_word' id='word_1_533' title='bbox 1776 4616 1955 4669; x_wconf 82' lang='lat' dir='ltr'>vineae</span> 
     </span>
    </p>
   </div>
   <div class='ocr_carea' id='block_1_81' title="bbox 250 4706 1128 4776">
    <p class='ocr_par' dir='ltr' id='par_1_81' title="bbox 250 4706 1128 4776">
     <span class='ocr_line' id='line_1_81' title="bbox 250 4706 1128 4776; baseline -0.002 -14"><span class='ocrx_word' id='word_1_534' title='bbox 250 4709 498 4762; x_wconf 80' lang='lat' dir='ltr'>Sabama</span> <span class='ocrx_word' id='word_1_535' title='bbox 527 4707 856 4760; x_wconf 87' lang='lat' dir='ltr'>exciderunt</span> <span class='ocrx_word' id='word_1_536' title='bbox 888 4706 1128 4776; x_wconf 82' lang='lat' dir='ltr'>ﬂagella.</span> 
     </span>
    </p>
   </div>
   <div class='ocr_carea' id='block_1_82' title="bbox 326 4793 1955 4850">
    <p class='ocr_par' dir='ltr' id='par_1_82' title="bbox 326 4793 1955 4850">
     <span class='ocr_line' id='line_1_82' title="bbox 326 4793 1955 4850; baseline -0.002 -1"><span class='ocrx_word' id='word_1_537' title='bbox 326 4798 681 4850; x_wconf 84' lang='lat' dir='ltr'>Erraverunt.</span> <span class='ocrx_word' id='word_1_538' title='bbox 742 4795 1068 4848; x_wconf 86' lang='lat' dir='ltr'>Lustrantes</span> <span class='ocrx_word' id='word_1_539' title='bbox 1116 4794 1441 4847; x_wconf 86' lang='lat' dir='ltr'>universam</span> <span class='ocrx_word' id='word_1_540' title='bbox 1499 4797 1707 4846; x_wconf 88' lang='lat' dir='ltr'>terram</span> <span class='ocrx_word' id='word_1_541' title='bbox 1773 4793 1955 4848; x_wconf 85' lang='lat' dir='ltr'>Moab.</span> 
     </span>
    </p>
   </div>
   <div class='ocr_carea' id='block_1_83' title="bbox 326 4881 1958 4953">
    <p class='ocr_par' dir='ltr' id='par_1_83' title="bbox 326 4881 1958 4953">
     <span class='ocr_line' id='line_1_83' title="bbox 326 4881 1958 4953; baseline -0.002 -14"><span class='ocrx_word' id='word_1_542' title='bbox 326 4886 393 4939; x_wconf 86' lang='lat' dir='ltr'>In</span> <span class='ocrx_word' id='word_1_543' title='bbox 426 4884 651 4936; x_wconf 68' lang='lat' dir='ltr'>deserto.</span> <span class='ocrx_word' id='word_1_544' title='bbox 690 4884 757 4937; x_wconf 89' lang='lat' dir='ltr'>Ut</span> <span class='ocrx_word' id='word_1_545' title='bbox 794 4883 1026 4937; x_wconf 86' lang='lat' dir='ltr'>tandem</span> <span class='ocrx_word' id='word_1_546' title='bbox 1078 4899 1222 4953; x_wconf 90' lang='lat' dir='ltr'>quos</span> <span class='ocrx_word' id='word_1_547' title='bbox 1277 4882 1682 4943; x_wconf 84' lang='lat' dir='ltr'>interﬁcerent,</span> <span class='ocrx_word' id='word_1_548' title='bbox 1718 4897 1829 4935; x_wconf 87' lang='lat' dir='ltr'>non</span> <span class='ocrx_word' id='word_1_549' title='bbox 1862 4881 1958 4935; x_wconf 85' lang='lat' dir='ltr'>ha-</span> 
     </span>
    </p>
   </div>
   <div class='ocr_carea' id='block_1_84' title="bbox 252 4974 479 5027">
    <p class='ocr_par' dir='ltr' id='par_1_84' title="bbox 252 4974 479 5027">
     <span class='ocr_line' id='line_1_84' title="bbox 252 4974 479 5027; baseline -0.009 0"><span class='ocrx_word' id='word_1_550' title='bbox 252 4974 479 5027; x_wconf 81' lang='lat' dir='ltr'>herent.</span> 
     </span>
    </p>
   </div>
   <div class='ocr_carea' id='block_1_85' title="bbox 331 5057 1718 5131">
    <p class='ocr_par' dir='ltr' id='par_1_85' title="bbox 331 5057 1718 5131">
     <span class='ocr_line' id='line_1_85' title="bbox 331 5057 1718 5131; baseline -0.002 -17"><span class='ocrx_word' id='word_1_551' title='bbox 331 5064 682 5129; x_wconf 83' lang='lat' dir='ltr'>Propagines.</span> <span class='ocrx_word' id='word_1_552' title='bbox 711 5059 1096 5131; x_wconf 87' lang='lat' dir='ltr'>Metaphoram</span> <span class='ocrx_word' id='word_1_553' title='bbox 1123 5059 1303 5113; x_wconf 81' lang='lat' dir='ltr'>vineae</span> <span class='ocrx_word' id='word_1_554' title='bbox 1332 5057 1718 5129; x_wconf 87' lang='lat' dir='ltr'>prosequitur.</span> 
     </span>
    </p>
   </div>
   <div class='ocr_carea' id='block_1_86' title="bbox 334 5145 1963 5218">
    <p class='ocr_par' dir='ltr' id='par_1_86' title="bbox 334 5145 1963 5218">
     <span class='ocr_line' id='line_1_86' title="bbox 334 5145 1963 5218; baseline -0.001 -16"><span class='ocrx_word' id='word_1_555' title='bbox 334 5152 692 5203; x_wconf 86' lang='lat' dir='ltr'>Transierunt</span> <span class='ocrx_word' id='word_1_556' title='bbox 723 5166 887 5203; x_wconf 88' lang='lat' dir='ltr'>mare.</span> <span class='ocrx_word' id='word_1_557' title='bbox 932 5148 1057 5218; x_wconf 87' lang='lat'>(10.)</span> <span class='ocrx_word' id='word_1_558' title='bbox 1094 5149 1159 5201; x_wconf 90' lang='lat' dir='ltr'>Ut</span> <span class='ocrx_word' id='word_1_559' title='bbox 1192 5147 1475 5201; x_wconf 90' lang='lat' dir='ltr'>mirabilia</span> <span class='ocrx_word' id='word_1_560' title='bbox 1528 5146 1759 5201; x_wconf 91' lang='lat' dir='ltr'>Domini</span> <span class='ocrx_word' id='word_1_561' title='bbox 1798 5145 1963 5201; x_wconf 87' lang='lat' dir='ltr'>vide—</span> 
     </span>
    </p>
   </div>
   <div class='ocr_carea' id='block_1_87' title="bbox 256 5234 1713 5308">
    <p class='ocr_par' dir='ltr' id='par_1_87' title="bbox 256 5234 1713 5308">
     <span class='ocr_line' id='line_1_87' title="bbox 256 5234 1713 5308; baseline -0.003 -17"><span class='ocrx_word' id='word_1_562' title='bbox 256 5242 395 5292; x_wconf 86' lang='lat' dir='ltr'>rent</span> <span class='ocrx_word' id='word_1_563' title='bbox 420 5238 477 5291; x_wconf 90' lang='lat' dir='ltr'>in</span> <span class='ocrx_word' id='word_1_564' title='bbox 510 5238 799 5308; x_wconf 84' lang='lat' dir='ltr'>profundo</span> <span class='ocrx_word' id='word_1_565' title='bbox 822 5237 1206 5291; x_wconf 86' lang='lat' dir='ltr'>tentationum</span> <span class='ocrx_word' id='word_1_566' title='bbox 1241 5237 1466 5290; x_wconf 90' lang='lat' dir='ltr'>liberati</span> <span class='ocrx_word' id='word_1_567' title='bbox 1515 5252 1581 5289; x_wconf 82' lang='lat' dir='ltr'>ex</span> <span class='ocrx_word' id='word_1_568' title='bbox 1613 5234 1713 5288; x_wconf 89' lang='lat' dir='ltr'>eis.</span> 
     </span>
    </p>
   </div>
   <div class='ocr_carea' id='block_1_88' title="bbox 341 5322 1966 5392">
    <p class='ocr_par' dir='ltr' id='par_1_88' title="bbox 341 5322 1966 5392">
     <span class='ocr_line' id='line_1_88' title="bbox 341 5322 1966 5392; baseline 0.001 -14"><span class='ocrx_word' id='word_1_569' title='bbox 341 5326 499 5379; x_wconf 73' lang='lat' dir='ltr'>Vens.</span> <span class='ocrx_word' id='word_1_570' title='bbox 533 5330 584 5380; x_wconf 80' lang='lat'>9.</span> <span class='ocrx_word' id='word_1_571' title='bbox 632 5356 702 5365; x_wconf 97' lang='lat'><strong>—</strong></span> <span class='ocrx_word' id='word_1_572' title='bbox 751 5328 1012 5381; x_wconf 80' lang='lat' dir='ltr'>Vineam:</span> <span class='ocrx_word' id='word_1_573' title='bbox 1060 5326 1235 5379; x_wconf 89' lang='lat' dir='ltr'>Vinea</span> <span class='ocrx_word' id='word_1_574' title='bbox 1278 5325 1458 5392; x_wconf 82' lang='lat' dir='ltr'>Moab,</span> <span class='ocrx_word' id='word_1_575' title='bbox 1510 5341 1575 5378; x_wconf 83' lang='lat' dir='ltr'>ex</span> <span class='ocrx_word' id='word_1_576' title='bbox 1616 5322 1825 5378; x_wconf 86' lang='lat' dir='ltr'>vicinia</span> <span class='ocrx_word' id='word_1_577' title='bbox 1854 5324 1966 5379; x_wconf 91' lang='lat' dir='ltr'>loci</span> 
     </span>
    </p>
   </div>
   <div class='ocr_carea' id='block_1_89' title="bbox 261 5414 1041 5484">
    <p class='ocr_par' dir='ltr' id='par_1_89' title="bbox 261 5414 1041 5484">
     <span class='ocr_line' id='line_1_89' title="bbox 261 5414 1041 5484; baseline 0 -17"><span class='ocrx_word' id='word_1_578' title='bbox 261 5414 402 5468; x_wconf 89' lang='lat' dir='ltr'>talis</span> <span class='ocrx_word' id='word_1_579' title='bbox 430 5420 534 5482; x_wconf 89' lang='lat' dir='ltr'>est,</span> <span class='ocrx_word' id='word_1_580' title='bbox 560 5414 746 5484; x_wconf 88' lang='lat' dir='ltr'>qualis</span> <span class='ocrx_word' id='word_1_581' title='bbox 775 5414 1041 5469; x_wconf 90' lang='lat' dir='ltr'>Sodoma.</span> 
     </span>
    </p>
   </div>
   <div class='ocr_carea' id='block_1_90' title="bbox 341 5501 1967 5565">
    <p class='ocr_par' dir='ltr' id='par_1_90' title="bbox 341 5501 1967 5565">
     <span class='ocr_line' id='line_1_90' title="bbox 341 5501 1967 5565; baseline -0.002 -6"><span class='ocrx_word' id='word_1_582' title='bbox 341 5502 606 5559; x_wconf 76' lang='lat' dir='ltr'>Sabama.</span> <span class='ocrx_word' id='word_1_583' title='bbox 661 5502 768 5565; x_wconf 87' lang='lat' dir='ltr'>Qui</span> <span class='ocrx_word' id='word_1_584' title='bbox 839 5519 897 5558; x_wconf 88' lang='lat' dir='ltr'>se</span> <span class='ocrx_word' id='word_1_585' title='bbox 948 5503 1166 5557; x_wconf 83' lang='lat' dir='ltr'>extollit</span> <span class='ocrx_word' id='word_1_586' title='bbox 1206 5506 1406 5557; x_wconf 85' lang='lat' dir='ltr'>contra</span> <span class='ocrx_word' id='word_1_587' title='bbox 1470 5501 1809 5556; x_wconf 86' lang='lat' dir='ltr'>sententiam</span> <span class='ocrx_word' id='word_1_588' title='bbox 1867 5502 1967 5556; x_wconf 92' lang='lat' dir='ltr'>Dei</span> 
     </span>
    </p>
   </div>
   <div class='ocr_carea' id='block_1_91' title="bbox 601 5609 1140 5675">
    <p class='ocr_par' dir='ltr' id='par_1_91' title="bbox 601 5609 1140 5675">
     <span class='ocr_line' id='line_1_91' title="bbox 601 5609 1140 5675; baseline 0 -2"><span class='ocrx_word' id='word_1_589' title='bbox 601 5609 873 5675; x_wconf 74' lang='lat' dir='ltr'>PATROL.</span> <span class='ocrx_word' id='word_1_590' title='bbox 929 5610 1140 5675; x_wconf 82' lang='lat' dir='ltr'>CXIII.</span> 
     </span>
    </p>
   </div>
   <div class='ocr_carea' id='block_1_92' title="bbox 2053 3032 3749 3106">
    <p class='ocr_par' dir='ltr' id='par_1_92' title="bbox 2053 3032 3749 3106">
     <span class='ocr_line' id='line_1_92' title="bbox 2053 3032 3749 3106; baseline 0.001 -20"><span class='ocrx_word' id='word_1_591' title='bbox 2053 3033 2205 3099; x_wconf 84' lang='lat' dir='ltr'>facit,</span> <span class='ocrx_word' id='word_1_592' title='bbox 2241 3038 2370 3099; x_wconf 91' lang='lat' dir='ltr'>etc.,</span> <span class='ocrx_word' id='word_1_593' title='bbox 2402 3047 2571 3101; x_wconf 86' lang='lat' dir='ltr'>usque</span> <span class='ocrx_word' id='word_1_594' title='bbox 2592 3032 2666 3086; x_wconf 87' lang='lat' dir='ltr'>ad</span> <span class='ocrx_word' id='word_1_595' title='bbox 2694 3033 2875 3087; x_wconf 89' lang='lat' dir='ltr'>levius</span> <span class='ocrx_word' id='word_1_596' title='bbox 2919 3040 3211 3103; x_wconf 88' lang='lat' dir='ltr'>peccatum</span> <span class='ocrx_word' id='word_1_597' title='bbox 3246 3040 3331 3090; x_wconf 90' lang='lat' dir='ltr'>est</span> <span class='ocrx_word' id='word_1_598' title='bbox 3373 3040 3568 3106; x_wconf 89' lang='lat' dir='ltr'>aperte</span> <span class='ocrx_word' id='word_1_599' title='bbox 3619 3051 3749 3105; x_wconf 87' lang='lat' dir='ltr'>pec-</span> 
     </span>
    </p>
   </div>
   <div class='ocr_carea' id='block_1_93' title="bbox 2053 3120 3091 3191">
    <p class='ocr_par' dir='ltr' id='par_1_93' title="bbox 2053 3120 3091 3191">
     <span class='ocr_line' id='line_1_93' title="bbox 2053 3120 3091 3191; baseline 0 -16"><span class='ocrx_word' id='word_1_600' title='bbox 2053 3137 2181 3175; x_wconf 89' lang='lat' dir='ltr'>care</span> <span class='ocrx_word' id='word_1_601' title='bbox 2208 3136 2379 3191; x_wconf 91' lang='lat' dir='ltr'>quam</span> <span class='ocrx_word' id='word_1_602' title='bbox 2412 3120 2768 3174; x_wconf 87' lang='lat' dir='ltr'>sanctitatem</span> <span class='ocrx_word' id='word_1_603' title='bbox 2801 3121 3091 3175; x_wconf 89' lang='lat' dir='ltr'>simulare.</span> 
     </span>
    </p>
   </div>
   <div class='ocr_carea' id='block_1_94' title="bbox 2716 3262 3138 3317">
    <p class='ocr_par' dir='ltr' id='par_1_94' title="bbox 2716 3262 3138 3317">
     <span class='ocr_line' id='line_1_94' title="bbox 2716 3262 3138 3317; baseline -0.007 -1"><span class='ocrx_word' id='word_1_604' title='bbox 2716 3262 2939 3317; x_wconf 77' lang='lat' dir='ltr'>CAPUT</span> <span class='ocrx_word' id='word_1_605' title='bbox 2977 3262 3138 3315; x_wconf 81' lang='lat' dir='ltr'>XVII.</span> 
     </span>
    </p>
   </div>
   <div class='ocr_carea' id='block_1_95' title="bbox 2128 3385 3753 3457">
    <p class='ocr_par' dir='ltr' id='par_1_95' title="bbox 2128 3385 3753 3457">
     <span class='ocr_line' id='line_1_95' title="bbox 2128 3385 3753 3457; baseline 0.002 -19"><span class='ocrx_word' id='word_1_606' title='bbox 2128 3387 2287 3439; x_wconf 76' lang='lat' dir='ltr'>Vens.</span> <span class='ocrx_word' id='word_1_607' title='bbox 2348 3388 2396 3439; x_wconf 80' lang='lat' dir='ltr'>t.</span> <span class='ocrx_word' id='word_1_608' title='bbox 2445 3416 2512 3423; x_wconf 87' lang='lat'>——</span> <span class='ocrx_word' id='word_1_609' title='bbox 2552 3385 2696 3440; x_wconf 87' lang='lat' dir='ltr'>Onus</span> <span class='ocrx_word' id='word_1_610' title='bbox 2754 3388 3025 3440; x_wconf 86' lang='lat' dir='ltr'>Damasci.</span> <span class='ocrx_word' id='word_1_611' title='bbox 3077 3388 3209 3440; x_wconf 86' lang='lat' dir='ltr'>Ecce</span> <span class='ocrx_word' id='word_1_612' title='bbox 3241 3386 3564 3441; x_wconf 86' lang='lat' dir='ltr'>Damascus.</span> <span class='ocrx_word' id='word_1_613' title='bbox 3627 3388 3753 3457; x_wconf 90' lang='lat'>(10.)</span> 
     </span>
    </p>
   </div>
   <div class='ocr_carea' id='block_1_96' title="bbox 2056 3473 3757 3546">
    <p class='ocr_par' dir='ltr' id='par_1_96' title="bbox 2056 3473 3757 3546">
     <span class='ocr_line' id='line_1_96' title="bbox 2056 3473 3757 3546; baseline 0.001 -18"><span class='ocrx_word' id='word_1_614' title='bbox 2056 3476 2360 3528; x_wconf 89' lang='lat' dir='ltr'>Damascus</span> <span class='ocrx_word' id='word_1_615' title='bbox 2400 3474 2735 3542; x_wconf 89' lang='lat' dir='ltr'>metropolis</span> <span class='ocrx_word' id='word_1_616' title='bbox 2780 3473 2976 3543; x_wconf 69' lang='lat' dir='ltr'>Syrize,</span> <span class='ocrx_word' id='word_1_617' title='bbox 3011 3480 3153 3540; x_wconf 92' lang='lat' dir='ltr'>etc.,</span> <span class='ocrx_word' id='word_1_618' title='bbox 3193 3490 3360 3542; x_wconf 85' lang='lat' dir='ltr'>usque</span> <span class='ocrx_word' id='word_1_619' title='bbox 3389 3474 3463 3528; x_wconf 89' lang='lat' dir='ltr'>ad</span> <span class='ocrx_word' id='word_1_620' title='bbox 3492 3475 3589 3530; x_wconf 91' lang='lat' dir='ltr'>sed</span> <span class='ocrx_word' id='word_1_621' title='bbox 3620 3476 3757 3546; x_wconf 90' lang='lat' dir='ltr'>quia</span> 
     </span>
    </p>
   </div>
   <div class='ocr_carea' id='block_1_97' title="bbox 2054 3562 3341 3633">
    <p class='ocr_par' dir='ltr' id='par_1_97' title="bbox 2054 3562 3341 3633">
     <span class='ocr_line' id='line_1_97' title="bbox 2054 3562 3341 3633; baseline 0 -17"><span class='ocrx_word' id='word_1_622' title='bbox 2054 3580 2166 3617; x_wconf 91' lang='lat' dir='ltr'>non</span> <span class='ocrx_word' id='word_1_623' title='bbox 2197 3566 2439 3633; x_wconf 88' lang='lat' dir='ltr'>egerunt</span> <span class='ocrx_word' id='word_1_624' title='bbox 2470 3563 2862 3631; x_wconf 84' lang='lat' dir='ltr'>paenitentiam</span> <span class='ocrx_word' id='word_1_625' title='bbox 2895 3562 3160 3631; x_wconf 73' lang='lat' dir='ltr'>captivati</span> <span class='ocrx_word' id='word_1_626' title='bbox 3189 3568 3341 3616; x_wconf 90' lang='lat' dir='ltr'>sunt.</span> 
     </span>
    </p>
   </div>
   <div class='ocr_carea' id='block_1_98' title="bbox 2127 3650 3757 3721">
    <p class='ocr_par' dir='ltr' id='par_1_98' title="bbox 2127 3650 3757 3721">
     <span class='ocr_line' id='line_1_98' title="bbox 2127 3650 3757 3721; baseline 0.002 -20"><span class='ocrx_word' id='word_1_627' title='bbox 2127 3651 2291 3703; x_wconf 77' lang='lat' dir='ltr'>Vaas.</span> <span class='ocrx_word' id='word_1_628' title='bbox 2360 3651 2411 3702; x_wconf 83' lang='lat'>2.</span> <span class='ocrx_word' id='word_1_629' title='bbox 2464 3679 2532 3688; x_wconf 89' lang='lat'>-—</span> <span class='ocrx_word' id='word_1_630' title='bbox 2575 3650 2747 3703; x_wconf 82' lang='lat' dir='ltr'>Aroer</span> <span class='ocrx_word' id='word_1_631' title='bbox 2789 3652 3062 3718; x_wconf 80' lang='lat' dir='ltr'>gregibus.</span> <span class='ocrx_word' id='word_1_632' title='bbox 3101 3650 3325 3719; x_wconf 84' lang='lat' dir='ltr'>Myrica,</span> <span class='ocrx_word' id='word_1_633' title='bbox 3376 3667 3505 3721; x_wconf 63' lang='lat' dir='ltr'>quae</span> <span class='ocrx_word' id='word_1_634' title='bbox 3552 3655 3635 3705; x_wconf 90' lang='lat' dir='ltr'>est</span> <span class='ocrx_word' id='word_1_635' title='bbox 3664 3667 3757 3705; x_wconf 85' lang='lat' dir='ltr'>ar-</span> 
     </span>
    </p>
   </div>
   <div class='ocr_carea' id='block_1_99' title="bbox 2054 3735 3756 3804">
    <p class='ocr_par' dir='ltr' id='par_1_99' title="bbox 2054 3735 3756 3804">
     <span class='ocr_line' id='line_1_99' title="bbox 2054 3735 3756 3804; baseline 0.001 -15"><span class='ocrx_word' id='word_1_636' title='bbox 2054 3737 2159 3789; x_wconf 88' lang='lat' dir='ltr'>bor</span> <span class='ocrx_word' id='word_1_637' title='bbox 2184 3735 2555 3799; x_wconf 81' lang='lat' dir='ltr'>infructuosa,</span> <span class='ocrx_word' id='word_1_638' title='bbox 2590 3752 2823 3788; x_wconf 90' lang='lat' dir='ltr'>nascens</span> <span class='ocrx_word' id='word_1_639' title='bbox 2866 3736 2923 3788; x_wconf 92' lang='lat' dir='ltr'>in</span> <span class='ocrx_word' id='word_1_640' title='bbox 2957 3736 3215 3801; x_wconf 87' lang='lat' dir='ltr'>desertis,</span> <span class='ocrx_word' id='word_1_641' title='bbox 3246 3742 3302 3789; x_wconf 88' lang='lat' dir='ltr'>et</span> <span class='ocrx_word' id='word_1_642' title='bbox 3355 3738 3568 3791; x_wconf 87' lang='lat' dir='ltr'>saxosis</span> <span class='ocrx_word' id='word_1_643' title='bbox 3595 3738 3756 3804; x_wconf 91' lang='lat' dir='ltr'>locis,</span> 
     </span>
    </p>
   </div>
   <div class='ocr_carea' id='block_1_100' title="bbox 2056 3822 3755 3895">
    <p class='ocr_par' dir='ltr' id='par_1_100' title="bbox 2056 3822 3755 3895">
     <span class='ocr_line' id='line_1_100' title="bbox 2056 3822 3755 3895; baseline 0.001 -19"><span class='ocrx_word' id='word_1_644' title='bbox 2056 3823 2216 3895; x_wconf 87' lang='lat' dir='ltr'>quasi</span> <span class='ocrx_word' id='word_1_645' title='bbox 2250 3822 2462 3876; x_wconf 88' lang='lat' dir='ltr'>diceret</span> <span class='ocrx_word' id='word_1_646' title='bbox 2493 3840 2504 3876; x_wconf 90' lang='lat'>:</span> <span class='ocrx_word' id='word_1_647' title='bbox 2558 3823 2765 3876; x_wconf 90' lang='lat' dir='ltr'>Omnes</span> <span class='ocrx_word' id='word_1_648' title='bbox 2808 3823 2928 3892; x_wconf 83' lang='lat' dir='ltr'>Syri</span> <span class='ocrx_word' id='word_1_649' title='bbox 2962 3823 3307 3877; x_wconf 85' lang='lat' dir='ltr'>infructuosi</span> <span class='ocrx_word' id='word_1_650' title='bbox 3355 3830 3521 3878; x_wconf 91' lang='lat' dir='ltr'>erunt</span> <span class='ocrx_word' id='word_1_651' title='bbox 3569 3831 3626 3879; x_wconf 90' lang='lat' dir='ltr'>et</span> <span class='ocrx_word' id='word_1_652' title='bbox 3656 3828 3755 3880; x_wconf 91' lang='lat' dir='ltr'>de-</span> 
     </span>
    </p>
   </div>
   <div class='ocr_carea' id='block_1_101' title="bbox 2059 3910 3757 3967">
    <p class='ocr_par' dir='ltr' id='par_1_101' title="bbox 2059 3910 3757 3967">
     <span class='ocr_line' id='line_1_101' title="bbox 2059 3910 3757 3967; baseline 0.001 -2"><span class='ocrx_word' id='word_1_653' title='bbox 2059 3910 2243 3965; x_wconf 89' lang='lat' dir='ltr'>solati.</span> <span class='ocrx_word' id='word_1_654' title='bbox 2303 3910 2413 3964; x_wconf 81' lang='lat' dir='ltr'>Alii</span> <span class='ocrx_word' id='word_1_655' title='bbox 2474 3910 2672 3964; x_wconf 88' lang='lat' dir='ltr'>dicunt</span> <span class='ocrx_word' id='word_1_656' title='bbox 2710 3925 2774 3962; x_wconf 84' lang='lat' dir='ltr'>ex</span> <span class='ocrx_word' id='word_1_657' title='bbox 2815 3910 2919 3963; x_wconf 89' lang='lat' dir='ltr'>hac</span> <span class='ocrx_word' id='word_1_658' title='bbox 2977 3910 3178 3964; x_wconf 92' lang='lat' dir='ltr'>arbore</span> <span class='ocrx_word' id='word_1_659' title='bbox 3212 3910 3487 3965; x_wconf 82' lang='lat' dir='ltr'>maleticis</span> <span class='ocrx_word' id='word_1_660' title='bbox 3540 3913 3757 3967; x_wconf 90' lang='lat' dir='ltr'>artibus</span> 
     </span>
    </p>
   </div>
   <div class='ocr_carea' id='block_1_102' title="bbox 2058 3999 2500 4053">
    <p class='ocr_par' dir='ltr' id='par_1_102' title="bbox 2058 3999 2500 4053">
     <span class='ocr_line' id='line_1_102' title="bbox 2058 3999 2500 4053; baseline -0.007 0"><span class='ocrx_word' id='word_1_661' title='bbox 2058 3999 2190 4053; x_wconf 91' lang='lat' dir='ltr'>odia</span> <span class='ocrx_word' id='word_1_662' title='bbox 2210 3999 2500 4053; x_wconf 91' lang='lat' dir='ltr'>concitari.</span> 
     </span>
    </p>
   </div>
   <div class='ocr_carea' id='block_1_103' title="bbox 2131 4088 3760 4159">
    <p class='ocr_par' dir='ltr' id='par_1_103' title="bbox 2131 4088 3760 4159">
     <span class='ocr_line' id='line_1_103' title="bbox 2131 4088 3760 4159; baseline 0.002 -21"><span class='ocrx_word' id='word_1_663' title='bbox 2131 4088 2287 4141; x_wconf 73' lang='lat' dir='ltr'>Vens.</span> <span class='ocrx_word' id='word_1_664' title='bbox 2324 4090 2374 4140; x_wconf 86' lang='lat'>3.</span> <span class='ocrx_word' id='word_1_665' title='bbox 2430 4117 2496 4124; x_wconf 95' lang='lat'><strong>—</strong></span> <span class='ocrx_word' id='word_1_666' title='bbox 2528 4089 2595 4139; x_wconf 85' lang='lat' dir='ltr'>Et</span> <span class='ocrx_word' id='word_1_667' title='bbox 2645 4101 2887 4153; x_wconf 85' lang='lat' dir='ltr'>regnum.</span> <span class='ocrx_word' id='word_1_668' title='bbox 2954 4088 3021 4141; x_wconf 91' lang='lat' dir='ltr'>Ut</span> <span class='ocrx_word' id='word_1_669' title='bbox 3050 4091 3346 4157; x_wconf 90' lang='lat' dir='ltr'>peccatum</span> <span class='ocrx_word' id='word_1_670' title='bbox 3391 4103 3505 4141; x_wconf 90' lang='lat' dir='ltr'>non</span> <span class='ocrx_word' id='word_1_671' title='bbox 3561 4092 3760 4159; x_wconf 88' lang='lat' dir='ltr'>regnet</span> 
     </span>
    </p>
   </div>
   <div class='ocr_carea' id='block_1_104' title="bbox 2061 4174 3264 4246">
    <p class='ocr_par' dir='ltr' id='par_1_104' title="bbox 2061 4174 3264 4246">
     <span class='ocr_line' id='line_1_104' title="bbox 2061 4174 3264 4246; baseline -0.001 -16"><span class='ocrx_word' id='word_1_672' title='bbox 2061 4176 2119 4230; x_wconf 92' lang='lat' dir='ltr'>in</span> <span class='ocrx_word' id='word_1_673' title='bbox 2148 4193 2232 4241; x_wconf 89' lang='lat' dir='ltr'>ea,</span> <span class='ocrx_word' id='word_1_674' title='bbox 2262 4191 2389 4246; x_wconf 84' lang='lat' dir='ltr'>quae</span> <span class='ocrx_word' id='word_1_675' title='bbox 2421 4175 2578 4243; x_wconf 86' lang='lat' dir='ltr'>prius</span> <span class='ocrx_word' id='word_1_676' title='bbox 2610 4174 2945 4244; x_wconf 89' lang='lat' dir='ltr'>sanguinem</span> <span class='ocrx_word' id='word_1_677' title='bbox 2974 4174 3264 4245; x_wconf 87' lang='lat' dir='ltr'>diligebat.</span> 
     </span>
    </p>
   </div>
   <div class='ocr_carea' id='block_1_105' title="bbox 2131 4262 3539 4334">
    <p class='ocr_par' dir='ltr' id='par_1_105' title="bbox 2131 4262 3539 4334">
     <span class='ocr_line' id='line_1_105' title="bbox 2131 4262 3539 4334; baseline -0.002 -14"><span class='ocrx_word' id='word_1_678' title='bbox 2131 4267 2390 4332; x_wconf 72' lang='lat' dir='ltr'>Reliquiae</span> <span class='ocrx_word' id='word_1_679' title='bbox 2439 4264 2635 4330; x_wconf 67' lang='lat' dir='ltr'>Syriae.</span> <span class='ocrx_word' id='word_1_680' title='bbox 2706 4262 2946 4329; x_wconf 88' lang='lat' dir='ltr'>lronice,</span> <span class='ocrx_word' id='word_1_681' title='bbox 3013 4281 3119 4334; x_wconf 91' lang='lat' dir='ltr'>pro</span> <span class='ocrx_word' id='word_1_682' title='bbox 3201 4263 3539 4334; x_wconf 88' lang='lat' dir='ltr'>ignominia,</span> 
     </span>
    </p>
   </div>
   <div class='ocr_carea' id='block_1_106' title="bbox 2059 4352 3447 4421">
    <p class='ocr_par' dir='ltr' id='par_1_106' title="bbox 2059 4352 3447 4421">
     <span class='ocr_line' id='line_1_106' title="bbox 2059 4352 3447 4421; baseline -0.002 -14"><span class='ocrx_word' id='word_1_683' title='bbox 2059 4368 2227 4421; x_wconf 86' lang='lat' dir='ltr'>usque</span> <span class='ocrx_word' id='word_1_684' title='bbox 2255 4352 2328 4405; x_wconf 89' lang='lat' dir='ltr'>ad</span> <span class='ocrx_word' id='word_1_685' title='bbox 2357 4352 2525 4404; x_wconf 85' lang='lat' dir='ltr'>ambo</span> <span class='ocrx_word' id='word_1_686' title='bbox 2558 4367 2695 4421; x_wconf 89' lang='lat' dir='ltr'>ergo</span> <span class='ocrx_word' id='word_1_687' title='bbox 2725 4352 2991 4421; x_wconf 84' lang='lat' dir='ltr'>captivati</span> <span class='ocrx_word' id='word_1_688' title='bbox 3040 4352 3447 4421; x_wconf 83' lang='lat' dir='ltr'>ignominiosa.</span> 
     </span>
    </p>
   </div>
   <div class='ocr_carea' id='block_1_107' title="bbox 2136 4440 3760 4511">
    <p class='ocr_par' dir='ltr' id='par_1_107' title="bbox 2136 4440 3760 4511">
     <span class='ocr_line' id='line_1_107' title="bbox 2136 4440 3760 4511; baseline 0 -18"><span class='ocrx_word' id='word_1_689' title='bbox 2136 4442 2303 4495; x_wconf 68' lang='lat' dir='ltr'>Vens.</span> <span class='ocrx_word' id='word_1_690' title='bbox 2338 4442 2390 4493; x_wconf 82' lang='grc'>4.</span> <span class='ocrx_word' id='word_1_691' title='bbox 2424 4470 2493 4479; x_wconf 91' lang='lat'>—-</span> <span class='ocrx_word' id='word_1_692' title='bbox 2523 4442 2589 4493; x_wconf 85' lang='lat' dir='ltr'>Et</span> <span class='ocrx_word' id='word_1_693' title='bbox 2622 4442 2724 4493; x_wconf 83' lang='lat' dir='ltr'>erit</span> <span class='ocrx_word' id='word_1_694' title='bbox 2755 4443 2811 4494; x_wconf 84' lang='lat' dir='ltr'>in</span> <span class='ocrx_word' id='word_1_695' title='bbox 2849 4441 2937 4494; x_wconf 83' lang='lat' dir='ltr'>die</span> <span class='ocrx_word' id='word_1_696' title='bbox 2983 4443 3101 4495; x_wconf 87' lang='lat' dir='ltr'>illa.</span> <span class='ocrx_word' id='word_1_697' title='bbox 3136 4442 3256 4511; x_wconf 90' lang='lat'>(10.)</span> <span class='ocrx_word' id='word_1_698' title='bbox 3298 4440 3439 4495; x_wconf 87' lang='lat' dir='ltr'>Cum</span> <span class='ocrx_word' id='word_1_699' title='bbox 3478 4440 3637 4511; x_wconf 85' lang='lat' dir='ltr'>Syria</span> <span class='ocrx_word' id='word_1_700' title='bbox 3668 4456 3760 4493; x_wconf 83' lang='lat' dir='ltr'>va-</span> 
     </span>
    </p>
   </div>
   <div class='ocr_carea' id='block_1_108' title="bbox 2062 4528 3765 4597">
    <p class='ocr_par' dir='ltr' id='par_1_108' title="bbox 2062 4528 3765 4597">
     <span class='ocr_line' id='line_1_108' title="bbox 2062 4528 3765 4597; baseline -0.001 -15"><span class='ocrx_word' id='word_1_701' title='bbox 2062 4534 2207 4583; x_wconf 89' lang='lat' dir='ltr'>stata</span> <span class='ocrx_word' id='word_1_702' title='bbox 2244 4529 2418 4583; x_wconf 84' lang='lat' dir='ltr'>fuerit</span> <span class='ocrx_word' id='word_1_703' title='bbox 2441 4528 2512 4581; x_wconf 82' lang='lat' dir='ltr'>ab</span> <span class='ocrx_word' id='word_1_704' title='bbox 2532 4528 2799 4597; x_wconf 82' lang='lat' dir='ltr'>Assyriis,</span> <span class='ocrx_word' id='word_1_705' title='bbox 2834 4535 3160 4597; x_wconf 84' lang='lat' dir='ltr'>etc.,usque</span> <span class='ocrx_word' id='word_1_706' title='bbox 3209 4529 3284 4581; x_wconf 87' lang='lat' dir='ltr'>ad</span> <span class='ocrx_word' id='word_1_707' title='bbox 3328 4528 3425 4582; x_wconf 90' lang='lat' dir='ltr'>alii</span> <span class='ocrx_word' id='word_1_708' title='bbox 3479 4528 3537 4583; x_wconf 92' lang='lat' dir='ltr'>in</span> <span class='ocrx_word' id='word_1_709' title='bbox 3593 4530 3765 4597; x_wconf 75' lang='lat' dir='ltr'>Cyre-</span> 
     </span>
    </p>
   </div>
   <div class='ocr_carea' id='block_1_109' title="bbox 2064 4616 3523 4688">
    <p class='ocr_par' dir='ltr' id='par_1_109' title="bbox 2064 4616 3523 4688">
     <span class='ocr_line' id='line_1_109' title="bbox 2064 4616 3523 4688; baseline 0 -16"><span class='ocrx_word' id='word_1_710' title='bbox 2064 4634 2195 4673; x_wconf 90' lang='lat' dir='ltr'>nem</span> <span class='ocrx_word' id='word_1_711' title='bbox 2224 4616 2504 4684; x_wconf 88' lang='lat' dir='ltr'>translati,</span> <span class='ocrx_word' id='word_1_712' title='bbox 2531 4633 2658 4687; x_wconf 67' lang='lat' dir='ltr'>qua:</span> <span class='ocrx_word' id='word_1_713' title='bbox 2693 4622 2779 4670; x_wconf 89' lang='lat' dir='ltr'>est</span> <span class='ocrx_word' id='word_1_714' title='bbox 2810 4617 2969 4687; x_wconf 91' lang='lat' dir='ltr'>regio</span> <span class='ocrx_word' id='word_1_715' title='bbox 3002 4619 3149 4671; x_wconf 89' lang='lat' dir='ltr'>ultra</span> <span class='ocrx_word' id='word_1_716' title='bbox 3196 4619 3523 4688; x_wconf 60' lang='lat' dir='ltr'>Egyptum.</span> 
     </span>
    </p>
   </div>
   <div class='ocr_carea' id='block_1_110' title="bbox 2128 4704 3765 4775">
    <p class='ocr_par' dir='ltr' id='par_1_110' title="bbox 2128 4704 3765 4775">
     <span class='ocr_line' id='line_1_110' title="bbox 2128 4704 3765 4775; baseline 0 -17"><span class='ocrx_word' id='word_1_717' title='bbox 2128 4707 2475 4759; x_wconf 86' lang='lat' dir='ltr'>Emarcescet.</span> <span class='ocrx_word' id='word_1_718' title='bbox 2542 4704 2667 4774; x_wconf 88' lang='lat'>(10.)</span> <span class='ocrx_word' id='word_1_719' title='bbox 2728 4704 2853 4758; x_wconf 86' lang='lat' dir='ltr'>Non</span> <span class='ocrx_word' id='word_1_720' title='bbox 2910 4704 3201 4759; x_wconf 90' lang='lat' dir='ltr'>habebunt</span> <span class='ocrx_word' id='word_1_721' title='bbox 3272 4705 3603 4775; x_wconf 84' lang='lat' dir='ltr'>prophetas,</span> <span class='ocrx_word' id='word_1_722' title='bbox 3661 4720 3765 4758; x_wconf 89' lang='lat' dir='ltr'>nec</span> 
     </span>
    </p>
   </div>
   <div class='ocr_carea' id='block_1_111' title="bbox 2066 4792 3763 4863">
    <p class='ocr_par' dir='ltr' id='par_1_111' title="bbox 2066 4792 3763 4863">
     <span class='ocr_line' id='line_1_111' title="bbox 2066 4792 3763 4863; baseline 0.001 -17"><span class='ocrx_word' id='word_1_723' title='bbox 2066 4794 2248 4863; x_wconf 87' lang='lat' dir='ltr'>signa,</span> <span class='ocrx_word' id='word_1_724' title='bbox 2292 4808 2397 4847; x_wconf 91' lang='lat' dir='ltr'>nec</span> <span class='ocrx_word' id='word_1_725' title='bbox 2418 4792 2676 4858; x_wconf 88' lang='lat' dir='ltr'>virtutes,</span> <span class='ocrx_word' id='word_1_726' title='bbox 2733 4808 2839 4847; x_wconf 89' lang='lat' dir='ltr'>nec</span> <span class='ocrx_word' id='word_1_727' title='bbox 2884 4808 3152 4863; x_wconf 90' lang='lat' dir='ltr'>regnum,</span> <span class='ocrx_word' id='word_1_728' title='bbox 3187 4809 3290 4848; x_wconf 89' lang='lat' dir='ltr'>nec</span> <span class='ocrx_word' id='word_1_729' title='bbox 3343 4795 3763 4863; x_wconf 89' lang='lat' dir='ltr'>sacerdotium;</span> 
     </span>
    </p>
   </div>
   <div class='ocr_carea' id='block_1_112' title="bbox 2067 4881 3175 4952">
    <p class='ocr_par' dir='ltr' id='par_1_112' title="bbox 2067 4881 3175 4952">
     <span class='ocr_line' id='line_1_112' title="bbox 2067 4881 3175 4952; baseline 0.003 -18"><span class='ocrx_word' id='word_1_730' title='bbox 2067 4882 2163 4936; x_wconf 89' lang='lat' dir='ltr'>sed</span> <span class='ocrx_word' id='word_1_731' title='bbox 2190 4898 2361 4935; x_wconf 91' lang='lat' dir='ltr'>omne</span> <span class='ocrx_word' id='word_1_732' title='bbox 2391 4898 2598 4951; x_wconf 90' lang='lat' dir='ltr'>corpus</span> <span class='ocrx_word' id='word_1_733' title='bbox 2625 4881 2812 4952; x_wconf 90' lang='lat' dir='ltr'>gentis</span> <span class='ocrx_word' id='word_1_734' title='bbox 2846 4886 3175 4937; x_wconf 88' lang='lat' dir='ltr'>marcescet.</span> 
     </span>
    </p>
   </div>
   <div class='ocr_carea' id='block_1_113' title="bbox 2143 4970 3765 5040">
    <p class='ocr_par' dir='ltr' id='par_1_113' title="bbox 2143 4970 3765 5040">
     <span class='ocr_line' id='line_1_113' title="bbox 2143 4970 3765 5040; baseline 0.001 -18"><span class='ocrx_word' id='word_1_735' title='bbox 2143 4970 2299 5024; x_wconf 76' lang='lat' dir='ltr'>Vens.</span> <span class='ocrx_word' id='word_1_736' title='bbox 2337 4972 2387 5025; x_wconf 81' lang='lat'>5.</span> <span class='ocrx_word' id='word_1_737' title='bbox 2416 5000 2480 5009; x_wconf 89' lang='lat'><strong>—</strong></span> <span class='ocrx_word' id='word_1_738' title='bbox 2518 4971 2585 5023; x_wconf 87' lang='lat' dir='ltr'>In</span> <span class='ocrx_word' id='word_1_739' title='bbox 2634 4984 2817 5025; x_wconf 87' lang='lat' dir='ltr'>messe.</span> <span class='ocrx_word' id='word_1_740' title='bbox 2856 4973 2932 5027; x_wconf 93' lang='lat' dir='ltr'>De</span> <span class='ocrx_word' id='word_1_741' title='bbox 2966 4970 3232 5040; x_wconf 88' lang='lat' dir='ltr'>gentibus</span> <span class='ocrx_word' id='word_1_742' title='bbox 3281 4971 3525 5025; x_wconf 89' lang='lat' dir='ltr'>dicitur:</span> <span class='ocrx_word' id='word_1_743' title='bbox 3579 4974 3765 5027; x_wconf 83' lang='lat' dir='ltr'>Messis</span> 
     </span>
    </p>
   </div>
   <div class='ocr_carea' id='block_1_114' title="bbox 2069 5058 3772 5129">
    <p class='ocr_par' dir='ltr' id='par_1_114' title="bbox 2069 5058 3772 5129">
     <span class='ocr_line' id='line_1_114' title="bbox 2069 5058 3772 5129; baseline -0.001 -17"><span class='ocrx_word' id='word_1_744' title='bbox 2069 5058 2287 5128; x_wconf 81' lang='lat' dir='ltr'>quidem</span> <span class='ocrx_word' id='word_1_745' title='bbox 2312 5059 2483 5112; x_wconf 90' lang='lat' dir='ltr'>multa</span> <span class='ocrx_word' id='word_1_746' title='bbox 2511 5062 2772 5127; x_wconf 82' lang='lat' dir='ltr'>operarii,</span> <span class='ocrx_word' id='word_1_747' title='bbox 2820 5065 2998 5114; x_wconf 89' lang='lat' dir='ltr'>autem</span> <span class='ocrx_word' id='word_1_748' title='bbox 3046 5062 3211 5129; x_wconf 81' lang='lat' dir='ltr'>pauci</span> <span class='ocrx_word' id='word_1_749' title='bbox 3258 5060 3483 5129; x_wconf 79' lang='lat' dir='ltr'>(Matth.</span> <span class='ocrx_word' id='word_1_750' title='bbox 3536 5059 3772 5129; x_wconf 81' lang='lat' dir='ltr'>ix.).1lli</span> 
     </span>
    </p>
   </div>
   <div class='ocr_carea' id='block_1_115' title="bbox 2070 5146 3776 5219">
    <p class='ocr_par' dir='ltr' id='par_1_115' title="bbox 2070 5146 3776 5219">
     <span class='ocr_line' id='line_1_115' title="bbox 2070 5146 3776 5219; baseline 0.002 -21"><span class='ocrx_word' id='word_1_751' title='bbox 2070 5164 2202 5201; x_wconf 79' lang='lat' dir='ltr'>vero</span> <span class='ocrx_word' id='word_1_752' title='bbox 2231 5162 2533 5217; x_wconf 89' lang='lat' dir='ltr'>pauperes,</span> <span class='ocrx_word' id='word_1_753' title='bbox 2596 5147 2792 5201; x_wconf 90' lang='lat' dir='ltr'>messis</span> <span class='ocrx_word' id='word_1_754' title='bbox 2840 5146 3112 5218; x_wconf 88' lang='lat' dir='ltr'>reliquias</span> <span class='ocrx_word' id='word_1_755' title='bbox 3164 5165 3294 5219; x_wconf 66' lang='lat' dir='ltr'>quae</span> <span class='ocrx_word' id='word_1_756' title='bbox 3340 5164 3446 5218; x_wconf 88' lang='lat' dir='ltr'>per</span> <span class='ocrx_word' id='word_1_757' title='bbox 3486 5148 3776 5218; x_wconf 88' lang='lat' dir='ltr'>apostolos</span> 
     </span>
    </p>
   </div>
   <div class='ocr_carea' id='block_1_116' title="bbox 2072 5236 3777 5308">
    <p class='ocr_par' dir='ltr' id='par_1_116' title="bbox 2072 5236 3777 5308">
     <span class='ocr_line' id='line_1_116' title="bbox 2072 5236 3777 5308; baseline 0.001 -20"><span class='ocrx_word' id='word_1_758' title='bbox 2072 5236 2299 5289; x_wconf 72' lang='lat' dir='ltr'>salvatee</span> <span class='ocrx_word' id='word_1_759' title='bbox 2332 5240 2483 5301; x_wconf 87' lang='lat' dir='ltr'>sunt,</span> <span class='ocrx_word' id='word_1_760' title='bbox 2544 5242 2602 5290; x_wconf 89' lang='lat' dir='ltr'>et</span> <span class='ocrx_word' id='word_1_761' title='bbox 2683 5236 3000 5290; x_wconf 87' lang='lat' dir='ltr'>rarissimas</span> <span class='ocrx_word' id='word_1_762' title='bbox 3054 5238 3235 5308; x_wconf 90' lang='lat' dir='ltr'>spicas</span> <span class='ocrx_word' id='word_1_763' title='bbox 3288 5237 3502 5306; x_wconf 91' lang='lat' dir='ltr'>legunt.</span> <span class='ocrx_word' id='word_1_764' title='bbox 3548 5238 3657 5291; x_wconf 86' lang='lat' dir='ltr'>Nec</span> <span class='ocrx_word' id='word_1_765' title='bbox 3717 5236 3777 5289; x_wconf 93' lang='lat' dir='ltr'>in</span> 
     </span>
    </p>
   </div>
   <div class='ocr_carea' id='block_1_117' title="bbox 2074 5324 3777 5396">
    <p class='ocr_par' dir='ltr' id='par_1_117' title="bbox 2074 5324 3777 5396">
     <span class='ocr_line' id='line_1_117' title="bbox 2074 5324 3777 5396; baseline 0 -19"><span class='ocrx_word' id='word_1_766' title='bbox 2074 5324 2385 5389; x_wconf 91' lang='lat' dir='ltr'>montibus,</span> <span class='ocrx_word' id='word_1_767' title='bbox 2415 5324 2515 5379; x_wconf 85' lang='lat' dir='ltr'>sed</span> <span class='ocrx_word' id='word_1_768' title='bbox 2545 5324 2606 5378; x_wconf 91' lang='lat' dir='ltr'>in</span> <span class='ocrx_word' id='word_1_769' title='bbox 2635 5325 2779 5379; x_wconf 88' lang='lat' dir='ltr'>valle</span> <span class='ocrx_word' id='word_1_770' title='bbox 2805 5324 3108 5396; x_wconf 84' lang='lat' dir='ltr'>Raphaim,</span> <span class='ocrx_word' id='word_1_771' title='bbox 3141 5325 3198 5379; x_wconf 92' lang='lat' dir='ltr'>id</span> <span class='ocrx_word' id='word_1_772' title='bbox 3221 5330 3328 5393; x_wconf 90' lang='lat' dir='ltr'>est,</span> <span class='ocrx_word' id='word_1_773' title='bbox 3353 5325 3410 5378; x_wconf 92' lang='lat' dir='ltr'>in</span> <span class='ocrx_word' id='word_1_774' title='bbox 3434 5325 3777 5392; x_wconf 88' lang='lat' dir='ltr'>humilitate,</span> 
     </span>
    </p>
   </div>
   <div class='ocr_carea' id='block_1_118' title="bbox 2073 5411 3567 5483">
    <p class='ocr_par' dir='ltr' id='par_1_118' title="bbox 2073 5411 3567 5483">
     <span class='ocr_line' id='line_1_118' title="bbox 2073 5411 3567 5483; baseline 0.001 -17"><span class='ocrx_word' id='word_1_775' title='bbox 2073 5412 2275 5466; x_wconf 60' lang='lat' dir='ltr'>litterae</span> <span class='ocrx_word' id='word_1_776' title='bbox 2301 5411 2560 5466; x_wconf 87' lang='lat' dir='ltr'>veritate.</span> <span class='ocrx_word' id='word_1_777' title='bbox 2602 5412 2885 5483; x_wconf 85' lang='lat' dir='ltr'>Raphaim</span> <span class='ocrx_word' id='word_1_778' title='bbox 2908 5412 3062 5466; x_wconf 92' lang='lat' dir='ltr'>enim</span> <span class='ocrx_word' id='word_1_779' title='bbox 3094 5411 3358 5483; x_wconf 87' lang='lat' dir='ltr'>gigantes</span> <span class='ocrx_word' id='word_1_780' title='bbox 3387 5418 3567 5467; x_wconf 86' lang='lat' dir='ltr'>sonat.</span> 
     </span>
    </p>
   </div>
   <div class='ocr_carea' id='block_1_119' title="bbox 2108 5496 3784 5573">
    <p class='ocr_par' dir='ltr' id='par_1_119' title="bbox 2108 5496 3784 5573">
     <span class='ocr_line' id='line_1_119' title="bbox 2108 5496 3784 5573; baseline 0.002 -21"><span class='ocrx_word' id='word_1_781' title='bbox 2108 5496 2305 5555; x_wconf 61' lang='lat' dir='ltr'>&#39;Vsns.</span> <span class='ocrx_word' id='word_1_782' title='bbox 2341 5503 2393 5555; x_wconf 85' lang='lat'>6.</span> <span class='ocrx_word' id='word_1_783' title='bbox 2443 5531 2505 5541; x_wconf 86' lang='lat'>-—</span> <span class='ocrx_word' id='word_1_784' title='bbox 2564 5501 2716 5558; x_wconf 83' lang='lat' dir='ltr'>Sicut</span> <span class='ocrx_word' id='word_1_785' title='bbox 2763 5502 3024 5556; x_wconf 68' lang='lat' dir='ltr'>excussio.</span> <span class='ocrx_word' id='word_1_786' title='bbox 3086 5500 3210 5573; x_wconf 87' lang='lat'>(10.)</span> <span class='ocrx_word' id='word_1_787' title='bbox 3269 5502 3541 5557; x_wconf 82' lang='lat' dir='ltr'>Percussa</span> <span class='ocrx_word' id='word_1_788' title='bbox 3567 5500 3784 5573; x_wconf 87' lang='lat' dir='ltr'>populo</span> 
     </span>
    </p>
   </div>
   <div class='ocr_carea' id='block_1_120' title="bbox 3350 5614 3433 5671">
    <p class='ocr_par' dir='ltr' id='par_1_120' title="bbox 3350 5614 3433 5671">
     <span class='ocr_line' id='line_1_120' title="bbox 3350 5614 3433 5671; baseline 0 0"><span class='ocrx_word' id='word_1_789' title='bbox 3350 5614 3433 5671; x_wconf 66' lang='grc'>40</span> 
     </span>
    </p>
   </div>
   <div class='ocr_carea' id='block_1_121' title="bbox 3625 4267 3756 4331">
    <p class='ocr_par' dir='ltr' id='par_1_121' title="bbox 3625 4267 3756 4331">
     <span class='ocr_line' id='line_1_121' title="bbox 3625 4267 3756 4331; baseline -0.015 -15"><span class='ocrx_word' id='word_1_790' title='bbox 3625 4267 3756 4331; x_wconf 86' lang='lat' dir='ltr'>etc.,</span> 
     </span>
    </p>
   </div>
  </div>
