4018 6176
370 277 505 331 1259

991 272 1380 328 wamt‘mnl
1423 270 1670 328 suum
1710 270 1906 327 rem.
1950 250 2113 328 non.
2163 269 2312 327 ore.
2357 266 2531 324 PARS
2570 269 2613 323 ι.
2652 296 2721 306 -
2761 264 3233 322 resonantes.

3748 269 3892 321 t260

361 398 714 461 Judmorum,
748 396 894 450 oliva
925 410 1051 466 qua!
1079 395 1183 448 sub
1240 394 1427 463 Moyse
1464 398 1726 447 sexcenta
1764 393 1944 448 millia
1976 409 2060 447 ar-
2093 394 2138 446 Δ
2247 392 2408 445 Vens.
2461 391 2512 444 4.
2561 420 2631 431 —-
2682 389 2857 445 Nubes
2901 390 3065 443 roris.
3125 389 3292 443 Grata
3340 387 3699 443 messoribus
3761 388 3886 442 fati-

367 493 650 541 matorum
697 486 990 549 habuerat,
1034 488 1089 536 et
1134 483 1238 536 sub
1305 482 1478 536 David
1531 489 1873 536 numerante
1924 481 2065 536 Joab

368 576 735 629 innumerum
769 572 1067 643 populum,
1112 571 1200 623 vix
1261 586 1470 642 paucos
1526 569 1744 624 fructus
1790 568 2065 624 Salvatori

368 664 596 718 obtulit.

438 753 691 805 Duarum
746 754 843 803 aut
896 749 1081 801 trium.
1134 747 1295 801 Pauli
1339 754 1394 800 et
1453 747 1745 801 Barnabas.
1798 747 1862 801 Et
1889 745 2062 800 trium

365 840 534 905 Petri,
570 844 624 892 et
650 836 839 891 Jacobi
873 841 929 891 et
973 837 1224 902 Joannis,
1283 837 1381 907 qui
1440 836 1495 889 in
1532 840 1723 889 monte
1755 835 2064 904 transﬁgu-

366 932 550 981 ratum
600 926 907 979 Dominum
950 930 1388 994 conspexerunt,
1440 931 1496 976 et
1539 923 1970 993 archisynagogi
2004 921 2068 975 fi-

363 1018 499 1070 liam
523 1014 777 1068 suscitari
814 1013 1093 1067 viderunt.

433 1102 562 1155 Sive
606 1107 859 1170 quatuor.
886 1101 1089 1169 (Ηιεη.)
1123 1099 1187 1153 Hi
1213 1104 1342 1153 sunt
1374 1099 1581 1169 reliqui
1605 1115 1827 1164 novem,
1862 1100 1921 1151 in
1944 1096 2066 1168 qui-

363 1189 470 1242 bus
499 1188 658 1243 Judte
690 1187 1003 1258 proditoris
1030 1186 1288 1239 Matthiae
1321 1187 1509 1239 locum
1557 1185 1825 1240 obtinuit.
1856 1184 1926 1237 Hi
1958 1200 2062 1255 pro

364 1277 688 1331 diversitate
744 1275 1059 1347 gratiarum
1106 1275 1270 1328 nobis
1330 1274 1536 1343 ignoti,
1569 1274 1627 1327 in
1677 1279 1924 1344 quatuor
1965 1277 2065 1326 aut

364 1366 423 1418 in
454 1365 711 1436 quinque
742 1363 984 1433 separati
1016 1368 1169 1430 sunt,
1196 1367 1255 1415 ut
1288 1363 1721 1433 Evangeliorum
1756 1377 2061 1415 numerum

367 1459 423 1507 et
468 1453 611 1524 legis
656 1454 715 1506 in
777 1470 835 1506 se
892 1450 1185 1505 volumina
1248 1451 1731 1519 demonstrarent,
1785 1455 2060 1519 tanquam

365 1542 768 1612 prtedicatores
797 1541 1094 1611 utriusque
1123 1538 1498 1592 Testamenti.

437 1630 577 1682 Vens
632 1634 685 1683 7.
716 1657 790 1669 —
818 1630 887 1681 In
936 1628 1023 1681 die
1050 1628 1147 1681 illa
1198 1627 1570 1679 inclinabitur.
1604 1624 1771 1688 Quasi
1802 1624 2014 1677 diceret
2043 1639 2054 1675 :

368 1717 643 1771 Dominus
676 1717 952 1782 esuriens,
998 1717 1082 1767 vix
1134 1730 1364 1784 paucas,
1414 1722 1544 1771 etc.,
1576 1728 1746 1782 usque
1798 1713 1871 1766 ad
1918 1712 2061 1766 sicut

364 1807 575 1876 legitur
604 1805 661 1859 in
695 1806 1135 1875 Paralipomen.,
1172 1809 1227 1855 et
1254 1803 1406 1855 idola
1439 1802 1790 1870 abjeccrunt.

440 1896 600 1947 Vaas.
630 1897 680 1947 9.
717 1922 785 1932 —
838 1894 897 1947 In
935 1891 1023 1943 die
1054 1892 1151 1943 illa
1200 1895 1374 1943 erunt.
1412 1890 1765 1943 Irruentibus
1794 1887 2060 1957 Assyriis,

365 1986 421 2035 et
448 1982 803 2035 vastantibus
832 1996 947 2033 non
970 1979 1157 2032 solum
1216 1978 1574 2045 Damascum,
1623 1976 1721 2030 sed
1754 1981 1811 2030 et
1849 1980 2062 2029 terram

367 2070 563 2123 decem
593 2068 867 2122 tribuum.

435 2159 671 2212 Aratra.
721 2156 852 2226 (l0)
906 2154 1391 2209 Amorrhaeorum.
1451 2154 1565 2208 Hoc
1622 2158 1820 2207 contra
1866 2153 2063 2208 decem

364 2246 565 2310 tribus,
611 2248 770 2315 quasi
826 2244 1085 2298 diceret:
1122 2242 1278 2297 Sicut
1331 2242 1469 2296 olim
1531 2240 1889 2295 venientibus
1927 2242 2063 2297 filiis

363 2334 555 2400 Israel,
589 2332 799 2387 relictis
825 2331 1028 2385 aratris
1085 2332 1359 2401 fugerunt
1408 2329 1747 2398 Amorrhmi,
1783 2329 1861 2383 sic
1891 2330 2061 2384 modo

363 2421 555 2475 decem
590 2420 774 2473 tribus
801 2418 1163 2473 venientibus
1195 2417 1459 2489 Assyriis.

435 2510 598 2563 Vens.
632 2510 718 2563 10.
791 2536 858 2547 -
888 2507 1286 2561 Plantationem
1326 2504 1559 2575 ﬁdelem.
1594 2504 1874 2559 Plantatio
1928 2503 2065 2558 fide-

367 2598 435 2651 lis
473 2602 577 2663 est,
606 2597 836 2668 quando
864 2595 992 2665 quis
1032 2596 1253 2665 plantat
1296 2600 1351 2646 et
1380 2594 1537 2660 colit,
1588 2597 1647 2647 et
1676 2593 1921 2647 fructum
1956 2593 2064 2645 col-

361 2684 509 2755 ligit.
544 2684 825 2738 Plantatio
856 2681 1105 2735 infidelis
1144 2685 1202 2734 et
1222 2695 1458 2749 germen
1509 2680 1784 2745 alienum,
1835 2679 2061 2749 quando

364 2774 585 2826 alienus
610 2772 832 2842 colligit
859 2787 873 2825 :
907 2771 1093 2826 Omnis
1136 2770 1411 2839 planlalio
1437 2783 1602 2837 quam
1627 2783 1733 2822 non
1777 2769 2061 2838 plantavit

363 2863 523 2916 Pater
554 2876 701 2916 meus
725 2860 1098 2915 eradicabitur
1125 2858 1341 2928 (Matth.
1371 2859 1477 2925 xv).

2176 480 2342 550 gatis,
2368 480 2577 551 quibus
2605 479 2969 549 refrigerium
3024 482 3276 550 praestat,
3328 483 3385 533 et
3414 478 3693 549 stipulam
3728 494 3891 532 aren-

2175 572 2291 623 tem
2339 568 2474 623 facit
2529 568 2913 621 bumectando
2969 570 3311 625 secabilem:
3350 571 3429 624 sic
3469 584 3664 621 sermo
3726 583 3887 620 meus

2174 661 2374 711 contra
2420 658 2748 727 AEgyptum,
2817 661 3012 726 gratus
3087 659 3353 714 omnibus
3382 658 3491 712 erit
3525 657 3588 711 in
3634 671 3734 709 me
3774 671 3884 709 cre-

2175 745 2466 812 dentibus,
2497 750 2552 797 et
2580 744 2823 814 Assyriis
2853 761 2886 798 a
2916 760 3008 799 me
3038 745 3121 800 eis
3144 747 3278 802 data
3308 745 3561 801 victoria.

2245 833 2407 886 Vens.
2434 834 2481 885 5.
2514 860 2581 872 —
2624 832 2969 888 Ramusculi.
3026 834 3149 905 (10.)
3194 835 3471 890 Inutiles:
3507 831 3717 885 unde:
3774 832 3877 897 Ego

2173 935 2291 974 sum
2334 922 2463 974 vitis
2508 935 2655 988 tera,
2690 924 2739 973 et
2784 920 2953 975 Pater
3019 939 3168 978 meus
3215 923 3459 992 agricola
3491 927 3572 976 est
3608 938 3622 975 :
3676 934 3878 974 omnem

2171 1009 2450 1077 palmitem
2478 1010 2538 1061 in
2585 1023 2667 1062 me
2709 1024 2813 1063 non
2859 1012 3116 1076 ferentem
3160 1013 3403 1079 fructum
3450 1010 3602 1065 tollet
3658 1024 3805 1075 eum,
3834 1013 3878 1060 et

2172 1112 2375 1151 omnem
2406 1100 2504 1165 qui
2527 1097 2638 1164 fert
2661 1099 2904 1162 fructum
2931 1100 3196 1168 purgabil
3228 1116 3365 1154 eum.

2242 1185 2403 1239 Vens.
2450 1188 2501 1239 6.
2568 1188 2726 1241 —Et
2760 1201 2937 1240 omnes
2971 1188 3152 1242 bestiae
3203 1193 3377 1243 terrae.
3430 1184 3868 1258 Hyperbolicos.

2173 1273 2368 1343 Neque
2389 1272 2542 1327 enim
2572 1288 2772 1327 omnes
2792 1273 2989 1328 bestiae
3042 1279 3211 1329 terrm
3244 1290 3416 1345 super
3459 1289 3596 1327 eum
3640 1272 3879 1341 hyema-

2171 1359 2334 1415 bunt.
2385 1360 2489 1415 Sed
2533 1361 2836 1431 signiﬁcat,
2895 1368 2956 1416 et
2994 1363 3338 1417 occisionem
3413 1363 3786 1423 immensam,
3825 1364 3882 1412 et

2170 1446 2483 1501 bestiarum
2539 1449 2969 1504 multitudinem
3017 1452 3323 1506 maximam
3373 1456 3878 1521 superventuram,

2175 1537 2383 1607 quibus
2463 1542 2659 1590 aestate
2736 1546 2788 1592 et
2869 1539 3059 1593 hieme
3122 1541 3396 1595 cadavera
3461 1538 3759 1593 sufﬁciant
3817 1537 3917 1589 i0,

2172 1640 2377 1679 escam.

2244 1715 2400 1768 Vens.
2444 1719 2494 1768 7.
2544 1745 2611 1753 —
2655 1717 2719 1769 In
2786 1721 3017 1785 tempore
3091 1716 3417 1771 Revertitur
3483 1714 3773 1785 Propheta
3808 1714 3878 1767 ad

2172 1802 2451 1873 populum
2483 1804 2677 1870 Israel,
2711 1809 2767 1857 et
2788 1804 3074 1875 promittit
3098 1807 3149 1858 ei
3182 1804 3353 1871 bona,
3383 1806 3623 1858 dicens:
3656 1806 3716 1858 In
3748 1811 3875 1858 tem-

2168 1905 2317 1958 pore,
2370 1892 2533 1960 quasi
2581 1892 2781 1957 dicat;
2829 1893 3052 1947 Vastata
3117 1896 3376 1965 (Egypto,
3441 1910 3564 1947 non
3627 1892 3877 1961 sperabit

2173 1977 2323 2031 ultra
2344 1977 2488 2031 Juda
2514 1978 2572 2032 in
2605 1979 2807 2033 umbra
2836 1982 2956 2049 ejus
2989 1998 3003 2047 ;
3039 1981 3134 2036 sed
3158 1982 3294 2036 ﬁdei
3325 1987 3382 2035 et
3416 1982 3709 2035 honorum
3743 1994 3874 2048 ope-

2172 2080 2300 2119 rum
2344 2066 2587 2120 Domino
2639 2068 2871 2122 offerret
2924 2085 3153 2124 munus.
3206 2070 3366 2134 Quod
3427 2069 3739 2139 impletum
3793 2073 3878 2120 est

2171 2154 2593 2225 septuagesimo
2625 2171 2776 2210 anno
2821 2161 2950 2227 post
2993 2157 3377 2227 captivitatem
3419 2156 3527 2210 sub
3564 2155 3875 2209 Zorobabel

2172 2247 2229 2296 et
2259 2242 2385 2296 aliis
2415 2242 2676 2297 ducibus.

2846 2315 3071 2369 CAPUT
3127 2317 3261 2371 XIX.

2242 2419 2402 2474 Vens.
2459 2423 2502 2474 1.
2576 2451 2641 2460 -
2698 2420 2842 2475 Onus
2893 2423 3134 2491 zEgypti,
3195 2427 3304 2476 etc.
3372 2420 3503 2493 ([0.)
3566 2420 3873 2476 Sciendum

2171 2508 2353 2563 multa
2404 2523 2534 2578 quae
2590 2507 2683 2561 hic
2721 2508 2991 2562 dicuntur
3033 2510 3101 2564 ad
3154 2510 3458 2581 Egyptum
3502 2509 3875 2564 historialiter

2169 2596 2459 2668 pertinere
2490 2596 2651 2662 ;sed,
2683 2600 2740 2650 et
2767 2596 2857 2650 hic
2895 2601 2953 2650 et
2994 2596 3055 2651 in
3079 2597 3207 2651 aliis
3261 2597 3416 2666 locis,
3443 2596 3869 2669 Scripturarum

2170 2684 2356 2739 multa
2382 2689 2682 2755 ponuntur
2727 2700 2856 2755 quae
2903 2701 3021 2739 non
3069 2690 3306 2756 possunt
3339 2686 3508 2757 juxta
3572 2687 3868 2741 historiam

2170 2777 2339 2840 stare,
2377 2779 2439 2826 ut
2468 2787 2659 2825 rerum
2699 2772 3033 2827 necessitate
3084 2789 3360 2844 cogamur
3403 2774 3678 2827 altiorem
3713 2774 3869 2828 intel-

2170 2859 2465 2931 ligentiam
2491 2876 2771 2930 quaerere.

433 2951 656 3007 Germen
694 2951 951 3004 alienum.
989 2949 1111 3002 Non
1151 2945 1433 3017 recipiens
1493 2947 1739 3010 Patrem,
1772 2944 1908 3015 quia
1940 2960 2054 2998 non
2087 2945 2127 3001 C
2236 2951 2368 3004 Ecce
2434 2949 2698 3003 Dominus
2743 2948 3012 3015 ascendet,
3044 2953 3151 3003 etc.
3187 2949 3315 3020 (l0.)
3372 2951 3685 3020 Egyptus,
3721 2955 3868 3005 tene-

360 3039 571 3109 recipis
619 3038 859 3105 Filium;
895 3036 994 3107 qui
1039 3035 1192 3089 enim
1243 3034 1424 3089 credit
1482 3035 1728 3101 Patrem,
1769 3033 1947 3087 credit
1994 3032 2055 3087 in

364 3128 589 3181 Filium.
622 3128 867 3181 German
917 3126 1190 3189 alienum,
1239 3122 1612 3193 blasphemiae
1663 3126 1865 3175 contra
1896 3120 2057 3176 Chri-

361 3221 533 3270 stum.

430 3305 595 3357 Vens.
636 3305 715 3356 ll.
747 3327 816 3339 -
842 3301 1207 3370 Martesemen
1252 3303 1419 3352 tuum.
1472 3296 1613 3368 (10.)
1655 3299 1793 3353 Cum
1845 3296 2059 3350 scilicet

359 3392 543 3445 visum
574 3389 746 3444 fuerit
776 3387 1041 3458 (germen,
1098 3392 1229 3453 etc.,
1276 3401 1446 3453 usque
1497 3386 1571 3438 ad
1630 3401 1829 3439 omnes
1878 3384 2058 3439 sancti

362 3495 493 3533 cum
521 3478 697 3531 ramis
718 3476 948 3529 oleastri
981 3474 1230 3527 radicem
1264 3472 1487 3525 salvari.

435 3568 600 3620 Vaas.
654 3567 736 3619 l2.
823 3591 896 3603 —
974 3564 1063 3616 Vw
1132 3560 1496 3615 multitudini.
1560 3560 1947 3615 Sennacherib
2004 3566 2061 3616 et

363 3654 637 3710 exercitui
667 3654 808 3724 ejus,
864 3658 991 3717 etc.,
1043 3665 1212 3719 usque
1262 3649 1336 3703 ad
1374 3653 1575 3703 cuncta
1637 3648 1965 3720 opprimere
2004 3654 2060 3704 et

361 3759 637 3814 occupare
669 3739 941 3812 cupienti.

438 3834 594 3885 Vens.
633 3833 714 3886 l3.
770 3858 840 3869 —
909 3828 1187 3896 Rapietur.
1248 3826 1464 3895 Raptus
1517 3829 1603 3879 est
1652 3841 1681 3879 a
1729 3826 2057 3891 Jerusalem,

360 3922 589 3993 quando
637 3935 767 3974 cum
818 3918 1014 3989 paucis
1086 3916 1233 3986 fugit
1283 3917 1343 3969 in
1413 3916 1695 3970 Ninivem.
1732 3916 1809 3970 De
1841 3916 2058 3971 mundo

359 4017 556 4081 raptus
605 4015 707 4076 est,
745 4006 977 4078 quando
1020 4021 1053 4058 a
1095 4006 1229 4058 filiis
1286 4006 1403 4057 suis
1449 4004 1563 4059 cito
1618 4004 1832 4058 occisus
1863 4010 1966 4071 est,
1997 4008 2059 4059 ut

356 4104 527 4171 patet,

430 4186 590 4238 Vens.
631 4182 712 4235 14.
764 4210 812 4218 -
860 4182 981 4234 Haec
1018 4182 1096 4233 est
1140 4194 1276 4247 pars
1317 4193 1497 4232 eorum
1553 4180 1651 4247 qui
1678 4182 2046 4232 vastaverunt.
2083 4216 2125 4269 ο

356 4272 642 4341 Propheta
671 4285 735 4321 ex
768 4283 1010 4337 persona
1049 4267 1241 4331 Israel,
1283 4265 1445 4336 quasi
1496 4267 1711 4320 diceret
1742 4282 1754 4320 :
1788 4266 1876 4321 Sic
1908 4268 2049 4320 solet

360 4361 508 4413 Deus
537 4355 982 4412 beareiuimicos
1029 4359 1273 4408 nostros.

993 4494 1449 4566 CAPUTOXVHL

453 4626 616 4680 Vens.
677 4627 725 4677 1.
807 4651 875 4662 --
942 4623 1030 4677 Va:
1095 4625 1274 4674 terra.
1342 4620 1465 4685 (10.)
1513 4619 1654 4683 Quia
1712 4620 1781 4674 de
1832 4620 2050 4674 caeteris

352 4712 815 4784 persecutoribus
849 4709 1106 4763 Ecclesiae
1148 4708 1388 4775 dixerat,
1430 4713 1557 4775 etc.,
1591 4723 1760 4777 usque
1789 4709 1863 4763 ad
1888 4707 2051 4779 quasi

354 4802 597 4856 errando
625 4799 851 4853 inutilia
880 4797 1094 4851 fecerit.

430 4893 520 4945 Vae
548 4895 701 4942 terra:
738 4887 993 4955 cymbala:
1039 4885 1271 4939 alarum.
1334 4884 1695 4938 Convertitur
1737 4883 1944 4939 iterum
1979 4885 2045 4939 ad

350 4982 674 5049 Egyptum,
730 4981 788 5029 et
842 4979 1002 5028 vocat
1071 4988 1225 5037 eum,
1270 4978 1400 5042 etc.,
1448 4988 1618 5041 usque
1657 4973 1732 5027 ad
1777 4976 2043 5028 timorem

353 5066 580 5121 Domini
613 5063 974 5119 abstulerunt
993 5061 1099 5116 eis.

2164 3036 2284 3091 brae
2323 3036 2409 3090 vel
2440 3051 2668 3102 maeror,
2718 3041 2848 3099 etc.,
2879 3051 3049 3106 usque
3084 3037 3158 3091 ad
3214 3042 3269 3091 et
3302 3038 3476 3091 corda
3523 3038 3868 3108 sapientium

2147 3124 2387 3195 'Aigypti
2421 3141 2626 3195 pavore
2652 3124 2978 3186 tabuerunt,

2238 3214 2543 3269 Simulacra
2564 3213 2827 3284 ngyptL
2864 3213 3185 3267 ldololatria
3215 3213 3455 3267 fractam
3484 3229 3545 3267 se
3593 3216 3865 3281 sentiens,

2166 3306 2231 3355 ut
2258 3302 2429 3355 etiam
2463 3302 2612 3371 magi
2644 3319 2677 3355 a
2706 3302 3065 3355 daemonibus
3096 3303 3269 3365 docti,
3299 3302 3386 3355 vel
3431 3303 3605 3371 juxta
3628 3305 3868 3376 prophe-

2165 3388 2302 3444 tiam
2356 3390 2581 3443 Balaam
2629 3389 3016 3461 intelligentes
3062 3396 3260 3444 natum
3310 3391 3519 3444 Filium
3595 3392 3720 3458 Dei,
3781 3394 3867 3464 qui

2167 3478 2445 3543 magicam
2470 3478 2787 3531 destrueret
2815 3484 3019 3547 artem,
3061 3478 3119 3532 in
3165 3478 3451 3533 Bethleem
3506 3486 3796 3535 venerunt
3821 3488 3868 3534 et

2168 3567 2414 3621 Puerum
2446 3565 2842 3620 adoraverunt.

2238 3655 2400 3708 Vens.
2432 3656 2491 3708 2.
2556 3684 2626 3693 —
2667 3656 2736 3709 Et
2793 3670 3105 3710 concurrere
3151 3657 3378 3722 faciam.
3451 3655 3580 3726 (10.)
3628 3657 3794 3713 Unde
3819 3658 3867 3713 in

2170 3741 2521 3812 Evangelia:
2576 3745 2696 3800 Non
2745 3745 2870 3797 veni
2920 3758 3104 3813 pacem
3152 3746 3365 3798 mittere
3411 3746 3472 3798 in
3519 3750 3762 3814 “nam,
3789 3747 3867 3802 sed

2166 3830 2446 3898 gladium:
2464 3833 2587 3885 veni
2610 3833 2747 3885 enim
2779 3846 3035 3902 separare
3056 3834 3318 3887 hominem
3340 3848 3375 3886 α
3398 3838 3568 3903 patre
3586 3849 3714 3902 suo,
3748 3843 3863 3899 etc.,

2168 3917 2367 3986 (Matth
2382 3957 2394 3972 .
2431 3921 2482 3988 κ)

2207 4006 2363 4059 Vens.
2400 4007 2541 4059 3.—
2596 4006 2677 4060 Et
2736 4007 3099 4077 dirumpetur,
3132 4013 3240 4065 etc.
3290 4010 3413 4081 (10.)
3468 4010 3778 4067 Dividetur
3815 4013 3861 4066 in

2167 4093 2453 4147 contraria
2502 4096 2765 4150 voluntas
2812 4099 3055 4168 A‘Zgypti,
3111 4104 3328 4153 utnon
3375 4115 3591 4169 magna
3624 4102 3861 4155 sentiant

2168 4181 2313 4234 sicut
2339 4186 2493 4250 ante,
2538 4183 2633 4237 sed
2691 4182 2978 4254 spirituali
3015 4186 3204 4255 gladio
3247 4188 3512 4256 separati,
3568 4191 3862 4243 consilium

2163 4284 2328 4322 suum
2364 4274 2708 4339 cognoscant
2735 4272 3153 4342 praecipitatum
3207 4289 3346 4328 esse.

2225 4357 2383 4411 Vens.
2418 4358 2477 4411 4.
2524 4361 2965 4414 —Dominorum
3025 4362 3342 4415 crudelium.
3395 4363 3593 4417 Multis
3614 4364 3858 4419 dominis

2160 4447 2437 4516 Egyptus
2457 4447 2662 4501 tradita
2709 4452 2813 4502 est.
2869 4450 3120 4503 Primum
3170 4450 3431 4520 Assyriis,
3490 4458 3625 4521 post
3691 4453 3860 4507 Nabu-

2160 4533 2542 4603 chodonosor,
2563 4534 2731 4589 tertio
2751 4536 3088 4598 Alexandro,
3127 4537 3195 4591 ad
3246 4538 3519 4593 ultimum
3568 4540 3856 4605 Romanis,

2156 4620 2410 4675 Antonio
2431 4626 2487 4675 et
2516 4622 2814 4692 Cleopatra
2850 4623 2920 4677 ab
2975 4627 3223 4694 Augusto
3280 4626 3585 4695 superatis.
3615 4629 3858 4683 Chalda‘i

2157 4708 2528 4776 crudeliores,
2554 4709 2796 4764 Romani
2821 4711 3195 4781 potentiores.

2226 4798 2396 4851 Vens.
2439 4801 2491 4851 5.
2525 4826 2591 4837 —
2619 4799 2688 4851 Et
2716 4802 2935 4852 arescet.
2997 4798 3144 4852 Fieri
3188 4798 3349 4861 solet.
3381 4804 3446 4854 ut
3477 4817 3615 4855 cum
3653 4803 3746 4857 ira
3774 4802 3856 4856 Dei

2155 4886 2452 4957 captivitas
2495 4885 2670 4954 venit,
2737 4891 2803 4940 ut
2844 4885 3304 4956 indignationem
3352 4888 3475 4958 ejus
3534 4892 3854 4960 pestilentia

2153 4973 2555 5044 subsequatur,
2607 4979 2662 5028 et
2714 4979 2912 5028 contra
2958 4979 3282 5043 peccatores
3340 4976 3633 5031 elementa
3691 4980 3851 5034 dese.

2151 5061 2328 5115 viant.
2389 5061 2661 5115 Veniente
2701 5076 2839 5131 ergo
2889 5061 3212 5133 captivitate
3283 5078 3388 5132 per
3444 5065 3758 5121 Chaldmos
3779 5068 3849 5120 vel
3903 5058 3916 5066 ’

420 5156 559 5209 VERS
618 5156 669 5207 2.
716 5182 782 5193 -
839 5154 899 5206 In
928 5151 1077 5205 vasis
1112 5151 1339 5220 papyri,
1372 5149 1428 5203 id
1476 5153 1561 5203 est
1602 5148 1663 5203 in
1703 5149 1944 5203 navibus
1972 5149 2042 5205 de
2150 5150 2459 5217 Romanos,
2508 5148 2748 5202 forsitan
2798 5154 2855 5203 et
2901 5150 3083 5219 Nilus,
3133 5156 3189 5204 et
3242 5149 3427 5205 fontes
3480 5152 3687 5209 siccati
3714 5162 3847 5210 sunt.

345 5258 563 5314 papyro
586 5242 766 5308 factis,
794 5245 925 5306 etc.,
947 5253 1118 5307 usque
1148 5238 1222 5291 ad
1248 5238 1556 5307 pertransit
1576 5244 1634 5292 et
1664 5237 1893 5291 labitur.

407 5331 566 5386 Vens.
611 5334 662 5386 3.
712 5357 777 5371 -
834 5329 1057 5381 Gentem
1112 5329 1506 5395 exspectantem
1560 5331 1610 5379 et
1653 5325 2034 5380 conculcatam.

347 5418 554 5473 Omnes
578 5418 730 5471 enim
760 5415 1011 5470 haeretici
1042 5414 1150 5467 sibi
1197 5412 1545 5484 promittunt
1592 5413 1872 5483 ingentia,
1902 5420 2034 5481 etc.,

343 5520 512 5574 usque
533 5504 606 5559 ad
632 5504 685 5558 id
717 5509 802 5558 est
827 5503 1145 5558 doctrinam
1193 5516 1390 5555 eorum
1423 5499 1686 5555 audiunt.

2148 5236 2555 5307 Hyperbolicos
2586 5253 2814 5308 quoque
2841 5245 3079 5308 propter
3130 5239 3365 5293 nimiam
3420 5239 3847 5298 tribulationem

2145 5323 2390 5379 ﬂumina
2416 5330 2657 5396 possunt
2701 5325 2813 5379 dici
2868 5325 3161 5392 defecisse,
3212 5331 3269 5380 et
3312 5325 3501 5381 fontes
3550 5331 3779 5385 aruisse
3804 5336 3850 5385 et

2145 5412 2335 5467 rivuli.

2218 5502 2378 5556 Vsus.
2418 5505 2502 5556 11.
2543 5533 2609 5543 -
2658 5502 2843 5558 Slutti.
2882 5501 3229 5559 Adveniente
3285 5503 3619 5577 captivitate
3686 5509 3849 5581 Baby-
