4018 6176
214 266 343 315 1261

1365 260 1619 316 GLOSSA
1658 262 2058 317 ORDINARIA.
2098 293 2165 303 —
2208 264 2331 317 LIB.
2374 264 2590 318 ΙδΑῐίΕ.

3584 272 3715 323 1262

211 383 411 437 Ionica
463 385 549 437 vel
609 384 882 443 Romana.
946 383 1142 437 omnia
1211 399 1513 453 magorum
1587 385 1914 439 defecerunt
1952 388 1994 439 A
2025 386 2163 453 haec,
2199 393 2329 453 etc.,
2362 404 2531 457 usque
2558 389 2632 442 ad
2661 396 2997 460 expugnant
3019 408 3115 445 eos
3147 393 3246 463 qui
3269 393 3519 449 serviunt
3545 412 3716 464 gene-

212 472 474 525 consilia.

295 562 578 630 Principes
608 560 867 614 Thaneos.
904 559 1118 631 (Hii-2R.)
1149 560 1389 614 Humilis
1407 561 1689 627 mandati;
1722 578 1921 616 omnes

218 649 374 703 enim
413 649 665 703 haeretici
699 649 1046 702 contrariam
1080 649 1372 703 altitudini
1402 650 1789 704 humilitatem
1821 652 1919 704 do-

216 742 368 803 cent,
424 742 480 790 et
564 737 631 790 ad
668 736 884 791 inferos
936 737 1262 803 detrahunt,
1297 742 1351 791 et
1390 737 1627 791 humilis
1661 739 1919 793 mandati

220 832 275 879 et
308 825 514 893 dejecti
537 830 669 879 sunt
699 825 1006 896 principes.

292 916 465 968 Filius
504 918 851 984 sapientium.
884 915 1012 967 Haec
1052 912 1276 967 dicebat
1332 914 1726 986 unusquisque
1778 916 1918 970 Pha-

220 1003 407 1067 raoni,
442 1006 570 1067 etc.,
606 1018 775 1071 usque
822 1002 896 1055 ad
926 1004 980 1055 et
1012 1002 1147 1055 deos
1202 1017 1442 1071 magnos
1492 1008 1750 1056 auctores
1804 1020 1919 1057 sum

220 1090 413 1161 gentis
443 1089 618 1144 fuisse
644 1093 861 1160 jactant
899 1091 1055 1154 Isim,
1090 1094 1142 1143 et
1178 1090 1404 1154 Osirim,
1463 1096 1519 1144 et
1565 1092 1915 1161 Typhonem.

292 1182 496 1248 Regum
546 1182 920 1247 antiquorum.
955 1178 1126 1242 Quasi
1161 1179 1310 1232 dicat
1343 1195 1355 1231 :
1390 1179 1580 1233 Habeo
1623 1180 1919 1233 scientiam

219 1268 651 1338 Scripturarum
678 1284 807 1321 cum
841 1267 1119 1336 sapientia
1150 1267 1428 1320 saeculari.

292 1358 455 1412 Vens.
497 1360 586 1411 14.
617 1388 686 1395 —
718 1357 927 1409 Ebrius
952 1363 1001 1409 et
1041 1370 1278 1410 vomens.
1346 1356 1472 1426 (ῐῡ.)
1531 1357 1740 1411 Furore
1789 1357 1918 1410 dra-

221 1461 455 1510 conum,
486 1449 551 1498 ut
581 1445 812 1498 tandem
841 1449 972 1514 post
1003 1444 1284 1497 vomitum
1320 1444 1643 1514 intelligant
1670 1444 1920 1498 ebrieta-

218 1540 337 1587 tem
369 1549 555 1586 suam.
590 1533 855 1596 Quandiu
887 1533 1039 1586 enim
1076 1533 1215 1586 ebrii
1272 1533 1508 1599 fuerint,
1544 1549 1648 1587 nec
1703 1533 1918 1603 princi-

220 1624 381 1692 pium
416 1620 730 1689 habebunt,
753 1636 855 1674 nec
885 1620 1080 1675 finem.

291 1710 455 1763 Vens.
492 1712 576 1762 15.
623 1738 692 1747 -·
750 1709 1154 1774 Refrenantem.
1209 1709 1445 1775 (Ilavuo.
1506 1709 1564 1762 in
1626 1710 1753 1779 Isa.)
1810 1711 1915 1763 Pro

220 1798 371 1869 quod
410 1798 789 1867 Hieronymus
821 1797 1019 1850 debuit
1050 1798 1377 1862 transferre,
1434 1802 1562 1861 etc.,
1623 1814 1791 1866 usque
1846 1798 1919 1850 ml

220 1884 318 1937 alii
350 1901 469 1954 prae
502 1885 731 1938 lascivia
764 1885 899 1955 quid
934 1884 1160 1952 faciant,
1195 1885 1471 1939 nesciunt.

294 1973 465 2026 Vens.
499 1976 580 2026 16.
616 2003 684 2011 ——
723 1974 999 2027 Mulieres.
1040 1973 1189 2037 Quas
1220 1979 1373 2026 amat
1430 1975 1722 2044 :Egyptus,
1778 1990 1919 2044 quas

222 2062 374 2114 solas
404 2063 522 2114 vult
550 2063 767 2115 Pharao
798 2063 1007 2130 vivere,
1034 2063 1242 2115 necatis
1290 2062 1451 2117 viris.
1482 2063 1749 2116 Diabolus
1805 2064 1917 2116 vir-

227 2153 381 2203 tutes
411 2150 697 2215 interficit,
728 2151 837 2202 vita
870 2155 1179 2204 conservat.

298 2238 457 2291 Vens.
502 2242 583 2291 l7.
632 2268 701 2279 —
760 2239 927 2292 Terra
974 2238 1120 2293 Juda
1176 2241 1432 2307 Egi/pio.
1479 2238 1725 2292 Scientia
1771 2238 1919 2292 Scri-

224 2332 526 2396 ptnrarum
561 2328 667 2391 lex,
702 2332 756 2380 et
779 2328 1101 2397 prophetae;
1135 2326 1439 2398 Evangelia
1479 2333 1649 2381 erunt
1680 2330 1920 2397 1Egypto

228 2416 288 2468 in
324 2414 689 2467 festivitatem
716 2431 844 2467 cum
894 2432 950 2468 se
981 2415 1333 2485 cognoverit,
1395 2416 1483 2470 vel
1539 2416 1599 2470 in
1653 2416 1921 2470 timorem

226 2518 358 2555 cum
393 2518 450 2554 se
484 2502 775 2555 mendacia
805 2501 1069 2555 habuisse
1100 2502 1465 2556 intellexerit.

298 2594 359 2645 In
412 2607 687 2660 pavorem.
738 2592 846 2644 Alii
895 2591 951 2643 in
1002 2591 1391 2655 festivitatem,
1447 2595 1577 2658 etc.,
1624 2607 1791 2660 usque
1851 2591 1924 2644 ad

226 2680 624 2750 promittendo
649 2679 925 2732 auxilium
952 2680 1052 2733 eis.

302 2768 471 2821 Vens.
518 2770 597 2821 l8.
646 2796 711 2806 —
747 2769 996 2835 Quinque
1049 2770 1313 2822 civitates.
1372 2768 1612 2831 Quidam
1670 2768 1924 2838 quinque

229 2858 407 2910 libros
442 2854 614 2925 Moysi
648 2855 994 2925 intelligunt,
1030 2861 1157 2920 etc.,
1192 2872 1361 2925 usque
1404 2856 1477 2909 ad
1510 2856 1643 2926 quia
1676 2856 1744 2910 de
1774 2856 1925 2909 vitiis

227 2946 295 2999 ad
330 2944 568 2997 virtutes
598 2949 1044 2998 commutantur.

298 3034 515 3100 Lingua
548 3032 870 3087 Chananaaa.
904 3032 1189 3095 Quierilur
1235 3049 1338 3086 cur
1393 3050 1508 3087 non
1570 3033 1765 3102 lingua
1810 3035 1921 3087 He-

224 3123 403 3185 braea,
472 3126 602 3186 etc.,
634 3136 803 3189 usque
857 3120 931 3174 ad
955 3126 1009 3174 et
1066 3122 1165 3191 qui
1221 3127 1373 3176 tactu
1428 3122 1729 3176 immundo
1762 3122 1920 3176 dele—

226 3217 472 3265 utantur.

303 3300 460 3352 Vens.
498 3302 582 3352 19.
614 3329 682 3336 --
722 3301 782 3352 In
813 3297 901 3351 die
931 3300 1047 3352 illa.
1095 3298 1223 3369 (ln.)
1256 3299 1372 3351 Hoc
1429 3314 1545 3351 non
1596 3298 1923 3367 intelligens

230 3387 403 3442 Onias
451 3386 732 3451 sacerdos,
765 3391 896 3454 etc.,
931 3401 1099 3455 usque
1130 3386 1203 3440 ad
1259 3391 1315 3441 et
1363 3403 1457 3439 eos
1514 3402 1696 3458 usque
1755 3386 1924 3441 hodie

231 3475 491 3543 linguam
525 3473 818 3544 propriam
851 3474 1123 3529 tenuisse.

307 3563 386 3616 Et
417 3562 631 3615 ticulus.
665 3560 884 3614 Titulus
929 3559 1157 3613 Domini
1184 3558 1509 3628 evangelica
1562 3558 1818 3613 doctrina
1873 3563 1929 3612 et

234 3650 567 3721 apostolica,
595 3664 721 3719 qua“:
753 3653 838 3701 est
868 3665 1047 3718 usque
1082 3648 1150 3700 ad
1180 3647 1458 3700 terminos
1499 3652 1687 3713 terrm,
1737 3647 1924 3700 unde:

234 3741 313 3793 In
367 3754 572 3792 omnem
614 3743 813 3791 terram
869 3740 1038 3790 emirit
1089 3751 1249 3790 sonus
1300 3752 1480 3789 eorum
1532 3736 1693 3803 (Psal
1747 3738 1922 3803 xvm).

238 3827 339 3881 Vel
363 3828 563 3880 titulus
587 3826 745 3896 juxta
773 3826 1085 3879 terminum
1125 3824 1281 3890 fidei,
1315 3824 1572 3895 operatio
1600 3823 1770 3892 bona,
1802 3839 1930 3893 quae

239 3920 521 3986 quantum
563 3920 616 3968 et
646 3914 785 3967 fides
819 3913 1044 3968 extendi
1090 3913 1276 3979 debet,
1308 3913 1393 3966 vel
1427 3912 1670 3965 imitatio
1710 3911 1931 3983 passio-

240 4004 333 4058 nis
361 4003 585 4058 Christi.

320 4092 481 4144 Vens.
531 4092 621 4145 20.
680 4122 746 4129 —
814 4090 1139 4145 Clamabunt
1193 4092 1353 4144 enim.
1416 4091 1553 4143 Cum
1613 4089 1939 4159 evangelica

246 4181 507 4235 doctrina
533 4180 790 4243 creverit,
844 4185 899 4233 et
938 4180 1255 4251 persecutio
1286 4178 1589 4248 ingruerit,
1647 4184 1783 4233 tunc
1839 4178 1937 4249 qui

244 4270 615 4335 crediderint,
649 4268 1061 4322 clamabuntad
1095 4270 1273 4321 Deum
1305 4272 1545 4338 patrem.

327 4361 483 4413 Vens.
516 4361 584 4411 23
618 4386 686 4398 —
742 4360 802 4410 In
848 4357 936 4410 die
983 4358 1100 4411 illa.
1134 4360 1278 4410 Ante
1326 4356 1632 4410 adventum
1691 4355 1938 4421 Domini,

244 4448 491 4517 singula)
522 4444 802 4508 nationes,
840 4450 971 4511 etc.,
1003 4432 1171 4514 usque
1201 4446 1273 4498 ad
1297 4445 1398 4515 qui
1432 4445 1501 4499 de
1533 4460 1710 4515 regno
1737 4444 1796 4497 in
1844 4460 1940 4497 re-

244 4552 425 4607 gnum
462 4535 807 4588 discurrunt.

320 4624 396 4676 Et
427 4624 658 4676 servient
685 4624 945 4693 Egyptii.
983 4621 1106 4675 Non
1137 4621 1293 4691 quod
1336 4624 1533 4691 postea
1576 4619 1661 4674 illi
1701 4619 1944 4674 fuissent

245 4711 562 4781 subjugati,
597 4716 729 4775 etc.,
762 4726 931 4780 usque
958 4709 1033 4763 ad
1075 4709 1329 4779 ejusdem
1363 4725 1493 4763 cum
1551 4708 1688 4779 ipsis
1740 4708 1940 4762 condi-

245 4800 445 4855 tionis.

318 4889 385 4942 In
437 4886 525 4939 die
573 4887 672 4940 illa
747 4888 868 4939 erit.
922 4884 1045 4955 (ln.)
1104 4887 1225 4939 Non
1277 4883 1524 4938 vicissim
1584 4883 1655 4937 ab
1704 4884 1945 4954 Assyriis

243 4974 642 5047 Egyptiisque
679 4974 897 5027 medius
929 4972 1244 5039 vexabitur,
1280 4972 1378 5026 sed
1428 4971 1534 5025 erit
1560 4971 1761 5026 tertius
1814 4987 1946 5025 cum

244 5064 390 5135 ipsis
413 5063 682 5129 serviens,
717 5062 928 5115 scilicet
960 5061 1251 5115 Romanis.

322 5152 484 5205 Vens.
534 5153 697 5204 25.——
750 5149 1084 5203 Benedictus.
1150 5150 1245 5201 Has
1288 5148 1553 5218 regiones
1604 5163 1724 5217 prie
1758 5146 1949 5200 omni-

252 5241 364 5295 bus
394 5240 520 5292 aliis
551 5238 873 5292 monarchis
903 5237 1353 5302 abundaverant,
1405 5241 1461 5290 et
1506 5235 1632 5289 ideo
1690 5234 1948 5289 benedici

256 5331 619 5383 meruerunt.

929 5396 1153 5450 CAPUT
1189 5395 1292 5449 XX.

336 5505 498 5558 Vens.
537 5506 585 5558 t.
636 5532 703 5542 --
758 5504 821 5558 In
853 5517 1014 5558 anno.
1076 5500 1201 5572 (1ο.)
1253 5499 1481 5572 Assyria
1530 5499 1767 5555 nomina
1818 5503 1952 5555 sunt

2028 476 2232 529 rationi
2268 482 2324 530 et
2346 477 2590 530 libidini.

2099 567 2171 617 In
2194 581 2353 618 anno.
2415 569 2646 629 Azotus,
2679 568 2813 619 urbs
2846 568 3279 623 Palaestinorum
3322 572 3719 640 potentissima

2026 651 2096 704 de
2150 653 2424 723 quinque,
2458 658 2584 720 etc.,
2616 670 2784 723 usque
2818 656 2892 708 ad
2923 672 3050 726 quae
3082 674 3184 727 per
3214 674 3344 711 eum
3376 650 3719 729 loquebatur

2031 742 2321 794 Dominus.

2100 830 2230 884 Cum
2307 832 2556 883 misisset.
2632 830 2871 885 Pulchre
2899 849 2993 885 rex
3049 834 3413 903 Assyriorum
3472 835 3713 905 Sargon,

2028 916 2085 970 id
2144 922 2229 971 est
2278 918 2543 987 princeps
2576 918 2896 986 hortorum,
2954 920 3185 989 dicitur,
3241 921 3332 975 cui
3365 922 3568 976 similis
3633 930 3717 979 est

2030 1006 2218 1059 Achab
2254 1021 2266 1061 :
2300 1006 2408 1070 Qui
2447 1006 2671 1060 vineam
2702 1007 2926 1062 Naboth
2956 1008 3017 1061 in
3070 1010 3297 1063 hortum
3344 1015 3563 1064 vertere
3620 1028 3716 1067 cu-

2027 1091 2249 1161 piebat;
2311 1093 2465 1162 quod
2515 1093 2610 1146 ille
2669 1094 3021 1164 tropologice
3099 1097 3441 1168 intelligens,
3517 1100 3718 1154 maluit

2028 1180 2176 1233 mori
2209 1196 2381 1250 quam
2406 1180 2611 1247 facere,
2655 1199 2726 1235 ne
2755 1188 2991 1253 paterna
3021 1185 3323 1239 lnereditas
3381 1191 3437 1241 et
3488 1204 3715 1258 posses-

2029 1269 2112 1321 sio
2136 1269 2373 1338 antiqua
2392 1270 2449 1322 in
2483 1270 2633 1339 regis
2658 1270 2823 1340 impii
2850 1277 3169 1325 mutaretur
3198 1273 3447 1329 delicias.

2098 1357 2260 1410 Vens.
2294 1360 2346 1411 ‘2.
2393 1388 2459 1396 —
2501 1358 2655 1412 Vade
2706 1366 2753 1411 et
2810 1362 2969 1413 solre.
3032 1363 3367 1432 Praecipitur
3421 1364 3716 1435 prophetae

2028 1449 2094 1497 ut
2123 1460 2282 1498 sacco
2330 1446 2843 1517 calceamentisque
2902 1449 3194 1517 depositis,
3259 1457 3389 1517 etc.,
3448 1467 3617 1521 usque
3645 1452 3719 1506 ad

2030 1532 2174 1586 nihil
2204 1533 2357 1586 enim
2378 1534 2659 1587 occultum
2694 1536 2843 1605 quod
2877 1552 2991 1589 non
3026 1538 3327 1593 reveletur.

2102 1625 2167 1676 Et
2197 1624 2326 1688 fecit
2351 1626 2447 1675 sic.
2475 1623 2611 1677 Mira
2646 1625 2999 1689 obedientia,
3048 1625 3165 1677 solo
3192 1625 3376 1679 cilicio
3437 1626 3715 1679 indueba-

2028 1714 2122 1763 tur
2152 1711 2237 1763 vir
2269 1711 2677 1777 nobilissimus,
2713 1718 2773 1765 ut
2803 1712 3021 1765 Hebraei
3054 1712 3304 1767 tradunt.
3346 1715 3516 1784 Cujus
3539 1714 3714 1767 tiliam

2030 1799 2144 1851 Rex
2203 1799 2482 1852 Manasses
2523 1801 2738 1870 accepit
2792 1800 2850 1853 in
2902 1801 3255 1871 conjugium,
3320 1818 3436 1855 non
3490 1802 3720 1855 erubuit

2030 1887 2214 1939 nudus
2258 1887 2541 1954 incedere,
2574 1888 2713 1942 nihil
2745 1889 3041 1944 honestius
3092 1890 3355 1959 judicans
3401 1907 3571 1961 quam
3609 1891 3719 1945 Do-

2030 1975 2188 2027 mino
2213 1975 2464 2029 obedire.

2100 2064 2261 2117 Vens.
2318 2067 2369 2118 3.
2426 2094 2494 2105 —
2557 2066 2940 2119 Discalceatus.
3006 2067 3134 2131 (ιο.)
3191 2067 3513 2120 Notandum
3570 2068 3721 2137 quod

2032 2157 2336 2221 antequam
2372 2151 2631 2221 capiatur
2662 2155 2885 2217 Azotus,
2929 2158 3058 2219 etc.,
3091 2170 3259 2223 usque
3310 2156 3383 2207 ad
3439 2156 3507 2209 ad
3549 2172 3722 2226 quam

2032 2240 2280 2307 festinat,
2314 2240 2398 2293 vel
2424 2245 2593 2306 stare,
2616 2242 2704 2293 vel
2727 2241 3040 2294 ambulare.

2102 2329 2265 2381 Vens.
2299 2328 2351 2381 4.
2380 2359 2449 2368 -
2495 2328 2587 2382 Ad
2617 2332 2987 2394 ignominiam.
3045 2329 3187 2392 Quia
3238 2331 3446 2399 pascha
3490 2330 3722 2384 Domini

2033 2416 2331 2469 comedere
2362 2432 2480 2469 non
2513 2420 2797 2486 poterant,
2831 2418 2983 2486 quod
3014 2417 3262 2471 comedit
3292 2418 3501 2471 lumbis
3532 2420 3721 2472 accin-

2033 2511 2177 2567 ctus,
2211 2505 2476 2558 baculum
2509 2511 2707 2559 tenens
2758 2522 2956 2573 manu,
2989 2506 3249 2559 calceatis
3308 2507 3567 2577 pedibus,
3627 2524 3719 2573 ne,

2035 2610 2138 2663 per
2167 2593 2336 2661 hujus
2366 2594 2558 2646 saeculi
2581 2593 2944 2647 solitudinem
2966 2594 3269 2659 transiens,
3303 2610 3333 2646 a
3364 2594 3723 2665 serpentibus

2040 2682 2389 2735 mordeatur.

2108 2770 2266 2823 Vens.
2298 2772 2347 2823 6.
2381 2799 2451 2809 —
2509 2769 2747 2822 Haeceine
2804 2774 2939 2822 erat.
3001 2768 3349 2823 Admiranda
3381 2767 3481 2821 Dei
3537 2768 3726 2838 provi-

2035 2858 2249 2923 dentia,
2284 2862 2415 2926 etc.,
2446 2873 2614 2925 usque
2643 2856 2717 2909 ad
2767 2855 2828 2909 in
2886 2856 3000 2911 fine
3031 2872 3097 2911 ex
3145 2860 3265 2910 toto
3324 2855 3552 2927 peribit,
3594 2870 3725 2908 cum

1958 2944 1998 2998 C
2036 2961 2278 3016 regnum
2302 2944 2507 2999 Christi
2540 2944 2805 2998 illuxerit.

2678 3084 2903 3137 CAPUT
2942 3083 3073 3136 XXI.

2106 3209 2265 3261 Vens.
2306 3211 2351 3261 l.
2413 3238 2480 3246 —
2540 3208 2685 3261 Onus
2757 3207 2955 3260 deserti
3004 3209 3193 3260 maris.
3254 3207 3573 3278 Babylonis,
3621 3224 3726 3279 pro

2035 3295 2403 3351 multitudine
2430 3296 2631 3365 populi
2658 3294 2806 3348 dicta
2839 3311 3016 3349 mare.

2110 3386 2190 3438 De
2217 3384 2422 3438 deserto
2452 3385 2616 3437 venit.
2644 3383 2708 3436 In
2730 3400 2843 3453 quo
2878 3382 3151 3437 Dominus
3203 3388 3475 3452 tentatus,
3526 3386 3585 3439 in
3615 3401 3727 3457 quo

2038 3473 2306 3527 Israelita:
2337 3472 2590 3541 percussi
2620 3489 2650 3524 a
2682 3471 3061 3541 serpentibus.

2110 3562 2281 3615 Vens.
2315 3564 2366 3613 2.
2418 3590 2487 3601 —
2545 3561 2653 3625 Qui
2707 3561 3036 3615 incredulus.
3091 3561 3381 3615 Generalis
3421 3562 3726 3627 sententia,

2040 3649 2203 3719 quasi
2232 3651 2400 3719 culpa
2433 3648 2792 3717 singulorum
2824 3652 2911 3702 est
2940 3648 3093 3717 quod
3125 3648 3182 3701 in
3238 3654 3577 3720 tempestate
3638 3666 3736 3720 op-

2045 3736 2393 3807 primuntur.

2112 3824 2356 3878 Ascende
2393 3824 2604 3876 Elam.
2637 3824 2761 3878 LXX
2798 3840 2809 3877 :
2868 3823 3146 3877 zElamitze
3208 3828 3265 3877 et
3316 3824 3490 3893 legati
3535 3826 3735 3878 Persa-

2046 3928 2193 3966 rum.
2229 3911 2534 3978 ASlamitas,
2569 3911 2965 3981 despicientes.
2995 3912 3260 3978 Ascende,
3286 3913 3448 3982 quasi
3479 3912 3692 3965 diceret
3721 3929 3734 3965 :

2047 4002 2089 4056 Ο
2120 4002 2304 4054 Persa:
2382 4004 2437 4053 et
2488 3999 2654 4063 Medi,
2706 4000 2881 4054 nolite
2942 4001 3145 4054 timere
3210 4016 3386 4070 equos
3431 4000 3735 4065 ascendite,

2050 4088 2398 4159 Babylonem
2422 4086 2695 4141 obsidete.
2750 4088 3010 4141 Ascende.
3053 4088 3149 4142 Dei
3192 4088 3525 4141 fortitudine
3556 4089 3738 4142 conti-

2053 4195 2164 4243 sus,
2196 4177 2487 4241 audacter,
2521 4180 2720 4229 contra
2749 4175 3103 4229 adversarios
3133 4176 3406 4246 loquitur.

2126 4271 2343 4321 Omnem
2383 4265 2657 4332 gemitum.
2714 4264 2836 4328 Quo
2879 4268 2933 4317 te
2965 4268 3021 4317 et
3066 4264 3203 4317 alias
3260 4269 3458 4333 gentes
3512 4279 3739 4333 gemere

2050 4353 2317 4419 faciebat;
2346 4353 2453 4417 vel,
2492 4357 2555 4406 ut
2585 4352 2776 4406 nullus
2801 4353 2922 4422 jam
2951 4356 3145 4423 gemat
3198 4368 3427 4422 pressus
3485 4351 3741 4422 potentia

2054 4442 2383 4511 Babylonis;
2418 4442 2501 4494 vel
2532 4442 2706 4495 tantis
2744 4441 2910 4495 malis
2965 4440 3036 4495 sit
3064 4441 3293 4507 afﬂicta,
3326 4446 3391 4495 ut
3429 4444 3627 4494 contra
3684 4446 3741 4494 te

2051 4546 2280 4602 gemere
2315 4545 2430 4583 non
2462 4531 2680 4583 audeat.

2122 4620 2282 4671 Vens.
2321 4622 2372 4671 5.
2405 4648 2474 4658 -
2506 4620 2643 4672 Pone
2680 4633 2937 4672 mensam.
2960 4616 3132 4681 Quasi
3161 4617 3401 4671 diceret:
3459 4618 3501 4671 Ο
3560 4619 3742 4671 Persas

2053 4711 2107 4761 et
2137 4707 2302 4771 Medi,
2340 4706 2547 4760 sumite
2577 4706 2767 4760 cibum
2803 4712 2957 4772 ,etc.,
2999 4721 3169 4775 usque
3213 4705 3289 4759 ad
3337 4706 3395 4759 in
3429 4722 3541 4776 quo
3575 4706 3744 4775 ignea

2056 4796 2165 4849 tela
2195 4795 2408 4849 diaboli
2439 4793 2812 4864 restringatis.

2125 4884 2509 4951 Contemplare.
2544 4889 2649 4935 etc.
2707 4882 2851 4945 Quid
2883 4887 3013 4952 post
3070 4899 3326 4937 mensam
3384 4883 3612 4952 ingruat
3669 4882 3744 4951 ei,

2054 4973 2164 5035 vel,
2192 4972 2599 5041 contemplare,
2632 4987 2664 5022 ο
2696 4971 3008 5039 Balthasar,
3042 4971 3177 5040 quid
3209 4971 3499 5041 scripserit
3546 4971 3605 5023 in
3635 4986 3743 5041 pa-

2059 5059 2201 5113 riete
2231 5076 2243 5113 :
2277 5061 2452 5125 Mane,
2491 5058 2685 5121 Tethel,
2714 5058 2940 5112 Phares.

2127 5146 2286 5199 Vens.
2346 5149 2396 5199 6.
2458 5175 2523 5184 —
2580 5147 3000 5215 Speculatorem.
3060 5145 3427 5216 Speculantes
3478 5145 3749 5203 dicuntur

2060 5234 2374 5306 prophetae.

2129 5323 2295 5376 Vens.
2326 5326 2378 5375 7.
2436 5352 2506 5361 -
2561 5322 2924 5377 Ascensorem.
2959 5322 3136 5393 Cyrus
3190 5323 3456 5394 princeps
3494 5323 3750 5395 impera-

2056 5410 2154 5465 bat
2175 5409 2348 5464 Medis
2379 5414 2434 5463 et
2468 5408 2669 5476 Persis,
2703 5414 2836 5478 etc.,
2866 5424 3035 5479 usque
3063 5409 3138 5463 ad
3192 5408 3400 5466 litteras
3430 5411 3644 5466 scilicet
3694 5416 3752 5466 et

2058 5496 2295 5570 spiritus
2322 5496 2394 5552 ad
2428 5496 2542 5552 duo
2576 5496 2826 5551 referunt
2850 5497 3227 5551 Testamenta.
