4074 6186
371 290 505 344 1263

372 501 698 572 speculator
728 498 1106 569 praerogativa
1137 495 1658 565 contemplationis.

445 591 617 658 Super
645 589 912 657 speculam
952 587 1184 640 Domini.
1249 585 1306 638 ld
1341 590 1443 649 est,
1496 600 1599 653 per
1631 583 1780 636 diem
1834 582 1892 636 in
1925 598 2062 634 con-

375 677 746 748 templatione
778 674 1018 744 positus,
1055 673 1254 727 diebus
1311 689 1373 726 ac
1393 672 1653 726 noctibus
1685 676 1913 742 paratus
1960 687 2060 724 au-

374 765 496 820 dire
525 769 579 816 et
601 761 758 832 loqui
793 777 920 832 quae
957 760 1312 830 praeceperit.

442 853 603 906 Stans
652 852 778 905 totis
827 851 1089 903 noctibus.
1147 850 1213 902 Ut
1260 864 1349 901 me
1401 845 1717 900 custodiam
1773 843 1842 897 ab
1905 842 2064 896 omni

373 945 624 1012 peccato,
657 943 720 992 ut
744 938 848 992 sim
873 938 1082 1007 dignus
1115 936 1314 992 audire
1337 936 1573 989 verbum
1601 932 1847 987 Domini.

449 1029 607 1082 Vens.
639 1031 686 1080 9.
722 1058 788 1066 —
819 1029 948 1081 Ecce
972 1029 1072 1079 istc
1101 1027 1244 1078 renit
1293 1028 1396 1078 vir.
1455 1023 1614 1088 Quod
1674 1021 1952 1091 sequitur,
2006 1036 2064 1073 se

373 1116 578 1170 vidisse
609 1116 913 1185 signiﬁcat,
985 1116 1174 1168 venire
1231 1114 1443 1167 scilicet
1489 1113 1836 1165 Salvatorcm
1895 1125 2067 1179 super

372 1205 565 1272 bigam
604 1205 919 1268 sedentem,
948 1207 1004 1256 et
1034 1203 1258 1256 duobus
1292 1201 1653 1267 animalibus,
1679 1199 1732 1252 id
1765 1203 1868 1263 est,
1905 1197 2064 1250 asino

377 1300 432 1347 et
463 1293 698 1354 camelo.
731 1307 906 1345 unum
940 1307 1171 1344 currum
1194 1292 1558 1361 jungentem.

447 1380 668 1446 Cecidit,
703 1381 912 1434 cecidit.
946 1380 1088 1450 Cyro
1115 1386 1168 1432 et
1218 1380 1384 1433 Dario
1437 1376 1781 1447 Babylonem
1838 1378 2066 1427 vastan-

376 1469 549 1534 tibus,
585 1469 756 1522 etiam
788 1469 938 1522 idola
973 1473 1105 1521 sunt
1142 1467 1446 1533 confracta,
1498 1464 1715 1534 templo
1778 1462 1894 1515 Beli
1943 1462 2070 1516 sub-

377 1573 540 1610 verso
571 1561 626 1610 et
653 1556 785 1626 igne
817 1560 1202 1610 concremata.

453 1645 607 1738 Vens.
644 1647 727 1738 ltl.
759 1674 828 1738 -τ
857 1647 1104 1738 Τνίιᾳνα.
1134 1659 1268 1698 mea.
1304 1643 1475 1707 Quasi
1510 1660 1521 1698 :
1556 1645 1707 1700 dicat
1831 1645 2068 1738 popule,
2104 1685 2141 1738 Β

380 1733 477 1803 qui
507 1732 897 1786 recondendus
919 1748 978 1784 es
1003 1733 1058 1784 in
1092 1731 1296 1785 horrea
1331 1747 1472 1794 mea,
1511 1748 1680 1802 quem
1712 1735 1843 1788 trivi
1901 1735 2070 1787 variis

376 1821 679 1891 angustiis,
720 1826 784 1874 ut
843 1826 1165 1873 excuterem
1218 1820 1411 1888 paleas
1442 1825 1498 1873 et
1549 1823 1800 1876 triticum
1833 1839 2067 1893 purum,

379 1908 694 1961 conferrem
750 1907 808 1960 in
856 1908 1060 1961 horrea
1122 1923 1248 1977 qum
1281 1907 1468 1960 audivi
1520 1926 1546 1960 a
1583 1910 1821 1964 Domino
1850 1928 1912 1964 ex
1957 1913 2070 1964 Deo

382 1998 573 2059 Israel,
607 2001 717 2050 etc.

455 2085 621 2137 Vens.
652 2087 735 2136 ll.
779 2112 849 2123 —
904 2084 1048 2138 Onus
1089 2084 1288 2137 Duma.
1354 2085 1523 2138 LXX:
1589 2087 1876 2155 Idumteae,
1938 2093 2069 2153 etc.,

387 2187 552 2239 usque
581 2172 654 2224 ad
684 2189 825 2224 onus
853 2173 1036 2225 Duma
1065 2172 1132 2225 ad
1167 2188 1256 2225 me
1283 2173 1506 2227 clamat.

457 2260 548 2314 Ad
628 2275 709 2312 me
782 2260 1000 2313 clamat.
1062 2260 1268 2329 (HIER.)
1358 2261 1528 2327 Deus,
1619 2263 1832 2317 scilicet
1889 2268 2074 2317 custos

388 2363 570 2414 meus,
611 2353 740 2401 etc..
773 2361 942 2415 usque
991 2347 1065 2400 ad
1104 2349 1355 2418 loquitur
1403 2349 1609 2404 deinde
1653 2353 1959 2422 gentibus:
2016 2353 2078 2406 Si

385 2451 464 2488 me
491 2438 759 2503 quaeritis,
784 2435 1095 2488 studiosius
1126 2440 1348 2504 quaerite
1375 2436 1554 2502 (Joan.
1589 2439 1682 2508 ix).

455 2524 615 2576 Vens.
650 2526 730 2576 12.
767 2552 834 2562 —
870 2524 1027 2578 Venit
1058 2539 1233 2589 mane,
1283 2530 1389 2578 etc.
1460 2525 1628 2589 Quasi
1677 2529 1892 2598 populo
1947 2544 2075 2582 meo

385 2611 530 2664 dabo
556 2611 752 2665 lumen
780 2611 1016 2678 ltetitiaz,
1050 2617 1181 2679 etc.,
1211 2627 1386 2680 usque
1409 2614 1483 2666 ad
1521 2616 1870 2685 operatione.
1913 2622 1969 2670 et
2001 2618 2077 2670 sic

384 2700 615 2754 audiam
639 2716 752 2754 vos.

455 2789 622 2842 Vens.
660 2790 742 2842 l3.
779 2818 845 2838 ε-
901 2789 1047 2842 Onus
1076 2791 1133 2842 in
1189 2789 1428 2845 Arabia.
1480 2791 1694 2845 Arabes
1725 2796 1856 2846 sunt
1907 2793 2075 2848 Sara-

385 2875 533 2945 ceni,
567 2881 655 2930 etc
684 2892 852 2946 usque
880 2877 954 2930 ad
981 2877 1111 2930 inde
1151 2878 1464 2949 alloquitur
1519 2881 1668 2933 Deus
1716 2881 1942 2935 Judzeos
1989 2882 2077 2936 fu-

384 2964 604 3035 gientes
635 2965 713 3017 sic
748 2981 760 3018 :
841 2971 844 2976 '

454 3055 516 3107 In
546 3054 690 3107 saltu
720 3052 794 3107 ad
820 3068 1116 3123 vesperam.
1151 3053 1193 3108 Ο
1221 3054 1424 3120 Judmi,
1448 3054 1547 3126 qui
1576 3055 1932 3111 obsidionem
1966 3059 2074 3112 Ba-

381 3141 670 3210 byloniam
690 3141 920 3212 fugietis
949 3142 1008 3195 in
1032 3142 1198 3207 saltu,
1219 3141 1275 3196 id
1301 3149 1384 3196 est
1407 3143 1467 3196 in
1489 3143 1643 3196 silvis
1659 3144 2073 3200 Saracenorum

383 3229 704 3296 dormietis,
737 3230 1022 3300 fugientes
1061 3230 1353 3284 Chaldaeos
1386 3232 1444 3285 in
1495 3233 1710 3286 semitis
1771 3234 2070 3301 Dodauim,

381 3317 528 3386 quod
559 3317 971 3382 interpretatur
1000 3321 1055 3370 in
1089 3320 1424 3388 propinquos
1464 3319 1547 3372 vel
1581 3327 1851 3388 cognatos,
1878 3321 1932 3376 id
1965 3329 2068 3388 est,

380 3404 438 3458 in
472 3405 560 3457 via
589 3420 716 3474 quae
738 3406 894 3457 ducit
924 3405 1288 3474 prOpinquos
1320 3413 1533 3460 vestros
1566 3409 1894 3464 Saracenos.

458 3493 765 3559 VeSperam.
808 3493 932 3558 (lu)
973 3492 1110 3554 Quae
1168 3498 1251 3545 est
1297 3493 1648 3563 principium
1706 3497 1906 3551 noctis.
1963 3498 2071 3563 Qui

380 3593 613 3646 peccare
645 3578 866 3647 incipit,
901 3579 958 3631 in
992 3595 1224 3649 vespera
1254 3586 1363 3646 est;
1392 3581 1490 3652 qui
1513 3582 1582 3636 ad
1621 3599 1909 3639 summum
1969 3603 2072 3640 ve-

383 3665 484 3733 nit,
519 3667 576 3719 in
601 3666 785 3720 media
814 3671 997 3720 nocte.
1035 3668 1212 3721 Media
1236 3676 1401 3723 nocte
1432 3671 1815 3742 primogenita
1846 3675 2070 3746 IEgypti

380 3755 738 3809 occiduntur.
783 3757 979 3809 Petrus
1028 3762 1215 3827 negat,
1249 3758 1371 3811 luce
1394 3759 1514 3828 jam
1568 3761 1751 3814 vicina
1807 3765 2068 3832 poenitet.

449 3845 514 3897 In
536 3846 758 3896 semitis.
801 3845 924 3911 (Ιυ.)
948 3843 1088 3908 Quia
1119 3861 1350 3915 vespera
1381 3847 1728 3916 principium
1763 3851 2069 3919 malorum,

379 3935 510 3989 etc.,
540 3945 707 3998 usque
736 3931 810 3984 ad
839 3933 1066 4002 quando
1097 3939 1292 3985 contra
1324 3939 1544 4003 patrem
1574 3935 1886 3990 rebellavit.

451 4020 605 4071 \‘ens.
643 4019 726 4072 14.
758 4048 825 4056 -
879 4019 1192 4073 Oeam-entes
1244 4022 1452 4074 sitienti
1498 4023 1653 4088 ferte.
1711 4025 1823 4077 Hoc
1873 4031 2068 4079 contra

379 4124 474 4159 eos
503 4111 687 4176 potest
716 4105 845 4168 dici,
882 4107 979 4176 qui
1013 4108 1128 4160 otio
1160 4114 1217 4161 et
1248 4107 1476 4162 desidiae
1510 4127 1569 4162 se
1599 4113 1960 4166 tradiderunt
2014 4119 2069 4168 et

1113 287 1501 342 WALAFRIDI
1544 285 1789 341 STRABI
1829 285 2028 340 FULD.
2075 285 2231 340 NON.
2275 287 2449 340 PARS
2489 287 2530 340 l.
2610 317 2641 324 -
2681 285 3144 343 TllEOLOGICA.

439 412 605 466 Vens.
634 411 687 465 8.
720 440 789 449 —
811 410 930 465 Leo.
988 409 1142 463 Idem
1174 409 1263 462 leo
1292 423 1397 478 pro
1448 406 1654 461 virtute
1704 406 1902 471 animi,
1955 405 2055 476 qui
2085 410 2129 460 Α

3734 289 3877 343 1264

2247 408 2419 462 Vallis
2467 410 2708 462 visionis.
2761 409 2885 462 LXX
2921 426 2932 460 :
2987 408 3143 474 Sion,
3196 407 3250 462 id
3290 412 3376 462 est
3403 409 3675 478 specula.
3709 408 3873 462 scili-

2170 501 2256 549 cet
2301 497 2578 550 Ecelesize.

2243 585 2512 650 Quidnam
2555 586 2658 638 tibi
2687 601 2912 653 quoque.
2955 583 3125 648 Quasi
3183 584 3442 639 diceret:
3489 584 3626 638 Cum
3678 583 3871 656 philo-

2172 673 2369 743 sophia
2394 679 2448 725 et
2474 673 2750 742 sapientia
2803 673 3110 739 smtttilaris,
3168 673 3237 726 de
3277 673 3620 727 sublimibus
3675 673 3872 742 dispu-

2171 765 2319 822 tans,
2351 761 2775 830 simplicitatem
2810 761 3072 814 Ecclesia:
3093 766 3444 829 contemnat,
3480 777 3602 827 cur,
3632 770 3692 814 tu
3729 776 3870 831 quo-

2173 863 2283 918 que
2314 849 2544 900 sectaris
2574 849 2790 900 excelsa
2803 847 2830 900 ἱ)

2245 937 2406 990 Vens.
2455 939 2505 990 2.
2539 965 2605 975 —
2667 935 2856 990 Plena.
2915 935 3181 988 Doctrina
3236 935 3640 990 haereticorum
3694 935 3868 1006 plena

2174 1030 2258 1077 est
2285 1023 2653 1094 multiloquio
2685 1029 2742 1077 et
2775 1024 3043 1077 clamore.

2243 1115 2522 1178 Inter/ccli
2566 1115 2664 1166 tui.
2696 1113 2904 1181 (Ηιιςιι.)
2960 1112 3154 1178 Vallis,
3195 1113 3410 1166 scilicet
3456 1113 3613 1180 Sion,
3655 1113 3865 1166 volun-

2176 1207 2292 1256 tate
2366 1201 2618 1273 propria,
2699 1202 2766 1256 ad
2841 1201 3137 1254 hereticos
3196 1201 3408 1254 scilicet
3485 1201 3870 1265 transierunt,

2178 1290 2613 1362 Comparatione
2648 1306 2845 1344 eorum
2880 1290 2978 1361 qui
3017 1294 3150 1360 post
3208 1290 3471 1360 prtelium
3532 1290 3667 1343 victi
3719 1293 3870 1354 sunt,

2178 1380 2461 1433 infelicius
2490 1380 2864 1432 vulnerantur
2912 1378 3010 1448 qui
3051 1384 3250 1447 sponte
3281 1395 3341 1432 se.
3389 1379 3622 1432 tradunt
3656 1395 3667 1432 :
3725 1395 3875 1449 quo-

2179 1467 2352 1520 modo
2405 1465 2464 1519 in
2517 1466 2814 1536 martyrio,
2863 1465 2961 1536 qui
3019 1468 3150 1534 post
3205 1480 3403 1533 pmnas
3445 1469 3638 1534 negat,
3694 1465 3880 1517 levius

2179 1555 2416 1624 punitur
2443 1569 2614 1624 quam
2644 1553 2741 1624 qui
2772 1553 2894 1605 sine
2921 1552 3252 1606 necessitate
3284 1552 3570 1606 Christum
3606 1551 3876 1622 abnegat.

2251 1643 2408 1695 Vens.
2445 1643 2497 1695 3.
2537 1671 2604 1679 ——-
2639 1643 2840 1695 Cuncti
2889 1643 3185 1710 principes,
3237 1646 3342 1693 etc.
3395 1641 3549 1694 Sicut
3605 1641 3665 1693 in
3721 1641 3878 1694 lere-

2186 1730 2298 1784 mia
2324 1730 2555 1800 legitur,
2588 1729 2887 1784 Sedechias
2917 1737 3083 1783 nocte
3105 1745 3208 1799 per
3238 1730 3390 1782 muri
3430 1730 3711 1796 foramen,
3745 1736 3875 1794 etc.,

2182 1835 2350 1886 usque
2371 1818 2446 1871 ad
2463 1823 2518 1871 et
2547 1819 2606 1870 in
2640 1817 2984 1888 Babylonem
3017 1818 3169 1872 ducti
3193 1823 3346 1871 sunt.

2251 1909 2542 1975 Fugerunt.
2575 1908 2636 1959 ln
2666 1907 2800 1976 fuga
2831 1906 3159 1969 concordes,
3179 1921 3427 1976 quorum
3471 1904 3741 1976 princeps
3795 1913 3878 1958 est

2181 1994 2352 2049 draco
2383 1995 2629 2065 fugiens,
2657 1995 2891 2048 coluber
2926 2000 3231 2048 tortuosus.

2256 2084 2415 2137 Vens.
2451 2087 2500 2138 5.
2535 2113 2603 2121 —
2650 2085 2720 2138 Et
2762 2085 2998 2150 ﬂetuum.
3036 2082 3162 2152 (11).)
3223 2082 3346 2135 LXX
3383 2097 3398 2134 :
3447 2082 3688 2136 Erroris.
3755 2083 3878 2135 Non

2183 2171 2339 2242 quod
2380 2171 2548 2224 ﬂetus
2587 2175 2643 2223 et
2703 2187 2862 2224 error
2918 2187 2950 2223 a
2983 2170 3228 2224 Domino
3277 2169 3380 2236 sit;
3436 2169 3532 2224 sed
3579 2170 3883 2223 occasione

2182 2258 2604 2328 Scripturarum
2640 2273 2781 2328 quas
2828 2257 2987 2311 dedit
3015 2258 3096 2311 eis
3149 2259 3436 2328 legendas,
3488 2259 3747 2312 nascitur
3796 2275 3884 2312 er-

2184 2345 2330 2398 roris
2363 2345 2604 2411 occasio,
2638 2351 2694 2398 et
2726 2351 2962 2416 possunt
3012 2345 3202 2400 dicere
3238 2362 3251 2400 :
3314 2346 3493 2411 Quare
3542 2362 3640 2400 nos
3699 2363 3887 2400 errare

2184 2437 2414 2501 fecistia
2442 2437 2535 2487 ria
2567 2439 2660 2488 tua
2685 2440 2708 2486 ?
2733 2435 2840 2500 (lsa
2864 2434 3042 2503 Lxm.)

2256 2525 2430 2577 νειμ.
2465 2526 2516 2576 6.
2545 2552 2613 2561 —
2631 2523 2812 2576 Elam.
2843 2523 3111 2577 Civitates
3131 2523 3190 2576 in
3214 2523 3445 2577 Perside
3471 2523 3796 2593 provincia,
3823 2523 3878 2575 in

2188 2629 2302 2683 qua
2329 2611 2532 2682 Optimi
2554 2610 2832 2680 sagittarii
2861 2628 2874 2665 :
2904 2611 3070 2665 Elam
3088 2615 3320 2680 sumpsit
3337 2612 3677 2680 pharetram.
3705 2612 3885 2665 Elam.

2187 2706 2455 2754 ascensus
2521 2715 2742 2766 eorum,
2813 2699 2869 2753 id
2952 2705 3036 2752 est
3115 2700 3381 2770 superbia
3455 2701 3881 2754 haereticorum.

2189 2787 2433 2860 sumpsit
2461 2788 2811 2858 pharetram,
2842 2793 2903 2841 ut
2946 2790 3166 2854 sagittet
3188 2789 3246 2842 in
3275 2789 3492 2842 obscuro
3513 2795 3685 2842 rectos
3706 2789 3881 2842 corde.

2260 2879 2540 2932 Parietem.
2578 2876 2835 2930 Ecclesiae
2874 2876 3260 2946 firmamenta,
3292 2878 3487 2948 clypeo
3520 2893 3650 2946 suo,
3697 2877 3756 2930 id
3804 2880 3885 2930 est

2109 2961 2148 3015 C
2187 2963 2622 3036 impugnatione
2655 2965 2908 3019 nudavit.

2257 3055 2419 3108 Vens.
2451 3056 2503 3108 8.
2533 3085 2600 3094 —
2660 3055 3082 3123 Operimentum.
3108 3055 3410 3124 Templum
3467 3054 3621 3125 quod
3680 3055 3879 3122 genti-

2186 3143 2289 3198 bus
2320 3149 2376 3197 et
2407 3141 2642 3213 pollutis
2671 3149 2803 3196 ante
2835 3148 3098 3212 opertum
3129 3151 3184 3196 et
3212 3145 3466 3196 clausum
3497 3149 3641 3198 erat.

2253 3232 2772 3286 Armamentarium.
2856 3231 3021 3284 Juxta
3099 3233 3376 3302 templum
3468 3237 3590 3285 erat
3673 3232 3882 3286 domus

2183 3334 2353 3390 quam
2413 3319 2715 3374 aaditicavit
2785 3319 2961 3373 David
3018 3319 3083 3373 ad
3175 3319 3505 3390 reponenda
3572 3336 3756 3385 arma,
3819 3322 3876 3374 in

2182 3411 2342 3476 cujus
2393 3408 2631 3461 circuitu
2685 3407 2916 3461 arbores
2965 3410 3192 3473 multas;
3269 3405 3418 3462 unde
3477 3407 3690 3462 dicitur
3769 3410 3876 3462 do-

2182 3513 2310 3552 mus
2337 3497 2532 3550 saltus.
2569 3497 2692 3564 Ipsa
2711 3511 2942 3566 quoque
2965 3513 3074 3549 non
3103 3496 3338 3566 lapides,
3371 3496 3466 3549 sed
3495 3497 3686 3566 lignea
3717 3498 3830 3551 fuit
3863 3515 3876 3550 ε

2182 3603 2246 3640 ex
2287 3587 2526 3639 humore
2558 3584 2710 3638 enim
2744 3585 3009 3638 eminenti
3038 3591 3094 3637 et
3125 3585 3380 3655 lapidum
3409 3586 3490 3654 (ut
3520 3587 3702 3652 aiunt)
3741 3601 3876 3640 eru-

2181 3675 2344 3746 ginat
2373 3675 2610 3727 ferrum.

2254 3765 2412 3816 Vens.
2447 3765 2498 3816 9.
2531 3791 2599 3801 —
2656 3764 2724 3816 Et
2781 3764 3166 3828 congregastis.
3217 3763 3390 3815 Terra
3448 3762 3873 3832 promissionis,

2181 3849 2443 3920 quamvis
2467 3849 2778 3916 uberrima,
2805 3855 2915 3902 etc.
2933 3889 2947 3914 ,
2971 3854 3097 3914 etc.,
3122 3850 3626 3920 usqueadinferior
3648 3867 3779 3921 que
3803 3852 3874 3905 ab

2181 3938 2436 3992 hostibus
2461 3938 2585 4008 capi
2615 3943 2859 4009 poterat,
2887 3938 3147 4008 superior
3176 3956 3304 4009 qua:
3335 3955 3450 3992 non
3483 3945 3730 4009 poterat.

2253 4029 2413 4081 Vens.
2487 4030 2569 4080 ll.
2631 4056 2697 4065 -ο
2744 4029 2813 4081 Et
2875 4027 3069 4080 lacum.
3137 4027 3255 4095 (1ο.)
3314 4027 3432 4080 Non
3483 4034 3726 4097 puteum
3773 4028 3873 4098 qui

2178 4131 2386 4186 aquam
2419 4115 2648 4168 vitalem
2683 4115 2852 4168 habet
2884 4119 2942 4168 et
2966 4121 3260 4182 aeternam,
3286 4115 3383 4169 sed
3410 4115 3873 4188 lacusjcontritos

377 4193 610 4264 propria
660 4194 840 4246 salute
889 4195 1142 4248 contenti
1191 4201 1341 4264 sunt,
1404 4213 1506 4252 nec
1534 4198 1960 4269 paenitentibus,
2014 4208 2070 4256 et
2112 4238 2152 4292 Β
2180 4204 2277 4276 qui
2307 4203 2596 4256 continere
2628 4218 2742 4256 non
2768 4203 2960 4256 valent
2989 4219 3216 4274 aquam.

376 4281 660 4333 conversis
685 4297 918 4334 manum
955 4283 1276 4352 porrigunt.

446 4370 669 4422 Sitienti
691 4371 829 4433 ferte
855 4367 1072 4438 acuum.
1107 4371 1374 4440 Fatigatis
1406 4372 1676 4427 fratribus
1709 4375 1909 4430 ardore
1968 4394 2062 4431 so-

378 4457 444 4509 lis
473 4462 529 4509 et
579 4458 703 4509 silis
733 4457 872 4510 ferte
900 4474 1130 4528 aquam,
1163 4475 1235 4511 ne
1268 4459 1325 4511 in
1351 4460 1658 4515 solitudine
1678 4470 1934 4532 pereant.

446 4545 611 4598 Vens.
650 4548 730 4598 l6.
763 4545 954 4598 Adhuc
982 4549 1039 4599 in
1071 4563 1194 4612 uno,
1247 4551 1351 4600 etc.
1407 4548 1577 4612 Quasi
1626 4550 1839 4605 diceret
1874 4567 1886 4607 :
1919 4553 2062 4618 Quia

373 4637 486 4685 non
527 4632 808 4686 habuistis
838 4633 893 4686 in
928 4649 1023 4687 eos
1051 4635 1526 4705 misericordiam,
1581 4655 1758 4708 prope
1821 4644 2061 4695 sustine-

373 4720 506 4772 bitis
549 4720 892 4791 captivitatis
923 4722 1234 4776 miseriam.
1295 4725 1426 4776 Post
1478 4742 1694 4780 annum
1754 4744 1782 4780 a
1829 4729 2064 4784 Judaica

372 4808 697 4878 captivitate
729 4814 786 4864 et
808 4811 1121 4864 Jerusalem
1152 4811 1540 4880 subversione,
1571 4813 1628 4866 hi
1674 4831 1902 4886 quoque
1963 4834 2058 4872 va-

371 4899 499 4950 stati
528 4903 676 4951 sunt.

439 4987 612 5050 Quasi
643 4988 698 5039 in
747 5003 887 5040 anno
934 4990 1305 5041 mercenarii:
1348 4989 1473 5058 (11).)
1519 4989 1670 5060 quod
1730 4995 1856 5044 est:
1909 4992 2061 5056 Quo-

365 5075 534 5129 modo
566 5075 951 5128 mercenarius
983 5091 1197 5128 annum
1233 5093 1421 5142 suum,
1451 5084 1585 5145 etc.,
1624 5093 1792 5146 usque
1823 5078 1896 5131 ad
1955 5095 2056 5148 pa-

363 5179 612 5234 nemque
642 5165 926 5216 caelestem
959 5163 1332 5216 comederint.

1001 5252 1227 5306 CAPUT
1267 5252 1421 5306 XXII.

429 5337 590 5391 Vens.
627 5341 775 5394 1.-
819 5339 965 5394 Onus
1015 5340 1194 5393 vallis.
1236 5340 1548 5394 Jerusalem
1608 5339 1902 5412 quondam
1962 5342 2054 5396 do-

357 5423 511 5476 mina
543 5426 824 5492 gentium,
855 5432 986 5491 etc.,
1043 5442 1212 5496 usque
1239 5426 1433 5498 adqui
1459 5427 1528 5482 de
1587 5428 1819 5483 sublimi
1879 5446 2050 5485 sensu

352 5511 768 5581 scripturarum
794 5515 860 5568 ad
889 5514 986 5568 iufi
1014 5533 1082 5567 ua
1113 5519 1475 5570 corruerunt.

2248 4291 2396 4344 Inter
2449 4289 2582 4342 duos
2647 4305 2845 4343 muros.
2907 4291 3132 4345 Scilicet
3194 4297 3249 4344 et
3307 4293 3521 4346 Novum
3579 4300 3636 4347 et
3705 4294 3877 4348 Vetus

2178 4377 2625 4444 Testamentum,
2677 4377 2937 4432 fecerunt
2985 4379 3093 4432 sibi
3124 4395 3294 4432 novas
3333 4395 3528 4450 aquas,
3581 4397 3728 4451 quas
3787 4383 3871 4436 in-

2176 4465 2414 4519 teriores
2443 4470 2648 4535 putant
2678 4470 2733 4518 et
2765 4466 2982 4536 majora
3035 4467 3326 4522 continere
3375 4470 3647 4539 mysteria
3699 4487 3872 4541 quam

2175 4554 2342 4607 Vetus
2370 4554 2817 4609 Testamentum.

2242 4643 2400 4695 Vens.
2440 4645 2524 4695 12.
2561 4671 2620 4682 —-
2665 4645 2732 4697 Et
2759 4643 2971 4698 vocabit
3013 4645 3277 4699 Dominus
3329 4648 3464 4699 Deus
3507 4649 3868 4701 exercituum.

2169 4730 2434 4793 Quotidie
2471 4735 2745 4800 provocat
2801 4733 3076 4786 Dominus
3119 4733 3415 4788 haereticos
3470 4736 3535 4789 ad
3589 4738 3872 4806 poeniten—

2171 4819 2330 4882 tiam,
2389 4823 2520 4884 etc.,
2577 4833 2746 4886 usque
2786 4819 2861 4872 ad
2916 4820 3010 4873 sed
3052 4821 3464 4890 vilipendentes
3552 4829 3610 4876 et
3669 4824 3870 4894 despe-

2169 4909 2360 4958 rantes
2390 4903 2652 4958 dicebant
2686 4921 2698 4959 :
2731 4905 3079 4962 Comedamus
3109 4915 3156 4962 et
3215 4909 3481 4977 bibamus,
3538 4925 3664 4964 cras
3727 4916 3867 4964 enim

2167 4994 2458 5046 moriemur
2480 4977 2910 5063 (leremixxxiv).

2238 5081 2395 5133 Vens.
2443 5081 2525 5135 14.
2558 5109 2611 5123 -
2656 5083 2990 5137 Moriamini.
3020 5085 3151 5152 (lu.)
3211 5085 3389 5149 Vitiis,
3441 5090 3540 5139 aut
3598 5102 3736 5140 cum
3788 5089 3868 5140 eis

2166 5169 2236 5223 ad
2267 5169 2479 5223 inferos
2510 5169 2885 5239 descendetis,
2941 5178 3070 5240 etc.,
3106 5188 3273 5240 usque
3301 5174 3376 5226 ad
3433 5190 3562 5244 quae
3625 5175 3723 5229 hic
3775 5175 3862 5229 di-

2165 5262 2372 5310 cuntur
2423 5273 2538 5310 non
2596 5259 2885 5328 pertinent
2925 5260 2994 5314 ad
3049 5261 3436 5332 captivitatem
3469 5263 3680 5317 factam
3717 5271 3863 5318 tem-

2165 5361 2304 5414 pore
2329 5345 2601 5399 Ezechiae.

2231 5433 2392 5488 Vens.
2433 5436 2514 5487 l5.
2549 5463 2617 5473 —
2667 5434 2917 5490 Sobnam.
2961 5436 3162 5506 (Ηιεῐι.)
3195 5437 3465 5493 Converte
3516 5455 3695 5504 nunc,
3733 5449 3861 5504 etc.,

2161 5535 2329 5590 usque
2349 5520 2426 5576 ad
2472 5521 2622 5576 unde
2653 5522 2704 5576 ei
2737 5523 3010 5579 Dominus
3036 5525 3158 5579 haec
3199 5527 3346 5581 mala
3379 5527 3656 5583 minatur.
