4018 6176
183 292 319 343 I265

1304 294 1560 353 GLOSSA
1606 294 2012 351 ORDINARIA.
2063 268 2130 335 4-
2178 294 2304 350 ue.
2338 296 2551 352 tSAle.

3556 304 3688 357 l266

248 414 412 468 Vens.
456 417 537 468 l6.
570 444 638 454 —
670 415 820 479 Quid
846 418 905 467 tu
947 416 1073 468 hic?
1126 419 1200 469 Ac
1258 416 1304 469 si
1336 416 1549 472 diceret
1580 434 1592 471 :
1636 420 1748 473 Cur
1779 417 1883 471 tibi
1914 420 1959 472 Α
1998 419 2140 472 Tum
2172 418 2239 472 de
2271 418 2539 472 omnibus
2578 418 2747 486 vitiis,
2792 423 2913 473 tum
2957 420 3025 474 de
3056 420 3369 475 hieresibus
3424 421 3531 476 hoc
3559 440 3687 477 sen-

171 500 256 554 vis
287 501 574 555 aedificare
610 502 889 555 domum?
943 508 1071 567 etc.,
1110 519 1278 571 usque
1322 506 1396 559 ad
1446 522 1621 577 quam
1682 508 1880 576 sepul-

171 605 337 643 crum
368 594 423 643 et
454 590 737 643 memoria
768 591 1201 660 appellandum.

244 679 404 732 Vens.
472 682 552 733 l8.
612 709 681 719 —
739 680 1009 734 Coronans
1065 681 1343 733 coronabit
1382 685 1447 735 te.
1503 682 1609 745 Qui
1668 680 1882 736 scilicet

166 767 467 837 quondam
499 766 750 820 habebas
779 783 1049 820 coronam
1101 768 1409 837 pontificis,
1447 773 1503 822 et
1560 770 1877 823 sanctifica-

171 855 392 908 tionem
426 855 482 908 in
516 856 729 909 lamina
760 855 883 908 auri
916 855 994 918 (in
1044 872 1154 926 qua
1183 856 1458 926 scriptum
1516 861 1637 911 erat
1669 873 1880 911 nomen

174 944 320 1008 Dei),
348 943 723 997 tribulatione
754 950 810 996 et
840 945 1104 1013 angustia
1144 944 1523 999 coronaberis.

252 1033 642 1086 Tribalatione.
680 1034 786 1086 Pro
816 1032 1033 1085 lamina
1087 1048 1261 1085 aurea
1317 1034 1375 1086 in
1434 1051 1547 1103 qua
1605 1034 1878 1103 scriptum

172 1126 299 1172 erat
340 1136 553 1173 nomen
614 1121 861 1187 Domini,
923 1136 1098 1191 quam
1129 1120 1189 1173 in
1248 1122 1436 1176 fronte
1485 1122 1747 1193 portabat
1800 1139 1881 1176 sa-

171 1209 379 1261 cerdos
408 1209 582 1261 semel
619 1209 675 1261 in
702 1225 870 1261 anno.

245 1296 419 1361 Quasi
456 1298 647 1365 pilam.
685 1297 839 1351 Sicut
872 1297 1095 1366 sphaera
1127 1296 1187 1350 in
1232 1296 1355 1350 loco
1407 1297 1609 1351 declivi
1641 1302 1695 1350 et
1750 1314 1878 1368 spa—

170 1385 329 1439 cioso
359 1390 507 1438 stare
539 1401 653 1438 non
684 1390 886 1454 potest,
931 1385 1007 1439 sic
1038 1387 1282 1457 pOpulus
1312 1390 1443 1440 tuus
1470 1386 1530 1439 in
1585 1386 1736 1439 orbis
1767 1391 1877 1439 ter-

174 1474 365 1526 minos
393 1474 775 1544 dispergetur.

245 1562 406 1615 Vens.
442 1564 528 1614 20.
563 1592 631 1601 —
687 1563 913 1617 Servum
943 1577 1117 1616 meum
1149 1562 1403 1616 Eliacim.
1458 1563 1563 1615 Per
1630 1560 1879 1615 Sobnam

171 1650 511 1719 superbum,
544 1655 675 1713 etc.,
709 1665 878 1719 usque
907 1650 980 1702 ad
1010 1651 1217 1704 Filium
1266 1651 1457 1704 Ilelcize
1511 1648 1568 1702 id
1601 1653 1683 1702 est
1701 1648 1878 1719 patris

174 1738 425 1791 Domini.

246 1826 404 1878 Vens.
456 1827 543 1877 22.
606 1854 673 1863 —~
734 1827 966 1880 Clavem.
1022 1827 1126 1879 Per
1183 1827 1398 1879 clavem
1459 1842 1633 1896 quam
1702 1843 1875 1895 super

170 1914 481 1967 humerum
515 1917 724 1982 portat,
756 1920 1043 1983 sceptrum
1098 1914 1258 1984 regni
1300 1919 1354 1967 et
1408 1914 1637 1984 signum
1700 1914 1873 1968 victo-

173 2003 294 2067 rias,
328 2002 386 2055 id
419 2007 506 2055 est
548 2017 755 2055 crucem
789 2018 1076 2071 possumus
1121 2003 1443 2071 intelligere
1496 2018 1670 2072 quam
1711 2000 1873 2055 Chri-

170 2097 295 2143 stus
327 2090 450 2159 ipse
480 2090 538 2142 in
571 2106 673 2141 suo
702 2091 940 2159 proprio
973 2090 1220 2159 portavit
1251 2091 1513 2144 humero.

251 2180 456 2232 Domus
507 2178 701 2232 David.
764 2180 1010 2233 Domum
1069 2179 1241 2233 David
1304 2184 1469 2233 vocat
1517 2178 1723 2232 domus
1767 2179 1873 2231 Do-

175 2267 340 2335 mini,
375 2267 434 2320 in
461 2284 575 2337 qua
601 2272 722 2320 erat
752 2283 927 2321 aurea
956 2268 1146 2321 clavis.

246 2360 317 2411 Et
374 2358 600 2425 aperiet.
639 2357 797 2411 Unde
847 2374 859 2410 :
919 2358 1023 2423 Qui
1088 2360 1265 2427 aperit
1319 2362 1370 2410 et
1436 2372 1586 2411 nemo
1645 2356 1873 2422 claudit,

172 2444 387 2499 claudit
432 2450 483 2498 et
536 2462 686 2499 nemo
735 2449 929 2514 aperit.
985 2447 1147 2510 Quod
1206 2447 1266 2500 in
1330 2448 1594 2518 passione
1660 2461 1873 2500 resera-

175 2534 255 2588 vit
284 2534 611 2588 claudinon
632 2535 868 2604 poterit;
911 2535 1063 2605 quod
1123 2534 1184 2588 in
1238 2535 1594 2589 caeremoniis
1651 2533 1874 2596 clausit,

180 2638 353 2675 nemo
387 2622 621 2692 aperiet.

245 2712 411 2765 Vens.
444 2711 532 2764 24.
567 2740 635 2750 —-
681 2713 751 2765 Et
781 2710 1104 2779 suspendam
1152 2726 1332 2780 super.
1392 2710 1549 2765 Unde
1580 2709 1640 2763 in
1699 2710 1876 2762 Evan-

174 2800 329 2870 gelio
362 2816 374 2853 :
410 2800 596 2853 Omnis
616 2800 845 2868 populus
891 2799 1161 2866 pendebat
1202 2815 1268 2852 ea:
1324 2815 1399 2853 eo.
1434 2799 1613 2854 Hodie
1646 2814 1878 2868 quoque

174 2889 243 2943 ad
279 2889 517 2943 verbum
549 2887 843 2958 sapientia:
874 2886 997 2957 ejus
1021 2887 1291 2957 pendent.

247 2979 408 3031 Vens.
443 2979 529 3030 23.
562 3008 628 3016 —
661 2978 963 3041 Auferetur
982 2975 1253 3045 paxillus.
1286 2976 1420 3039 Quen
1448 2975 1715 3029 dicuntur
1745 2978 1875 3042 etc.,
1908 2975 1947 3028 C

174 3082 347 3136 usque
374 3065 449 3119 ad
467 3064 647 3119 Judaei
678 3070 1085 3118 convertentur
1114 3065 1182 3118 ad
1216 3064 1407 3119 ﬁdem.

816 3153 1043 3207 CAPUT
1082 3153 1238 3207 XXII.

249 3245 415 3299 Vens.
456 3246 599 3297 1.-
630 3243 778 3296 Onus
839 3244 990 3308 Tyri.
1042 3243 1220 3310 Tyrus
1278 3240 1635 3294 nobilissima
1680 3239 1878 3294 civitas

177 3334 633 3387 Chananasorum
678 3336 807 3395 etc.,
858 3345 1026 3397 usque
1078 3330 1150 3382 ad
1181 3330 1328 3382 hanc
1379 3329 1667 3383 miseriam
1723 3344 1878 3398 prae-

183 3421 324 3475 dicit
361 3420 535 3474 Isaias
577 3436 589 3472 :
629 3419 773 3474 Onus
808 3418 965 3489 Tyri,
996 3421 1101 3471 etc.

254 3511 480 3565 Ululate.
508 3510 568 3561 In
597 3509 790 3562 Graeco
809 3507 1098 3577 apertius:
1136 3507 1377 3573 Ululate,
1427 3522 1596 3560 naves
1646 3504 1876 3559 Cartha-

178 3598 331 3669 ginis
367 3614 379 3651 :
411 3614 528 3664 vos,
561 3595 791 3660 scilicet,
849 3594 948 3664 qui
986 3594 1197 3663 Tyrum
1273 3593 1466 3646 venire
1532 3592 1879 3646 consuevisti

176 3704 347 3741 causa
377 3683 805 3756 negotiationis.
844 3682 1123 3751 Carthago
1156 3681 1378 3735 colonia
1407 3680 1516 3734 fuit
1556 3681 1758 3750 Tyriis,
1807 3680 1876 3733 ab

180 3776 265 3828 eis
287 3778 605 3827 constructa
636 3777 693 3826 et
724 3772 893 3825 culta.

252 3865 428 3918 Naves
455 3863 650 3915 maris.
721 3858 991 3914 Hebraica
1023 3858 1268 3923 Tharsis,
1298 3856 1355 3910 id
1429 3858 1515 3909 est
1562 3854 1876 3925 exploratio

179 3950 378 4019 gaudii
401 3949 484 4003 vel
534 3946 966 4016 contemplatio,
998 3945 1132 4016 quia
1160 3944 1355 4015 gaudii
1387 3941 1794 4014 contemplatio
1824 3944 1878 3994 et

180 4037 401 4091 laetitia:
434 4040 686 4089 vertetur
715 4034 773 4088 in
805 4036 1101 4104 lacrymas.

260 4126 418 4178 Vens.
455 4127 503 4178 3.
568 4154 633 4162 -
684 4124 1005 4189 Negotiatio.
1058 4122 1262 4191 (Hine)
1295 4120 1702 4191 Negotiatores,
1747 4122 1875 4179 etc.._

182 4228 352 4283 usque
371 4214 445 4266 ad
474 4217 532 4266 et
561 4212 629 4266 de
654 4211 781 4265 aliis
811 4210 959 4264 vitiis
990 4211 1057 4263 ad
1090 4209 1202 4263 alia
1231 4213 1544 4262 transeunt.

255 4302 439 4357 Semen
484 4301 597 4355 Nili
645 4302 830 4354 messis
886 4300 1126 4367 ﬂuminis
1182 4300 1388 4365 fruges,
1450 4301 1555 4351 etc.
1607 4295 1699 4351 Sic
1754 4310 1881 4348 con-

182 4390 429 4444 struitur
463 4405 475 4441 :
510 4404 706 4441 semen
741 4387 851 4440 Nili
903 4385 1159 4440 ﬂuminis
1186 4390 1309 4438 erat
1358 4385 1559 4438 messis
1590 4390 1647 4437 et
1684 4383 1881 4453 fruges

181 4479 331 4548 ejus,
365 4476 581 4530 scilicet
598 4475 746 4545 Tyri.
776 4476 945 4528 Terra
976 4475 1454 4539 Chananazorum,
1480 4473 1677 4542 iniqua
1705 4472 1883 4542 Tyrus

182 4571 292 4631 est,
318 4565 587 4618 infertilis
619 4568 703 4617 est
735 4580 747 4617 :
778 4565 1071 4633 ﬁgyptus,
1095 4578 1267 4631 quam
1300 4561 1503 4630 irrigat
1533 4561 1709 4625 Nilus,
1771 4560 1881 4613 fer-

182 4656 303 4708 tilis
335 4654 617 4723 frugibus,
659 4668 799 4722 quas
826 4653 1004 4720 Tyrus
1030 4650 1098 4703 ab
1146 4649 1421 4719 Aigyptiis
1478 4648 1881 4702 commutabat.

260 4744 420 4797 Vens.
458 4742 508 4793 4.
544 4771 610 4779 -
638 4742 807 4793 Mare.
831 4737 1032 4793 Saeculi
1076 4737 1287 4790 scilicet
1308 4736 1367 4789 in
1398 4752 1510 4806 quo
1543 4752 1711 4806 parva
1757 4734 1885 4788 ani—

192 4832 365 4886 malia
391 4846 517 4884 cum
541 4828 785 4897 magnis,
809 4828 977 4881 draco
1001 4826 1198 4895 (quem
1224 4824 1500 4879 Dominus
1524 4823 1787 4877 formavit
1816 4822 1885 4875 ad

189 4920 553 4976 illudendum
587 4917 659 4985 ei)
692 4916 890 4969 videns
923 4931 1019 4968 eos
1052 4932 1081 4967 a
1107 4914 1475 4967 venatoribus
1507 4912 1713 4967 Christi
1741 4911 1886 4981 capi,

186 5009 291 5081 qui
321 5026 356 5064 a
393 5005 753 5061 daemonibus
782 5005 1015 5058 fuerunt
1044 5003 1213 5073 capti,
1256 5002 1393 5058 dicit
1435 5000 1735 5056 contrariae
1767 5002 1889 5055 for—

178 5096 430 5161 titudini
453 5100 792 5147 venatorum
817 5094 1015 5162 (quam
1033 5092 1319 5162 significat
1333 5091 1558 5160 Sidon):
1585 5090 1888 5152 Erubesce,

188 5186 391 5242 Sidon.

262 5276 383 5331 Non
432 5272 731 5342 parturivi.
793 5268 965 5334 Quasi
997 5268 1258 5323 diceret:
1314 5267 1462 5322 Nihil
1494 5266 1711 5338 profuit
1757 5281 1892 5336 par—

192 5362 422 5427 turisse,
453 5359 744 5431 peperisse
802 5363 859 5411 et
906 5357 1187 5412 enutrisse
1243 5357 1502 5427 juvenes,
1551 5355 1686 5427 quia
1714 5357 1894 5425 Tyrus

191 5453 320 5506 sine
349 5448 680 5505 defensione
711 5452 876 5517 capta
905 5454 1008 5500 est.

278 5540 432 5591 Vens.
470 5541 519 5591 5.
553 5566 625 5577 —
683 5538 813 5592 Cum
858 5535 1109 5589 auditum
1161 5535 1332 5600 fuerit
1390 5534 1447 5585 in
1505 5535 1757 5602 .rEgypto,
1790 5535 1893 5583 etc.

1987 508 2149 572 titur,
2185 507 2320 578 quia
2344 524 2457 561 una
2490 517 2651 578 Capta
2684 508 2795 560 alia
2827 508 3199 576 pertimescit,
3260 514 3315 563 et
3344 510 3404 563 in
3448 511 3685 566 alterius

1986 596 2323 649 confusione
2354 595 2532 649 altera
2561 612 2617 648 se
2650 596 2986 666 capiendam
3019 598 3211 649 sentit.

2061 686 2220 738 Vens.
2255 687 2307 743 6,
2348 716 2416 725 —
2460 688 2725 749 Transite,
2774 686 2997 749 ululata,
3041 687 3138 753 qui
3193 685 3478 740 habitatis.
3530 686 3688 741 Sicut

1988 788 2164 841 supra
2217 772 2433 826 dictum
2494 778 2598 837 est,
2656 789 2786 826 cum
2846 788 2959 826 non
3012 778 3248 843 possent
3307 774 3682 829 Nabuchodo-

1989 877 2160 913 nosor
2211 862 2490 923 resistere,
2538 861 2941 914 festinavsrunt
2990 860 3089 931 qui
3147 866 3465 930 potuerunt
3515 878 3685 916 naves

1988 949 2368 1002 conscendere
2402 965 2415 1002 :
2448 949 2543 1002 alii
2574 954 2973 1003 remanserunt
3001 949 3058 1002 in
3083 949 3325 1003 civitate.

2062 1037 2218 1089 Vens.
2246 1041 2296 1089 7.
2330 1067 2396 1077 --
2428 1038 2689 1106 Nunquid
2738 1053 2843 1090 non
2895 1038 3002 1090 haec
3028 1043 3207 1091 vestra
3262 1042 3358 1103 est,
3417 1054 3534 1108 qna:
3564 1041 3684 1106 glo-

1987 1124 2241 1177 riabatur
2286 1142 2318 1177 a
2361 1124 2547 1178 diebus
2569 1128 2821 1192 pristinis
2876 1127 2933 1178 in
2965 1128 3314 1193 antiquitate,
3360 1131 3465 1179 etc.
3509 1127 3679 1189 Quasi

1990 1212 2201 1265 diceret
2257 1229 2268 1265 :
2333 1214 2459 1266 Haec
2542 1212 2671 1266 ideo
2751 1212 3046 1283 principio,
3107 1214 3241 1283 quia
3292 1215 3429 1267 urbs
3502 1220 3687 1269 vestra

1986 1301 2182 1370 Tyrus,
2214 1301 2469 1369 deposito
2502 1318 2691 1355 errore
2718 1301 2914 1367 veteri,
2966 1302 3230 1356 transibit
3265 1302 3330 1355 ad
3361 1303 3682 1357 veritatem.

2061 1390 2217 1442 Vens.
2250 1392 2301 1443 8.
2334 1419 2402 1428 —-
2446 1389 2724 1458 Principes
2782 1392 3054 1443 institores
3095 1391 3211 1457 ejus
3277 1392 3469 1458 inclyti
3509 1396 3681 1457 terrae,

1989 1480 2093 1531 etc.
2130 1477 2254 1547 (Ιυ.)
2285 1480 2434 1531 [nter
2463 1478 2603 1531 alios
2632 1477 3038 1548 negotiatores,
3072 1479 3157 1531 vel
3188 1478 3357 1531 etiam
3379 1478 3437 1533 in
3468 1480 3681 1549 regnis.

2065 1566 2223 1619 Vens.
2284 1568 2334 1620 9.
2403 1597 2452 1605 -
2498 1568 2589 1620 Ad
2641 1570 2995 1633 ignominiam
3043 1566 3346 1635 deduceret,
3399 1572 3504 1622 etc.
3562 1570 3685 1622 Non

1994 1654 2271 1708 Dominus
2310 1654 2642 1723 ignominiae
2682 1660 2877 1709 auctor
2933 1661 3035 1721 est,
3091 1656 3189 1709 sed
3245 1656 3397 1726 quod
3428 1655 3685 1724 ignomi-

1991 1742 2217 1796 niosum
2272 1748 2356 1797 est
2382 1742 2655 1809 ostendit,
2706 1744 3019 1797 secundum
3075 1743 3265 1798 illud:
3325 1744 3683 1798 Contamina-

1986 1833 2126 1884 tione
2169 1832 2560 1885 contamiuabit
2607 1848 2744 1899 eum,
2798 1849 2914 1885 non
2980 1832 3131 1903 quod
3192 1832 3455 1886 sacerdos
3484 1838 3683 1886 conta-

1986 1918 2317 1972 minationis
2356 1924 2555 1972 auctor
2586 1919 2676 1981 sit,
2710 1919 2804 1972 sed
2836 1920 2989 1990 quod
3030 1922 3278 1973 ostendit
3334 1920 3687 1974 contamina-

1986 2014 2110 2061 tum
2143 2023 2275 2060 eum
2308 2023 2479 2077 quem
2512 2008 2792 2060 mundum
2828 2008 3108 2078 putabant
3139 2008 3327 2061 multi.

2055 2098 2215 2150 Vens.
2268 2098 2349 2150 l0.
2393 2125 2460 2137 -—
2514 2096 2759 2159 Flumen,
2820 2096 3291 2167 Babyloniorum.
3356 2098 3534 2167 Super
3579 2102 3685 2165 flu-

1983 2187 2133 2238 mina
2163 2185 2463 2251 Babylonis
2492 2185 2602 2238 illic
2642 2183 2882 2239 sedimus
2937 2191 2986 2238 et
3031 2188 3294 2254 ﬂeuimus,
3346 2187 3474 2239 dum
3506 2203 3684 2240 recor-

1982 2274 2243 2327 daremnr
2274 2274 2400 2328 Sion
2432 2273 2598 2341 (Psal.
2633 2276 2864 2335 cxxxvi).

2054 2362 2339 2433 Cingulum
2385 2363 2533 2416 ultra
2564 2362 2682 2415 tibi.
2732 2360 3024 2414 Fortitudo
3074 2360 3395 2425 resistendi,
3454 2361 3685 2432 cingulo

1986 2450 2141 2504 enim
2173 2452 2398 2505 lumbos
2444 2449 2841 2519 restringimus
2877 2465 2889 2502 :
2926 2448 2985 2501 in
3038 2448 3248 2503 lumbis
3293 2449 3685 2503 fortitudinem

1988 2540 2198 2593 habere
2230 2538 2494 2592 dicimur.

2054 2628 2211 2680 Vens.
2262 2630 2343 2679 ll.
2379 2656 2449 2666 -—
2476 2625 2834 2679 Conturbavit
2866 2641 3053 2693 regna.
3110 2625 3333 2680 Scilicet
3381 2624 3678 2694 .Egyptio-

1987 2731 2115 2769 rum
2168 2720 2225 2767 et
2261 2713 2659 2779 Moabitarum,
2708 2718 2765 2767 et
2821 2714 3065 2767 aliarum
3116 2714 3174 2767 in
3206 2713 3466 2766 circuitu.
3535 2713 3682 2780 Tyro

1986 2802 2139 2856 enim
2172 2806 2336 2872 capta
2368 2808 2423 2855 et
2473 2802 2761 2868 subversa,
2821 2801 2932 2854 alia
2980 2817 3157 2871 regna
3186 2800 3521 2855 conturbata
3554 2805 3689 2853 sunt

1985 2892 2212 2945 timore.
2276 2892 2537 2960 Regnum
2568 2906 2799 2960 quoque
2828 2878 3053 2959 A‘ngpti
3087 2905 3192 2959 pro
3245 2889 3516 2942 subversa
3540 2890 3685 2959 Tyro

1988 2980 2181 3033 datum
2218 2984 2295 3031 est
2331 2977 2869 3032 Nabuchodonosor.

2060 3068 2221 3120 Vens.
2260 3069 2338 3120 l2.
2381 3095 2439 3105 —
2504 3066 2643 3120 Filia
2678 3065 2915 3121 Sidonis.
2966 3064 3087 3133 (Ιο.)
3141 3065 3201 3118 In
3231 3068 3382 3117 terra
3417 3063 3685 3118 Chanaan

1988 3160 2122 3208 sunt
2150 3156 2330 3225 Tyrus
2352 3159 2407 3207 et
2446 3154 2650 3219 Sidon;
2712 3154 2909 3206 unde:
2978 3153 3177 3207 Mulier
3230 3153 3520 3207 Chnanaea
3573 3168 3677 3206 ex-

1987 3243 2090 3297 ivit
2120 3244 2189 3297 de
2221 3241 2432 3296 ﬁnibus
2472 3242 2605 3312 Tyri
2650 3245 2706 3295 et
2761 3241 2986 3295 Sidonis
3044 3256 3349 3294 occurrens
3406 3241 3685 3295 Salvatori

1988 3332 2205 3399 (Matth.
2239 3330 2350 3399 xv).

2064 3421 2403 3485 Transfrcta.
2463 3418 2622 3487 Saepe
2668 3416 2922 3471 videmus
2978 3417 3258 3487 quosdam
3317 3433 3345 3469 a
3399 3416 3686 3488 proposito

1989 3526 2089 3562 suo
2130 3507 2371 3562 transire
2414 3507 2483 3561 ad
2531 3506 2708 3571 aliud,
2742 3523 2775 3559 a
2808 3506 3012 3560 militia
3072 3506 3142 3559 ad
3185 3505 3635 3576 negotiationem
3671 3521 3684 3559 :

1988 3615 2019 3649 a
2046 3596 2227 3650 causis
2259 3596 2327 3649 ad
2376 3611 2535 3649 arma
2592 3599 2817 3649 mutant
2845 3594 3207 3657 industriam,
3261 3599 3321 3648 ut
3348 3598 3567 3648 mutent
3599 3593 3686 3648 in-

1987 3686 2333 3739 felicitatem.
2392 3683 2521 3751 Sed,
2595 3685 2708 3737 Deo
2737 3682 3125 3752 dispensante,
3176 3682 3370 3737 omnia
3422 3683 3691 3736 eveniunt

1988 3773 2292 3838 contraria,
2328 3776 2387 3824 ut
2441 3786 2544 3840 per
2602 3771 2858 3824 miserias
2886 3770 3063 3823 coacti
3104 3787 3217 3824 non
3276 3770 3336 3823 in
3388 3787 3465 3834 se,
3500 3770 3595 3824 sed
3628 3769 3687 3823 in

1990 3859 2232 3913 Domino
2263 3862 2516 3911 creatore
2538 3857 2843 3910 confidant.

2061 3949 2222 4002 Vens.
2278 3950 2358 4000 l3.
2413 3976 2480 3985 —
2542 3946 2688 3999 Talis
2750 3946 2979 4013 populus
3036 3960 3140 3998 non
3197 3946 3327 4010 fuit.
3389 3945 3576 4015 Usque
3619 3944 3683 3997 ad

1990 4042 2235 4090 mortem
2313 4032 2835 4086 Nabuchodonosor
2892 4029 3185 4085 fortissimi
3248 4044 3420 4099 super
3487 4041 3687 4081 omnes

1992 4123 2240 4181 Chaldaei
2275 4127 2329 4177 et
2372 4120 2626 4191 Assyrii:
2704 4124 2902 4189 postea
2950 4120 3194 4190 populus
3246 4118 3573 4172 Graecorum
3633 4119 3689 4169 et

1995 4215 2378 4268 Romanorum
2406 4209 2611 4263 fortior
2638 4207 2764 4263 fuit.

2063 4301 2435 4371 Suffoderunt.
2480 4297 2719 4363 Quando
2781 4293 3299 4350 Nabuchodonosor
3357 4294 3568 4364 Tyrum
3598 4292 3685 4346 in-

1990 4392 2131 4445 vasit
2180 4388 2428 4459 navigio,
2494 4402 2613 4441 non
2671 4386 2855 4438 solum
2911 4399 3165 4447 murum,
3220 4382 3314 4435 sed
3376 4387 3433 4435 et
3489 4381 3689 4435 domos

1991 4474 2301 4537 subvertit;
2356 4477 2409 4524 et
2462 4486 2590 4539 quae
2622 4474 2744 4523 erat
2803 4467 3115 4538 negotiatio
3170 4466 3485 4529 civitatum,
3547 4464 3691 4517 facta

1993 4568 2075 4617 est
2112 4578 2215 4632 per
2241 4559 2600 4629 septuaginta
2630 4572 2810 4609 annos
2841 4556 3068 4609 siccatio
3093 4570 3446 4623 sagenarum.

2063 4653 2221 4703 Vens.
2278 4649 2357 4701 14.
2390 4676 2456 4688 --
2513 4648 2684 4701 Naves
2738 4648 2930 4705 maris,
2962 4652 3066 4698 etc.
3130 4644 3401 4699 Ilebraice
3443 4640 3688 4705 Tharsis,

1994 4742 2124 4803 etc.,
2148 4752 2315 4805 usque
2334 4734 2408 4787 ad
2426 4734 2513 4787 vir
2540 4732 2951 4787 ecclesiasticus
2973 4731 3215 4784 destruit
3235 4736 3292 4783 et
3317 4728 3544 4800 subjicit
3560 4726 3687 4780 sibi.

2066 4826 2227 4877 Vens.
2266 4825 2347 4877 l3.
2376 4851 2447 4862 —
2474 4822 2833 4891 Septuaginta
2849 4820 3027 4872 annis.
3062 4817 3272 4887 (HIER.)
3297 4817 3474 4885 Tyrus
3504 4830 3689 4884 quon-

1995 4915 2123 4969 dam
2158 4912 2499 4984 angustiata,
2526 4914 2655 4974 etc.,
2688 4923 2856 4977 usque
2887 4908 2961 4960 ad
2990 4907 3119 4977 quis
3176 4921 3311 4974 ergo
3342 4920 3454 4957 non
3486 4904 3694 4956 habeat

1996 5018 2157 5071 spem
2213 5000 2430 5063 salutis,
2475 4998 2519 5051 si
2560 4998 2703 5050 bene
2758 4994 3048 5062 cecinerit,
3104 4992 3148 5047 si
3199 4992 3454 5056 chordas,
3500 4989 3556 5043 id
3610 4993 3693 5043 est

1995 5092 2251 5155 virtutes,
2286 5090 2426 5141 benc
2455 5082 2879 5155 compovuerit?

2067 5179 2196 5241 (ln.)
2255 5175 2619 5245 Septenarius
2675 5178 2730 5227 et
2780 5170 3258 5241 septuagesimus,
3319 5168 3417 5238 qui
3455 5166 3542 5220 vel
3576 5166 3693 5219 sin-

2000 5267 2149 5337 gulis
2180 5266 2400 5328 diebus,
2434 5263 2520 5316 vel
2562 5267 2778 5332 septem
2836 5259 3140 5313 decadibus
3184 5255 3494 5328 perﬁcitur,
3560 5271 3693 5324 per—

2002 5356 2204 5408 fectam
2236 5350 2521 5419 significat
2558 5347 2979 5417 paenitentiam,
3012 5351 3075 5398 ut
3102 5349 3359 5415 tempore
3408 5342 3695 5413 poeniten-

2003 5442 2097 5493 tize
2126 5441 2375 5507 expleto,
2403 5438 2534 5504 jure
2559 5438 2737 5505 Tyrus
2783 5435 2854 5488 ad
2911 5433 3212 5502 antiquum
3269 5435 3476 5484 statum
3530 5429 3694 5484 resti-

2004 5532 2217 5583 tuatur.
