4074 6186
312 250 444 302 1⁸267

379 377 658 433 Canticum
711 376 1029 432 meretricis.

305 464 438 518 licta
494 465 639 518 solet
699 464 952 518 carmina
1023 462 1081 516 in
1139 461 1590 515 consolationem
1653 477 2000 532 componere

307 558 364 606 et
410 553 699 623 prasterita
754 567 1231 614 commemorare,
1286 551 1363 604 sic
1412 555 1470 604 et
1518 551 1697 621 Tyrus
1753 566 1996 604 reversa.

379 641 540 695 Vens.
608 643 688 699 t6.
741 667 814 681 —
857 640 986 694 Sum
1044 639 1147 692 tibi
1219 640 1507 692 citharam.
1563 639 1699 702 Quae
1786 638 1855 692 de
1895 638 2003 691 hoc

308 745 481 784 onere
503 730 819 799 sequuntur
847 726 917 780 ad
946 725 1328 779 reversionem
1369 726 1499 796 Tyri
1529 730 1807 795 spectant.

382 819 518 872 Bene
572 832 722 881 cane,
770 819 1099 883 frequenter,
1158 823 1261 867 etc.
1318 815 1601 868 Admonet
1649 830 1774 868 eam
1819 814 2005 867 cauti-

310 922 440 961 cnm
471 904 834 959 miseriarum
867 919 1099 957 suarum
1132 918 1359 974 semper
1387 908 1637 968 cantare,
1678 908 1750 956 ne
1791 902 2004 957 iterum

311 993 508 1047 eadem
539 993 808 1063 patiatur.
846 991 1053 1046 Dicunt
1083 991 1237 1045 enim
1272 991 1417 1044 hanc
1447 1006 1569 1043 esse
1624 990 1856 1044 musicas
1909 1007 2006 1045 na-

311 1088 495 1135 turam
532 1097 545 1134 :
580 1081 626 1133 si
648 1080 845 1134 laetum
869 1079 1169 1145 invenerit,
1207 1078 1482 1131 lmtiorem
1515 1079 1679 1144 facit;
1710 1079 1755 1133 si
1787 1079 2007 1133 tristem

311 1168 622 1223 tristiorem
654 1168 859 1222 reddit.

383 1257 543 1310 Vens.
579 1258 667 1313 t8.
695 1285 768 1297 —
813 1259 884 1311 Et
934 1261 1091 1311 erunt
1116 1258 1500 1323 negotiationes
1532 1270 1669 1325 ejus,
1717 1261 1767 1310 ct
1820 1271 2012 1310 merce-

313 1346 405 1400 des
433 1347 577 1413 ejus.
632 1345 787 1399 Sicut
844 1344 981 1399 dicit
1030 1344 1413 1414 Hieronymus
1461 1344 1520 1397 in
1576 1344 1841 1411 Jeremia,
1876 1349 2008 1410 etc.,

313 1449 484 1503 usque
512 1432 587 1486 ad
611 1432 900 1487 mercedes
931 1433 1171 1487 Domino
1200 1432 1680 1486 sacriﬁcaverunt.

952 1521 1175 1575 CAPUT
1204 1521 1385 1575 XXIV.

388 1611 547 1664 Vens.
587 1614 739 1665 1.-
793 1612 925 1664 Ecce
981 1611 1238 1663 Dominus
1302 1609 1553 1674 nudabit,
1611 1612 1725 1663 etc.
1801 1606 2007 1679 (ΗΙΕΒ.)

319 1699 454 1753 Post
533 1697 838 1768 specialem
929 1695 1191 1768 gentium
1269 1696 1627 1767 singularum
1697 1696 2011 1766 correptio-

319 1802 473 1853 nem,
524 1792 658 1851 ete.,
748 1800 915 1854 usque
998 1785 1072 1838 ad
1119 1784 1506 1855 Aigyptiorum
1585 1789 1642 1838 et
1695 1785 2012 1839 multorum

318 1873 563 1928 aliorum
594 1874 663 1928 ad
713 1873 977 1943 generale
1007 1889 1151 1927 onus
1173 1873 1376 1943 judicii
1405 1874 1643 1927 extremi
1682 1874 1904 1929 transit.

388 1964 549 2018 Vens.
594 1965 645 2017 2.
699 1991 761 2002 —
822 1964 966 2016 Erit.
1009 1962 1138 2032 (lo.)
1191 1962 1403 2017 Omnes
1449 1962 1713 2017 similiter
1766 1964 1853 2017 vel
1909 1979 2013 2034 pro

322 2050 488 2105 bonis
543 2050 1089 2115 remunerabuntur,
1122 2050 1209 2104 vel
1238 2067 1341 2121 pro
1366 2051 1532 2104 malis
1562 2051 2009 2105 damnabantur.

323 2138 489 2193 Nulla
541 2137 838 2192 diversitas
892 2137 1001 2192 erit
1050 2138 1201 2192 inter
1246 2139 1498 2193 nobilem
1567 2145 1622 2192 et
1677 2139 2013 2210 ignobilem,

322 2227 674 2281 sacerdotem
729 2231 785 2280 et
838 2227 1068 2296 laicum,
1130 2243 1358 2281 servum
1423 2233 1477 2282 et
1523 2228 1843 2293 dominum,
1904 2234 2013 2282 etc.

323 2315 534 2371 Omnes
590 2315 744 2369 enim
803 2331 1038 2387 exzequo
1089 2316 1320 2370 stabunt
1349 2320 1481 2370 ante
1538 2316 1749 2370 tribual
1776 2316 2016 2384 Christi;

324 2418 430 2458 nec
459 2403 567 2457 erit
596 2402 848 2473 acceptio
879 2419 1251 2475 personarum
1286 2404 1435 2474 apud
1460 2405 1658 2458 Deum.

395 2490 483 2547 Sic
514 2491 785 2547 sacerdos.
821 2492 1013 2545 Bonus
1040 2493 1288 2562 populus
1341 2508 1471 2546 cum
1527 2492 1677 2546 bono
1728 2491 2017 2546 sacerdote

323 2579 600 2651 percipiet
626 2595 896 2634 coronam
924 2579 1080 2646 vitae;
1131 2580 1266 2634 mali
1296 2579 1466 2634 simul
1494 2580 1856 2635 sustinebunt
1902 2585 2020 2634 tor-

326 2672 517 2722 menta
548 2668 825 2738 gehennae
851 2667 973 2721 sine
1003 2667 1331 2739 acceptione
1360 2684 1640 2739 personae.

401 2758 588 2811 Terra.
649 2756 775 2827 (lo.)
833 2757 1081 2811 Terrena
1133 2773 1309 2827 opera
1360 2757 1430 2811 ad
1466 2757 1712 2811 nihilum
1750 2757 2016 2826 redigen-

327 2848 442 2909 tur,
494 2850 557 2898 ut
586 2845 797 2899 abolita
825 2844 1078 2915 imagine
1130 2844 1344 2899 terreni
1378 2845 1628 2899 hominis
1685 2853 2023 2918 permaneat

328 2932 520 3004 imago
549 2932 813 2987 caelestis.
854 2933 995 2988 Caro
1048 2933 1204 2987 enim
1259 2938 1316 2987 et
1362 2934 1594 3005 sanguis
1635 2950 1880 3004 regnum
1916 2933 2018 2989 Dei
2049 2929 2086 2982 C

330 3037 445 3075 non
471 3021 858 3092 possidebunt,
902 3021 1039 3092 quia
1094 3022 1333 3076 mortale
1358 3021 1464 3077 hoc
1497 3022 1697 3077 induet
1718 3023 2018 3078 immorta-

327 3108 568 3164 litatem.
1110 3115 1116 3121 ”

401 3198 562 3253 Vens.
613 3200 671 3252 6.
726 3228 796 3237 -—
844 3198 1152 3253 Maledictio
1203 3200 1417 3253 vorabit
1476 3205 1694 3254 terram.
1748 3199 1905 3255 Sicut
1958 3201 2020 3254 in

327 3285 611 3356 principio
674 3286 963 3341 benedixit
1035 3288 1182 3341 Deus
1236 3287 1394 3341 omni
1479 3293 1775 3354 creaturae,
1833 3288 1914 3342 sic
1960 3288 2018 3342 in

328 3374 442 3428 tine
492 3373 782 3428 maledicit
831 3366 920 3428 his
950 3374 1049 3445 qui
1088 3374 1301 3430 terreni
1359 3384 1519 3442 sunt;
1579 3392 1681 3429 nec
1710 3376 2020 3446 peregrini,

331 3461 429 3516 sed
454 3461 804 3515 habitatores
834 3468 1001 3515 terra»
1035 3478 1049 3516 :
1082 3467 1138 3516 et
1189 3462 1287 3532 qui
1336 3462 1394 3515 in
1424 3478 1491 3515 ea
1540 3467 1798 3532 peccant,
1856 3462 2021 3516 obliti

330 3548 675 3602 conditionis
700 3564 816 3602 sum
842 3564 856 3602 :
887 3554 1086 3603 contra
1131 3567 1189 3603 se
1230 3556 1430 3603 mutuo
1478 3549 1906 3604 debacchantes.
1961 3549 2023 3603 Et

330 3635 495 3707 pauci
523 3636 922 3702 remanebunt,
977 3637 1078 3709 qui
1127 3638 1374 3692 habeant
1411 3637 1728 3709 imaginem
1756 3638 2018 3692 caelestis.

401 3723 561 3778 Vens.
593 3727 643 3778 7.
678 3752 746 3764 -—
783 3726 953 3779 Luxit
972 3727 1265 3792 vindemia,
1297 3729 1576 3797 infirmata
1614 3729 1742 3781 uitis
1771 3731 1868 3781 est.
1894 3726 2026 3796 (lo.)

332 3810 393 3864 ln
426 3814 934 3879 consummatione,
978 3814 1177 3869 mundi
1223 3816 1645 3886 praeteritarum
1686 3815 2019 3869 deliciarum

330 3900 649 3954 recordatio
672 3900 781 3956 erit
805 3902 1045 3956 materia
1060 3903 1449 3969 cruciatuum;
1480 3903 1652 3965 unde,
1671 3910 2025 3974 purpuratus

330 3988 485 4043 dives
510 3989 612 4061 qui
644 3997 938 4060 receperat
987 3992 1138 4046 bona
1183 3992 1244 4045 in
1273 3993 1389 4046 vita
1421 4009 1545 4057 sua,
1572 3994 1797 4045 elevans
1828 3992 2022 4045 oculos

331 4076 400 4131 de
432 4076 680 4146 inferno,
711 4078 894 4133 cernit
915 4080 1187 4133 Lazarum
1210 4080 1267 4133 in
1299 4080 1499 4150 requie
1528 4083 1670 4145 (Luc.
1703 4083 1808 4143 xxx)
1829 4099 1844 4145 ;
1869 4078 2022 4133 unde
2078 4083 2083 4087 ’

341 4165 429 4220 Vae
455 4166 605 4221 vobis
636 4169 732 4235 qui
758 4170 997 4221 saturati
1018 4169 1165 4232 estis,
1192 4171 1323 4237 quia
1351 4170 1597 4222 esurietis
1627 4166 1778 4237 (Luc.
1817 4166 1911 4236 vi).

405 4255 807 4322 Ingemuerunt,
864 4271 1041 4310 omnes
1064 4259 1161 4325 qui
1207 4256 1553 4321 laetabuntur,
1584 4262 1689 4311 etc.
1720 4256 1836 4311 Hoc
1866 4254 2019 4309 testi-

333 4343 593 4396 monium
650 4342 968 4413 ingerimus
998 4344 1081 4397 eis
1111 4342 1209 4414 qui
1241 4342 1301 4397 in
1331 4343 1607 4397 conviviis
1655 4358 1775 4398 non
1836 4342 2021 4398 solum

334 4431 468 4501 gula
499 4435 555 4484 et
586 4430 879 4495 ebrietate,
933 4431 1031 4485 sed
1085 4430 1324 4484 auribus
1370 4431 1755 4497 luxuriantur,
1816 4436 1876 4484 ut
1922 4446 2025 4502 per

335 4535 534 4574 omnes
558 4535 755 4574 sensus
774 4519 982 4574 anima:
1002 4518 1275 4574 fortitudo
1307 4519 1614 4574 mollescat.

409 4610 565 4664 Vens.
590 4610 673 4662 lO.
710 4638 776 4647 —
805 4610 1017 4663 Attrita
1044 4612 1123 4663 est
1160 4609 1356 4662 civitas
1380 4609 1667 4662 uanitatis.
1702 4607 2025 4661 Mundusin

336 4712 451 4768 quo
471 4695 662 4751 omnia
694 4712 857 4762 vana,
889 4695 1107 4750 vanitas
1136 4696 1451 4749 vanitatum
1479 4700 1533 4748 et
1558 4695 1752 4750 omnia
1780 4695 2021 4750 vanitas.

408 4785 568 4838 Vens.
626 4788 708 4839 Η.
750 4815 820 4825 -
872 4786 1085 4841 Clamor
1134 4788 1235 4838 erit
1278 4800 1442 4853 super
1478 4787 1622 4837 vino.
1654 4785 1758 4837 Per
1805 4784 2022 4851 vinum,

335 4888 619 4937 errorem;
651 4872 793 4927 ebrii
824 4873 979 4926 enim
1009 4876 1220 4927 errant.
1259 4874 1364 4927 Per
1398 4872 1614 4942 plateas
1639 4871 1788 4942 (qum
1837 4873 2027 4927 Graece

335 4960 688 5017 alatitudine
717 4961 1002 5027 dicuntur)
1034 4960 1345 5030 spatiosam
1372 4964 1430 5014 et
1460 4960 1632 5013 latam
1692 4959 1862 5026 viam,
1896 4976 2026 5031 quae

336 5049 493 5105 ducit
510 5049 581 5104 ad
627 5054 893 5114 mortem,
945 5048 1275 5119 accipimus.
1321 5050 1506 5118 Super
1534 5047 1622 5102 his
1652 5063 1787 5119 ergo
1815 5048 1914 5119 qui
1944 5064 2028 5102 er-

336 5141 609 5192 raverunt
657 5136 716 5191 in
751 5137 864 5191 lata
926 5141 982 5191 et
1028 5135 1277 5207 spatiosa
1336 5135 1423 5190 via
1474 5136 1648 5207 hujus
1704 5136 1919 5201 saeculi,
1969 5137 2028 5191 in

339 5226 432 5280 die
454 5224 660 5297 judicii
692 5226 912 5281 clamor
944 5223 1162 5279 doloris
1191 5224 1321 5278 erit.

412 5316 573 5369 Vens.
605 5317 684 5369 l3.
721 5345 788 5355 ——
814 5315 881 5369 In
925 5313 1100 5368 medio
1164 5319 1337 5369 terra.
1395 5313 1732 5381 Jerusalem,
1763 5329 1892 5385 qua:
1946 5317 2033 5366 est

340 5402 430 5471 (ut
476 5402 654 5471 aiunt)
709 5402 1018 5458 umbilicus
1097 5407 1284 5457 terrai.
1349 5402 1437 5470 Et,
1482 5406 1787 5457 autumant
1842 5402 2030 5469 multi,

341 5490 476 5560 quia
536 5489 809 5544 Dominus
857 5491 1219 5561 judicaturus
1299 5506 1471 5562 super
1518 5492 1796 5560 montem)
1851 5490 2028 5555 Sion,

956 247 1355 303 WALAFltIDl
1395 248 1641 304 S'l‘l‘tABl
1687 247 1882 305 FULD.
1928 250 2087 304 ΜΘΝ.
2128 249 2280 306 OPP.
2325 248 2501 304 PARS
2539 247 2580 303 1.
2620 275 2688 289 -
2725 245 3192 306 THEOlMGlCA.

3684 250 3823 302 l268

1119 373 1257 438 Quae
1304 372 1374 428 ab
1425 373 1777 428 amatoribus
1831 373 1995 429 dere-
2024 377 2066 429 A
2105 388 2173 427 ex
2235 388 2353 444 quo
2390 369 2664 438 ascendit,
2722 368 2783 426 in
2838 386 2971 424 aere
2999 370 3237 437 sedebit,
3296 369 3357 426 in
3405 369 3559 426 nube
3587 370 3803 426 veniet.

2181 461 2456 527 Quomodo
2485 461 2536 514 si
2570 474 2760 529 pauca
2798 460 2973 527 oliva,
3010 464 3115 513 etc.
3152 458 3352 514 Paucis
3409 458 3641 528 relictis,
3672 475 3809 513 cum

2112 548 2432 620 persecutio
2462 550 2743 603 voraverit
2777 553 3015 613 terram,
3048 553 3181 615 etc.,
3230 563 3399 617 usque
3449 549 3524 603 ad
3561 548 3822 603 collectis

2113 653 2345 708 quoque
2366 637 2605 691 racemis
2636 638 2723 690 vix
2755 637 2916 707 pauci
2948 641 3249 691 remanent
3271 637 3334 690 in
3368 636 3578 690 vitibus
3600 637 3816 690 vacuis.

2183 726 2344 780 Vens.
2382 727 2471 780 14.
2536 753 2607 765 -
2662 725 2843 795 Atque
2906 725 3246 779 laudabunt:
3308 741 3427 779 cum
3479 726 3821 794 gloriﬁcatus

2111 814 2283 881 fuerit
2332 815 2616 869 Dominus.
2677 814 2808 883 (lo.)
2864 813 3197 868 Laudabunt
3250 814 3350 885 qui
3390 818 3663 884 poterunt
3721 830 3819 867 re-

2115 918 2347 956 manere
2378 907 2436 955 et
2492 917 2822 972 pressuram
2872 900 3209 956 Antichristi
3240 903 3461 972 fugere,
3519 903 3606 955 vel
3638 902 3814 956 ardo-

2116 1007 2237 1045 rem
2267 990 2626 1044 imminentis
2658 990 2960 1061 gehennm.

2188 1081 2469 1133 Hinnient.
2504 1080 2792 1150 Equorum
2816 1077 3209 1142 similitudine,
3265 1077 3477 1132 laetitia:
3507 1077 3822 1149 gestientes

2119 1167 2599 1237 magnitudinem.

2194 1256 2361 1309 Vens.
2403 1258 2486 1310 16.
2548 1286 2614 1294 —
2652 1258 2702 1309 Α
2746 1255 2950 1317 finibus
3009 1261 3184 1321 terra},
3245 1254 3432 1309 laudes
3475 1256 3821 1322 audivimus,

2119 1344 2349 1409 gloriam
2372 1345 2532 1412 justi.
2586 1345 2648 1398 In
2679 1344 2937 1408 Hebraeo,
2969 1344 3071 1396 alis
3120 1348 3291 1396 terrae.
3351 1343 3470 1396 Alae
3504 1349 3699 1396 autem
3734 1344 3823 1397 vel

2121 1434 2263 1486 lines
2295 1438 2482 1499 terrai,
2511 1432 2802 1503 prophetae
2827 1437 2961 1484 sunt
2987 1438 3045 1485 et
3072 1431 3337 1501 apostoli,
3394 1429 3495 1501 qui
3525 1431 3597 1484 de
3636 1437 3823 1485 terre-

2123 1517 2210 1572 nis
2245 1518 2312 1572 ad
2370 1518 2618 1573 coalestia
2662 1518 2876 1583 volant,
2910 1524 2967 1570 et
2989 1517 3332 1588 quibusdam
3395 1522 3825 1587 praeceptorum

2124 1606 2335 1661 tinibus
2366 1607 2589 1662 vivendi
2615 1606 2849 1661 modum
2874 1606 3206 1665 terminant.
3262 1604 3466 1659 Dicunt
3516 1621 3653 1675 ergo
3688 1622 3823 1659 san-

2124 1695 2199 1749 cti
2234 1712 2247 1749 :
2288 1696 2438 1751 Sicut
2484 1713 2517 1750 a
2569 1695 2867 1766 prophetis
2924 1701 2979 1748 et
3025 1694 3298 1765 apostolis
3346 1693 3683 1759 audivimus,
3744 1697 3825 1748 sic

2123 1784 2296 1839 modo
2321 1784 2625 1855 impletum
2654 1784 2916 1838 videmus.

2193 1875 2469 1929 Secretum
2489 1889 2663 1927 meum
2686 1874 2841 1934 mihi.
2872 1872 2998 1943 (lo.)
3035 1873 3146 1926 Nec
3183 1875 3373 1942 potest
3415 1872 3585 1942 plene
3652 1886 3821 1924 enar-

2123 1976 2249 2016 rare
2270 1962 2516 2032 praamia
2535 1961 2845 2027 bonorum,
2867 1976 2972 2014 nec
2989 1976 3184 2030 pcenas
3207 1960 3507 2023 malorum,
3536 1975 3827 2030 quasprae-

2123 2049 2276 2103 videt
2305 2065 2409 2120 per
2435 2049 2730 2119 spiritum;
2764 2054 2820 2102 et
2847 2048 2981 2102 inde
3039 2048 3215 2113 dolet,
3259 2048 3452 2102 dicens
3486 2062 3500 2101 :
3544 2049 3633 2101 γε
3662 2048 3824 2100 mihi.

2196 2138 2356 2191 Vens.
2396 2142 2476 2192 t7.
2538 2167 2607 2177 —
2639 2136 2883 2192 Fumida
2937 2141 2994 2190 et
3046 2140 3227 2203 fovea.
3290 2137 3528 2190 Possunt
3557 2137 3678 2188 haec
3706 2141 3829 2188 tam

2124 2225 2195 2279 ad
2230 2230 2485 2295 tempora
2517 2231 2856 2295 martyrum,
2887 2229 3017 2290 etc.,
3049 2239 3216 2292 usque
3270 2224 3345 2278 ad
3376 2223 3454 2277 sic
3512 2223 3685 2277 etiam
3726 2224 3833 2277 tiet

2124 2312 2186 2366 in
2208 2319 2468 2384 tempora
2491 2312 2845 2366 Antichristi.

2199 2403 2358 2458 Vens.
2398 2404 2482 2456 l8.
2515 2433 2577 2441 —
2611 2403 2831 2471 Aperta
2857 2406 3003 2469 sunt,
3062 2407 3170 2455 etc.
3211 2402 3277 2456 Ut
3313 2401 3501 2455 videat
3532 2403 3684 2455 Deus
3714 2401 3833 2456 ini-

2126 2490 2371 2562 quitates
2405 2488 2737 2543 Antichristi
2769 2494 2825 2543 et
2849 2489 3088 2559 judicet.
3123 2490 3270 2543 Dum
3311 2490 3464 2544 enim
3509 2505 3627 2543 non
3658 2490 3836 2561 punit

2126 2584 2379 2644 peccata,
2422 2595 2480 2630 se
2512 2578 2704 2631 videre
2739 2594 2803 2630 ea
2832 2576 3174 2631 dissimulat.

2200 2666 2579 2720 Fundamenta
2609 2671 2781 2720 terrae.
2814 2666 3105 2735 Principes
3137 2665 3350 2732 saeculi,
3375 2671 3603 2721 terrena
3626 2683 3831 2737 opera.

2202 2754 2361 2809 Vens.
2400 2758 2482 2809 19.
2525 2783 2593 2795 -
2641 2756 3034 2821 Confractione
3074 2758 3472 2823 confringetur.
3514 2757 3641 2810 Non
3672 2757 3833 2827 quod

2133 2847 2283 2897 terra
2305 2843 2600 2913 redigatur
2622 2842 2684 2896 in
2739 2844 3053 2914 pulverem,
3111 2845 3200 2897 vel
3231 2844 3500 2912 nihilum,
3559 2845 3660 2899 sed
3691 2845 3838 2917 quia

2128 2930 2329 2986 omnin
2359 2937 2588 2985 terrena
2631 2931 2976 2986 transibunt.
3021 2932 3086 2986 Et
3110 2933 3396 3001 quomodo
3425 2933 3619 2987 ebrius
3649 2935 3837 2987 nescit

2129 3020 2268 3090 quid
2296 3023 2445 3090 agat,
2473 3020 2551 3073 sic
2610 3035 2809 3073 omnes
2862 3018 2964 3091 qui
3002 3026 3303 3074 versantur
3331 3022 3391 3075 in
3423 3026 3576 3075 terra
3635 3023 3835 3077 malo-

2130 3124 2258 3163 rum
2290 3107 2685 3179 magnitudine
2707 3108 2850 3162 ebrii
2876 3113 3047 3162 erunt
3074 3115 3133 3163 et
3161 3109 3475 3180 stupebant
3502 3110 3571 3164 ad
3606 3112 3832 3165 omnia.

2202 3198 2369 3251 Vens.
2400 3199 2488 3252 20.
2523 3228 2592 3236 —
2622 3198 3050 3251 Tubernacutum
3080 3201 3239 3252 unius
3286 3202 3470 3253 noctis.
3498 3200 3620 3269 (lo.)
3661 3201 3833 3263 Quod

2128 3300 2163 3339 a
2194 3286 2405 3339 viatore
2436 3285 2795 3354 transfertur,
2829 3291 2892 3339 ut
2920 3287 3143 3340 nullum
3173 3292 3469 3340 remaneat
3499 3287 3835 3358 vestigium,

2131 3372 2209 3427 sic
2232 3373 2495 3427 transibit
2512 3374 2697 3443 ﬁgura
2723 3374 2893 3443 hujus
2914 3375 3114 3428 mundi
3132 3376 3178 3444 (Ι
3196 3376 3315 3431 Cor.
3334 3374 3453 3443 vn),
3475 3379 3531 3427 et
3551 3377 3662 3428 erit
3676 3383 3837 3429 terra

2128 3462 2351 3517 deserta
2381 3467 2443 3516 ut
2470 3478 2591 3516 non
2612 3463 2685 3515 sit
2712 3462 2988 3516 habitatio
3021 3463 3267 3532 amplius
3314 3463 3610 3517 hominum
3644 3464 3708 3517 in
3739 3481 3830 3518 ea.

2202 3551 2480 3606 Vsas.2l.
2538 3576 2609 3592 —
2664 3554 2733 3606 Et
2788 3554 2910 3613 erit.
2964 3556 3069 3605 etc.
3104 3552 3274 3617 Quasi
3330 3552 3588 3606 diceret:
3652 3553 3836 3607 Fene-

2130 3644 2261 3694 strm
2290 3640 2417 3694 caeli
2446 3644 2659 3710 aperta:
2690 3645 2842 3707 sunt,
2878 3645 2939 3693 ut
2978 3640 3358 3711 prospiciente
3408 3640 3652 3695 Domino
3716 3648 3835 3695 ter-

2129 3744 2269 3782 rena
2299 3734 2551 3799 peccata,
2585 3728 2774 3783 omnis
2805 3728 2988 3799 tigura
3017 3732 3378 3783 terrenorum
3411 3745 3654 3799 operum
3685 3746 3837 3800 prte-

2129 3821 2312 3870 tereat
2340 3821 2398 3870 et
2428 3821 2676 3881 corruat,
2702 3832 2889 3886 neque
2921 3816 2981 3870 in
3001 3815 3248 3887 pristina
3275 3821 3495 3871 statura
3541 3824 3833 3888 resurgat.

2135 3904 2393 3959 Visitabit
2421 3920 2558 3975 ergo
2611 3905 2890 3959 Dominus
2915 3903 2977 3959 in
3028 3904 3120 3959 die
3167 3904 3265 3958 illa
3325 3921 3499 3976 super
3562 3906 3837 3962 militiam

2130 3993 2274 4058 coeli,
2307 3997 2505 4047 utnon
2528 3993 2715 4047 solum
2744 3997 2991 4059 terrena,
3033 3993 3132 4047 sed
3169 3993 3416 4048 coelestia
3444 3993 3685 4065 judicet.

2202 4082 2375 4151 Super
2411 4082 2688 4136 militiam.
2724 4080 2851 4149 (lo.)
2879 4081 3187 4136 Inebriatus
3233 4086 3312 4135 est
3340 4083 3401 4135 in
3452 4083 3577 4136 coelo
3609 4083 3834 4149 gladius

2056 4204 2096 4258 υ
2135 4185 2302 4224 meus.
2331 4171 2503 4224 Astra
2532 4185 2639 4223 non
2667 4174 2794 4223 sunt
2814 4170 3017 4224 munda
3068 4172 3123 4223 in
3150 4177 3433 4239 conspectu
3463 4171 3602 4239 ejus.
3655 4172 3726 4225 Et
3781 4173 3842 4224 in

2134 4259 2342 4325 angelis
2369 4259 2481 4312 suis
2506 4261 2705 4327 reperit
2721 4258 3201 4327 prauitatem(lsa.
3237 4274 3421 4324 xuiv,
3450 4258 3580 4312 Job.
3616 4274 3710 4323 xv,
3740 4260 3835 4326 iv).

2203 4349 2370 4413 Reges
2424 4350 2596 4401 terrae.
2661 4345 2871 4416 (Ηιειι.)
2915 4345 3165 4401 Rectores
3220 4347 3583 4412 tenebrarum,
3647 4350 3843 4401 contra

2133 4435 2453 4504 spiritualia
2506 4436 2763 4503 nequitiae
2799 4436 2859 4488 in
2908 4435 3205 4489 caelestibus
3258 4436 3478 4503 (Ephes.
3512 4437 3627 4504 Vi);
3688 4436 3842 4489 unde

2134 4522 2191 4576 in
2225 4522 2421 4577 Daniel
2465 4524 2657 4577 :Exiit
2678 4524 2735 4576 in
2765 4537 3040 4576 occursum
3070 4523 3208 4576 mihi
3227 4526 3481 4591 princeps
3524 4526 3683 4590 regni
3715 4526 3843 4577 Per-

2133 4626 2339 4677 sarum,
2372 4615 2421 4665 et
2440 4613 2689 4680 princeps
2715 4613 2871 4677 regni
2912 4611 3189 4665 Medorum
3217 4610 3381 4678 (Dan.
3405 4610 3482 4681 ι).

2205 4700 2365 4753 Vens.
2417 4701 2504 4753 22.
2561 4727 2630 4739 —
2686 4701 2757 4753 Et
2803 4699 3296 4767 congregabantur.
3377 4698 3501 4769 (lo.)
3559 4700 3843 4770 Origenes

2134 4786 2271 4842 dicit
2301 4786 2481 4858 quod,
2512 4791 2640 4857 post
2666 4787 2815 4841 hanc
2841 4788 3187 4840 sententiam
3219 4804 3232 4841 :
3278 4789 3377 4845 Ite.
3411 4787 3713 4853 maledicti,
3780 4792 3839 4843 in

2135 4876 2312 4942 ignem
2338 4878 2598 4928 zternum
2629 4873 2845 4945 (Matth.
2889 4886 3038 4941 xxv),
3068 4880 3200 4944 post
3240 4874 3450 4928 multos
3479 4874 3629 4939 dies,
3662 4874 3723 4930 id
3756 4882 3844 4931 est

2137 4965 2264 5032 post
2290 4961 2448 5015 mille
2474 4976 2656 5015 annos
2685 4961 2953 5015 visitandi
2980 4965 3039 5015 et
3074 4961 3358 5016 liberandi
3403 4966 3557 5017 sunt.
3584 4962 3694 5017 Sed
3732 4965 3842 5017 hoc

2136 5049 2382 5104 Ecclesia
2416 5066 2533 5104 non
2556 5050 2773 5120 recipit.
2802 5050 3026 5104 Dictum
3052 5054 3138 5105 est
3159 5050 3317 5105 enim
3344 5065 3359 5104 :
3390 5051 3563 5105 Ibunt
3585 5054 3754 5121 impii
3785 5055 3843 5105 in

2138 5140 2466 5208 supplicium
2488 5144 2765 5205 mternum,
2816 5139 2960 5206 justi
3011 5144 3191 5193 autem
3238 5141 3297 5193 in
3342 5142 3514 5194 vitam
3574 5146 3839 5195 aeternam

2141 5228 2356 5292 (Matth.
2387 5229 2523 5294 xui).
2567 5227 2727 5291 Quod
2778 5232 2966 5281 autem
3027 5232 3307 5281 internum
3368 5233 3451 5281 est
3507 5229 3670 5283 omni
3728 5232 3843 5285 tine

2140 5323 2314 5380 caret,
2355 5318 2411 5368 et
2438 5315 2584 5369 sicut
2627 5314 2903 5385 gaudium
2935 5321 3238 5382 aeternum,
3267 5316 3350 5370 ita
3367 5320 3425 5369 et
3461 5316 3840 5387 supplicium.

2216 5405 2360 5458 Unus
2385 5404 2554 5469 fascis
2582 5405 2641 5457 in
2666 5404 2860 5457 lacum.
2894 5402 3072 5458 Unde.
3108 5404 3348 5471 Alligate
3384 5419 3448 5458 ea
3465 5419 3571 5474 per
3598 5407 3845 5471 fascicu-

2140 5492 2218 5547 los
2249 5491 2324 5546 ad
2348 5491 2782 5547 comburendum.
