  <div class='ocr_page' id='page_1' title='image "/cluster/home/n/w/nwhite01/storage/ocr_20150623/113/hvd.32044054759782/640.png"; bbox 0 0 4074 6186; ppageno 0'>
   <div class='ocr_carea' id='block_1_1' title="bbox 257 205 392 258">
    <p class='ocr_par' dir='ltr' id='par_1_1' title="bbox 257 205 392 258">
     <span class='ocr_line' id='line_1_1' title="bbox 257 205 392 258; baseline -0.03 0"><span class='ocrx_word' id='word_1_1' title='bbox 257 205 392 258; x_wconf 65' lang='grc'><strong>1269</strong></span> 
     </span>
    </p>
   </div>
   <div class='ocr_carea' id='block_1_2' title="bbox 1375 201 2614 265">
    <p class='ocr_par' dir='ltr' id='par_1_2' title="bbox 1375 201 2614 265">
     <span class='ocr_line' id='line_1_2' title="bbox 1375 201 2614 265; baseline 0.004 -9"><span class='ocrx_word' id='word_1_2' title='bbox 1375 201 1631 258; x_wconf 80' lang='lat' dir='ltr'><strong>GLOSSA</strong></span> <span class='ocrx_word' id='word_1_3' title='bbox 1671 201 2076 260; x_wconf 69' lang='lat' dir='ltr'><strong>0RDINAIIIA.</strong></span> <span class='ocrx_word' id='word_1_4' title='bbox 2115 233 2184 246; x_wconf 88' lang='lat'><strong><em>—</em></strong></span> <span class='ocrx_word' id='word_1_5' title='bbox 2227 205 2350 262; x_wconf 86' lang='lat' dir='ltr'><strong>LIB.</strong></span> <span class='ocrx_word' id='word_1_6' title='bbox 2396 205 2614 265; x_wconf 72' lang='lat' dir='ltr'><strong>ISAIA&#39;S.</strong></span> 
     </span>
    </p>
   </div>
   <div class='ocr_carea' id='block_1_3' title="bbox 3633 210 3767 264">
    <p class='ocr_par' dir='ltr' id='par_1_3' title="bbox 3633 210 3767 264">
     <span class='ocr_line' id='line_1_3' title="bbox 3633 210 3767 264; baseline -0.007 0"><span class='ocrx_word' id='word_1_7' title='bbox 3633 210 3767 264; x_wconf 74' lang='lat'><strong>1270</strong></span> 
     </span>
    </p>
   </div>
   <div class='ocr_carea' id='block_1_4' title="bbox 323 327 3768 400">
    <p class='ocr_par' dir='ltr' id='par_1_4' title="bbox 323 327 3768 400">
     <span class='ocr_line' id='line_1_4' title="bbox 323 327 3768 400; baseline 0.001 -17"><span class='ocrx_word' id='word_1_8' title='bbox 323 333 394 384; x_wconf 82' lang='lat' dir='ltr'><strong>Et</strong></span> <span class='ocrx_word' id='word_1_9' title='bbox 423 333 546 400; x_wconf 76' lang='lat' dir='ltr'><strong>post</strong></span> <span class='ocrx_word' id='word_1_10' title='bbox 594 330 810 384; x_wconf 84' lang='lat' dir='ltr'><strong>multos.</strong></span> <span class='ocrx_word' id='word_1_11' title='bbox 847 328 1175 384; x_wconf 85' lang='lat' dir='ltr'><strong>Notandum</strong></span> <span class='ocrx_word' id='word_1_12' title='bbox 1207 327 1357 400; x_wconf 92' lang='lat' dir='ltr'><strong>quod</strong></span> <span class='ocrx_word' id='word_1_13' title='bbox 1405 344 1522 382; x_wconf 90' lang='lat' dir='ltr'><strong>non</strong></span> <span class='ocrx_word' id='word_1_14' title='bbox 1557 328 1749 382; x_wconf 87' lang='lat' dir='ltr'><strong>addit:</strong></span> <span class='ocrx_word' id='word_1_15' title='bbox 1783 346 1814 382; x_wconf 88' lang='lat' dir='ltr'><strong>a</strong></span> <span class='ocrx_word' id='word_1_16' title='bbox 1847 330 1953 382; x_wconf 88' lang='lat' dir='ltr'><strong>Do-</strong></span> <span class='ocrx_word' id='word_1_17' title='bbox 1993 331 2036 384; x_wconf 84' lang='lat' dir='ltr'><strong>A</strong></span> <span class='ocrx_word' id='word_1_18' title='bbox 2068 329 2179 384; x_wconf 93' lang='lat' dir='ltr'><strong>lius</strong></span> <span class='ocrx_word' id='word_1_19' title='bbox 2237 335 2342 394; x_wconf 88' lang='lat' dir='ltr'><strong>est,</strong></span> <span class='ocrx_word' id='word_1_20' title='bbox 2391 336 2456 385; x_wconf 91' lang='lat' dir='ltr'><strong>ut</strong></span> <span class='ocrx_word' id='word_1_21' title='bbox 2512 331 2719 397; x_wconf 79' lang='lat' dir='ltr'><strong>videat,</strong></span> <span class='ocrx_word' id='word_1_22' title='bbox 2750 334 2806 385; x_wconf 92' lang='lat' dir='ltr'><strong>et</strong></span> <span class='ocrx_word' id='word_1_23' title='bbox 2854 331 3152 385; x_wconf 78' lang='lat' dir='ltr'><strong>erubescat</strong></span> <span class='ocrx_word' id='word_1_24' title='bbox 3205 331 3273 386; x_wconf 86' lang='lat' dir='ltr'><strong>de</strong></span> <span class='ocrx_word' id='word_1_25' title='bbox 3326 330 3492 386; x_wconf 86' lang='lat' dir='ltr'><strong>malis</strong></span> <span class='ocrx_word' id='word_1_26' title='bbox 3521 332 3658 388; x_wconf 84' lang='lat' dir='ltr'><strong>suis.</strong></span> <span class='ocrx_word' id='word_1_27' title='bbox 3685 335 3768 390; x_wconf 80' lang='lat' dir='ltr'><strong>Et</strong></span> 
     </span>
    </p>
   </div>
   <div class='ocr_carea' id='block_1_5' title="bbox 252 416 1958 487">
    <p class='ocr_par' dir='ltr' id='par_1_5' title="bbox 252 416 1958 487">
     <span class='ocr_line' id='line_1_5' title="bbox 252 416 1958 487; baseline -0.001 -16"><span class='ocrx_word' id='word_1_28' title='bbox 252 417 414 472; x_wconf 89' lang='lat' dir='ltr'><strong>mino</strong></span> <span class='ocrx_word' id='word_1_29' title='bbox 445 419 531 470; x_wconf 88' lang='lat' dir='ltr'><strong>vel</strong></span> <span class='ocrx_word' id='word_1_30' title='bbox 565 416 633 471; x_wconf 89' lang='lat' dir='ltr'><strong>ab</strong></span> <span class='ocrx_word' id='word_1_31' title='bbox 675 416 916 485; x_wconf 86' lang='lat' dir='ltr'><strong>angelis,</strong></span> <span class='ocrx_word' id='word_1_32' title='bbox 949 420 1083 482; x_wconf 89' lang='lat' dir='ltr'><strong>etc.,</strong></span> <span class='ocrx_word' id='word_1_33' title='bbox 1114 431 1282 486; x_wconf 86' lang='lat' dir='ltr'><strong>usque</strong></span> <span class='ocrx_word' id='word_1_34' title='bbox 1314 417 1387 470; x_wconf 88' lang='lat' dir='ltr'><strong>ad</strong></span> <span class='ocrx_word' id='word_1_35' title='bbox 1417 417 1569 487; x_wconf 92' lang='lat' dir='ltr'><strong>quod</strong></span> <span class='ocrx_word' id='word_1_36' title='bbox 1614 417 1842 472; x_wconf 88' lang='lat' dir='ltr'>Domini</span> <span class='ocrx_word' id='word_1_37' title='bbox 1871 435 1958 471; x_wconf 87' lang='lat' dir='ltr'><strong>ar-</strong></span> 
     </span>
    </p>
   </div>
   <div class='ocr_carea' id='block_1_6' title="bbox 253 505 932 560">
    <p class='ocr_par' dir='ltr' id='par_1_6' title="bbox 253 505 932 560">
     <span class='ocr_line' id='line_1_6' title="bbox 253 505 932 560; baseline -0.003 0"><span class='ocrx_word' id='word_1_38' title='bbox 253 506 427 560; x_wconf 89' lang='lat' dir='ltr'><strong>bitrio</strong></span> <span class='ocrx_word' id='word_1_39' title='bbox 459 505 794 560; x_wconf 82' lang='lat' dir='ltr'><strong>derelictum</strong></span> <span class='ocrx_word' id='word_1_40' title='bbox 830 510 932 559; x_wconf 88' lang='lat' dir='ltr'><strong>est.</strong></span> 
     </span>
    </p>
   </div>
   <div class='ocr_carea' id='block_1_7' title="bbox 329 592 1954 665">
    <p class='ocr_par' dir='ltr' id='par_1_7' title="bbox 329 592 1954 665">
     <span class='ocr_line' id='line_1_7' title="bbox 329 592 1954 665; baseline -0.001 -18"><span class='ocrx_word' id='word_1_41' title='bbox 329 597 489 648; x_wconf 74' lang='lat' dir='ltr'><strong>Vens.</strong></span> <span class='ocrx_word' id='word_1_42' title='bbox 525 597 610 648; x_wconf 76' lang='lat'><strong>23.</strong></span> <span class='ocrx_word' id='word_1_43' title='bbox 659 625 727 633; x_wconf 92' lang='lat'><strong>—</strong></span> <span class='ocrx_word' id='word_1_44' title='bbox 757 597 827 649; x_wconf 90' lang='lat' dir='ltr'><strong>Et</strong></span> <span class='ocrx_word' id='word_1_45' title='bbox 872 594 1156 649; x_wconf 74' lang='lat' dir='ltr'><strong>erubescet.</strong></span> <span class='ocrx_word' id='word_1_46' title='bbox 1211 593 1366 648; x_wconf 88' lang='lat' dir='ltr'><strong>Unde</strong></span> <span class='ocrx_word' id='word_1_47' title='bbox 1397 597 1657 647; x_wconf 79' lang='lat' dir='ltr'><strong>creatura</strong></span> <span class='ocrx_word' id='word_1_48' title='bbox 1709 592 1954 665; x_wconf 91' lang='lat' dir='ltr'><strong>ingemi-</strong></span> 
     </span>
    </p>
   </div>
   <div class='ocr_carea' id='block_1_8' title="bbox 253 681 1950 754">
    <p class='ocr_par' dir='ltr' id='par_1_8' title="bbox 253 681 1950 754">
     <span class='ocr_line' id='line_1_8' title="bbox 253 681 1950 754; baseline -0.001 -16"><span class='ocrx_word' id='word_1_49' title='bbox 253 683 360 738; x_wconf 89' lang='lat' dir='ltr'><strong>scit</strong></span> <span class='ocrx_word' id='word_1_50' title='bbox 389 689 444 737; x_wconf 92' lang='lat' dir='ltr'><strong>et</strong></span> <span class='ocrx_word' id='word_1_51' title='bbox 499 683 766 752; x_wconf 89' lang='lat' dir='ltr'><strong>parturit,</strong></span> <span class='ocrx_word' id='word_1_52' title='bbox 799 690 931 747; x_wconf 89' lang='lat' dir='ltr'><strong>etc.,</strong></span> <span class='ocrx_word' id='word_1_53' title='bbox 975 699 1141 752; x_wconf 88' lang='lat' dir='ltr'><strong>usque</strong></span> <span class='ocrx_word' id='word_1_54' title='bbox 1187 683 1262 736; x_wconf 86' lang='lat' dir='ltr'><strong>ad</strong></span> <span class='ocrx_word' id='word_1_55' title='bbox 1290 681 1474 754; x_wconf 85' lang='lat' dir='ltr'><strong>qualis</strong></span> <span class='ocrx_word' id='word_1_56' title='bbox 1523 681 1634 736; x_wconf 84' lang='lat' dir='ltr'><strong>fuit</strong></span> <span class='ocrx_word' id='word_1_57' title='bbox 1664 683 1950 737; x_wconf 84' lang='lat' dir='ltr'><strong>Abraham</strong></span> 
     </span>
    </p>
   </div>
   <div class='ocr_carea' id='block_1_9' title="bbox 253 771 1132 828">
    <p class='ocr_par' dir='ltr' id='par_1_9' title="bbox 253 771 1132 828">
     <span class='ocr_line' id='line_1_9' title="bbox 253 771 1132 828; baseline -0.002 0"><span class='ocrx_word' id='word_1_58' title='bbox 253 777 519 828; x_wconf 90' lang='lat' dir='ltr'><strong>mortuus</strong></span> <span class='ocrx_word' id='word_1_59' title='bbox 549 772 609 826; x_wconf 91' lang='lat' dir='ltr'><strong>in</strong></span> <span class='ocrx_word' id='word_1_60' title='bbox 643 777 932 825; x_wconf 80' lang='lat' dir='ltr'><strong>senectute</strong></span> <span class='ocrx_word' id='word_1_61' title='bbox 963 771 1132 826; x_wconf 89' lang='lat' dir='ltr'><strong>bona.</strong></span> 
     </span>
    </p>
   </div>
   <div class='ocr_carea' id='block_1_10' title="bbox 896 860 1310 916">
    <p class='ocr_par' dir='ltr' id='par_1_10' title="bbox 896 860 1310 916">
     <span class='ocr_line' id='line_1_10' title="bbox 896 860 1310 916; baseline -0.005 -1"><span class='ocrx_word' id='word_1_62' title='bbox 896 860 1121 916; x_wconf 82' lang='lat' dir='ltr'><strong>CAPUT</strong></span> <span class='ocrx_word' id='word_1_63' title='bbox 1161 860 1310 914; x_wconf 86' lang='lat' dir='ltr'><strong>XXV.</strong></span> 
     </span>
    </p>
   </div>
   <div class='ocr_carea' id='block_1_11' title="bbox 325 949 1951 1019">
    <p class='ocr_par' dir='ltr' id='par_1_11' title="bbox 325 949 1951 1019">
     <span class='ocr_line' id='line_1_11' title="bbox 325 949 1951 1019; baseline 0.002 -21"><span class='ocrx_word' id='word_1_64' title='bbox 325 949 488 1004; x_wconf 77' lang='lat' dir='ltr'><strong>Vens.</strong></span> <span class='ocrx_word' id='word_1_65' title='bbox 536 953 581 1004; x_wconf 96' lang='grc'><strong>1.</strong></span> <span class='ocrx_word' id='word_1_66' title='bbox 637 979 708 989; x_wconf 95' lang='grc'><strong><em>-</em></strong></span> <span class='ocrx_word' id='word_1_67' title='bbox 754 949 944 1004; x_wconf 83' lang='lat' dir='ltr'><strong>Amen.</strong></span> <span class='ocrx_word' id='word_1_68' title='bbox 982 949 1190 1019; x_wconf 67' lang='lat' dir='ltr'><strong>(illam)</strong></span> <span class='ocrx_word' id='word_1_69' title='bbox 1251 949 1572 1015; x_wconf 72' lang='lat' dir='ltr'><strong>Hebraeum,</strong></span> <span class='ocrx_word' id='word_1_70' title='bbox 1633 964 1748 1019; x_wconf 90' lang='lat' dir='ltr'><strong>quo</strong></span> <span class='ocrx_word' id='word_1_71' title='bbox 1800 964 1951 1018; x_wconf 71' lang='lat' dir='ltr'><strong>saepe</strong></span> 
     </span>
    </p>
   </div>
   <div class='ocr_carea' id='block_1_12' title="bbox 254 1037 1952 1108">
    <p class='ocr_par' dir='ltr' id='par_1_12' title="bbox 254 1037 1952 1108">
     <span class='ocr_line' id='line_1_12' title="bbox 254 1037 1952 1108; baseline 0 -18"><span class='ocrx_word' id='word_1_72' title='bbox 254 1037 538 1092; x_wconf 86' lang='lat' dir='ltr'><strong>Dominus</strong></span> <span class='ocrx_word' id='word_1_73' title='bbox 585 1038 763 1091; x_wconf 78' lang='lat' dir='ltr'>utitur</span> <span class='ocrx_word' id='word_1_74' title='bbox 822 1039 881 1092; x_wconf 91' lang='lat' dir='ltr'><strong>in</strong></span> <span class='ocrx_word' id='word_1_75' title='bbox 917 1038 1255 1108; x_wconf 83' lang='lat' dir='ltr'><strong>Evangelia:</strong></span> <span class='ocrx_word' id='word_1_76' title='bbox 1297 1041 1470 1093; x_wconf 81' lang='lat' dir='ltr'><strong>Amen</strong></span> <span class='ocrx_word' id='word_1_77' title='bbox 1525 1054 1702 1106; x_wconf 89' lang='lat' dir='ltr'><strong>amen,</strong></span> <span class='ocrx_word' id='word_1_78' title='bbox 1754 1037 1808 1091; x_wconf 85' lang='lat' dir='ltr'><strong>id</strong></span> <span class='ocrx_word' id='word_1_79' title='bbox 1865 1042 1952 1090; x_wconf 78' lang='lat' dir='ltr'><strong>est</strong></span> 
     </span>
    </p>
   </div>
   <div class='ocr_carea' id='block_1_13' title="bbox 249 1127 879 1180">
    <p class='ocr_par' dir='ltr' id='par_1_13' title="bbox 249 1127 879 1180">
     <span class='ocr_line' id='line_1_13' title="bbox 249 1127 879 1180; baseline 0.006 -4"><span class='ocrx_word' id='word_1_80' title='bbox 249 1141 382 1179; x_wconf 89' lang='lat' dir='ltr'><strong>vere</strong></span> <span class='ocrx_word' id='word_1_81' title='bbox 404 1142 532 1180; x_wconf 85' lang='lat' dir='ltr'><strong>vere</strong></span> <span class='ocrx_word' id='word_1_82' title='bbox 563 1127 682 1180; x_wconf 91' lang='lat' dir='ltr'><strong>dico</strong></span> <span class='ocrx_word' id='word_1_83' title='bbox 713 1127 879 1180; x_wconf 74' lang='lat' dir='ltr'><strong>vobis.</strong></span> 
     </span>
    </p>
   </div>
   <div class='ocr_carea' id='block_1_14' title="bbox 325 1213 1946 1278">
    <p class='ocr_par' dir='ltr' id='par_1_14' title="bbox 325 1213 1946 1278">
     <span class='ocr_line' id='line_1_14' title="bbox 325 1213 1946 1278; baseline 0 -12"><span class='ocrx_word' id='word_1_84' title='bbox 325 1216 486 1270; x_wconf 76' lang='lat' dir='ltr'><strong>Vens.</strong></span> <span class='ocrx_word' id='word_1_85' title='bbox 547 1218 597 1268; x_wconf 82' lang='lat'><strong>2.</strong></span> <span class='ocrx_word' id='word_1_86' title='bbox 648 1245 721 1256; x_wconf 95' lang='lat'><strong>—</strong></span> <span class='ocrx_word' id='word_1_87' title='bbox 775 1216 998 1271; x_wconf 77' lang='lat' dir='ltr'><strong>Civitas.</strong></span> <span class='ocrx_word' id='word_1_88' title='bbox 1062 1215 1267 1267; x_wconf 73' lang='lat' dir='ltr'><strong>Eversa</strong></span> <span class='ocrx_word' id='word_1_89' title='bbox 1317 1229 1350 1266; x_wconf 87' lang='lat' dir='ltr'><strong>a</strong></span> <span class='ocrx_word' id='word_1_90' title='bbox 1405 1213 1946 1278; x_wconf 80' lang='lat' dir='ltr'><strong>Nabuchodonosor,</strong></span> 
     </span>
    </p>
   </div>
   <div class='ocr_carea' id='block_1_15' title="bbox 249 1301 1942 1367">
    <p class='ocr_par' dir='ltr' id='par_1_15' title="bbox 249 1301 1942 1367">
     <span class='ocr_line' id='line_1_15' title="bbox 249 1301 1942 1367; baseline -0.001 -11"><span class='ocrx_word' id='word_1_91' title='bbox 249 1304 516 1356; x_wconf 89' lang='lat' dir='ltr'><strong>restituta</strong></span> <span class='ocrx_word' id='word_1_92' title='bbox 553 1307 636 1356; x_wconf 87' lang='lat' dir='ltr'><strong>est</strong></span> <span class='ocrx_word' id='word_1_93' title='bbox 664 1320 696 1355; x_wconf 89' lang='lat' dir='ltr'><strong>a</strong></span> <span class='ocrx_word' id='word_1_94' title='bbox 729 1303 980 1367; x_wconf 75' lang='lat' dir='ltr'><strong>Neemia,</strong></span> <span class='ocrx_word' id='word_1_95' title='bbox 1028 1308 1082 1356; x_wconf 90' lang='lat' dir='ltr'><strong>et</strong></span> <span class='ocrx_word' id='word_1_96' title='bbox 1110 1319 1140 1355; x_wconf 89' lang='lat' dir='ltr'><strong>a</strong></span> <span class='ocrx_word' id='word_1_97' title='bbox 1169 1303 1300 1356; x_wconf 87' lang='lat' dir='ltr'><strong>Jesu</strong></span> <span class='ocrx_word' id='word_1_98' title='bbox 1356 1318 1584 1354; x_wconf 91' lang='lat' dir='ltr'><strong>summo</strong></span> <span class='ocrx_word' id='word_1_99' title='bbox 1634 1301 1942 1354; x_wconf 90' lang='lat' dir='ltr'><strong>sacerdote.</strong></span> 
     </span>
    </p>
   </div>
   <div class='ocr_carea' id='block_1_16' title="bbox 248 1389 1942 1456">
    <p class='ocr_par' dir='ltr' id='par_1_16' title="bbox 248 1389 1942 1456">
     <span class='ocr_line' id='line_1_16' title="bbox 248 1389 1942 1456; baseline -0.002 -10"><span class='ocrx_word' id='word_1_100' title='bbox 248 1393 456 1446; x_wconf 85' lang='lat' dir='ltr'><strong>Eversa</strong></span> <span class='ocrx_word' id='word_1_101' title='bbox 504 1409 537 1446; x_wconf 89' lang='lat' dir='ltr'><strong>a</strong></span> <span class='ocrx_word' id='word_1_102' title='bbox 577 1391 870 1451; x_wconf 81' lang='lat' dir='ltr'><strong>Romanis,</strong></span> <span class='ocrx_word' id='word_1_103' title='bbox 907 1390 1170 1444; x_wconf 90' lang='lat' dir='ltr'><strong>restituta</strong></span> <span class='ocrx_word' id='word_1_104' title='bbox 1227 1396 1313 1444; x_wconf 91' lang='lat' dir='ltr'><strong>est</strong></span> <span class='ocrx_word' id='word_1_105' title='bbox 1369 1390 1438 1443; x_wconf 90' lang='lat' dir='ltr'><strong>ab</strong></span> <span class='ocrx_word' id='word_1_106' title='bbox 1469 1389 1611 1444; x_wconf 66' lang='lat' dir='ltr'><strong>zElio</strong></span> <span class='ocrx_word' id='word_1_107' title='bbox 1659 1389 1942 1456; x_wconf 80' lang='lat' dir='ltr'><strong>Adriano;</strong></span> 
     </span>
    </p>
   </div>
   <div class='ocr_carea' id='block_1_17' title="bbox 247 1477 1811 1545">
    <p class='ocr_par' dir='ltr' id='par_1_17' title="bbox 247 1477 1811 1545">
     <span class='ocr_line' id='line_1_17' title="bbox 247 1477 1811 1545; baseline -0.002 -13"><span class='ocrx_word' id='word_1_108' title='bbox 247 1479 345 1532; x_wconf 90' lang='lat' dir='ltr'><strong>sed</strong></span> <span class='ocrx_word' id='word_1_109' title='bbox 381 1495 493 1532; x_wconf 91' lang='lat' dir='ltr'><strong>non</strong></span> <span class='ocrx_word' id='word_1_110' title='bbox 525 1479 582 1533; x_wconf 91' lang='lat' dir='ltr'><strong>in</strong></span> <span class='ocrx_word' id='word_1_111' title='bbox 615 1480 816 1534; x_wconf 90' lang='lat' dir='ltr'><strong>eodem</strong></span> <span class='ocrx_word' id='word_1_112' title='bbox 849 1480 991 1541; x_wconf 90' lang='lat' dir='ltr'><strong>loco,</strong></span> <span class='ocrx_word' id='word_1_113' title='bbox 1024 1494 1126 1532; x_wconf 90' lang='lat' dir='ltr'><strong>nec</strong></span> <span class='ocrx_word' id='word_1_114' title='bbox 1153 1479 1209 1532; x_wconf 91' lang='lat' dir='ltr'><strong>in</strong></span> <span class='ocrx_word' id='word_1_115' title='bbox 1241 1483 1452 1531; x_wconf 89' lang='lat' dir='ltr'><strong>statum</strong></span> <span class='ocrx_word' id='word_1_116' title='bbox 1487 1477 1811 1545; x_wconf 90' lang='lat' dir='ltr'><strong>pristinum.</strong></span> 
     </span>
    </p>
   </div>
   <div class='ocr_carea' id='block_1_18' title="bbox 319 1566 1941 1637">
    <p class='ocr_par' dir='ltr' id='par_1_18' title="bbox 319 1566 1941 1637">
     <span class='ocr_line' id='line_1_18' title="bbox 319 1566 1941 1637; baseline -0.002 -16"><span class='ocrx_word' id='word_1_117' title='bbox 319 1569 390 1621; x_wconf 79' lang='lat' dir='ltr'><strong>Et</strong></span> <span class='ocrx_word' id='word_1_118' title='bbox 412 1570 467 1621; x_wconf 83' lang='lat' dir='ltr'><strong>in</strong></span> <span class='ocrx_word' id='word_1_119' title='bbox 497 1570 901 1636; x_wconf 83' lang='lat' dir='ltr'><strong>sempiternum.</strong></span> <span class='ocrx_word' id='word_1_120' title='bbox 953 1568 1072 1637; x_wconf 86' lang='lat' dir='ltr'><strong>(Io.)</strong></span> <span class='ocrx_word' id='word_1_121' title='bbox 1105 1568 1171 1621; x_wconf 91' lang='lat' dir='ltr'><strong>Ut</strong></span> <span class='ocrx_word' id='word_1_122' title='bbox 1202 1566 1356 1619; x_wconf 92' lang='lat' dir='ltr'><strong>mille</strong></span> <span class='ocrx_word' id='word_1_123' title='bbox 1387 1582 1670 1619; x_wconf 87' lang='lat' dir='ltr'><strong>annorum</strong></span> <span class='ocrx_word' id='word_1_124' title='bbox 1704 1581 1941 1636; x_wconf 81' lang='lat' dir='ltr'><strong>regnum</strong></span> 
     </span>
    </p>
   </div>
   <div class='ocr_carea' id='block_1_19' title="bbox 246 1655 1799 1728">
    <p class='ocr_par' dir='ltr' id='par_1_19' title="bbox 246 1655 1799 1728">
     <span class='ocr_line' id='line_1_19' title="bbox 246 1655 1799 1728; baseline -0.001 -19"><span class='ocrx_word' id='word_1_125' title='bbox 246 1659 306 1709; x_wconf 92' lang='lat' dir='ltr'><strong>et</strong></span> <span class='ocrx_word' id='word_1_126' title='bbox 328 1671 517 1710; x_wconf 71' lang='lat' dir='ltr'><strong>aurea:</strong></span> <span class='ocrx_word' id='word_1_127' title='bbox 545 1657 861 1728; x_wconf 75' lang='lat' dir='ltr'><strong>Jerusalem</strong></span> <span class='ocrx_word' id='word_1_128' title='bbox 892 1660 947 1709; x_wconf 91' lang='lat' dir='ltr'><strong>et</strong></span> <span class='ocrx_word' id='word_1_129' title='bbox 973 1662 1276 1725; x_wconf 63' lang='lat' dir='ltr'><strong>gemmane</strong></span> <span class='ocrx_word' id='word_1_130' title='bbox 1307 1655 1498 1708; x_wconf 75' lang='lat' dir='ltr'><strong>fabula</strong></span> <span class='ocrx_word' id='word_1_131' title='bbox 1521 1655 1799 1725; x_wconf 86' lang='lat' dir='ltr'><strong>quiescat.</strong></span> 
     </span>
    </p>
   </div>
   <div class='ocr_carea' id='block_1_20' title="bbox 322 1742 1946 1812">
    <p class='ocr_par' dir='ltr' id='par_1_20' title="bbox 322 1742 1946 1812">
     <span class='ocr_line' id='line_1_20' title="bbox 322 1742 1946 1812; baseline 0.001 -17"><span class='ocrx_word' id='word_1_132' title='bbox 322 1745 478 1798; x_wconf 75' lang='lat' dir='ltr'><strong>Vens.</strong></span> <span class='ocrx_word' id='word_1_133' title='bbox 523 1748 604 1799; x_wconf 85' lang='grc'><strong>10.</strong></span> <span class='ocrx_word' id='word_1_134' title='bbox 647 1774 716 1785; x_wconf 92' lang='lat'><strong><em>—</em></strong></span> <span class='ocrx_word' id='word_1_135' title='bbox 772 1745 850 1798; x_wconf 85' lang='lat' dir='ltr'><strong>Et</strong></span> <span class='ocrx_word' id='word_1_136' title='bbox 880 1744 1233 1798; x_wconf 85' lang='lat' dir='ltr'><strong>triturabitur</strong></span> <span class='ocrx_word' id='word_1_137' title='bbox 1283 1743 1461 1808; x_wconf 84' lang='lat' dir='ltr'><strong>Moab,</strong></span> <span class='ocrx_word' id='word_1_138' title='bbox 1508 1746 1611 1796; x_wconf 89' lang='lat' dir='ltr'><strong>etc.</strong></span> <span class='ocrx_word' id='word_1_139' title='bbox 1640 1743 1762 1812; x_wconf 84' lang='lat' dir='ltr'><strong>(lo.)</strong></span> <span class='ocrx_word' id='word_1_140' title='bbox 1795 1742 1946 1796; x_wconf 84' lang='lat' dir='ltr'><strong>Licet</strong></span> 
     </span>
    </p>
   </div>
   <div class='ocr_carea' id='block_1_21' title="bbox 247 1830 1942 1902">
    <p class='ocr_par' dir='ltr' id='par_1_21' title="bbox 247 1830 1942 1902">
     <span class='ocr_line' id='line_1_21' title="bbox 247 1830 1942 1902; baseline -0.002 -16"><span class='ocrx_word' id='word_1_141' title='bbox 247 1833 593 1902; x_wconf 79' lang='lat' dir='ltr'><strong>generaliter</strong></span> <span class='ocrx_word' id='word_1_142' title='bbox 648 1834 716 1888; x_wconf 91' lang='lat' dir='ltr'><strong>de</strong></span> <span class='ocrx_word' id='word_1_143' title='bbox 777 1832 1273 1887; x_wconf 82' lang='lat' dir='ltr'><strong>consummatione</strong></span> <span class='ocrx_word' id='word_1_144' title='bbox 1330 1831 1532 1885; x_wconf 90' lang='lat' dir='ltr'><strong>mundi</strong></span> <span class='ocrx_word' id='word_1_145' title='bbox 1590 1830 1942 1902; x_wconf 84' lang='lat' dir='ltr'><strong>loqueretur,</strong></span> 
     </span>
    </p>
   </div>
   <div class='ocr_carea' id='block_1_22' title="bbox 245 1919 1943 1992">
    <p class='ocr_par' dir='ltr' id='par_1_22' title="bbox 245 1919 1943 1992">
     <span class='ocr_line' id='line_1_22' title="bbox 245 1919 1943 1992; baseline -0.001 -18"><span class='ocrx_word' id='word_1_146' title='bbox 245 1928 375 1988; x_wconf 90' lang='lat' dir='ltr'><strong>etc.,</strong></span> <span class='ocrx_word' id='word_1_147' title='bbox 411 1937 578 1991; x_wconf 80' lang='lat' dir='ltr'><strong>usque</strong></span> <span class='ocrx_word' id='word_1_148' title='bbox 606 1923 680 1976; x_wconf 85' lang='lat' dir='ltr'><strong>ad</strong></span> <span class='ocrx_word' id='word_1_149' title='bbox 716 1939 818 1992; x_wconf 89' lang='lat' dir='ltr'><strong>per</strong></span> <span class='ocrx_word' id='word_1_150' title='bbox 847 1923 1008 1976; x_wconf 84' lang='lat' dir='ltr'><strong>Moab</strong></span> <span class='ocrx_word' id='word_1_151' title='bbox 1035 1922 1212 1991; x_wconf 64' lang='lat' dir='ltr'><strong>igitur</strong></span> <span class='ocrx_word' id='word_1_152' title='bbox 1244 1925 1395 1975; x_wconf 90' lang='lat' dir='ltr'><strong>recte</strong></span> <span class='ocrx_word' id='word_1_153' title='bbox 1428 1919 1803 1991; x_wconf 87' lang='lat' dir='ltr'><strong>intelligimus</strong></span> <span class='ocrx_word' id='word_1_154' title='bbox 1824 1919 1943 1974; x_wconf 90' lang='lat' dir='ltr'><strong>dia-</strong></span> 
     </span>
    </p>
   </div>
   <div class='ocr_carea' id='block_1_23' title="bbox 242 2010 1435 2080">
    <p class='ocr_par' dir='ltr' id='par_1_23' title="bbox 242 2010 1435 2080">
     <span class='ocr_line' id='line_1_23' title="bbox 242 2010 1435 2080; baseline -0.003 -15"><span class='ocrx_word' id='word_1_155' title='bbox 242 2011 440 2065; x_wconf 86' lang='lat' dir='ltr'><strong>bolum</strong></span> <span class='ocrx_word' id='word_1_156' title='bbox 474 2011 604 2064; x_wconf 87' lang='lat' dir='ltr'><strong>tiliis</strong></span> <span class='ocrx_word' id='word_1_157' title='bbox 638 2011 735 2064; x_wconf 91' lang='lat' dir='ltr'><strong>Dei</strong></span> <span class='ocrx_word' id='word_1_158' title='bbox 769 2027 998 2080; x_wconf 88' lang='lat' dir='ltr'><strong>semper</strong></span> <span class='ocrx_word' id='word_1_159' title='bbox 1027 2010 1435 2063; x_wconf 88' lang='lat' dir='ltr'><strong>adversarium.</strong></span> 
     </span>
    </p>
   </div>
   <div class='ocr_carea' id='block_1_24' title="bbox 316 2097 1944 2168">
    <p class='ocr_par' dir='ltr' id='par_1_24' title="bbox 316 2097 1944 2168">
     <span class='ocr_line' id='line_1_24' title="bbox 316 2097 1944 2168; baseline -0.002 -15"><span class='ocrx_word' id='word_1_160' title='bbox 316 2101 496 2154; x_wconf 62' lang='lat' dir='ltr'><strong>Palem</strong></span> <span class='ocrx_word' id='word_1_161' title='bbox 562 2103 620 2153; x_wconf 89' lang='lat' dir='ltr'><strong>in</strong></span> <span class='ocrx_word' id='word_1_162' title='bbox 680 2101 945 2167; x_wconf 86' lang='lat' dir='ltr'><strong>plaustro.</strong></span> <span class='ocrx_word' id='word_1_163' title='bbox 1024 2098 1265 2152; x_wconf 84' lang='lat' dir='ltr'><strong>Ferratis</strong></span> <span class='ocrx_word' id='word_1_164' title='bbox 1344 2097 1614 2168; x_wconf 84' lang='lat' dir='ltr'><strong>plaustris</strong></span> <span class='ocrx_word' id='word_1_165' title='bbox 1680 2099 1944 2150; x_wconf 89' lang='lat' dir='ltr'><strong>teruntur</strong></span> 
     </span>
    </p>
   </div>
   <div class='ocr_carea' id='block_1_25' title="bbox 242 2185 1938 2258">
    <p class='ocr_par' dir='ltr' id='par_1_25' title="bbox 242 2185 1938 2258">
     <span class='ocr_line' id='line_1_25' title="bbox 242 2185 1938 2258; baseline -0.001 -17"><span class='ocrx_word' id='word_1_166' title='bbox 242 2189 442 2258; x_wconf 73' lang='lat' dir='ltr'><strong>paleae,</strong></span> <span class='ocrx_word' id='word_1_167' title='bbox 464 2193 526 2242; x_wconf 92' lang='lat' dir='ltr'><strong>ut</strong></span> <span class='ocrx_word' id='word_1_168' title='bbox 545 2204 640 2241; x_wconf 87' lang='lat' dir='ltr'><strong>eas</strong></span> <span class='ocrx_word' id='word_1_169' title='bbox 657 2188 878 2241; x_wconf 88' lang='lat' dir='ltr'><strong>facilius</strong></span> <span class='ocrx_word' id='word_1_170' title='bbox 900 2187 1169 2240; x_wconf 79' lang='lat' dir='ltr'><strong>animalia</strong></span> <span class='ocrx_word' id='word_1_171' title='bbox 1199 2191 1254 2240; x_wconf 88' lang='lat' dir='ltr'><strong>et</strong></span> <span class='ocrx_word' id='word_1_172' title='bbox 1282 2191 1517 2255; x_wconf 88' lang='lat' dir='ltr'><strong>pascant</strong></span> <span class='ocrx_word' id='word_1_173' title='bbox 1537 2191 1594 2240; x_wconf 93' lang='lat' dir='ltr'><strong>et</strong></span> <span class='ocrx_word' id='word_1_174' title='bbox 1615 2185 1938 2253; x_wconf 43' lang='lat' dir='ltr'><strong>:ruminent.</strong></span> 
     </span>
    </p>
   </div>
   <div class='ocr_carea' id='block_1_26' title="bbox 865 2276 1317 2330">
    <p class='ocr_par' dir='ltr' id='par_1_26' title="bbox 865 2276 1317 2330">
     <span class='ocr_line' id='line_1_26' title="bbox 865 2276 1317 2330; baseline 0 -2"><span class='ocrx_word' id='word_1_175' title='bbox 865 2277 1089 2330; x_wconf 85' lang='lat' dir='ltr'><strong>CAPUT</strong></span> <span class='ocrx_word' id='word_1_176' title='bbox 1143 2276 1317 2330; x_wconf 81' lang='lat' dir='ltr'><strong>XXVI.</strong></span> 
     </span>
    </p>
   </div>
   <div class='ocr_carea' id='block_1_27' title="bbox 313 2363 1939 2432">
    <p class='ocr_par' dir='ltr' id='par_1_27' title="bbox 313 2363 1939 2432">
     <span class='ocr_line' id='line_1_27' title="bbox 313 2363 1939 2432; baseline -0.001 -16"><span class='ocrx_word' id='word_1_177' title='bbox 313 2363 475 2417; x_wconf 76' lang='lat' dir='ltr'><strong>Vens.</strong></span> <span class='ocrx_word' id='word_1_178' title='bbox 516 2367 559 2417; x_wconf 88' lang='lat' dir='ltr'><strong>l.</strong></span> <span class='ocrx_word' id='word_1_179' title='bbox 603 2393 672 2404; x_wconf 90' lang='lat'><strong><em>—</em></strong></span> <span class='ocrx_word' id='word_1_180' title='bbox 730 2365 790 2418; x_wconf 81' lang='lat' dir='ltr'><strong>in</strong></span> <span class='ocrx_word' id='word_1_181' title='bbox 820 2363 907 2417; x_wconf 86' lang='lat' dir='ltr'><strong>die</strong></span> <span class='ocrx_word' id='word_1_182' title='bbox 955 2365 1076 2427; x_wconf 87' lang='lat' dir='ltr'><strong>illa,</strong></span> <span class='ocrx_word' id='word_1_183' title='bbox 1129 2369 1235 2418; x_wconf 87' lang='lat' dir='ltr'><strong>etc.</strong></span> <span class='ocrx_word' id='word_1_184' title='bbox 1295 2363 1436 2432; x_wconf 92' lang='grc'><strong>(11).)</strong></span> <span class='ocrx_word' id='word_1_185' title='bbox 1491 2363 1606 2416; x_wconf 82' lang='lat' dir='ltr'><strong>Hoc</strong></span> <span class='ocrx_word' id='word_1_186' title='bbox 1670 2363 1736 2417; x_wconf 91' lang='lat' dir='ltr'><strong>ad</strong></span> <span class='ocrx_word' id='word_1_187' title='bbox 1796 2379 1939 2431; x_wconf 71' lang='lat' dir='ltr'><strong>pra:-</strong></span> 
     </span>
    </p>
   </div>
   <div class='ocr_carea' id='block_1_28' title="bbox 240 2451 1935 2521">
    <p class='ocr_par' dir='ltr' id='par_1_28' title="bbox 240 2451 1935 2521">
     <span class='ocr_line' id='line_1_28' title="bbox 240 2451 1935 2521; baseline 0.001 -17"><span class='ocrx_word' id='word_1_188' title='bbox 240 2457 461 2505; x_wconf 83' lang='lat' dir='ltr'><strong>sentem</strong></span> <span class='ocrx_word' id='word_1_189' title='bbox 505 2451 806 2505; x_wconf 84' lang='lat' dir='ltr'><strong>Ecclesiam</strong></span> <span class='ocrx_word' id='word_1_190' title='bbox 844 2455 1033 2521; x_wconf 89' lang='lat' dir='ltr'><strong>potest</strong></span> <span class='ocrx_word' id='word_1_191' title='bbox 1063 2451 1282 2516; x_wconf 80' lang='lat' dir='ltr'><strong>referri,</strong></span> <span class='ocrx_word' id='word_1_192' title='bbox 1332 2456 1389 2505; x_wconf 87' lang='lat' dir='ltr'><strong>et</strong></span> <span class='ocrx_word' id='word_1_193' title='bbox 1419 2451 1489 2505; x_wconf 90' lang='lat' dir='ltr'><strong>ad</strong></span> <span class='ocrx_word' id='word_1_194' title='bbox 1519 2451 1670 2504; x_wconf 89' lang='lat' dir='ltr'><strong>diem</strong></span> <span class='ocrx_word' id='word_1_195' title='bbox 1714 2451 1935 2521; x_wconf 90' lang='lat' dir='ltr'><strong>judicii.</strong></span> 
     </span>
    </p>
   </div>
   <div class='ocr_carea' id='block_1_29' title="bbox 244 2540 1940 2594">
    <p class='ocr_par' dir='ltr' id='par_1_29' title="bbox 244 2540 1940 2594">
     <span class='ocr_line' id='line_1_29' title="bbox 244 2540 1940 2594; baseline 0 0"><span class='ocrx_word' id='word_1_196' title='bbox 244 2542 407 2594; x_wconf 80' lang='lat' dir='ltr'><strong>Nunc</strong></span> <span class='ocrx_word' id='word_1_197' title='bbox 467 2541 709 2594; x_wconf 87' lang='lat' dir='ltr'><strong>Ecclesia</strong></span> <span class='ocrx_word' id='word_1_198' title='bbox 791 2540 1080 2594; x_wconf 88' lang='lat' dir='ltr'><strong>canticum</strong></span> <span class='ocrx_word' id='word_1_199' title='bbox 1137 2556 1348 2594; x_wconf 91' lang='lat' dir='ltr'><strong>novum</strong></span> <span class='ocrx_word' id='word_1_200' title='bbox 1424 2545 1649 2593; x_wconf 87' lang='lat' dir='ltr'><strong>cantat:</strong></span> <span class='ocrx_word' id='word_1_201' title='bbox 1732 2541 1940 2594; x_wconf 79' lang='lat' dir='ltr'><strong>Christi</strong></span> 
     </span>
    </p>
   </div>
   <div class='ocr_carea' id='block_1_30' title="bbox 242 2628 1940 2698">
    <p class='ocr_par' dir='ltr' id='par_1_30' title="bbox 242 2628 1940 2698">
     <span class='ocr_line' id='line_1_30' title="bbox 242 2628 1940 2698; baseline -0.001 -16"><span class='ocrx_word' id='word_1_202' title='bbox 242 2628 618 2694; x_wconf 83' lang='lat' dir='ltr'><strong>nativitatem,</strong></span> <span class='ocrx_word' id='word_1_203' title='bbox 690 2628 1032 2698; x_wconf 87' lang='lat' dir='ltr'><strong>passionem,</strong></span> <span class='ocrx_word' id='word_1_204' title='bbox 1110 2629 1609 2694; x_wconf 85' lang='lat' dir='ltr'><strong>resurrectionem,</strong></span> <span class='ocrx_word' id='word_1_205' title='bbox 1659 2628 1940 2681; x_wconf 88' lang='lat' dir='ltr'><strong>ascensio-</strong></span> 
     </span>
    </p>
   </div>
   <div class='ocr_carea' id='block_1_31' title="bbox 244 2717 1938 2788">
    <p class='ocr_par' dir='ltr' id='par_1_31' title="bbox 244 2717 1938 2788">
     <span class='ocr_line' id='line_1_31' title="bbox 244 2717 1938 2788; baseline 0 -18"><span class='ocrx_word' id='word_1_206' title='bbox 244 2732 404 2770; x_wconf 86' lang='lat' dir='ltr'><strong>nem.</strong></span> <span class='ocrx_word' id='word_1_207' title='bbox 473 2717 642 2770; x_wconf 91' lang='lat' dir='ltr'><strong>Vetus</strong></span> <span class='ocrx_word' id='word_1_208' title='bbox 698 2732 948 2788; x_wconf 87' lang='lat' dir='ltr'><strong>namque</strong></span> <span class='ocrx_word' id='word_1_209' title='bbox 1003 2721 1086 2770; x_wconf 89' lang='lat' dir='ltr'><strong>est</strong></span> <span class='ocrx_word' id='word_1_210' title='bbox 1160 2717 1462 2787; x_wconf 89' lang='lat' dir='ltr'><strong>antiquum</strong></span> <span class='ocrx_word' id='word_1_211' title='bbox 1522 2717 1814 2770; x_wconf 87' lang='lat' dir='ltr'><strong>hominem</strong></span> <span class='ocrx_word' id='word_1_212' title='bbox 1869 2717 1938 2770; x_wconf 90' lang='lat' dir='ltr'><strong>ad</strong></span> 
     </span>
    </p>
   </div>
   <div class='ocr_carea' id='block_1_32' title="bbox 244 2805 1934 2872">
    <p class='ocr_par' dir='ltr' id='par_1_32' title="bbox 244 2805 1934 2872">
     <span class='ocr_line' id='line_1_32' title="bbox 244 2805 1934 2872; baseline -0.001 -13"><span class='ocrx_word' id='word_1_213' title='bbox 244 2805 472 2860; x_wconf 82' lang='lat' dir='ltr'><strong>inferna</strong></span> <span class='ocrx_word' id='word_1_214' title='bbox 508 2805 888 2872; x_wconf 86' lang='lat' dir='ltr'><strong>descendere;</strong></span> <span class='ocrx_word' id='word_1_215' title='bbox 947 2821 1182 2871; x_wconf 83' lang='lat' dir='ltr'><strong>novum,</strong></span> <span class='ocrx_word' id='word_1_216' title='bbox 1213 2805 1282 2859; x_wconf 92' lang='lat' dir='ltr'><strong>ad</strong></span> <span class='ocrx_word' id='word_1_217' title='bbox 1341 2806 1546 2859; x_wconf 79' lang='lat' dir='ltr'><strong>caelum</strong></span> <span class='ocrx_word' id='word_1_218' title='bbox 1612 2805 1934 2858; x_wconf 84' lang='lat' dir='ltr'><strong>ascendere.</strong></span> 
     </span>
    </p>
   </div>
   <div class='ocr_carea' id='block_1_33' title="bbox 325 2886 2011 2964">
    <p class='ocr_par' dir='ltr' id='par_1_33' title="bbox 325 2886 2011 2964">
     <span class='ocr_line' id='line_1_33' title="bbox 325 2886 2011 2964; baseline -0.003 -16"><span class='ocrx_word' id='word_1_219' title='bbox 325 2895 465 2949; x_wconf 82' lang='lat' dir='ltr'><strong>Urbs</strong></span> <span class='ocrx_word' id='word_1_220' title='bbox 494 2895 859 2961; x_wconf 77' lang='lat' dir='ltr'><strong>fortitudinis.</strong></span> <span class='ocrx_word' id='word_1_221' title='bbox 924 2895 1040 2948; x_wconf 81' lang='lat' dir='ltr'><strong>Vox</strong></span> <span class='ocrx_word' id='word_1_222' title='bbox 1099 2894 1414 2964; x_wconf 87' lang='lat' dir='ltr'><strong>justorum,</strong></span> <span class='ocrx_word' id='word_1_223' title='bbox 1447 2897 1502 2946; x_wconf 88' lang='lat' dir='ltr'><strong>et</strong></span> <span class='ocrx_word' id='word_1_224' title='bbox 1544 2909 1716 2960; x_wconf 88' lang='lat' dir='ltr'><strong>nunc,</strong></span> <span class='ocrx_word' id='word_1_225' title='bbox 1776 2897 1831 2946; x_wconf 92' lang='lat' dir='ltr'><strong>et</strong></span> <span class='ocrx_word' id='word_1_226' title='bbox 1882 2893 1942 2946; x_wconf 90' lang='lat' dir='ltr'><strong>in</strong></span> <span class='ocrx_word' id='word_1_227' title='bbox 1973 2886 2011 2941; x_wconf 90' lang='lat' dir='ltr'>C</span> 
     </span>
    </p>
   </div>
   <div class='ocr_carea' id='block_1_34' title="bbox 242 2983 460 3036">
    <p class='ocr_par' dir='ltr' id='par_1_34' title="bbox 242 2983 460 3036">
     <span class='ocr_line' id='line_1_34' title="bbox 242 2983 460 3036; baseline -0.005 0"><span class='ocrx_word' id='word_1_228' title='bbox 242 2983 460 3036; x_wconf 85' lang='lat' dir='ltr'><strong>futuro.</strong></span> 
     </span>
    </p>
   </div>
   <div class='ocr_carea' id='block_1_35' title="bbox 319 3068 1942 3139">
    <p class='ocr_par' dir='ltr' id='par_1_35' title="bbox 319 3068 1942 3139">
     <span class='ocr_line' id='line_1_35' title="bbox 319 3068 1942 3139; baseline -0.001 -16"><span class='ocrx_word' id='word_1_229' title='bbox 319 3073 476 3125; x_wconf 76' lang='lat' dir='ltr'><strong>Vens.</strong></span> <span class='ocrx_word' id='word_1_230' title='bbox 508 3073 560 3124; x_wconf 77' lang='lat'><strong>2.</strong></span> <span class='ocrx_word' id='word_1_231' title='bbox 615 3099 676 3110; x_wconf 94' lang='lat'><strong>—</strong></span> <span class='ocrx_word' id='word_1_232' title='bbox 732 3071 944 3139; x_wconf 70' lang='lat' dir='ltr'><strong>4pcrite</strong></span> <span class='ocrx_word' id='word_1_233' title='bbox 969 3074 1179 3139; x_wconf 88' lang='lat' dir='ltr'><strong>portas.</strong></span> <span class='ocrx_word' id='word_1_234' title='bbox 1217 3071 1330 3124; x_wconf 90' lang='lat' dir='ltr'><strong>Hoc</strong></span> <span class='ocrx_word' id='word_1_235' title='bbox 1390 3068 1672 3122; x_wconf 87' lang='lat' dir='ltr'><strong>canticum</strong></span> <span class='ocrx_word' id='word_1_236' title='bbox 1705 3073 1942 3138; x_wconf 89' lang='lat' dir='ltr'><strong>repente</strong></span> 
     </span>
    </p>
   </div>
   <div class='ocr_carea' id='block_1_36' title="bbox 246 3163 747 3228">
    <p class='ocr_par' dir='ltr' id='par_1_36' title="bbox 246 3163 747 3228">
     <span class='ocr_line' id='line_1_36' title="bbox 246 3163 747 3228; baseline -0.002 -15"><span class='ocrx_word' id='word_1_237' title='bbox 246 3163 432 3213; x_wconf 88' lang='lat' dir='ltr'><strong>mutat</strong></span> <span class='ocrx_word' id='word_1_238' title='bbox 454 3175 747 3228; x_wconf 86' lang='lat' dir='ltr'><strong>personas.</strong></span> 
     </span>
    </p>
   </div>
   <div class='ocr_carea' id='block_1_37' title="bbox 314 3246 1942 3315">
    <p class='ocr_par' dir='ltr' id='par_1_37' title="bbox 314 3246 1942 3315">
     <span class='ocr_line' id='line_1_37' title="bbox 314 3246 1942 3315; baseline -0.002 -13"><span class='ocrx_word' id='word_1_239' title='bbox 314 3250 524 3302; x_wconf 85' lang='lat' dir='ltr'><strong>Portas.</strong></span> <span class='ocrx_word' id='word_1_240' title='bbox 582 3246 863 3311; x_wconf 62' lang='lat' dir='ltr'><strong>Iustitiae;</strong></span> <span class='ocrx_word' id='word_1_241' title='bbox 918 3247 1106 3300; x_wconf 92' lang='lat' dir='ltr'><strong>unde:</strong></span> <span class='ocrx_word' id='word_1_242' title='bbox 1164 3248 1386 3315; x_wconf 62' lang='lat' dir='ltr'><strong>Aperite</strong></span> <span class='ocrx_word' id='word_1_243' title='bbox 1428 3247 1566 3298; x_wconf 85' lang='lat' dir='ltr'><strong>mihi</strong></span> <span class='ocrx_word' id='word_1_244' title='bbox 1619 3249 1804 3314; x_wconf 82' lang='lat' dir='ltr'><strong>portas</strong></span> <span class='ocrx_word' id='word_1_245' title='bbox 1854 3247 1942 3312; x_wconf 85' lang='lat' dir='ltr'><strong>ju-</strong></span> 
     </span>
    </p>
   </div>
   <div class='ocr_carea' id='block_1_38' title="bbox 240 3334 1943 3404">
    <p class='ocr_par' dir='ltr' id='par_1_38' title="bbox 240 3334 1943 3404">
     <span class='ocr_line' id='line_1_38' title="bbox 240 3334 1943 3404; baseline -0.001 -15"><span class='ocrx_word' id='word_1_246' title='bbox 240 3338 421 3390; x_wconf 66' lang='lat' dir='ltr'><strong>stitiar.</strong></span> <span class='ocrx_word' id='word_1_247' title='bbox 485 3338 670 3390; x_wconf 65' lang='lat' dir='ltr'><strong>Porta:</strong></span> <span class='ocrx_word' id='word_1_248' title='bbox 725 3336 855 3388; x_wconf 66' lang='lat' dir='ltr'><strong>vitae</strong></span> <span class='ocrx_word' id='word_1_249' title='bbox 887 3339 941 3388; x_wconf 93' lang='lat' dir='ltr'><strong>et</strong></span> <span class='ocrx_word' id='word_1_250' title='bbox 967 3334 1222 3404; x_wconf 69' lang='lat' dir='ltr'><strong>justitiae,</strong></span> <span class='ocrx_word' id='word_1_251' title='bbox 1285 3340 1415 3395; x_wconf 87' lang='lat' dir='ltr'><strong>etc.,</strong></span> <span class='ocrx_word' id='word_1_252' title='bbox 1449 3349 1615 3401; x_wconf 86' lang='lat' dir='ltr'><strong>usque</strong></span> <span class='ocrx_word' id='word_1_253' title='bbox 1649 3334 1723 3386; x_wconf 86' lang='lat' dir='ltr'><strong>ad</strong></span> <span class='ocrx_word' id='word_1_254' title='bbox 1757 3338 1812 3386; x_wconf 92' lang='lat' dir='ltr'><strong>et</strong></span> <span class='ocrx_word' id='word_1_255' title='bbox 1842 3351 1943 3402; x_wconf 73' lang='lat' dir='ltr'><strong>per</strong></span> 
     </span>
    </p>
   </div>
   <div class='ocr_carea' id='block_1_39' title="bbox 243 3423 1939 3494">
    <p class='ocr_par' dir='ltr' id='par_1_39' title="bbox 243 3423 1939 3494">
     <span class='ocr_line' id='line_1_39' title="bbox 243 3423 1939 3494; baseline -0.002 -16"><span class='ocrx_word' id='word_1_256' title='bbox 243 3425 453 3478; x_wconf 86' lang='lat' dir='ltr'><strong>multas</strong></span> <span class='ocrx_word' id='word_1_257' title='bbox 496 3429 688 3494; x_wconf 88' lang='lat' dir='ltr'><strong>portas</strong></span> <span class='ocrx_word' id='word_1_258' title='bbox 718 3424 786 3477; x_wconf 90' lang='lat' dir='ltr'><strong>ad</strong></span> <span class='ocrx_word' id='word_1_259' title='bbox 828 3440 961 3476; x_wconf 89' lang='lat' dir='ltr'><strong>eum</strong></span> <span class='ocrx_word' id='word_1_260' title='bbox 989 3423 1087 3493; x_wconf 93' lang='lat' dir='ltr'><strong>qui</strong></span> <span class='ocrx_word' id='word_1_261' title='bbox 1119 3424 1290 3477; x_wconf 90' lang='lat' dir='ltr'><strong>dicit:</strong></span> <span class='ocrx_word' id='word_1_262' title='bbox 1339 3425 1497 3476; x_wconf 68' lang='lat' dir='ltr'><strong>Nemo</strong></span> <span class='ocrx_word' id='word_1_263' title='bbox 1544 3425 1688 3476; x_wconf 84' lang='lat' dir='ltr'><strong>venit</strong></span> <span class='ocrx_word' id='word_1_264' title='bbox 1714 3423 1786 3476; x_wconf 78' lang='lat' dir='ltr'><strong>ad</strong></span> <span class='ocrx_word' id='word_1_265' title='bbox 1819 3425 1939 3476; x_wconf 80' lang='lat' dir='ltr'><strong>Pa-</strong></span> 
     </span>
    </p>
   </div>
   <div class='ocr_carea' id='block_1_40' title="bbox 241 3513 1114 3581">
    <p class='ocr_par' dir='ltr' id='par_1_40' title="bbox 241 3513 1114 3581">
     <span class='ocr_line' id='line_1_40' title="bbox 241 3513 1114 3581; baseline -0.002 -14"><span class='ocrx_word' id='word_1_266' title='bbox 241 3518 380 3567; x_wconf 84' lang='lat' dir='ltr'><strong>trem</strong></span> <span class='ocrx_word' id='word_1_267' title='bbox 407 3515 518 3566; x_wconf 88' lang='lat' dir='ltr'><strong>nisi</strong></span> <span class='ocrx_word' id='word_1_268' title='bbox 541 3529 638 3581; x_wconf 87' lang='lat' dir='ltr'><strong>per</strong></span> <span class='ocrx_word' id='word_1_269' title='bbox 667 3529 748 3566; x_wconf 87' lang='lat' dir='ltr'><strong>me</strong></span> <span class='ocrx_word' id='word_1_270' title='bbox 776 3513 948 3581; x_wconf 85' lang='lat' dir='ltr'><strong>(Joan.</strong></span> <span class='ocrx_word' id='word_1_271' title='bbox 985 3513 1114 3575; x_wconf 80' lang='lat' dir='ltr'><strong>xw).</strong></span> 
     </span>
    </p>
   </div>
   <div class='ocr_carea' id='block_1_41' title="bbox 314 3599 1941 3670">
    <p class='ocr_par' dir='ltr' id='par_1_41' title="bbox 314 3599 1941 3670">
     <span class='ocr_line' id='line_1_41' title="bbox 314 3599 1941 3670; baseline 0.001 -18"><span class='ocrx_word' id='word_1_272' title='bbox 314 3602 473 3656; x_wconf 76' lang='lat' dir='ltr'><strong>Vens.</strong></span> <span class='ocrx_word' id='word_1_273' title='bbox 535 3605 584 3656; x_wconf 88' lang='lat'><strong>3.</strong></span> <span class='ocrx_word' id='word_1_274' title='bbox 661 3631 730 3640; x_wconf 96' lang='lat'><strong>—</strong></span> <span class='ocrx_word' id='word_1_275' title='bbox 773 3603 980 3655; x_wconf 87' lang='lat' dir='ltr'><strong>Pacem.</strong></span> <span class='ocrx_word' id='word_1_276' title='bbox 1046 3603 1168 3670; x_wconf 89' lang='grc'><strong>(11).)</strong></span> <span class='ocrx_word' id='word_1_277' title='bbox 1225 3599 1506 3669; x_wconf 81' lang='lat' dir='ltr'><strong>Repetitio</strong></span> <span class='ocrx_word' id='word_1_278' title='bbox 1580 3599 1941 3654; x_wconf 89' lang='lat' dir='ltr'><strong>conﬁrmatio</strong></span> 
     </span>
    </p>
   </div>
   <div class='ocr_carea' id='block_1_42' title="bbox 244 3689 1941 3758">
    <p class='ocr_par' dir='ltr' id='par_1_42' title="bbox 244 3689 1941 3758">
     <span class='ocr_line' id='line_1_42' title="bbox 244 3689 1941 3758; baseline 0 -18"><span class='ocrx_word' id='word_1_279' title='bbox 244 3697 348 3741; x_wconf 88' lang='lat' dir='ltr'><strong>est.</strong></span> <span class='ocrx_word' id='word_1_280' title='bbox 379 3689 532 3741; x_wconf 83' lang='lat' dir='ltr'><strong>Hanc</strong></span> <span class='ocrx_word' id='word_1_281' title='bbox 578 3689 751 3742; x_wconf 87' lang='lat' dir='ltr'><strong>habet</strong></span> <span class='ocrx_word' id='word_1_282' title='bbox 799 3690 894 3743; x_wconf 85' lang='lat' dir='ltr'><strong>ille</strong></span> <span class='ocrx_word' id='word_1_283' title='bbox 947 3689 1015 3742; x_wconf 92' lang='lat' dir='ltr'><strong>de</strong></span> <span class='ocrx_word' id='word_1_284' title='bbox 1047 3705 1162 3758; x_wconf 89' lang='lat' dir='ltr'><strong>quo</strong></span> <span class='ocrx_word' id='word_1_285' title='bbox 1196 3689 1438 3741; x_wconf 87' lang='lat' dir='ltr'><strong>dicitur:</strong></span> <span class='ocrx_word' id='word_1_286' title='bbox 1495 3691 1657 3741; x_wconf 83' lang='lat' dir='ltr'><strong>Homo</strong></span> <span class='ocrx_word' id='word_1_287' title='bbox 1697 3691 1847 3741; x_wconf 90' lang='lat' dir='ltr'><strong>homo</strong></span> <span class='ocrx_word' id='word_1_288' title='bbox 1877 3692 1941 3754; x_wconf 80' lang='lat' dir='ltr'><strong>ﬁ-</strong></span> 
     </span>
    </p>
   </div>
   <div class='ocr_carea' id='block_1_43' title="bbox 245 3771 1943 3845">
    <p class='ocr_par' dir='ltr' id='par_1_43' title="bbox 245 3771 1943 3845">
     <span class='ocr_line' id='line_1_43' title="bbox 245 3771 1943 3845; baseline -0.001 -17"><span class='ocrx_word' id='word_1_289' title='bbox 245 3777 442 3828; x_wconf 86' lang='lat' dir='ltr'><strong>liorum</strong></span> <span class='ocrx_word' id='word_1_290' title='bbox 500 3777 666 3830; x_wconf 82' lang='lat' dir='ltr'><strong>Israel</strong></span> <span class='ocrx_word' id='word_1_291' title='bbox 722 3777 947 3845; x_wconf 78' lang='lat' dir='ltr'><strong>(Ezech.</strong></span> <span class='ocrx_word' id='word_1_292' title='bbox 987 3776 1130 3844; x_wconf 80' lang='lat' dir='ltr'><strong>XIV);</strong></span> <span class='ocrx_word' id='word_1_293' title='bbox 1166 3779 1222 3827; x_wconf 91' lang='lat' dir='ltr'><strong>et</strong></span> <span class='ocrx_word' id='word_1_294' title='bbox 1274 3771 1440 3827; x_wconf 66' lang='lat' dir='ltr'><strong>alibi:</strong></span> <span class='ocrx_word' id='word_1_295' title='bbox 1504 3775 1600 3826; x_wconf 86' lang='lat' dir='ltr'><strong>Vir</strong></span> <span class='ocrx_word' id='word_1_296' title='bbox 1658 3775 1744 3825; x_wconf 83' lang='lat' dir='ltr'><strong>vir</strong></span> <span class='ocrx_word' id='word_1_297' title='bbox 1789 3775 1943 3839; x_wconf 81' lang='lat' dir='ltr'><strong>cujus</strong></span> 
     </span>
    </p>
   </div>
   <div class='ocr_carea' id='block_1_44' title="bbox 247 3862 1944 3931">
    <p class='ocr_par' dir='ltr' id='par_1_44' title="bbox 247 3862 1944 3931">
     <span class='ocr_line' id='line_1_44' title="bbox 247 3862 1944 3931; baseline -0.004 -13"><span class='ocrx_word' id='word_1_298' title='bbox 247 3879 389 3918; x_wconf 72' lang='lat' dir='ltr'><strong>tueor</strong></span> <span class='ocrx_word' id='word_1_299' title='bbox 442 3865 614 3917; x_wconf 80' lang='lat' dir='ltr'><strong>cubile</strong></span> <span class='ocrx_word' id='word_1_300' title='bbox 660 3865 1019 3919; x_wconf 78' lang='lat' dir='ltr'><strong>maculaverit</strong></span> <span class='ocrx_word' id='word_1_301' title='bbox 1058 3864 1236 3930; x_wconf 80' lang='lat' dir='ltr'><strong>(Num.</strong></span> <span class='ocrx_word' id='word_1_302' title='bbox 1294 3862 1368 3927; x_wconf 87' lang='lat' dir='ltr'><strong>v),</strong></span> <span class='ocrx_word' id='word_1_303' title='bbox 1417 3867 1477 3914; x_wconf 94' lang='lat' dir='ltr'><strong>ut</strong></span> <span class='ocrx_word' id='word_1_304' title='bbox 1535 3862 1739 3931; x_wconf 84' lang='lat' dir='ltr'><strong>duplex</strong></span> <span class='ocrx_word' id='word_1_305' title='bbox 1773 3863 1944 3914; x_wconf 83' lang='lat' dir='ltr'><strong>homo</strong></span> 
     </span>
    </p>
   </div>
   <div class='ocr_carea' id='block_1_45' title="bbox 246 3951 1608 4022">
    <p class='ocr_par' dir='ltr' id='par_1_45' title="bbox 246 3951 1608 4022">
     <span class='ocr_line' id='line_1_45' title="bbox 246 3951 1608 4022; baseline -0.001 -18"><span class='ocrx_word' id='word_1_306' title='bbox 246 3956 304 4004; x_wconf 88' lang='lat' dir='ltr'><strong>et</strong></span> <span class='ocrx_word' id='word_1_307' title='bbox 327 3951 536 4020; x_wconf 81' lang='lat' dir='ltr'><strong>duplex</strong></span> <span class='ocrx_word' id='word_1_308' title='bbox 558 3952 642 4005; x_wconf 88' lang='lat' dir='ltr'><strong>vir</strong></span> <span class='ocrx_word' id='word_1_309' title='bbox 673 3968 868 4022; x_wconf 90' lang='lat' dir='ltr'><strong>pacem</strong></span> <span class='ocrx_word' id='word_1_310' title='bbox 891 3956 1273 4022; x_wconf 80' lang='lat' dir='ltr'><strong>consequatur</strong></span> <span class='ocrx_word' id='word_1_311' title='bbox 1299 3951 1608 4019; x_wconf 82' lang='lat' dir='ltr'><strong>duplicem.</strong></span> 
     </span>
    </p>
   </div>
   <div class='ocr_carea' id='block_1_46' title="bbox 325 4038 1942 4108">
    <p class='ocr_par' dir='ltr' id='par_1_46' title="bbox 325 4038 1942 4108">
     <span class='ocr_line' id='line_1_46' title="bbox 325 4038 1942 4108; baseline 0.001 -19"><span class='ocrx_word' id='word_1_312' title='bbox 325 4041 481 4094; x_wconf 73' lang='lat' dir='ltr'><strong>Vens.</strong></span> <span class='ocrx_word' id='word_1_313' title='bbox 531 4044 583 4094; x_wconf 88' lang='lat'><strong>6.</strong></span> <span class='ocrx_word' id='word_1_314' title='bbox 640 4071 709 4080; x_wconf 92' lang='lat'><strong>—</strong></span> <span class='ocrx_word' id='word_1_315' title='bbox 740 4041 1081 4097; x_wconf 86' lang='lat' dir='ltr'><strong>Concutcabit</strong></span> <span class='ocrx_word' id='word_1_316' title='bbox 1136 4055 1253 4092; x_wconf 90' lang='lat' dir='ltr'><strong>eam</strong></span> <span class='ocrx_word' id='word_1_317' title='bbox 1301 4055 1416 4108; x_wconf 86' lang='lat' dir='ltr'><strong>pes,</strong></span> <span class='ocrx_word' id='word_1_318' title='bbox 1471 4048 1575 4091; x_wconf 81' lang='lat' dir='ltr'><strong>etc.</strong></span> <span class='ocrx_word' id='word_1_319' title='bbox 1624 4038 1766 4101; x_wconf 84' lang='lat' dir='ltr'>Quia</span> <span class='ocrx_word' id='word_1_320' title='bbox 1815 4041 1942 4092; x_wconf 86' lang='lat' dir='ltr'><strong>0m-</strong></span> 
     </span>
    </p>
   </div>
   <div class='ocr_carea' id='block_1_47' title="bbox 2067 419 3764 492">
    <p class='ocr_par' dir='ltr' id='par_1_47' title="bbox 2067 419 3764 492">
     <span class='ocr_line' id='line_1_47' title="bbox 2067 419 3764 492; baseline 0.002 -20"><span class='ocrx_word' id='word_1_321' title='bbox 2067 434 2173 472; x_wconf 89' lang='lat' dir='ltr'><strong>non</strong></span> <span class='ocrx_word' id='word_1_322' title='bbox 2212 419 2435 485; x_wconf 85' lang='lat' dir='ltr'><strong>videbit,</strong></span> <span class='ocrx_word' id='word_1_323' title='bbox 2470 420 2630 488; x_wconf 91' lang='lat' dir='ltr'><strong>quasi</strong></span> <span class='ocrx_word' id='word_1_324' title='bbox 2673 420 2923 474; x_wconf 84' lang='lat' dir='ltr'><strong>diceret:</strong></span> <span class='ocrx_word' id='word_1_325' title='bbox 2961 420 3026 473; x_wconf 87' lang='lat' dir='ltr'><strong>ad</strong></span> <span class='ocrx_word' id='word_1_326' title='bbox 3082 436 3310 489; x_wconf 69' lang='lat' dir='ltr'><strong>poenam</strong></span> <span class='ocrx_word' id='word_1_327' title='bbox 3360 420 3590 485; x_wconf 86' lang='lat' dir='ltr'><strong>sufﬁcit,</strong></span> <span class='ocrx_word' id='word_1_328' title='bbox 3631 423 3764 492; x_wconf 90' lang='lat' dir='ltr'><strong>quia</strong></span> 
     </span>
    </p>
   </div>
   <div class='ocr_carea' id='block_1_48' title="bbox 2066 507 3758 578">
    <p class='ocr_par' dir='ltr' id='par_1_48' title="bbox 2066 507 3758 578">
     <span class='ocr_line' id='line_1_48' title="bbox 2066 507 3758 578; baseline 0.003 -20"><span class='ocrx_word' id='word_1_329' title='bbox 2066 522 2182 560; x_wconf 90' lang='lat' dir='ltr'><strong>non</strong></span> <span class='ocrx_word' id='word_1_330' title='bbox 2213 507 2421 561; x_wconf 89' lang='lat' dir='ltr'><strong>videbit</strong></span> <span class='ocrx_word' id='word_1_331' title='bbox 2449 523 2538 561; x_wconf 89' lang='lat' dir='ltr'><strong>me</strong></span> <span class='ocrx_word' id='word_1_332' title='bbox 2578 513 2914 578; x_wconf 85' lang='lat' dir='ltr'><strong>regnantem</strong></span> <span class='ocrx_word' id='word_1_333' title='bbox 2931 508 2990 562; x_wconf 90' lang='lat' dir='ltr'><strong>in</strong></span> <span class='ocrx_word' id='word_1_334' title='bbox 3019 509 3160 562; x_wconf 73' lang='lat' dir='ltr'><strong>coelo</strong></span> <span class='ocrx_word' id='word_1_335' title='bbox 3195 525 3323 562; x_wconf 90' lang='lat' dir='ltr'><strong>cum</strong></span> <span class='ocrx_word' id='word_1_336' title='bbox 3358 509 3563 561; x_wconf 88' lang='lat' dir='ltr'><strong>sanctis</strong></span> <span class='ocrx_word' id='word_1_337' title='bbox 3596 511 3758 563; x_wconf 88' lang='lat' dir='ltr'><strong>meis.</strong></span> 
     </span>
    </p>
   </div>
   <div class='ocr_carea' id='block_1_49' title="bbox 2067 596 3759 666">
    <p class='ocr_par' dir='ltr' id='par_1_49' title="bbox 2067 596 3759 666">
     <span class='ocr_line' id='line_1_49' title="bbox 2067 596 3759 666; baseline 0 -16"><span class='ocrx_word' id='word_1_338' title='bbox 2067 596 2191 650; x_wconf 87' lang='lat' dir='ltr'><strong>LXX</strong></span> <span class='ocrx_word' id='word_1_339' title='bbox 2217 613 2229 650; x_wconf 90' lang='lat'><strong>:</strong></span> <span class='ocrx_word' id='word_1_340' title='bbox 2264 597 2562 662; x_wconf 81' lang='lat' dir='ltr'><strong>Auferetur</strong></span> <span class='ocrx_word' id='word_1_341' title='bbox 2590 599 2812 666; x_wconf 85' lang='lat' dir='ltr'><strong>impius,</strong></span> <span class='ocrx_word' id='word_1_342' title='bbox 2874 602 3056 650; x_wconf 86' lang='lat' dir='ltr'><strong>utnon</strong></span> <span class='ocrx_word' id='word_1_343' title='bbox 3103 596 3289 650; x_wconf 85' lang='lat' dir='ltr'><strong>videat</strong></span> <span class='ocrx_word' id='word_1_344' title='bbox 3317 598 3619 650; x_wconf 84' lang='lat' dir='ltr'><strong>claritatem</strong></span> <span class='ocrx_word' id='word_1_345' title='bbox 3650 600 3759 652; x_wconf 88' lang='lat' dir='ltr'><strong>Dei.</strong></span> 
     </span>
    </p>
   </div>
   <div class='ocr_carea' id='block_1_50' title="bbox 2137 685 3760 752">
    <p class='ocr_par' dir='ltr' id='par_1_50' title="bbox 2137 685 3760 752">
     <span class='ocr_line' id='line_1_50' title="bbox 2137 685 3760 752; baseline 0.003 -17"><span class='ocrx_word' id='word_1_346' title='bbox 2137 685 2301 738; x_wconf 76' lang='lat' dir='ltr'><strong>Vens.</strong></span> <span class='ocrx_word' id='word_1_347' title='bbox 2359 688 2440 738; x_wconf 94' lang='grc'><strong>11.</strong></span> <span class='ocrx_word' id='word_1_348' title='bbox 2493 714 2560 724; x_wconf 90' lang='lat'><strong>--</strong></span> <span class='ocrx_word' id='word_1_349' title='bbox 2610 685 3040 752; x_wconf 64' lang='lat' dir='ltr'><strong>Con/undantia:</strong></span> <span class='ocrx_word' id='word_1_350' title='bbox 3087 687 3338 740; x_wconf 82' lang='lat' dir='ltr'><strong>zelantes.</strong></span> <span class='ocrx_word' id='word_1_351' title='bbox 3403 687 3560 740; x_wconf 84' lang='lat' dir='ltr'><strong>LXX:</strong></span> <span class='ocrx_word' id='word_1_352' title='bbox 3596 687 3760 741; x_wconf 91' lang='lat' dir='ltr'><strong>Zelus</strong></span> 
     </span>
    </p>
   </div>
   <div class='ocr_carea' id='block_1_51' title="bbox 2065 773 3160 842">
    <p class='ocr_par' dir='ltr' id='par_1_51' title="bbox 2065 773 3160 842">
     <span class='ocr_line' id='line_1_51' title="bbox 2065 773 3160 842; baseline 0.005 -20"><span class='ocrx_word' id='word_1_353' title='bbox 2065 773 2454 841; x_wconf 86' lang='lat' dir='ltr'><strong>apprehendet</strong></span> <span class='ocrx_word' id='word_1_354' title='bbox 2477 774 2756 842; x_wconf 87' lang='lat' dir='ltr'><strong>populum</strong></span> <span class='ocrx_word' id='word_1_355' title='bbox 2789 774 3160 828; x_wconf 86' lang='lat' dir='ltr'><strong>ineruditum.</strong></span> 
     </span>
    </p>
   </div>
   <div class='ocr_carea' id='block_1_52' title="bbox 2136 860 3759 933">
    <p class='ocr_par' dir='ltr' id='par_1_52' title="bbox 2136 860 3759 933">
     <span class='ocr_line' id='line_1_52' title="bbox 2136 860 3759 933; baseline 0.004 -23"><span class='ocrx_word' id='word_1_356' title='bbox 2136 860 2292 915; x_wconf 74' lang='lat' dir='ltr'><strong>Vens.</strong></span> <span class='ocrx_word' id='word_1_357' title='bbox 2344 865 2422 914; x_wconf 84' lang='lat' dir='ltr'><strong>l2.</strong></span> <span class='ocrx_word' id='word_1_358' title='bbox 2458 893 2522 900; x_wconf 79' lang='lat'><strong>——</strong></span> <span class='ocrx_word' id='word_1_359' title='bbox 2558 864 2804 928; x_wconf 78' lang='lat' dir='ltr'><strong>Domine,</strong></span> <span class='ocrx_word' id='word_1_360' title='bbox 2835 863 3012 916; x_wconf 88' lang='lat' dir='ltr'><strong>dabis.</strong></span> <span class='ocrx_word' id='word_1_361' title='bbox 3049 863 3174 931; x_wconf 90' lang='grc'><strong>(11).)</strong></span> <span class='ocrx_word' id='word_1_362' title='bbox 3227 864 3550 916; x_wconf 87' lang='lat' dir='ltr'><strong>Notandum</strong></span> <span class='ocrx_word' id='word_1_363' title='bbox 3605 863 3759 933; x_wconf 74' lang='lat' dir='ltr'><strong>quod</strong></span> 
     </span>
    </p>
   </div>
   <div class='ocr_carea' id='block_1_53' title="bbox 2062 950 3754 1020">
    <p class='ocr_par' dir='ltr' id='par_1_53' title="bbox 2062 950 3754 1020">
     <span class='ocr_line' id='line_1_53' title="bbox 2062 950 3754 1020; baseline 0.002 -20"><span class='ocrx_word' id='word_1_364' title='bbox 2062 952 2365 1020; x_wconf 84' lang='lat' dir='ltr'><strong>postquam</strong></span> <span class='ocrx_word' id='word_1_365' title='bbox 2391 966 2566 1019; x_wconf 81' lang='lat' dir='ltr'><strong>opera</strong></span> <span class='ocrx_word' id='word_1_366' title='bbox 2597 955 2784 1002; x_wconf 82' lang='lat' dir='ltr'><strong>nostra</strong></span> <span class='ocrx_word' id='word_1_367' title='bbox 2813 950 3124 1004; x_wconf 85' lang='lat' dir='ltr'><strong>reddiderit</strong></span> <span class='ocrx_word' id='word_1_368' title='bbox 3153 951 3329 1010; x_wconf 87' lang='lat' dir='ltr'><strong>nobis,</strong></span> <span class='ocrx_word' id='word_1_369' title='bbox 3352 966 3547 1020; x_wconf 90' lang='lat' dir='ltr'><strong>pacem</strong></span> <span class='ocrx_word' id='word_1_370' title='bbox 3582 951 3754 1004; x_wconf 91' lang='lat' dir='ltr'><strong>etiam</strong></span> 
     </span>
    </p>
   </div>
   <div class='ocr_carea' id='block_1_54' title="bbox 2063 1037 3756 1109">
    <p class='ocr_par' dir='ltr' id='par_1_54' title="bbox 2063 1037 3756 1109">
     <span class='ocr_line' id='line_1_54' title="bbox 2063 1037 3756 1109; baseline 0.002 -19"><span class='ocrx_word' id='word_1_371' title='bbox 2063 1037 2297 1090; x_wconf 87' lang='lat' dir='ltr'><strong>daturus</strong></span> <span class='ocrx_word' id='word_1_372' title='bbox 2327 1037 2418 1103; x_wconf 83' lang='lat' dir='ltr'><strong>sit,</strong></span> <span class='ocrx_word' id='word_1_373' title='bbox 2453 1043 2510 1092; x_wconf 88' lang='lat' dir='ltr'><strong>et</strong></span> <span class='ocrx_word' id='word_1_374' title='bbox 2557 1039 2707 1109; x_wconf 92' lang='lat' dir='ltr'><strong>quod</strong></span> <span class='ocrx_word' id='word_1_375' title='bbox 2736 1039 2862 1092; x_wconf 93' lang='lat' dir='ltr'><strong>ideo</strong></span> <span class='ocrx_word' id='word_1_376' title='bbox 2891 1039 3185 1107; x_wconf 86' lang='lat' dir='ltr'><strong>postulent</strong></span> <span class='ocrx_word' id='word_1_377' title='bbox 3211 1055 3428 1108; x_wconf 88' lang='lat' dir='ltr'><strong>pacem,</strong></span> <span class='ocrx_word' id='word_1_378' title='bbox 3463 1039 3599 1108; x_wconf 89' lang='lat' dir='ltr'><strong>quia</strong></span> <span class='ocrx_word' id='word_1_379' title='bbox 3625 1056 3756 1109; x_wconf 90' lang='lat' dir='ltr'><strong>ope-</strong></span> 
     </span>
    </p>
   </div>
   <div class='ocr_carea' id='block_1_55' title="bbox 2059 1126 3758 1195">
    <p class='ocr_par' dir='ltr' id='par_1_55' title="bbox 2059 1126 3758 1195">
     <span class='ocr_line' id='line_1_55' title="bbox 2059 1126 3758 1195; baseline 0.003 -18"><span class='ocrx_word' id='word_1_380' title='bbox 2059 1128 2215 1178; x_wconf 89' lang='lat' dir='ltr'><strong>ratus</strong></span> <span class='ocrx_word' id='word_1_381' title='bbox 2255 1126 2326 1178; x_wconf 89' lang='lat' dir='ltr'><strong>sit</strong></span> <span class='ocrx_word' id='word_1_382' title='bbox 2353 1127 2412 1179; x_wconf 90' lang='lat' dir='ltr'><strong>in</strong></span> <span class='ocrx_word' id='word_1_383' title='bbox 2453 1127 2553 1180; x_wconf 87' lang='lat' dir='ltr'><strong>eis.</strong></span> <span class='ocrx_word' id='word_1_384' title='bbox 2603 1127 2823 1193; x_wconf 88' lang='lat' dir='ltr'><strong>Dicunt,</strong></span> <span class='ocrx_word' id='word_1_385' title='bbox 2861 1143 2942 1195; x_wconf 90' lang='lat' dir='ltr'><strong>se,</strong></span> <span class='ocrx_word' id='word_1_386' title='bbox 2991 1127 3204 1181; x_wconf 88' lang='lat' dir='ltr'><strong>scilicet</strong></span> <span class='ocrx_word' id='word_1_387' title='bbox 3233 1132 3541 1195; x_wconf 89' lang='lat' dir='ltr'><strong>tormenta,</strong></span> <span class='ocrx_word' id='word_1_388' title='bbox 3595 1128 3758 1182; x_wconf 85' lang='lat' dir='ltr'><strong>susti-</strong></span> 
     </span>
    </p>
   </div>
   <div class='ocr_carea' id='block_1_56' title="bbox 2060 1213 3468 1286">
    <p class='ocr_par' dir='ltr' id='par_1_56' title="bbox 2060 1213 3468 1286">
     <span class='ocr_line' id='line_1_56' title="bbox 2060 1213 3468 1286; baseline 0.002 -20"><span class='ocrx_word' id='word_1_389' title='bbox 2060 1213 2270 1280; x_wconf 87' lang='lat' dir='ltr'><strong>nuisse,</strong></span> <span class='ocrx_word' id='word_1_390' title='bbox 2305 1219 2364 1267; x_wconf 91' lang='lat' dir='ltr'><strong>ut</strong></span> <span class='ocrx_word' id='word_1_391' title='bbox 2389 1219 2516 1285; x_wconf 89' lang='lat' dir='ltr'><strong>post</strong></span> <span class='ocrx_word' id='word_1_392' title='bbox 2547 1215 2999 1269; x_wconf 86' lang='lat' dir='ltr'><strong>misericordiam</strong></span> <span class='ocrx_word' id='word_1_393' title='bbox 3029 1223 3468 1286; x_wconf 87' lang='lat' dir='ltr'><strong>consequantur.</strong></span> 
     </span>
    </p>
   </div>
   <div class='ocr_carea' id='block_1_57' title="bbox 2129 1303 3751 1373">
    <p class='ocr_par' dir='ltr' id='par_1_57' title="bbox 2129 1303 3751 1373">
     <span class='ocr_line' id='line_1_57' title="bbox 2129 1303 3751 1373; baseline 0.001 -20"><span class='ocrx_word' id='word_1_394' title='bbox 2129 1303 2286 1356; x_wconf 74' lang='lat' dir='ltr'><strong>Vens.</strong></span> <span class='ocrx_word' id='word_1_395' title='bbox 2329 1307 2407 1358; x_wconf 82' lang='grc'><strong>13.</strong></span> <span class='ocrx_word' id='word_1_396' title='bbox 2446 1333 2505 1343; x_wconf 89' lang='lat'><strong>-—</strong></span> <span class='ocrx_word' id='word_1_397' title='bbox 2564 1307 2804 1370; x_wconf 78' lang='lat' dir='ltr'><strong>Domine,</strong></span> <span class='ocrx_word' id='word_1_398' title='bbox 2837 1306 3206 1373; x_wconf 76' lang='lat' dir='ltr'><strong>possederunt.</strong></span> <span class='ocrx_word' id='word_1_399' title='bbox 3256 1307 3379 1372; x_wconf 88' lang='lat' dir='ltr'><strong>(In.)</strong></span> <span class='ocrx_word' id='word_1_400' title='bbox 3433 1307 3751 1369; x_wconf 68' lang='lat' dir='ltr'><strong>Da&gt;mones,</strong></span> 
     </span>
    </p>
   </div>
   <div class='ocr_carea' id='block_1_58' title="bbox 2057 1391 3754 1460">
    <p class='ocr_par' dir='ltr' id='par_1_58' title="bbox 2057 1391 3754 1460">
     <span class='ocr_line' id='line_1_58' title="bbox 2057 1391 3754 1460; baseline 0.003 -18"><span class='ocrx_word' id='word_1_401' title='bbox 2057 1406 2200 1460; x_wconf 86' lang='lat' dir='ltr'><strong>quos</strong></span> <span class='ocrx_word' id='word_1_402' title='bbox 2256 1391 2316 1444; x_wconf 91' lang='lat' dir='ltr'><strong>in</strong></span> <span class='ocrx_word' id='word_1_403' title='bbox 2375 1391 2542 1444; x_wconf 91' lang='lat' dir='ltr'><strong>idolis</strong></span> <span class='ocrx_word' id='word_1_404' title='bbox 2612 1392 2909 1445; x_wconf 89' lang='lat' dir='ltr'><strong>coluimus.</strong></span> <span class='ocrx_word' id='word_1_405' title='bbox 2971 1394 3134 1447; x_wconf 85' lang='lat' dir='ltr'><strong>LXX:</strong></span> <span class='ocrx_word' id='word_1_406' title='bbox 3194 1395 3414 1448; x_wconf 83' lang='lat' dir='ltr'><strong>Domine</strong></span> <span class='ocrx_word' id='word_1_407' title='bbox 3494 1400 3651 1446; x_wconf 69' lang='lat' dir='ltr'><strong>extra</strong></span> <span class='ocrx_word' id='word_1_408' title='bbox 3706 1399 3754 1447; x_wconf 92' lang='lat' dir='ltr'><strong>te</strong></span> 
     </span>
    </p>
   </div>
   <div class='ocr_carea' id='block_1_59' title="bbox 2056 1481 3747 1547">
    <p class='ocr_par' dir='ltr' id='par_1_59' title="bbox 2056 1481 3747 1547">
     <span class='ocr_line' id='line_1_59' title="bbox 2056 1481 3747 1547; baseline 0.001 -15"><span class='ocrx_word' id='word_1_409' title='bbox 2056 1481 2319 1533; x_wconf 84' lang='lat' dir='ltr'><strong>nescimus</strong></span> <span class='ocrx_word' id='word_1_410' title='bbox 2376 1482 2565 1539; x_wconf 87' lang='lat' dir='ltr'><strong>alium.</strong></span> <span class='ocrx_word' id='word_1_411' title='bbox 2643 1497 2755 1534; x_wconf 90' lang='lat' dir='ltr'><strong>non</strong></span> <span class='ocrx_word' id='word_1_412' title='bbox 2815 1481 3069 1534; x_wconf 86' lang='lat' dir='ltr'><strong>absolute</strong></span> <span class='ocrx_word' id='word_1_413' title='bbox 3122 1484 3309 1547; x_wconf 67' lang='lat' dir='ltr'><strong>alium,</strong></span> <span class='ocrx_word' id='word_1_414' title='bbox 3343 1482 3437 1535; x_wconf 89' lang='lat' dir='ltr'><strong>sed</strong></span> <span class='ocrx_word' id='word_1_415' title='bbox 3484 1487 3747 1536; x_wconf 67' lang='lat' dir='ltr'><strong>extrate:</strong></span> 
     </span>
    </p>
   </div>
   <div class='ocr_carea' id='block_1_60' title="bbox 2056 1567 3277 1631">
    <p class='ocr_par' dir='ltr' id='par_1_60' title="bbox 2056 1567 3277 1631">
     <span class='ocr_line' id='line_1_60' title="bbox 2056 1567 3277 1631; baseline 0.002 -10"><span class='ocrx_word' id='word_1_416' title='bbox 2056 1569 2222 1621; x_wconf 88' lang='lat' dir='ltr'><strong>Pater</strong></span> <span class='ocrx_word' id='word_1_417' title='bbox 2243 1567 2396 1621; x_wconf 90' lang='lat' dir='ltr'><strong>enim</strong></span> <span class='ocrx_word' id='word_1_418' title='bbox 2426 1567 2485 1621; x_wconf 91' lang='lat' dir='ltr'><strong>in</strong></span> <span class='ocrx_word' id='word_1_419' title='bbox 2517 1569 2677 1631; x_wconf 81' lang='lat' dir='ltr'><strong>Filio,</strong></span> <span class='ocrx_word' id='word_1_420' title='bbox 2711 1573 2768 1621; x_wconf 88' lang='lat' dir='ltr'><strong>et</strong></span> <span class='ocrx_word' id='word_1_421' title='bbox 2800 1569 2970 1622; x_wconf 84' lang='lat' dir='ltr'><strong>Filius</strong></span> <span class='ocrx_word' id='word_1_422' title='bbox 3003 1570 3060 1622; x_wconf 90' lang='lat' dir='ltr'><strong>in</strong></span> <span class='ocrx_word' id='word_1_423' title='bbox 3093 1571 3277 1623; x_wconf 89' lang='lat' dir='ltr'><strong>Patre.</strong></span> 
     </span>
    </p>
   </div>
   <div class='ocr_carea' id='block_1_61' title="bbox 2132 1657 3750 1728">
    <p class='ocr_par' dir='ltr' id='par_1_61' title="bbox 2132 1657 3750 1728">
     <span class='ocr_line' id='line_1_61' title="bbox 2132 1657 3750 1728; baseline -0.001 -17"><span class='ocrx_word' id='word_1_424' title='bbox 2132 1658 2359 1711; x_wconf 82' lang='lat' dir='ltr'><strong>Tantum</strong></span> <span class='ocrx_word' id='word_1_425' title='bbox 2385 1659 2443 1710; x_wconf 88' lang='lat' dir='ltr'><strong>in</strong></span> <span class='ocrx_word' id='word_1_426' title='bbox 2493 1662 2542 1710; x_wconf 87' lang='lat' dir='ltr'><strong>te</strong></span> <span class='ocrx_word' id='word_1_427' title='bbox 2572 1657 2928 1711; x_wconf 83' lang='lat' dir='ltr'><strong>recordemur.</strong></span> <span class='ocrx_word' id='word_1_428' title='bbox 2963 1659 3086 1726; x_wconf 86' lang='grc'><strong>(11).)</strong></span> <span class='ocrx_word' id='word_1_429' title='bbox 3141 1659 3262 1712; x_wconf 86' lang='lat' dir='ltr'><strong>Non</strong></span> <span class='ocrx_word' id='word_1_430' title='bbox 3295 1657 3450 1711; x_wconf 91' lang='lat' dir='ltr'><strong>aliud</strong></span> <span class='ocrx_word' id='word_1_431' title='bbox 3481 1658 3750 1728; x_wconf 89' lang='lat' dir='ltr'><strong>petimus,</strong></span> 
     </span>
    </p>
   </div>
   <div class='ocr_carea' id='block_1_62' title="bbox 2055 1743 3749 1816">
    <p class='ocr_par' dir='ltr' id='par_1_62' title="bbox 2055 1743 3749 1816">
     <span class='ocr_line' id='line_1_62' title="bbox 2055 1743 3749 1816; baseline 0.002 -20"><span class='ocrx_word' id='word_1_432' title='bbox 2055 1743 2164 1797; x_wconf 92' lang='lat' dir='ltr'><strong>nisi</strong></span> <span class='ocrx_word' id='word_1_433' title='bbox 2194 1749 2258 1798; x_wconf 90' lang='lat' dir='ltr'><strong>ut</strong></span> <span class='ocrx_word' id='word_1_434' title='bbox 2292 1749 2421 1815; x_wconf 85' lang='lat' dir='ltr'><strong>post.</strong></span> <span class='ocrx_word' id='word_1_435' title='bbox 2467 1761 2686 1799; x_wconf 90' lang='lat' dir='ltr'><strong>errores</strong></span> <span class='ocrx_word' id='word_1_436' title='bbox 2719 1744 2879 1816; x_wconf 88' lang='lat' dir='ltr'><strong>digni</strong></span> <span class='ocrx_word' id='word_1_437' title='bbox 2907 1745 3105 1814; x_wconf 86' lang='lat' dir='ltr'><strong>simus,</strong></span> <span class='ocrx_word' id='word_1_438' title='bbox 3142 1747 3240 1816; x_wconf 91' lang='lat' dir='ltr'><strong>qui</strong></span> <span class='ocrx_word' id='word_1_439' title='bbox 3272 1746 3524 1800; x_wconf 90' lang='lat' dir='ltr'><strong>nominis</strong></span> <span class='ocrx_word' id='word_1_440' title='bbox 3553 1746 3637 1800; x_wconf 90' lang='lat' dir='ltr'><strong>tui</strong></span> <span class='ocrx_word' id='word_1_441' title='bbox 3666 1763 3749 1800; x_wconf 88' lang='lat' dir='ltr'><strong>re-</strong></span> 
     </span>
    </p>
   </div>
   <div class='ocr_carea' id='block_1_63' title="bbox 2053 1832 2379 1886">
    <p class='ocr_par' dir='ltr' id='par_1_63' title="bbox 2053 1832 2379 1886">
     <span class='ocr_line' id='line_1_63' title="bbox 2053 1832 2379 1886; baseline -0.003 -1"><span class='ocrx_word' id='word_1_442' title='bbox 2053 1832 2379 1886; x_wconf 89' lang='lat' dir='ltr'><strong>cordemur.</strong></span> 
     </span>
    </p>
   </div>
   <div class='ocr_carea' id='block_1_64' title="bbox 2122 1920 3746 1990">
    <p class='ocr_par' dir='ltr' id='par_1_64' title="bbox 2122 1920 3746 1990">
     <span class='ocr_line' id='line_1_64' title="bbox 2122 1920 3746 1990; baseline 0.001 -15"><span class='ocrx_word' id='word_1_443' title='bbox 2122 1920 2421 1975; x_wconf 82' lang='lat' dir='ltr'><strong>Perdidisti</strong></span> <span class='ocrx_word' id='word_1_444' title='bbox 2453 1937 2674 1975; x_wconf 88' lang='lat' dir='ltr'><strong>omnem.</strong></span> <span class='ocrx_word' id='word_1_445' title='bbox 2737 1923 2865 1990; x_wconf 79' lang='grc'><strong>(11).)</strong></span> <span class='ocrx_word' id='word_1_446' title='bbox 2918 1923 3072 1976; x_wconf 89' lang='lat' dir='ltr'><strong>LXX:</strong></span> <span class='ocrx_word' id='word_1_447' title='bbox 3121 1922 3492 1976; x_wconf 83' lang='lat' dir='ltr'><strong>Masculinum</strong></span> <span class='ocrx_word' id='word_1_448' title='bbox 3528 1939 3746 1989; x_wconf 90' lang='lat' dir='ltr'><strong>eorum,</strong></span> 
     </span>
    </p>
   </div>
   <div class='ocr_carea' id='block_1_65' title="bbox 2052 2009 3749 2079">
    <p class='ocr_par' dir='ltr' id='par_1_65' title="bbox 2052 2009 3749 2079">
     <span class='ocr_line' id='line_1_65' title="bbox 2052 2009 3749 2079; baseline 0.001 -16"><span class='ocrx_word' id='word_1_449' title='bbox 2052 2014 2179 2073; x_wconf 88' lang='lat' dir='ltr'><strong>etc.,</strong></span> <span class='ocrx_word' id='word_1_450' title='bbox 2240 2025 2407 2077; x_wconf 87' lang='lat' dir='ltr'><strong>usque</strong></span> <span class='ocrx_word' id='word_1_451' title='bbox 2450 2009 2524 2062; x_wconf 85' lang='lat' dir='ltr'><strong>ad</strong></span> <span class='ocrx_word' id='word_1_452' title='bbox 2582 2010 2858 2064; x_wconf 88' lang='lat' dir='ltr'><strong>memoria</strong></span> <span class='ocrx_word' id='word_1_453' title='bbox 2913 2011 3289 2064; x_wconf 86' lang='lat' dir='ltr'><strong>masculinum</strong></span> <span class='ocrx_word' id='word_1_454' title='bbox 3343 2011 3749 2079; x_wconf 88' lang='lat' dir='ltr'><strong>interpretatus</strong></span> 
     </span>
    </p>
   </div>
   <div class='ocr_carea' id='block_1_66' title="bbox 2051 2096 3745 2161">
    <p class='ocr_par' dir='ltr' id='par_1_66' title="bbox 2051 2096 3745 2161">
     <span class='ocr_line' id='line_1_66' title="bbox 2051 2096 3745 2161; baseline 0.001 -10"><span class='ocrx_word' id='word_1_455' title='bbox 2051 2101 2134 2152; x_wconf 89' lang='lat' dir='ltr'><strong>est</strong></span> <span class='ocrx_word' id='word_1_456' title='bbox 2191 2103 2391 2150; x_wconf 84' lang='lat' dir='ltr'><strong>contra</strong></span> <span class='ocrx_word' id='word_1_457' title='bbox 2442 2096 2619 2150; x_wconf 90' lang='lat' dir='ltr'><strong>illud:</strong></span> <span class='ocrx_word' id='word_1_458' title='bbox 2665 2099 2839 2152; x_wconf 83' lang='lat' dir='ltr'><strong>Nolite</strong></span> <span class='ocrx_word' id='word_1_459' title='bbox 2867 2114 3068 2161; x_wconf 84' lang='lat' dir='ltr'><strong>errare,</strong></span> <span class='ocrx_word' id='word_1_460' title='bbox 3116 2102 3250 2152; x_wconf 82' lang='lat' dir='ltr'><strong>Deus</strong></span> <span class='ocrx_word' id='word_1_461' title='bbox 3301 2115 3403 2152; x_wconf 88' lang='lat' dir='ltr'><strong>non</strong></span> <span class='ocrx_word' id='word_1_462' title='bbox 3464 2099 3745 2152; x_wconf 82' lang='lat' dir='ltr'><strong>irridetur.</strong></span> 
     </span>
    </p>
   </div>
   <div class='ocr_carea' id='block_1_67' title="bbox 2122 2186 3750 2255">
    <p class='ocr_par' dir='ltr' id='par_1_67' title="bbox 2122 2186 3750 2255">
     <span class='ocr_line' id='line_1_67' title="bbox 2122 2186 3750 2255; baseline -0.001 -15"><span class='ocrx_word' id='word_1_463' title='bbox 2122 2187 2280 2240; x_wconf 75' lang='lat' dir='ltr'><strong>Vens.</strong></span> <span class='ocrx_word' id='word_1_464' title='bbox 2321 2189 2502 2239; x_wconf 82' lang='lat' dir='ltr'><strong>t5.—</strong></span> <span class='ocrx_word' id='word_1_465' title='bbox 2557 2186 2836 2253; x_wconf 81' lang='lat' dir='ltr'><strong>Nunquid,</strong></span> <span class='ocrx_word' id='word_1_466' title='bbox 2894 2186 3019 2239; x_wconf 87' lang='lat' dir='ltr'><strong>Non</strong></span> <span class='ocrx_word' id='word_1_467' title='bbox 3074 2187 3470 2254; x_wconf 65' lang='lat' dir='ltr'><strong>paenitentiam</strong></span> <span class='ocrx_word' id='word_1_468' title='bbox 3524 2187 3660 2255; x_wconf 79' lang='lat' dir='ltr'><strong>egit,</strong></span> <span class='ocrx_word' id='word_1_469' title='bbox 3695 2191 3750 2239; x_wconf 91' lang='lat' dir='ltr'><strong>et</strong></span> 
     </span>
    </p>
   </div>
   <div class='ocr_carea' id='block_1_68' title="bbox 2049 2274 3752 2343">
    <p class='ocr_par' dir='ltr' id='par_1_68' title="bbox 2049 2274 3752 2343">
     <span class='ocr_line' id='line_1_68' title="bbox 2049 2274 3752 2343; baseline 0 -14"><span class='ocrx_word' id='word_1_470' title='bbox 2049 2275 2156 2329; x_wconf 91' lang='lat' dir='ltr'><strong>hoc</strong></span> <span class='ocrx_word' id='word_1_471' title='bbox 2193 2279 2313 2328; x_wconf 91' lang='lat' dir='ltr'><strong>est:</strong></span> <span class='ocrx_word' id='word_1_472' title='bbox 2347 2274 2632 2342; x_wconf 84' lang='lat' dir='ltr'><strong>Nunquid,</strong></span> <span class='ocrx_word' id='word_1_473' title='bbox 2669 2279 2798 2340; x_wconf 91' lang='lat' dir='ltr'><strong>etc.,</strong></span> <span class='ocrx_word' id='word_1_474' title='bbox 2835 2274 2997 2343; x_wconf 89' lang='lat' dir='ltr'><strong>quasi</strong></span> <span class='ocrx_word' id='word_1_475' title='bbox 3051 2275 3300 2328; x_wconf 85' lang='lat' dir='ltr'><strong>diceret:</strong></span> <span class='ocrx_word' id='word_1_476' title='bbox 3353 2275 3634 2328; x_wconf 90' lang='lat' dir='ltr'><strong>Securitas</strong></span> <span class='ocrx_word' id='word_1_477' title='bbox 3661 2291 3752 2329; x_wconf 81' lang='lat' dir='ltr'><strong>ne&#39;</strong></span> 
     </span>
    </p>
   </div>
   <div class='ocr_carea' id='block_1_69' title="bbox 2048 2362 3388 2434">
    <p class='ocr_par' dir='ltr' id='par_1_69' title="bbox 2048 2362 3388 2434">
     <span class='ocr_line' id='line_1_69' title="bbox 2048 2362 3388 2434; baseline 0 -18"><span class='ocrx_word' id='word_1_478' title='bbox 2048 2362 2402 2434; x_wconf 89' lang='lat' dir='ltr'><strong>gligentiam,</strong></span> <span class='ocrx_word' id='word_1_479' title='bbox 2434 2362 2783 2433; x_wconf 85' lang='lat' dir='ltr'><strong>negligentia</strong></span> <span class='ocrx_word' id='word_1_480' title='bbox 2802 2367 3193 2431; x_wconf 88' lang='lat' dir='ltr'><strong>contemptum</strong></span> <span class='ocrx_word' id='word_1_481' title='bbox 3221 2363 3388 2432; x_wconf 88' lang='lat' dir='ltr'><strong>parit.</strong></span> 
     </span>
    </p>
   </div>
   <div class='ocr_carea' id='block_1_70' title="bbox 2119 2450 3747 2520">
    <p class='ocr_par' dir='ltr' id='par_1_70' title="bbox 2119 2450 3747 2520">
     <span class='ocr_line' id='line_1_70' title="bbox 2119 2450 3747 2520; baseline -0.001 -16"><span class='ocrx_word' id='word_1_482' title='bbox 2119 2453 2286 2506; x_wconf 75' lang='lat' dir='ltr'><strong>Vens.</strong></span> <span class='ocrx_word' id='word_1_483' title='bbox 2333 2454 2413 2506; x_wconf 90' lang='lat' dir='ltr'><strong>t8.</strong></span> <span class='ocrx_word' id='word_1_484' title='bbox 2449 2483 2513 2491; x_wconf 94' lang='lat'><strong>——</strong></span> <span class='ocrx_word' id='word_1_485' title='bbox 2546 2453 2623 2505; x_wconf 89' lang='lat' dir='ltr'><strong>Et</strong></span> <span class='ocrx_word' id='word_1_486' title='bbox 2649 2454 2975 2520; x_wconf 84' lang='lat' dir='ltr'><strong>peperimus.</strong></span> <span class='ocrx_word' id='word_1_487' title='bbox 3011 2451 3117 2506; x_wconf 82' lang='lat' dir='ltr'><strong>Alii</strong></span> <span class='ocrx_word' id='word_1_488' title='bbox 3148 2451 3510 2520; x_wconf 83' lang='lat' dir='ltr'><strong>distinguunt</strong></span> <span class='ocrx_word' id='word_1_489' title='bbox 3535 2450 3640 2504; x_wconf 83' lang='lat' dir='ltr'><strong>sic:</strong></span> <span class='ocrx_word' id='word_1_490' title='bbox 3685 2453 3747 2504; x_wconf 86' lang='lat' dir='ltr'><strong>Et</strong></span> 
     </span>
    </p>
   </div>
   <div class='ocr_carea' id='block_1_71' title="bbox 2046 2542 3581 2609">
    <p class='ocr_par' dir='ltr' id='par_1_71' title="bbox 2046 2542 3581 2609">
     <span class='ocr_line' id='line_1_71' title="bbox 2046 2542 3581 2609; baseline -0.001 -15"><span class='ocrx_word' id='word_1_491' title='bbox 2046 2542 2352 2609; x_wconf 80' lang='lat' dir='ltr'><strong>peperimus</strong></span> <span class='ocrx_word' id='word_1_492' title='bbox 2372 2542 2648 2609; x_wconf 81' lang='lat' dir='ltr'><strong>spiritum,</strong></span> <span class='ocrx_word' id='word_1_493' title='bbox 2691 2542 2919 2594; x_wconf 83' lang='lat' dir='ltr'><strong>salutem</strong></span> <span class='ocrx_word' id='word_1_494' title='bbox 2948 2556 3052 2593; x_wconf 89' lang='lat' dir='ltr'><strong>non</strong></span> <span class='ocrx_word' id='word_1_495' title='bbox 3077 2542 3302 2605; x_wconf 80' lang='lat' dir='ltr'><strong>fecimus</strong></span> <span class='ocrx_word' id='word_1_496' title='bbox 3331 2543 3387 2592; x_wconf 90' lang='lat' dir='ltr'><strong>in</strong></span> <span class='ocrx_word' id='word_1_497' title='bbox 3419 2545 3581 2592; x_wconf 85' lang='lat' dir='ltr'><strong>terra.</strong></span> 
     </span>
    </p>
   </div>
   <div class='ocr_carea' id='block_1_72' title="bbox 2119 2628 3748 2696">
    <p class='ocr_par' dir='ltr' id='par_1_72' title="bbox 2119 2628 3748 2696">
     <span class='ocr_line' id='line_1_72' title="bbox 2119 2628 3748 2696; baseline -0.004 -14"><span class='ocrx_word' id='word_1_498' title='bbox 2119 2629 2427 2696; x_wconf 83' lang='lat' dir='ltr'><strong>Spiritum:</strong></span> <span class='ocrx_word' id='word_1_499' title='bbox 2462 2630 2656 2694; x_wconf 86' lang='lat' dir='ltr'><strong>salute,</strong></span> <span class='ocrx_word' id='word_1_500' title='bbox 2693 2633 2794 2682; x_wconf 90' lang='lat' dir='ltr'><strong>etc.</strong></span> <span class='ocrx_word' id='word_1_501' title='bbox 2833 2630 2900 2681; x_wconf 83' lang='lat' dir='ltr'><strong>[,Tt</strong></span> <span class='ocrx_word' id='word_1_502' title='bbox 2932 2634 3049 2682; x_wconf 89' lang='lat' dir='ltr'><strong>toto</strong></span> <span class='ocrx_word' id='word_1_503' title='bbox 3100 2633 3290 2681; x_wconf 82' lang='lat' dir='ltr'><strong>mente</strong></span> <span class='ocrx_word' id='word_1_504' title='bbox 3339 2628 3656 2684; x_wconf 89' lang='lat' dir='ltr'><strong>credamus.</strong></span> <span class='ocrx_word' id='word_1_505' title='bbox 3693 2629 3748 2678; x_wconf 90' lang='lat' dir='ltr'><strong>et</strong></span> 
     </span>
    </p>
   </div>
   <div class='ocr_carea' id='block_1_73' title="bbox 2050 2717 3747 2786">
    <p class='ocr_par' dir='ltr' id='par_1_73' title="bbox 2050 2717 3747 2786">
     <span class='ocr_line' id='line_1_73' title="bbox 2050 2717 3747 2786; baseline -0.003 -16"><span class='ocrx_word' id='word_1_506' title='bbox 2050 2731 2153 2785; x_wconf 90' lang='lat' dir='ltr'><strong>per</strong></span> <span class='ocrx_word' id='word_1_507' title='bbox 2213 2732 2383 2786; x_wconf 90' lang='lat' dir='ltr'><strong>quem</strong></span> <span class='ocrx_word' id='word_1_508' title='bbox 2433 2717 2709 2770; x_wconf 83' lang='lat' dir='ltr'><strong>beneﬁcia</strong></span> <span class='ocrx_word' id='word_1_509' title='bbox 2768 2733 2884 2770; x_wconf 92' lang='lat' dir='ltr'><strong>non</strong></span> <span class='ocrx_word' id='word_1_510' title='bbox 2937 2717 3236 2781; x_wconf 86' lang='lat' dir='ltr'><strong>sensimus,</strong></span> <span class='ocrx_word' id='word_1_511' title='bbox 3290 2733 3393 2785; x_wconf 89' lang='lat' dir='ltr'><strong>per</strong></span> <span class='ocrx_word' id='word_1_512' title='bbox 3465 2718 3747 2769; x_wconf 87' lang='lat' dir='ltr'><strong>tormenta</strong></span> 
     </span>
    </p>
   </div>
   <div class='ocr_carea' id='block_1_74' title="bbox 2050 2801 2356 2857">
    <p class='ocr_par' dir='ltr' id='par_1_74' title="bbox 2050 2801 2356 2857">
     <span class='ocr_line' id='line_1_74' title="bbox 2050 2801 2356 2857; baseline -0.003 0"><span class='ocrx_word' id='word_1_513' title='bbox 2050 2801 2356 2857; x_wconf 90' lang='lat' dir='ltr'><strong>discamus.</strong></span> 
     </span>
    </p>
   </div>
   <div class='ocr_carea' id='block_1_75' title="bbox 2123 2891 3747 2961">
    <p class='ocr_par' dir='ltr' id='par_1_75' title="bbox 2123 2891 3747 2961">
     <span class='ocr_line' id='line_1_75' title="bbox 2123 2891 3747 2961; baseline 0 -19"><span class='ocrx_word' id='word_1_514' title='bbox 2123 2893 2264 2946; x_wconf 83' lang='lat' dir='ltr'><strong>Vens</strong></span> <span class='ocrx_word' id='word_1_515' title='bbox 2350 2894 2438 2946; x_wconf 86' lang='lat' dir='ltr'><strong>2t.</strong></span> <span class='ocrx_word' id='word_1_516' title='bbox 2471 2922 2539 2930; x_wconf 92' lang='lat'>—</span> <span class='ocrx_word' id='word_1_517' title='bbox 2594 2893 2871 2948; x_wconf 77' lang='lat' dir='ltr'><strong>ltevelabit</strong></span> <span class='ocrx_word' id='word_1_518' title='bbox 2929 2897 3090 2946; x_wconf 83' lang='lat' dir='ltr'><strong>terra.</strong></span> <span class='ocrx_word' id='word_1_519' title='bbox 3145 2892 3270 2961; x_wconf 91' lang='grc'><strong>(11).)</strong></span> <span class='ocrx_word' id='word_1_520' title='bbox 3328 2891 3562 2946; x_wconf 89' lang='lat' dir='ltr'><strong>Terreni</strong></span> <span class='ocrx_word' id='word_1_521' title='bbox 3611 2895 3747 2943; x_wconf 89' lang='lat' dir='ltr'><strong>tunc</strong></span> 
     </span>
    </p>
   </div>
   <div class='ocr_carea' id='block_1_76' title="bbox 2055 2979 3746 3051">
    <p class='ocr_par' dir='ltr' id='par_1_76' title="bbox 2055 2979 3746 3051">
     <span class='ocr_line' id='line_1_76' title="bbox 2055 2979 3746 3051; baseline -0.002 -18"><span class='ocrx_word' id='word_1_522' title='bbox 2055 2995 2170 3033; x_wconf 91' lang='lat' dir='ltr'><strong>non</strong></span> <span class='ocrx_word' id='word_1_523' title='bbox 2226 2984 2497 3049; x_wconf 90' lang='lat' dir='ltr'><strong>poterunt</strong></span> <span class='ocrx_word' id='word_1_524' title='bbox 2548 2982 2731 3034; x_wconf 86' lang='lat' dir='ltr'><strong>celare</strong></span> <span class='ocrx_word' id='word_1_525' title='bbox 2789 2997 2932 3051; x_wconf 91' lang='lat' dir='ltr'><strong>quos</strong></span> <span class='ocrx_word' id='word_1_526' title='bbox 3011 2981 3362 3043; x_wconf 87' lang='lat' dir='ltr'><strong>occiderunt,</strong></span> <span class='ocrx_word' id='word_1_527' title='bbox 3421 2979 3555 3050; x_wconf 88' lang='lat' dir='ltr'><strong>quia</strong></span> <span class='ocrx_word' id='word_1_528' title='bbox 3611 2983 3746 3031; x_wconf 91' lang='lat' dir='ltr'><strong>tunc</strong></span> 
     </span>
    </p>
   </div>
   <div class='ocr_carea' id='block_1_77' title="bbox 2054 3066 3743 3138">
    <p class='ocr_par' dir='ltr' id='par_1_77' title="bbox 2054 3066 3743 3138">
     <span class='ocr_line' id='line_1_77' title="bbox 2054 3066 3743 3138; baseline -0.001 -18"><span class='ocrx_word' id='word_1_529' title='bbox 2054 3066 2245 3120; x_wconf 89' lang='lat' dir='ltr'><strong>omnia</strong></span> <span class='ocrx_word' id='word_1_530' title='bbox 2268 3074 2494 3136; x_wconf 88' lang='lat' dir='ltr'><strong>aperta;</strong></span> <span class='ocrx_word' id='word_1_531' title='bbox 2518 3069 2626 3124; x_wconf 90' lang='lat' dir='ltr'><strong>vel.</strong></span> <span class='ocrx_word' id='word_1_532' title='bbox 2650 3072 2797 3120; x_wconf 87' lang='lat' dir='ltr'><strong>terra</strong></span> <span class='ocrx_word' id='word_1_533' title='bbox 2822 3085 2949 3138; x_wconf 77' lang='lat' dir='ltr'><strong>quae</strong></span> <span class='ocrx_word' id='word_1_534' title='bbox 2973 3067 3571 3138; x_wconf 87' lang='lat' dir='ltr'><strong>suscepitsanguinem</strong></span> <span class='ocrx_word' id='word_1_535' title='bbox 3595 3081 3743 3119; x_wconf 89' lang='lat' dir='ltr'><strong>mar-</strong></span> 
     </span>
    </p>
   </div>
   <div class='ocr_carea' id='block_1_78' title="bbox 2053 3157 3740 3228">
    <p class='ocr_par' dir='ltr' id='par_1_78' title="bbox 2053 3157 3740 3228">
     <span class='ocr_line' id='line_1_78' title="bbox 2053 3157 3740 3228; baseline 0 -20"><span class='ocrx_word' id='word_1_536' title='bbox 2053 3160 2243 3226; x_wconf 80' lang='lat' dir='ltr'><strong>tyrum</strong></span> <span class='ocrx_word' id='word_1_537' title='bbox 2273 3163 2328 3210; x_wconf 85' lang='lat' dir='ltr'><strong>et</strong></span> <span class='ocrx_word' id='word_1_538' title='bbox 2357 3157 2603 3226; x_wconf 81' lang='lat' dir='ltr'><strong>operuit,</strong></span> <span class='ocrx_word' id='word_1_539' title='bbox 2635 3161 2768 3209; x_wconf 90' lang='lat' dir='ltr'><strong>tunc</strong></span> <span class='ocrx_word' id='word_1_540' title='bbox 2800 3157 3142 3210; x_wconf 88' lang='lat' dir='ltr'><strong>revelabitur</strong></span> <span class='ocrx_word' id='word_1_541' title='bbox 3168 3157 3398 3228; x_wconf 90' lang='lat' dir='ltr'><strong>quando</strong></span> <span class='ocrx_word' id='word_1_542' title='bbox 3421 3160 3740 3224; x_wconf 83' lang='lat' dir='ltr'><strong>resurgent.</strong></span> 
     </span>
    </p>
   </div>
   <div class='ocr_carea' id='block_1_79' title="bbox 2663 3246 3129 3300">
    <p class='ocr_par' dir='ltr' id='par_1_79' title="bbox 2663 3246 3129 3300">
     <span class='ocr_line' id='line_1_79' title="bbox 2663 3246 3129 3300; baseline 0 -2"><span class='ocrx_word' id='word_1_543' title='bbox 2663 3246 2888 3298; x_wconf 81' lang='lat' dir='ltr'><strong>CAPUT</strong></span> <span class='ocrx_word' id='word_1_544' title='bbox 2927 3246 3129 3300; x_wconf 82' lang='lat' dir='ltr'><strong>XXVII.</strong></span> 
     </span>
    </p>
   </div>
   <div class='ocr_carea' id='block_1_80' title="bbox 2124 3331 3747 3402">
    <p class='ocr_par' dir='ltr' id='par_1_80' title="bbox 2124 3331 3747 3402">
     <span class='ocr_line' id='line_1_80' title="bbox 2124 3331 3747 3402; baseline 0.002 -20"><span class='ocrx_word' id='word_1_545' title='bbox 2124 3333 2282 3386; x_wconf 80' lang='lat' dir='ltr'><strong>Vens.</strong></span> <span class='ocrx_word' id='word_1_546' title='bbox 2321 3335 2372 3385; x_wconf 97' lang='grc'><strong>1.</strong></span> <span class='ocrx_word' id='word_1_547' title='bbox 2403 3361 2471 3371; x_wconf 88' lang='grc'><strong>-</strong></span> <span class='ocrx_word' id='word_1_548' title='bbox 2502 3333 2563 3386; x_wconf 84' lang='lat' dir='ltr'><strong>In</strong></span> <span class='ocrx_word' id='word_1_549' title='bbox 2581 3332 2668 3385; x_wconf 89' lang='lat' dir='ltr'><strong>die</strong></span> <span class='ocrx_word' id='word_1_550' title='bbox 2687 3334 2804 3399; x_wconf 89' lang='lat' dir='ltr'><strong>illa,</strong></span> <span class='ocrx_word' id='word_1_551' title='bbox 2836 3340 2942 3386; x_wconf 88' lang='lat' dir='ltr'><strong>etc.</strong></span> <span class='ocrx_word' id='word_1_552' title='bbox 2977 3335 3102 3402; x_wconf 76' lang='grc'><strong>(11).)</strong></span> <span class='ocrx_word' id='word_1_553' title='bbox 3121 3334 3372 3387; x_wconf 82' lang='lat' dir='ltr'><strong>Tradunt</strong></span> <span class='ocrx_word' id='word_1_554' title='bbox 3394 3331 3615 3386; x_wconf 70' lang='lat' dir='ltr'><strong>Hebraei</strong></span> <span class='ocrx_word' id='word_1_555' title='bbox 3638 3332 3747 3386; x_wconf 88' lang='lat' dir='ltr'><strong>dia-</strong></span> 
     </span>
    </p>
   </div>
   <div class='ocr_carea' id='block_1_81' title="bbox 2053 3421 3741 3490">
    <p class='ocr_par' dir='ltr' id='par_1_81' title="bbox 2053 3421 3741 3490">
     <span class='ocr_line' id='line_1_81' title="bbox 2053 3421 3741 3490; baseline 0.001 -16"><span class='ocrx_word' id='word_1_556' title='bbox 2053 3421 2269 3486; x_wconf 89' lang='lat' dir='ltr'><strong>bolum,</strong></span> <span class='ocrx_word' id='word_1_557' title='bbox 2294 3425 2421 3482; x_wconf 87' lang='lat' dir='ltr'><strong>etc.,</strong></span> <span class='ocrx_word' id='word_1_558' title='bbox 2445 3436 2611 3489; x_wconf 84' lang='lat' dir='ltr'><strong>usque</strong></span> <span class='ocrx_word' id='word_1_559' title='bbox 2637 3421 2710 3472; x_wconf 84' lang='lat' dir='ltr'><strong>ad</strong></span> <span class='ocrx_word' id='word_1_560' title='bbox 2741 3428 2804 3472; x_wconf 89' lang='lat' dir='ltr'><strong>ut</strong></span> <span class='ocrx_word' id='word_1_561' title='bbox 2828 3421 3132 3474; x_wconf 89' lang='lat' dir='ltr'><strong>inducatur</strong></span> <span class='ocrx_word' id='word_1_562' title='bbox 3149 3421 3371 3490; x_wconf 88' lang='lat' dir='ltr'><strong>gladius</strong></span> <span class='ocrx_word' id='word_1_563' title='bbox 3394 3437 3567 3490; x_wconf 88' lang='lat' dir='ltr'><strong>super</strong></span> <span class='ocrx_word' id='word_1_564' title='bbox 3588 3437 3741 3476; x_wconf 90' lang='lat' dir='ltr'><strong>eum.</strong></span> 
     </span>
    </p>
   </div>
   <div class='ocr_carea' id='block_1_82' title="bbox 2130 3508 3746 3578">
    <p class='ocr_par' dir='ltr' id='par_1_82' title="bbox 2130 3508 3746 3578">
     <span class='ocr_line' id='line_1_82' title="bbox 2130 3508 3746 3578; baseline -0.001 -15"><span class='ocrx_word' id='word_1_565' title='bbox 2130 3511 2353 3563; x_wconf 85' lang='lat' dir='ltr'><strong>Vectem.</strong></span> <span class='ocrx_word' id='word_1_566' title='bbox 2388 3510 2594 3578; x_wconf 72' lang='lat' dir='ltr'><strong>(IIIER.)</strong></span> <span class='ocrx_word' id='word_1_567' title='bbox 2641 3510 2790 3563; x_wconf 84' lang='lat' dir='ltr'><strong>LXX:</strong></span> <span class='ocrx_word' id='word_1_568' title='bbox 2845 3510 3186 3578; x_wconf 85' lang='lat' dir='ltr'><strong>Fugitivum.</strong></span> <span class='ocrx_word' id='word_1_569' title='bbox 3247 3511 3402 3562; x_wconf 91' lang='lat' dir='ltr'><strong>Tunc</strong></span> <span class='ocrx_word' id='word_1_570' title='bbox 3459 3508 3612 3562; x_wconf 91' lang='lat' dir='ltr'><strong>enim</strong></span> <span class='ocrx_word' id='word_1_571' title='bbox 3664 3508 3746 3562; x_wconf 85' lang='lat' dir='ltr'><strong>fu-</strong></span> 
     </span>
    </p>
   </div>
   <div class='ocr_carea' id='block_1_83' title="bbox 2052 3596 3746 3667">
    <p class='ocr_par' dir='ltr' id='par_1_83' title="bbox 2052 3596 3746 3667">
     <span class='ocr_line' id='line_1_83' title="bbox 2052 3596 3746 3667; baseline 0 -18"><span class='ocrx_word' id='word_1_572' title='bbox 2052 3597 2186 3667; x_wconf 85' lang='lat' dir='ltr'><strong>giet,</strong></span> <span class='ocrx_word' id='word_1_573' title='bbox 2225 3602 2356 3662; x_wconf 89' lang='lat' dir='ltr'><strong>etc.,</strong></span> <span class='ocrx_word' id='word_1_574' title='bbox 2418 3613 2585 3664; x_wconf 83' lang='lat' dir='ltr'><strong>usque</strong></span> <span class='ocrx_word' id='word_1_575' title='bbox 2640 3598 2713 3650; x_wconf 88' lang='lat' dir='ltr'><strong>ad</strong></span> <span class='ocrx_word' id='word_1_576' title='bbox 2773 3613 3006 3667; x_wconf 84' lang='lat' dir='ltr'><strong>serpens</strong></span> <span class='ocrx_word' id='word_1_577' title='bbox 3054 3603 3263 3659; x_wconf 87' lang='lat' dir='ltr'><strong>autem,</strong></span> <span class='ocrx_word' id='word_1_578' title='bbox 3323 3597 3457 3667; x_wconf 90' lang='lat' dir='ltr'><strong>quia</strong></span> <span class='ocrx_word' id='word_1_579' title='bbox 3514 3596 3746 3650; x_wconf 90' lang='lat' dir='ltr'><strong>insidias</strong></span> 
     </span>
    </p>
   </div>
   <div class='ocr_carea' id='block_1_84' title="bbox 2054 3685 2592 3738">
    <p class='ocr_par' dir='ltr' id='par_1_84' title="bbox 2054 3685 2592 3738">
     <span class='ocr_line' id='line_1_84' title="bbox 2054 3685 2592 3738; baseline 0 -1"><span class='ocrx_word' id='word_1_580' title='bbox 2054 3685 2303 3738; x_wconf 86' lang='lat' dir='ltr'><strong>molliter</strong></span> <span class='ocrx_word' id='word_1_581' title='bbox 2325 3685 2592 3737; x_wconf 78' lang='lat' dir='ltr'><strong>infundit.</strong></span> 
     </span>
    </p>
   </div>
   <div class='ocr_carea' id='block_1_85' title="bbox 2125 3771 3749 3834">
    <p class='ocr_par' dir='ltr' id='par_1_85' title="bbox 2125 3771 3749 3834">
     <span class='ocr_line' id='line_1_85' title="bbox 2125 3771 3749 3834; baseline -0.002 -7"><span class='ocrx_word' id='word_1_582' title='bbox 2125 3774 2326 3827; x_wconf 85' lang='lat' dir='ltr'><strong>Cetum.</strong></span> <span class='ocrx_word' id='word_1_583' title='bbox 2392 3771 2627 3833; x_wconf 66' lang='lat' dir='ltr'><strong>Hebraei,</strong></span> <span class='ocrx_word' id='word_1_584' title='bbox 2666 3774 2916 3834; x_wconf 85' lang='lat' dir='ltr'><strong>Tanniu;</strong></span> <span class='ocrx_word' id='word_1_585' title='bbox 2980 3773 3128 3824; x_wconf 88' lang='lat' dir='ltr'><strong>unde</strong></span> <span class='ocrx_word' id='word_1_586' title='bbox 3173 3772 3389 3825; x_wconf 65' lang='lat' dir='ltr'><strong>Hebraei</strong></span> <span class='ocrx_word' id='word_1_587' title='bbox 3420 3771 3749 3825; x_wconf 85' lang='lat' dir='ltr'><strong>fabulaban-</strong></span> 
     </span>
    </p>
   </div>
   <div class='ocr_carea' id='block_1_86' title="bbox 2056 3859 3748 3924">
    <p class='ocr_par' dir='ltr' id='par_1_86' title="bbox 2056 3859 3748 3924">
     <span class='ocr_line' id='line_1_86' title="bbox 2056 3859 3748 3924; baseline 0 -12"><span class='ocrx_word' id='word_1_588' title='bbox 2056 3865 2150 3913; x_wconf 90' lang='lat' dir='ltr'><strong>tur</strong></span> <span class='ocrx_word' id='word_1_589' title='bbox 2179 3859 2480 3912; x_wconf 75' lang='lat' dir='ltr'><strong>Leviatlian</strong></span> <span class='ocrx_word' id='word_1_590' title='bbox 2540 3859 2798 3912; x_wconf 83' lang='lat' dir='ltr'><strong>habitare</strong></span> <span class='ocrx_word' id='word_1_591' title='bbox 2837 3860 2942 3912; x_wconf 88' lang='lat' dir='ltr'><strong>sub</strong></span> <span class='ocrx_word' id='word_1_592' title='bbox 2974 3866 3123 3912; x_wconf 84' lang='lat' dir='ltr'><strong>terra</strong></span> <span class='ocrx_word' id='word_1_593' title='bbox 3146 3863 3200 3912; x_wconf 89' lang='lat' dir='ltr'><strong>et</strong></span> <span class='ocrx_word' id='word_1_594' title='bbox 3250 3859 3306 3911; x_wconf 90' lang='lat' dir='ltr'><strong>in</strong></span> <span class='ocrx_word' id='word_1_595' title='bbox 3356 3859 3584 3924; x_wconf 68' lang='lat' dir='ltr'><strong>aethere,</strong></span> <span class='ocrx_word' id='word_1_596' title='bbox 3608 3861 3748 3912; x_wconf 89' lang='lat' dir='ltr'><strong>Tan-</strong></span> 
     </span>
    </p>
   </div>
   <div class='ocr_carea' id='block_1_87' title="bbox 2056 3947 2610 4001">
    <p class='ocr_par' dir='ltr' id='par_1_87' title="bbox 2056 3947 2610 4001">
     <span class='ocr_line' id='line_1_87' title="bbox 2056 3947 2610 4001; baseline -0.004 0"><span class='ocrx_word' id='word_1_597' title='bbox 2056 3949 2156 4001; x_wconf 86' lang='lat' dir='ltr'><strong>niu</strong></span> <span class='ocrx_word' id='word_1_598' title='bbox 2188 3963 2318 3999; x_wconf 86' lang='lat' dir='ltr'><strong>vero</strong></span> <span class='ocrx_word' id='word_1_599' title='bbox 2351 3947 2407 3998; x_wconf 92' lang='lat' dir='ltr'><strong>in</strong></span> <span class='ocrx_word' id='word_1_600' title='bbox 2440 3947 2610 3999; x_wconf 83' lang='lat' dir='ltr'><strong>mari.</strong></span> 
     </span>
    </p>
   </div>
   <div class='ocr_carea' id='block_1_88' title="bbox 2128 4033 3749 4099">
    <p class='ocr_par' dir='ltr' id='par_1_88' title="bbox 2128 4033 3749 4099">
     <span class='ocr_line' id='line_1_88' title="bbox 2128 4033 3749 4099; baseline -0.002 -13"><span class='ocrx_word' id='word_1_601' title='bbox 2128 4037 2282 4089; x_wconf 79' lang='lat' dir='ltr'><strong>Vens.</strong></span> <span class='ocrx_word' id='word_1_602' title='bbox 2310 4038 2362 4087; x_wconf 69' lang='lat'><strong>2.</strong></span> <span class='ocrx_word' id='word_1_603' title='bbox 2398 4065 2464 4072; x_wconf 88' lang='lat'><strong>——</strong></span> <span class='ocrx_word' id='word_1_604' title='bbox 2505 4037 2672 4087; x_wconf 84' lang='lat' dir='ltr'><strong>Vinea</strong></span> <span class='ocrx_word' id='word_1_605' title='bbox 2719 4037 2852 4088; x_wconf 86' lang='lat' dir='ltr'><strong>meri</strong></span> <span class='ocrx_word' id='word_1_606' title='bbox 2884 4034 3148 4088; x_wconf 80' lang='lat' dir='ltr'><strong>cantabit.</strong></span> <span class='ocrx_word' id='word_1_607' title='bbox 3191 4034 3290 4086; x_wconf 77' lang='lat' dir='ltr'><strong>Cui</strong></span> <span class='ocrx_word' id='word_1_608' title='bbox 3321 4033 3594 4086; x_wconf 83' lang='lat' dir='ltr'><strong>Jeremias</strong></span> <span class='ocrx_word' id='word_1_609' title='bbox 3623 4047 3749 4099; x_wconf 90' lang='lat' dir='ltr'><strong>pro-</strong></span> 
     </span>
    </p>
   </div>
   <div class='ocr_carea' id='block_1_89' title="bbox 247 4122 3748 4210">
    <p class='ocr_par' dir='ltr' id='par_1_89' title="bbox 247 4122 3748 4210">
     <span class='ocr_line' id='line_1_89' title="bbox 247 4122 3748 4210; baseline -0.003 -28"><span class='ocrx_word' id='word_1_610' title='bbox 247 4130 334 4182; x_wconf 85' lang='lat' dir='ltr'><strong>nis</strong></span> <span class='ocrx_word' id='word_1_611' title='bbox 381 4131 478 4198; x_wconf 87' lang='lat' dir='ltr'><strong>qui</strong></span> <span class='ocrx_word' id='word_1_612' title='bbox 524 4144 580 4182; x_wconf 86' lang='lat' dir='ltr'><strong>se</strong></span> <span class='ocrx_word' id='word_1_613' title='bbox 629 4132 836 4183; x_wconf 66' lang='lat' dir='ltr'><strong>exultat</strong></span> <span class='ocrx_word' id='word_1_614' title='bbox 867 4129 1247 4182; x_wconf 87' lang='lat' dir='ltr'><strong>humiliabitur</strong></span> <span class='ocrx_word' id='word_1_615' title='bbox 1297 4130 1449 4195; x_wconf 84' lang='lat' dir='ltr'><strong>(Luc.</strong></span> <span class='ocrx_word' id='word_1_616' title='bbox 1507 4137 1575 4194; x_wconf 78' lang='grc'><strong>1).</strong></span> <span class='ocrx_word' id='word_1_617' title='bbox 1636 4127 1812 4179; x_wconf 75' lang='lat' dir='ltr'><strong>Etiam</strong></span> <span class='ocrx_word' id='word_1_618' title='bbox 1869 4127 1938 4179; x_wconf 89' lang='lat' dir='ltr'><strong>ad</strong></span> <span class='ocrx_word' id='word_1_619' title='bbox 1976 4159 2016 4210; x_wconf 67' lang='grc' dir='ltr'><strong>ι)</strong></span> <span class='ocrx_word' id='word_1_620' title='bbox 2058 4124 2216 4193; x_wconf 90' lang='lat' dir='ltr'><strong>pinat</strong></span> <span class='ocrx_word' id='word_1_621' title='bbox 2237 4122 2469 4175; x_wconf 88' lang='lat' dir='ltr'><strong>calicem</strong></span> <span class='ocrx_word' id='word_1_622' title='bbox 2507 4123 2978 4176; x_wconf 87' lang='lat' dir='ltr'><strong>meracissimum.</strong></span> <span class='ocrx_word' id='word_1_623' title='bbox 3032 4124 3244 4176; x_wconf 74' lang='lat' dir='ltr'><strong>Merum</strong></span> <span class='ocrx_word' id='word_1_624' title='bbox 3285 4123 3494 4176; x_wconf 72' lang='lat' dir='ltr'><strong>Griece:</strong></span> <span class='ocrx_word' id='word_1_625' title='bbox 3539 4135 3748 4190; x_wconf 87' lang='lat' dir='ltr'><strong>purum</strong></span> 
     </span>
    </p>
   </div>
   <div class='ocr_carea' id='block_1_90' title="bbox 248 4215 1690 4285">
    <p class='ocr_par' dir='ltr' id='par_1_90' title="bbox 248 4215 1690 4285">
     <span class='ocr_line' id='line_1_90' title="bbox 248 4215 1690 4285; baseline 0 -18"><span class='ocrx_word' id='word_1_626' title='bbox 248 4215 561 4268; x_wconf 88' lang='lat' dir='ltr'><strong>contrarias</strong></span> <span class='ocrx_word' id='word_1_627' title='bbox 594 4215 957 4269; x_wconf 84' lang='lat' dir='ltr'><strong>fortitudines</strong></span> <span class='ocrx_word' id='word_1_628' title='bbox 979 4215 1099 4269; x_wconf 69' lang='lat' dir='ltr'><strong>hinc</strong></span> <span class='ocrx_word' id='word_1_629' title='bbox 1128 4215 1340 4270; x_wconf 77' lang='lat' dir='ltr'><strong>referre</strong></span> <span class='ocrx_word' id='word_1_630' title='bbox 1370 4231 1690 4285; x_wconf 86' lang='lat' dir='ltr'><strong>possumus.</strong></span> 
     </span>
    </p>
   </div>
   <div class='ocr_carea' id='block_1_91' title="bbox 321 4303 1951 4374">
    <p class='ocr_par' dir='ltr' id='par_1_91' title="bbox 321 4303 1951 4374">
     <span class='ocr_line' id='line_1_91' title="bbox 321 4303 1951 4374; baseline -0.001 -19"><span class='ocrx_word' id='word_1_631' title='bbox 321 4303 652 4370; x_wconf 86' lang='lat' dir='ltr'><strong>Egenorum.</strong></span> <span class='ocrx_word' id='word_1_632' title='bbox 707 4305 918 4374; x_wconf 64' lang='lat' dir='ltr'><strong>(ﬂiam)</strong></span> <span class='ocrx_word' id='word_1_633' title='bbox 945 4305 1369 4374; x_wconf 81' lang='lat' dir='ltr'><strong>Apostolorum,</strong></span> <span class='ocrx_word' id='word_1_634' title='bbox 1421 4320 1565 4374; x_wconf 88' lang='lat' dir='ltr'><strong>quos</strong></span> <span class='ocrx_word' id='word_1_635' title='bbox 1607 4303 1951 4372; x_wconf 81' lang='lat' dir='ltr'><strong>expulerunt</strong></span> 
     </span>
    </p>
   </div>
   <div class='ocr_carea' id='block_1_92' title="bbox 245 4391 1948 4462">
    <p class='ocr_par' dir='ltr' id='par_1_92' title="bbox 245 4391 1948 4462">
     <span class='ocr_line' id='line_1_92' title="bbox 245 4391 1948 4462; baseline -0.001 -18"><span class='ocrx_word' id='word_1_636' title='bbox 245 4391 429 4446; x_wconf 70' lang='lat' dir='ltr'><strong>Judaei</strong></span> <span class='ocrx_word' id='word_1_637' title='bbox 455 4392 525 4446; x_wconf 90' lang='lat' dir='ltr'><strong>de</strong></span> <span class='ocrx_word' id='word_1_638' title='bbox 553 4392 764 4446; x_wconf 84' lang='lat' dir='ltr'><strong>ﬁnibus</strong></span> <span class='ocrx_word' id='word_1_639' title='bbox 791 4393 928 4458; x_wconf 90' lang='lat' dir='ltr'><strong>suis,</strong></span> <span class='ocrx_word' id='word_1_640' title='bbox 961 4392 1080 4462; x_wconf 85' lang='lat' dir='ltr'><strong>qui,</strong></span> <span class='ocrx_word' id='word_1_641' title='bbox 1137 4392 1360 4445; x_wconf 89' lang='lat' dir='ltr'><strong>Domini</strong></span> <span class='ocrx_word' id='word_1_642' title='bbox 1389 4391 1680 4444; x_wconf 79' lang='lat' dir='ltr'><strong>imitantes</strong></span> <span class='ocrx_word' id='word_1_643' title='bbox 1713 4407 1948 4460; x_wconf 83' lang='lat' dir='ltr'><strong>pauper-</strong></span> 
     </span>
    </p>
   </div>
   <div class='ocr_carea' id='block_1_93' title="bbox 248 4479 1736 4550">
    <p class='ocr_par' dir='ltr' id='par_1_93' title="bbox 248 4479 1736 4550">
     <span class='ocr_line' id='line_1_93' title="bbox 248 4479 1736 4550; baseline 0 -19"><span class='ocrx_word' id='word_1_644' title='bbox 248 4484 425 4532; x_wconf 82' lang='lat' dir='ltr'><strong>tatem</strong></span> <span class='ocrx_word' id='word_1_645' title='bbox 457 4479 819 4550; x_wconf 89' lang='lat' dir='ltr'><strong>privilegium</strong></span> <span class='ocrx_word' id='word_1_646' title='bbox 853 4481 1097 4545; x_wconf 89' lang='lat' dir='ltr'><strong>virtutis,</strong></span> <span class='ocrx_word' id='word_1_647' title='bbox 1129 4480 1250 4547; x_wconf 85' lang='lat' dir='ltr'><strong>ejus</strong></span> <span class='ocrx_word' id='word_1_648' title='bbox 1274 4479 1563 4532; x_wconf 89' lang='lat' dir='ltr'><strong>consecuti</strong></span> <span class='ocrx_word' id='word_1_649' title='bbox 1584 4484 1736 4531; x_wconf 88' lang='lat' dir='ltr'><strong>sunt.</strong></span> 
     </span>
    </p>
   </div>
   <div class='ocr_carea' id='block_1_94' title="bbox 324 4566 1951 4631">
    <p class='ocr_par' dir='ltr' id='par_1_94' title="bbox 324 4566 1951 4631">
     <span class='ocr_line' id='line_1_94' title="bbox 324 4566 1951 4631; baseline 0.001 -15"><span class='ocrx_word' id='word_1_650' title='bbox 324 4567 490 4620; x_wconf 76' lang='lat' dir='ltr'><strong>Vens.</strong></span> <span class='ocrx_word' id='word_1_651' title='bbox 530 4569 579 4620; x_wconf 88' lang='lat'><strong>9.</strong></span> <span class='ocrx_word' id='word_1_652' title='bbox 629 4597 683 4605; x_wconf 90' lang='lat'>—</span> <span class='ocrx_word' id='word_1_653' title='bbox 728 4568 932 4621; x_wconf 87' lang='lat' dir='ltr'><strong>Anima</strong></span> <span class='ocrx_word' id='word_1_654' title='bbox 957 4583 1074 4619; x_wconf 87' lang='lat' dir='ltr'><strong>mea</strong></span> <span class='ocrx_word' id='word_1_655' title='bbox 1103 4567 1454 4631; x_wconf 63' lang='lat' dir='ltr'><strong>desideravit,</strong></span> <span class='ocrx_word' id='word_1_656' title='bbox 1485 4571 1588 4619; x_wconf 90' lang='lat' dir='ltr'><strong>etc.</strong></span> <span class='ocrx_word' id='word_1_657' title='bbox 1623 4566 1746 4619; x_wconf 86' lang='lat' dir='ltr'><strong>Non</strong></span> <span class='ocrx_word' id='word_1_658' title='bbox 1777 4581 1906 4617; x_wconf 90' lang='lat' dir='ltr'><strong>caro</strong></span> <span class='ocrx_word' id='word_1_659' title='bbox 1937 4584 1951 4630; x_wconf 89' lang='lat'><strong>;</strong></span> 
     </span>
    </p>
   </div>
   <div class='ocr_carea' id='block_1_95' title="bbox 253 4652 1946 4721">
    <p class='ocr_par' dir='ltr' id='par_1_95' title="bbox 253 4652 1946 4721">
     <span class='ocr_line' id='line_1_95' title="bbox 253 4652 1946 4721; baseline 0 -17"><span class='ocrx_word' id='word_1_660' title='bbox 253 4653 405 4705; x_wconf 86' lang='lat' dir='ltr'><strong>unde</strong></span> <span class='ocrx_word' id='word_1_661' title='bbox 431 4670 442 4705; x_wconf 93' lang='lat'><strong>:</strong></span> <span class='ocrx_word' id='word_1_662' title='bbox 473 4656 659 4708; x_wconf 74' lang='lat' dir='ltr'><strong>Sitivit</strong></span> <span class='ocrx_word' id='word_1_663' title='bbox 689 4657 876 4706; x_wconf 87' lang='lat' dir='ltr'><strong>anima</strong></span> <span class='ocrx_word' id='word_1_664' title='bbox 905 4669 1021 4706; x_wconf 89' lang='lat' dir='ltr'><strong>mea</strong></span> <span class='ocrx_word' id='word_1_665' title='bbox 1047 4653 1121 4706; x_wconf 85' lang='lat' dir='ltr'><strong>ad</strong></span> <span class='ocrx_word' id='word_1_666' title='bbox 1140 4653 1528 4720; x_wconf 83' lang='lat' dir='ltr'><strong>Deumfontem</strong></span> <span class='ocrx_word' id='word_1_667' title='bbox 1556 4655 1738 4706; x_wconf 83' lang='lat' dir='ltr'><strong>vivum</strong></span> <span class='ocrx_word' id='word_1_668' title='bbox 1769 4652 1946 4721; x_wconf 87' lang='lat' dir='ltr'><strong>(Psal.</strong></span> 
     </span>
    </p>
   </div>
   <div class='ocr_carea' id='block_1_96' title="bbox 251 4742 1756 4811">
    <p class='ocr_par' dir='ltr' id='par_1_96' title="bbox 251 4742 1756 4811">
     <span class='ocr_line' id='line_1_96' title="bbox 251 4742 1756 4811; baseline -0.001 -17"><span class='ocrx_word' id='word_1_669' title='bbox 251 4744 386 4810; x_wconf 79' lang='lat' dir='ltr'><strong>xu).</strong></span> <span class='ocrx_word' id='word_1_670' title='bbox 411 4744 545 4798; x_wconf 88' lang='lat' dir='ltr'><strong>Caro</strong></span> <span class='ocrx_word' id='word_1_671' title='bbox 575 4745 901 4810; x_wconf 86' lang='lat' dir='ltr'><strong>concupiscit</strong></span> <span class='ocrx_word' id='word_1_672' title='bbox 931 4743 1188 4795; x_wconf 76' lang='lat' dir='ltr'><strong>adversus</strong></span> <span class='ocrx_word' id='word_1_673' title='bbox 1213 4743 1468 4810; x_wconf 84' lang='lat' dir='ltr'><strong>spiritum</strong></span> <span class='ocrx_word' id='word_1_674' title='bbox 1501 4742 1648 4811; x_wconf 85' lang='lat' dir='ltr'><strong>(Gal.</strong></span> <span class='ocrx_word' id='word_1_675' title='bbox 1684 4747 1756 4806; x_wconf 72' lang='grc' dir='ltr'><strong>γ).</strong></span> 
     </span>
    </p>
   </div>
   <div class='ocr_carea' id='block_1_97' title="bbox 329 4829 1954 4899">
    <p class='ocr_par' dir='ltr' id='par_1_97' title="bbox 329 4829 1954 4899">
     <span class='ocr_line' id='line_1_97' title="bbox 329 4829 1954 4899; baseline 0.001 -19"><span class='ocrx_word' id='word_1_676' title='bbox 329 4829 487 4882; x_wconf 75' lang='lat' dir='ltr'><strong>Vens.</strong></span> <span class='ocrx_word' id='word_1_677' title='bbox 529 4833 616 4883; x_wconf 89' lang='grc'><strong>10.</strong></span> <span class='ocrx_word' id='word_1_678' title='bbox 673 4860 739 4867; x_wconf 93' lang='lat'><strong>——</strong></span> <span class='ocrx_word' id='word_1_679' title='bbox 793 4832 1171 4884; x_wconf 75' lang='lat' dir='ltr'><strong>Misereamur.</strong></span> <span class='ocrx_word' id='word_1_680' title='bbox 1229 4831 1357 4896; x_wconf 86' lang='lat' dir='ltr'><strong>(ln.)</strong></span> <span class='ocrx_word' id='word_1_681' title='bbox 1402 4829 1677 4884; x_wconf 86' lang='lat' dir='ltr'><strong>Dominus</strong></span> <span class='ocrx_word' id='word_1_682' title='bbox 1707 4829 1778 4882; x_wconf 91' lang='lat' dir='ltr'><strong>ad</strong></span> <span class='ocrx_word' id='word_1_683' title='bbox 1827 4845 1954 4899; x_wconf 89' lang='lat' dir='ltr'><strong>pro-</strong></span> 
     </span>
    </p>
   </div>
   <div class='ocr_carea' id='block_1_98' title="bbox 255 4917 1955 4987">
    <p class='ocr_par' dir='ltr' id='par_1_98' title="bbox 255 4917 1955 4987">
     <span class='ocr_line' id='line_1_98' title="bbox 255 4917 1955 4987; baseline 0.001 -19"><span class='ocrx_word' id='word_1_684' title='bbox 255 4917 486 4986; x_wconf 89' lang='lat' dir='ltr'><strong>phetam</strong></span> <span class='ocrx_word' id='word_1_685' title='bbox 513 4933 526 4970; x_wconf 95' lang='lat'><strong>:</strong></span> <span class='ocrx_word' id='word_1_686' title='bbox 558 4921 645 4971; x_wconf 80' lang='lat' dir='ltr'><strong>An</strong></span> <span class='ocrx_word' id='word_1_687' title='bbox 690 4917 1064 4971; x_wconf 89' lang='lat' dir='ltr'><strong>misereamur</strong></span> <span class='ocrx_word' id='word_1_688' title='bbox 1093 4917 1291 4987; x_wconf 89' lang='lat' dir='ltr'><strong>impio,</strong></span> <span class='ocrx_word' id='word_1_689' title='bbox 1325 4918 1402 4970; x_wconf 88' lang='lat' dir='ltr'><strong>ita</strong></span> <span class='ocrx_word' id='word_1_690' title='bbox 1439 4921 1497 4970; x_wconf 90' lang='lat' dir='ltr'><strong>ut</strong></span> <span class='ocrx_word' id='word_1_691' title='bbox 1522 4917 1716 4982; x_wconf 87' lang='lat' dir='ltr'><strong>discat,</strong></span> <span class='ocrx_word' id='word_1_692' title='bbox 1744 4917 1955 4970; x_wconf 91' lang='lat' dir='ltr'><strong>scilicet</strong></span> 
     </span>
    </p>
   </div>
   <div class='ocr_carea' id='block_1_99' title="bbox 254 5004 1954 5076">
    <p class='ocr_par' dir='ltr' id='par_1_99' title="bbox 254 5004 1954 5076">
     <span class='ocr_line' id='line_1_99' title="bbox 254 5004 1954 5076; baseline 0.001 -19"><span class='ocrx_word' id='word_1_693' title='bbox 254 5005 878 5074; x_wconf 68' lang='lat' dir='ltr'><strong>clementiam‘meam,</strong></span> <span class='ocrx_word' id='word_1_694' title='bbox 932 5007 1068 5059; x_wconf 90' lang='lat' dir='ltr'><strong>dum</strong></span> <span class='ocrx_word' id='word_1_695' title='bbox 1115 5006 1236 5076; x_wconf 90' lang='lat' dir='ltr'><strong>ipse</strong></span> <span class='ocrx_word' id='word_1_696' title='bbox 1293 5006 1586 5060; x_wconf 87' lang='lat' dir='ltr'><strong>salvatur?</strong></span> <span class='ocrx_word' id='word_1_697' title='bbox 1629 5004 1813 5074; x_wconf 89' lang='lat' dir='ltr'><strong>quasi,</strong></span> <span class='ocrx_word' id='word_1_698' title='bbox 1845 5005 1954 5058; x_wconf 84' lang='lat' dir='ltr'><strong>hoc</strong></span> 
     </span>
    </p>
   </div>
   <div class='ocr_carea' id='block_1_100' title="bbox 256 5092 595 5147">
    <p class='ocr_par' dir='ltr' id='par_1_100' title="bbox 256 5092 595 5147">
     <span class='ocr_line' id='line_1_100' title="bbox 256 5092 595 5147; baseline 0.009 -3"><span class='ocrx_word' id='word_1_699' title='bbox 256 5092 461 5144; x_wconf 90' lang='lat' dir='ltr'><strong>melius</strong></span> <span class='ocrx_word' id='word_1_700' title='bbox 491 5098 595 5147; x_wconf 91' lang='lat' dir='ltr'><strong>est.</strong></span> 
     </span>
    </p>
   </div>
   <div class='ocr_carea' id='block_1_101' title="bbox 326 5180 1954 5249">
    <p class='ocr_par' dir='ltr' id='par_1_101' title="bbox 326 5180 1954 5249">
     <span class='ocr_line' id='line_1_101' title="bbox 326 5180 1954 5249; baseline -0.001 -16"><span class='ocrx_word' id='word_1_701' title='bbox 326 5180 405 5234; x_wconf 87' lang='lat' dir='ltr'><strong>Et</strong></span> <span class='ocrx_word' id='word_1_702' title='bbox 426 5197 532 5234; x_wconf 88' lang='lat' dir='ltr'><strong>non</strong></span> <span class='ocrx_word' id='word_1_703' title='bbox 574 5181 742 5235; x_wconf 87' lang='lat' dir='ltr'><strong>discet</strong></span> <span class='ocrx_word' id='word_1_704' title='bbox 791 5183 998 5249; x_wconf 87' lang='lat' dir='ltr'><strong>justus,</strong></span> <span class='ocrx_word' id='word_1_705' title='bbox 1047 5185 1151 5234; x_wconf 90' lang='lat' dir='ltr'><strong>etc.</strong></span> <span class='ocrx_word' id='word_1_706' title='bbox 1187 5181 1356 5245; x_wconf 86' lang='lat' dir='ltr'><strong>Quasi</strong></span> <span class='ocrx_word' id='word_1_707' title='bbox 1387 5180 1626 5233; x_wconf 89' lang='lat' dir='ltr'><strong>diceret:</strong></span> <span class='ocrx_word' id='word_1_708' title='bbox 1662 5180 1954 5243; x_wconf 88' lang='lat' dir='ltr'><strong>Quomodo</strong></span> 
     </span>
    </p>
   </div>
   <div class='ocr_carea' id='block_1_102' title="bbox 255 5268 1952 5339">
    <p class='ocr_par' dir='ltr' id='par_1_102' title="bbox 255 5268 1952 5339">
     <span class='ocr_line' id='line_1_102' title="bbox 255 5268 1952 5339; baseline 0.001 -20"><span class='ocrx_word' id='word_1_709' title='bbox 255 5268 473 5338; x_wconf 89' lang='lat' dir='ltr'><strong>poterit</strong></span> <span class='ocrx_word' id='word_1_710' title='bbox 503 5285 668 5322; x_wconf 90' lang='lat' dir='ltr'><strong>nosse</strong></span> <span class='ocrx_word' id='word_1_711' title='bbox 699 5268 1172 5339; x_wconf 85' lang='lat' dir='ltr'><strong>tuamjustitiam,</strong></span> <span class='ocrx_word' id='word_1_712' title='bbox 1209 5273 1474 5339; x_wconf 88' lang='lat' dir='ltr'><strong>expertus</strong></span> <span class='ocrx_word' id='word_1_713' title='bbox 1504 5274 1661 5322; x_wconf 88' lang='lat' dir='ltr'><strong>tuam</strong></span> <span class='ocrx_word' id='word_1_714' title='bbox 1704 5269 1952 5322; x_wconf 88' lang='lat' dir='ltr'><strong>clemen-</strong></span> 
     </span>
    </p>
   </div>
   <div class='ocr_carea' id='block_1_103' title="bbox 257 5357 446 5408">
    <p class='ocr_par' dir='ltr' id='par_1_103' title="bbox 257 5357 446 5408">
     <span class='ocr_line' id='line_1_103' title="bbox 257 5357 446 5408; baseline 0 0"><span class='ocrx_word' id='word_1_715' title='bbox 257 5357 398 5408; x_wconf 88' lang='lat' dir='ltr'><strong>tiam</strong></span> <span class='ocrx_word' id='word_1_716' title='bbox 417 5357 446 5408; x_wconf 82' lang='lat'><strong>?</strong></span> 
     </span>
    </p>
   </div>
   <div class='ocr_carea' id='block_1_104' title="bbox 335 5444 1954 5516">
    <p class='ocr_par' dir='ltr' id='par_1_104' title="bbox 335 5444 1954 5516">
     <span class='ocr_line' id='line_1_104' title="bbox 335 5444 1954 5516; baseline 0.001 -20"><span class='ocrx_word' id='word_1_717' title='bbox 335 5445 412 5497; x_wconf 86' lang='lat' dir='ltr'><strong>Et</strong></span> <span class='ocrx_word' id='word_1_718' title='bbox 445 5461 548 5498; x_wconf 85' lang='lat' dir='ltr'><strong>non</strong></span> <span class='ocrx_word' id='word_1_719' title='bbox 587 5446 810 5501; x_wconf 82' lang='lat' dir='ltr'><strong>videbit.</strong></span> <span class='ocrx_word' id='word_1_720' title='bbox 847 5445 1122 5500; x_wconf 82' lang='lat' dir='ltr'><strong>Dominus</strong></span> <span class='ocrx_word' id='word_1_721' title='bbox 1153 5445 1220 5499; x_wconf 90' lang='lat' dir='ltr'><strong>ad</strong></span> <span class='ocrx_word' id='word_1_722' title='bbox 1255 5445 1615 5516; x_wconf 86' lang='lat' dir='ltr'><strong>prophetam,</strong></span> <span class='ocrx_word' id='word_1_723' title='bbox 1647 5444 1807 5515; x_wconf 86' lang='lat' dir='ltr'><strong>quasi</strong></span> <span class='ocrx_word' id='word_1_724' title='bbox 1841 5462 1954 5498; x_wconf 87' lang='lat' dir='ltr'><strong>me-</strong></span> 
     </span>
    </p>
   </div>
   <div class='ocr_carea' id='block_1_105' title="bbox 2063 4212 2280 4267">
    <p class='ocr_par' dir='ltr' id='par_1_105' title="bbox 2063 4212 2280 4267">
     <span class='ocr_line' id='line_1_105' title="bbox 2063 4212 2280 4267; baseline -0.005 0"><span class='ocrx_word' id='word_1_725' title='bbox 2063 4212 2280 4267; x_wconf 88' lang='lat' dir='ltr'><strong>Latine.</strong></span> 
     </span>
    </p>
   </div>
   <div class='ocr_carea' id='block_1_106' title="bbox 2131 4298 3746 4368">
    <p class='ocr_par' dir='ltr' id='par_1_106' title="bbox 2131 4298 3746 4368">
     <span class='ocr_line' id='line_1_106' title="bbox 2131 4298 3746 4368; baseline -0.001 -17"><span class='ocrx_word' id='word_1_726' title='bbox 2131 4301 2290 4352; x_wconf 74' lang='lat' dir='ltr'><strong>Vnns.</strong></span> <span class='ocrx_word' id='word_1_727' title='bbox 2349 4303 2399 4352; x_wconf 78' lang='grc'><strong>5.</strong></span> <span class='ocrx_word' id='word_1_728' title='bbox 2432 4331 2497 4338; x_wconf 90' lang='lat'>——</span> <span class='ocrx_word' id='word_1_729' title='bbox 2565 4300 2905 4368; x_wconf 75' lang='lat' dir='ltr'><strong>Anpatius?</strong></span> <span class='ocrx_word' id='word_1_730' title='bbox 2956 4301 3069 4354; x_wconf 82' lang='lat' dir='ltr'><strong>Vox</strong></span> <span class='ocrx_word' id='word_1_731' title='bbox 3129 4300 3307 4353; x_wconf 82' lang='lat' dir='ltr'><strong>Patris</strong></span> <span class='ocrx_word' id='word_1_732' title='bbox 3357 4298 3746 4360; x_wconf 80' lang='lat' dir='ltr'><strong>deliberative,</strong></span> 
     </span>
    </p>
   </div>
   <div class='ocr_carea' id='block_1_107' title="bbox 2059 4385 3747 4457">
    <p class='ocr_par' dir='ltr' id='par_1_107' title="bbox 2059 4385 3747 4457">
     <span class='ocr_line' id='line_1_107' title="bbox 2059 4385 3747 4457; baseline -0.002 -17"><span class='ocrx_word' id='word_1_733' title='bbox 2059 4393 2189 4452; x_wconf 91' lang='lat' dir='ltr'><strong>etc.,</strong></span> <span class='ocrx_word' id='word_1_734' title='bbox 2215 4403 2383 4456; x_wconf 87' lang='lat' dir='ltr'><strong>usque</strong></span> <span class='ocrx_word' id='word_1_735' title='bbox 2429 4388 2502 4441; x_wconf 88' lang='lat' dir='ltr'><strong>ad</strong></span> <span class='ocrx_word' id='word_1_736' title='bbox 2533 4388 2627 4457; x_wconf 90' lang='lat' dir='ltr'><strong>qui</strong></span> <span class='ocrx_word' id='word_1_737' title='bbox 2678 4405 2791 4441; x_wconf 89' lang='lat' dir='ltr'><strong>non</strong></span> <span class='ocrx_word' id='word_1_738' title='bbox 2817 4391 2950 4441; x_wconf 91' lang='lat' dir='ltr'><strong>sunt</strong></span> <span class='ocrx_word' id='word_1_739' title='bbox 2999 4388 3194 4442; x_wconf 87' lang='lat' dir='ltr'><strong>salvati</strong></span> <span class='ocrx_word' id='word_1_740' title='bbox 3225 4387 3560 4440; x_wconf 89' lang='lat' dir='ltr'><strong>auctoritate</strong></span> <span class='ocrx_word' id='word_1_741' title='bbox 3588 4385 3747 4453; x_wconf 83' lang='lat' dir='ltr'><strong>legis.</strong></span> 
     </span>
    </p>
   </div>
   <div class='ocr_carea' id='block_1_108' title="bbox 2133 4475 3753 4546">
    <p class='ocr_par' dir='ltr' id='par_1_108' title="bbox 2133 4475 3753 4546">
     <span class='ocr_line' id='line_1_108' title="bbox 2133 4475 3753 4546; baseline -0.001 -20"><span class='ocrx_word' id='word_1_742' title='bbox 2133 4477 2287 4528; x_wconf 72' lang='lat' dir='ltr'><strong>Vens.</strong></span> <span class='ocrx_word' id='word_1_743' title='bbox 2323 4478 2374 4527; x_wconf 83' lang='lat'><strong>6.</strong></span> <span class='ocrx_word' id='word_1_744' title='bbox 2400 4506 2466 4515; x_wconf 92' lang='lat'><strong>—-</strong></span> <span class='ocrx_word' id='word_1_745' title='bbox 2489 4478 2673 4541; x_wconf 80' lang='lat' dir='ltr'><strong>Israel,</strong></span> <span class='ocrx_word' id='word_1_746' title='bbox 2711 4476 2765 4529; x_wconf 88' lang='lat' dir='ltr'><strong>id</strong></span> <span class='ocrx_word' id='word_1_747' title='bbox 2802 4478 3146 4546; x_wconf 77' lang='lat' dir='ltr'><strong>estpopulus</strong></span> <span class='ocrx_word' id='word_1_748' title='bbox 3173 4475 3499 4529; x_wconf 66' lang='lat' dir='ltr'><strong>Judaaorum</strong></span> <span class='ocrx_word' id='word_1_749' title='bbox 3523 4488 3753 4527; x_wconf 80' lang='lat' dir='ltr'><strong>conver-</strong></span> 
     </span>
    </p>
   </div>
   <div class='ocr_carea' id='block_1_109' title="bbox 2062 4561 3750 4622">
    <p class='ocr_par' dir='ltr' id='par_1_109' title="bbox 2062 4561 3750 4622">
     <span class='ocr_line' id='line_1_109' title="bbox 2062 4561 3750 4622; baseline -0.001 -7"><span class='ocrx_word' id='word_1_750' title='bbox 2062 4579 2175 4622; x_wconf 88' lang='lat' dir='ltr'><strong>sus,</strong></span> <span class='ocrx_word' id='word_1_751' title='bbox 2211 4562 2408 4616; x_wconf 86' lang='lat' dir='ltr'><strong>videns</strong></span> <span class='ocrx_word' id='word_1_752' title='bbox 2427 4563 2687 4617; x_wconf 90' lang='lat' dir='ltr'><strong>doctrina</strong></span> <span class='ocrx_word' id='word_1_753' title='bbox 2721 4565 2970 4617; x_wconf 88' lang='lat' dir='ltr'><strong>ﬁliorum</strong></span> <span class='ocrx_word' id='word_1_754' title='bbox 2991 4580 3222 4617; x_wconf 91' lang='lat' dir='ltr'><strong>suorum</strong></span> <span class='ocrx_word' id='word_1_755' title='bbox 3250 4563 3441 4616; x_wconf 88' lang='lat' dir='ltr'><strong>orbem</strong></span> <span class='ocrx_word' id='word_1_756' title='bbox 3470 4561 3750 4616; x_wconf 86' lang='lat' dir='ltr'><strong>tloniisse.</strong></span> 
     </span>
    </p>
   </div>
   <div class='ocr_carea' id='block_1_110' title="bbox 2133 4650 3750 4715">
    <p class='ocr_par' dir='ltr' id='par_1_110' title="bbox 2133 4650 3750 4715">
     <span class='ocr_line' id='line_1_110' title="bbox 2133 4650 3750 4715; baseline -0.001 -12"><span class='ocrx_word' id='word_1_757' title='bbox 2133 4653 2290 4705; x_wconf 78' lang='lat' dir='ltr'><strong>Vens.</strong></span> <span class='ocrx_word' id='word_1_758' title='bbox 2344 4656 2395 4704; x_wconf 87' lang='lat'><strong>9.</strong></span> <span class='ocrx_word' id='word_1_759' title='bbox 2456 4681 2521 4692; x_wconf 90' lang='grc'><strong>--</strong></span> <span class='ocrx_word' id='word_1_760' title='bbox 2582 4653 2806 4706; x_wconf 85' lang='lat' dir='ltr'><strong>Idcirco.</strong></span> <span class='ocrx_word' id='word_1_761' title='bbox 2860 4651 3030 4715; x_wconf 82' lang='lat' dir='ltr'><strong>Quasi</strong></span> <span class='ocrx_word' id='word_1_762' title='bbox 3080 4653 3328 4706; x_wconf 85' lang='lat' dir='ltr'><strong>diceret:</strong></span> <span class='ocrx_word' id='word_1_763' title='bbox 3381 4651 3505 4705; x_wconf 85' lang='lat' dir='ltr'><strong>Ideo</strong></span> <span class='ocrx_word' id='word_1_764' title='bbox 3561 4650 3750 4703; x_wconf 84' lang='lat' dir='ltr'><strong>dimit-</strong></span> 
     </span>
    </p>
   </div>
   <div class='ocr_carea' id='block_1_111' title="bbox 2061 4741 3756 4809">
    <p class='ocr_par' dir='ltr' id='par_1_111' title="bbox 2061 4741 3756 4809">
     <span class='ocr_line' id='line_1_111' title="bbox 2061 4741 3756 4809; baseline -0.002 -16"><span class='ocrx_word' id='word_1_765' title='bbox 2061 4744 2204 4793; x_wconf 83' lang='lat' dir='ltr'><strong>tetur</strong></span> <span class='ocrx_word' id='word_1_766' title='bbox 2249 4741 2510 4806; x_wconf 75' lang='lat' dir='ltr'><strong>iniquitas</strong></span> <span class='ocrx_word' id='word_1_767' title='bbox 2542 4741 2728 4794; x_wconf 81' lang='lat' dir='ltr'><strong>domui</strong></span> <span class='ocrx_word' id='word_1_768' title='bbox 2772 4741 2969 4794; x_wconf 83' lang='lat' dir='ltr'><strong>Jacob:</strong></span> <span class='ocrx_word' id='word_1_769' title='bbox 3008 4746 3062 4794; x_wconf 90' lang='lat' dir='ltr'><strong>et</strong></span> <span class='ocrx_word' id='word_1_770' title='bbox 3119 4746 3326 4794; x_wconf 68' lang='lat' dir='ltr'><strong>caetera</strong></span> <span class='ocrx_word' id='word_1_771' title='bbox 3369 4743 3600 4809; x_wconf 89' lang='lat' dir='ltr'><strong>propter</strong></span> <span class='ocrx_word' id='word_1_772' title='bbox 3640 4755 3756 4802; x_wconf 43' lang='lat' dir='ltr'><strong>me:</strong></span> 
     </span>
    </p>
   </div>
   <div class='ocr_carea' id='block_1_112' title="bbox 2064 4827 3752 4899">
    <p class='ocr_par' dir='ltr' id='par_1_112' title="bbox 2064 4827 3752 4899">
     <span class='ocr_line' id='line_1_112' title="bbox 2064 4827 3752 4899; baseline -0.001 -19"><span class='ocrx_word' id='word_1_773' title='bbox 2064 4827 2169 4880; x_wconf 89' lang='lat' dir='ltr'><strong>rita</strong></span> <span class='ocrx_word' id='word_1_774' title='bbox 2199 4827 2413 4880; x_wconf 92' lang='lat' dir='ltr'><strong>scilicet</strong></span> <span class='ocrx_word' id='word_1_775' title='bbox 2454 4830 2868 4898; x_wconf 88' lang='lat' dir='ltr'><strong>apostolorum,</strong></span> <span class='ocrx_word' id='word_1_776' title='bbox 2899 4828 2996 4899; x_wconf 90' lang='lat' dir='ltr'><strong>qui</strong></span> <span class='ocrx_word' id='word_1_777' title='bbox 3027 4845 3126 4899; x_wconf 90' lang='lat' dir='ltr'><strong>per</strong></span> <span class='ocrx_word' id='word_1_778' title='bbox 3154 4827 3435 4882; x_wconf 91' lang='lat' dir='ltr'><strong>mundum</strong></span> <span class='ocrx_word' id='word_1_779' title='bbox 3465 4827 3752 4881; x_wconf 88' lang='lat' dir='ltr'><strong>idolorum</strong></span> 
     </span>
    </p>
   </div>
   <div class='ocr_carea' id='block_1_113' title="bbox 2062 4915 2775 4969">
    <p class='ocr_par' dir='ltr' id='par_1_113' title="bbox 2062 4915 2775 4969">
     <span class='ocr_line' id='line_1_113' title="bbox 2062 4915 2775 4969; baseline 0 -2"><span class='ocrx_word' id='word_1_780' title='bbox 2062 4915 2260 4968; x_wconf 90' lang='lat' dir='ltr'><strong>altaria</strong></span> <span class='ocrx_word' id='word_1_781' title='bbox 2293 4915 2775 4969; x_wconf 90' lang='lat' dir='ltr'><strong>comminuerunt.</strong></span> 
     </span>
    </p>
   </div>
   <div class='ocr_carea' id='block_1_114' title="bbox 2137 5001 3758 5074">
    <p class='ocr_par' dir='ltr' id='par_1_114' title="bbox 2137 5001 3758 5074">
     <span class='ocr_line' id='line_1_114' title="bbox 2137 5001 3758 5074; baseline 0 -20"><span class='ocrx_word' id='word_1_782' title='bbox 2137 5005 2292 5056; x_wconf 75' lang='lat' dir='ltr'><strong>Vens.</strong></span> <span class='ocrx_word' id='word_1_783' title='bbox 2353 5007 2434 5056; x_wconf 90' lang='lat' dir='ltr'><strong>tl.</strong></span> <span class='ocrx_word' id='word_1_784' title='bbox 2476 5033 2541 5044; x_wconf 89' lang='lat'>—</span> <span class='ocrx_word' id='word_1_785' title='bbox 2581 5006 2957 5058; x_wconf 83' lang='lat' dir='ltr'><strong>Conterentur.</strong></span> <span class='ocrx_word' id='word_1_786' title='bbox 3019 5005 3146 5074; x_wconf 67' lang='lat'><strong>(10.)</strong></span> <span class='ocrx_word' id='word_1_787' title='bbox 3182 5003 3338 5058; x_wconf 91' lang='lat' dir='ltr'><strong>Sicut</strong></span> <span class='ocrx_word' id='word_1_788' title='bbox 3392 5002 3635 5056; x_wconf 85' lang='lat' dir='ltr'><strong>Delbora</strong></span> <span class='ocrx_word' id='word_1_789' title='bbox 3685 5001 3758 5067; x_wconf 38' lang='lat' dir='ltr'><strong>ad,</strong></span> 
     </span>
    </p>
   </div>
   <div class='ocr_carea' id='block_1_115' title="bbox 2064 5090 3757 5162">
    <p class='ocr_par' dir='ltr' id='par_1_115' title="bbox 2064 5090 3757 5162">
     <span class='ocr_line' id='line_1_115' title="bbox 2064 5090 3757 5162; baseline -0.001 -20"><span class='ocrx_word' id='word_1_790' title='bbox 2064 5091 2273 5144; x_wconf 78' lang='lat' dir='ltr'><strong>bellum</strong></span> <span class='ocrx_word' id='word_1_791' title='bbox 2308 5091 2410 5144; x_wconf 88' lang='lat' dir='ltr'><strong>ivit</strong></span> <span class='ocrx_word' id='word_1_792' title='bbox 2439 5097 2493 5144; x_wconf 92' lang='lat' dir='ltr'><strong>et</strong></span> <span class='ocrx_word' id='word_1_793' title='bbox 2521 5093 2797 5162; x_wconf 89' lang='lat' dir='ltr'><strong>populum</strong></span> <span class='ocrx_word' id='word_1_794' title='bbox 2820 5093 2890 5146; x_wconf 89' lang='lat' dir='ltr'><strong>ad</strong></span> <span class='ocrx_word' id='word_1_795' title='bbox 2915 5091 3292 5162; x_wconf 88' lang='lat' dir='ltr'><strong>ignominiam</strong></span> <span class='ocrx_word' id='word_1_796' title='bbox 3314 5091 3648 5160; x_wconf 41' lang='lat' dir='ltr'><strong>.Judazorum</strong></span> <span class='ocrx_word' id='word_1_797' title='bbox 3667 5090 3757 5158; x_wconf 86' lang='lat' dir='ltr'><strong>ju—</strong></span> 
     </span>
    </p>
   </div>
   <div class='ocr_carea' id='block_1_116' title="bbox 2065 5177 3758 5249">
    <p class='ocr_par' dir='ltr' id='par_1_116' title="bbox 2065 5177 3758 5249">
     <span class='ocr_line' id='line_1_116' title="bbox 2065 5177 3758 5249; baseline -0.001 -17"><span class='ocrx_word' id='word_1_798' title='bbox 2065 5179 2306 5244; x_wconf 89' lang='lat' dir='ltr'><strong>dicavit;</strong></span> <span class='ocrx_word' id='word_1_799' title='bbox 2350 5184 2405 5232; x_wconf 92' lang='lat' dir='ltr'><strong>et</strong></span> <span class='ocrx_word' id='word_1_800' title='bbox 2433 5179 2768 5233; x_wconf 91' lang='lat' dir='ltr'><strong>imminente</strong></span> <span class='ocrx_word' id='word_1_801' title='bbox 2800 5181 3196 5235; x_wconf 66' lang='lat' dir='ltr'><strong>Chaldaeorum</strong></span> <span class='ocrx_word' id='word_1_802' title='bbox 3243 5179 3587 5249; x_wconf 83' lang='lat' dir='ltr'><strong>captivitate,</strong></span> <span class='ocrx_word' id='word_1_803' title='bbox 3623 5177 3758 5230; x_wconf 89' lang='lat' dir='ltr'><strong>viris</strong></span> 
     </span>
    </p>
   </div>
   <div class='ocr_carea' id='block_1_117' title="bbox 2063 5269 3756 5344">
    <p class='ocr_par' dir='ltr' id='par_1_117' title="bbox 2063 5269 3756 5344">
     <span class='ocr_line' id='line_1_117' title="bbox 2063 5269 3756 5344; baseline -0.002 -19"><span class='ocrx_word' id='word_1_804' title='bbox 2063 5272 2381 5325; x_wconf 90' lang='lat' dir='ltr'><strong>tacentibus</strong></span> <span class='ocrx_word' id='word_1_805' title='bbox 2413 5273 2550 5327; x_wconf 91' lang='lat' dir='ltr'><strong>Olda</strong></span> <span class='ocrx_word' id='word_1_806' title='bbox 2590 5273 2990 5344; x_wconf 88' lang='lat' dir='ltr'><strong>prophetavit:</strong></span> <span class='ocrx_word' id='word_1_807' title='bbox 3024 5273 3100 5325; x_wconf 91' lang='lat' dir='ltr'><strong>sic</strong></span> <span class='ocrx_word' id='word_1_808' title='bbox 3155 5271 3492 5324; x_wconf 87' lang='lat' dir='ltr'><strong>imminente</strong></span> <span class='ocrx_word' id='word_1_809' title='bbox 3521 5269 3756 5340; x_wconf 81' lang='lat' dir='ltr'><strong>captivi-</strong></span> 
     </span>
    </p>
   </div>
   <div class='ocr_carea' id='block_1_118' title="bbox 2063 5357 3759 5427">
    <p class='ocr_par' dir='ltr' id='par_1_118' title="bbox 2063 5357 3759 5427">
     <span class='ocr_line' id='line_1_118' title="bbox 2063 5357 3759 5427; baseline -0.001 -16"><span class='ocrx_word' id='word_1_810' title='bbox 2063 5363 2177 5412; x_wconf 86' lang='lat' dir='ltr'><strong>tate</strong></span> <span class='ocrx_word' id='word_1_811' title='bbox 2209 5359 2626 5427; x_wconf 86' lang='lat' dir='ltr'><strong>Romanorum,</strong></span> <span class='ocrx_word' id='word_1_812' title='bbox 2657 5359 2961 5414; x_wconf 84' lang='lat' dir='ltr'><strong>veniebant</strong></span> <span class='ocrx_word' id='word_1_813' title='bbox 3021 5360 3164 5414; x_wconf 86' lang='lat' dir='ltr'><strong>forte</strong></span> <span class='ocrx_word' id='word_1_814' title='bbox 3197 5357 3468 5413; x_wconf 87' lang='lat' dir='ltr'><strong>mulieres</strong></span> <span class='ocrx_word' id='word_1_815' title='bbox 3498 5362 3555 5412; x_wconf 89' lang='lat' dir='ltr'><strong>et</strong></span> <span class='ocrx_word' id='word_1_816' title='bbox 3596 5357 3759 5411; x_wconf 84' lang='lat' dir='ltr'><strong>doce-</strong></span> 
     </span>
    </p>
   </div>
   <div class='ocr_carea' id='block_1_119' title="bbox 2067 5448 2358 5502">
    <p class='ocr_par' dir='ltr' id='par_1_119' title="bbox 2067 5448 2358 5502">
     <span class='ocr_line' id='line_1_119' title="bbox 2067 5448 2358 5502; baseline 0.003 -3"><span class='ocrx_word' id='word_1_817' title='bbox 2067 5448 2205 5500; x_wconf 84' lang='lat' dir='ltr'><strong>bant</strong></span> <span class='ocrx_word' id='word_1_818' title='bbox 2244 5462 2358 5502; x_wconf 80' lang='lat' dir='ltr'><strong>eas.</strong></span> 
     </span>
    </p>
   </div>
  </div>
