4018 6176
291 267 415 318 1271

931 262 1321 317 WALAFRIDI
1360 261 1605 316 STRABI
1646 259 1845 314 Fl'LD.
1890 259 2004 314 MOI

2191 262 2246 315 P.
2296 261 2470 316 PARS
2507 261 2548 314 Ι.
2590 288 2662 300 -
2699 259 3152 318 THEOLOGICA.

3659 267 3799 319 I272

355 386 624 440 Mulieres.
660 386 902 440 Diversae
958 385 1272 456 Synagoga:
1295 403 1310 450 ;
1333 383 1422 438 vel
1453 387 1650 453 aperte
1688 381 1976 449 mulieres,
2013 391 2052 442 A
2093 385 2270 440 ricors
2298 385 2444 440 Deus
2467 401 2648 456 genus
2676 384 3018 450 humanum,
3051 389 3114 439 ut
3136 385 3384 441 fructum
3425 387 3563 443 boni
3605 390 3804 459 operis

288 490 418 546 quae
448 474 676 528 nudatis
707 473 1029 544 pectoribus
1044 473 1453 542 sanguinantes
1481 471 1697 526 feriunt
1725 473 1984 526 lacertos.

361 566 610 618 Docentes
639 579 774 616 eam.
821 561 1020 632 (11mm)
1070 562 1271 630 Magna
1319 559 1620 614 infelicitas
1675 559 1875 630 populi
1931 567 1990 615 et

294 651 683 723 reprehensio,
735 667 768 703 a
853 650 1193 704 mulieribus
1251 650 1680 704 lamentationis
1729 649 1987 704 carmina

296 741 534 796 discere.
582 725 585 728 I

367 831 524 882 Vens.
578 831 659 880 12.
725 857 778 865 —-
827 827 918 879 Ab
977 829 1145 880 alveo.
1178 828 1331 882 LXX:
1368 825 1440 880 ab
1499 825 1802 897 Euphrate,
1861 829 1990 892 etc.,

299 930 465 986 usque
485 915 560 970 ad
585 914 720 986 quia
747 914 916 968 habet
936 914 1194 969 turbidas
1225 931 1423 986 aquas,
1449 919 1505 969 et
1532 931 1647 968 non
1667 919 1991 986 perpetuas.

891 1005 1116 1059 CAPUT
1169 1005 1402 1059 XXVIII.

370 1092 606 1148 Vnns.l.
639 1121 704 1133 -
761 1094 848 1149 Va:
879 1107 1083 1147 coronae
1138 1093 1428 1162 superbiae.
1470 1092 1594 1162 (10.)
1645 1093 1762 1146 Iluc
1817 1107 2000 1162 usque

300 1180 373 1234 ad
401 1180 960 1234 consummationem
1002 1181 1225 1244 mundi,
1268 1185 1397 1244 etc.,
1433 1196 1601 1250 usque
1649 1181 1723 1234 ad
1754 1197 1858 1234 nec
1882 1196 2000 1251 poe-

302 1269 560 1323 nitentiaa
583 1269 832 1323 fructum
859 1267 1056 1322 salutis
1089 1269 1307 1323 habuit.

380 1359 554 1414 Vallis
613 1360 1013 1428 pinguissima.
1105 1358 1468 1413 Gethsemuni
1525 1358 1819 1412 fertilitate
1874 1359 1994 1411 fru-

304 1462 465 1518 gum,
505 1462 610 1516 per
662 1462 788 1500 eam
816 1451 940 1500 erat
969 1445 1050 1500 eis
1081 1461 1348 1500 ascensus
1378 1447 1439 1500 in
1497 1447 1807 1512 civitatem,
1841 1451 1898 1500 et
1923 1445 2005 1500 ibi

305 1535 560 1606 ﬁgebant
601 1534 800 1605 aliqui,
854 1534 974 1589 ludi
1022 1551 1210 1600 causa,
1244 1534 1493 1589 tentoria
1522 1535 1662 1589 dum
1691 1535 1750 1589 in
1780 1533 2006 1588 civitate

304 1623 697 1678 morabantur.

381 1713 538 1767 Vens.
601 1715 652 1767 5.
701 1740 774 1752 —
804 1713 868 1767 In
921 1711 1008 1765 die
1037 1713 1153 1765 illa.
1207 1711 1334 1778 (10.)
1382 1710 1707 1765 Secundum
1762 1711 2008 1781 prophe-

309 1800 468 1868 tiam,
506 1815 637 1854 cum
692 1799 987 1866 Dominus,
1019 1805 1152 1864 etc.,
1204 1815 1371 1868 usque
1417 1799 1492 1853 ad
1537 1798 1745 1854 Scrisz
1772 1798 1925 1852 enim
1953 1802 2009 1852 et

310 1889 584 1945 Pharisaei
613 1888 744 1942 vino
773 1893 832 1940 et
862 1888 1042 1941 sicera
1061 1887 1326 1940 inebriati
1357 1891 1507 1941 sunt.

381 1979 542 2031 Vens.
584 1979 636 2030 6.
671 2007 743 2016 —
781 1976 1059 2030 Fortitudo
1112 1976 1518 2030 revertentibus.
1568 1975 1689 2046 (10.)
1745 1975 1869 2030 Non
1923 1975 2009 2027 le-

312 2071 529 2136 guntur
557 2065 708 2120 bella
764 2063 1037 2131 Ezechiae,
1087 2064 1183 2118 sed
1243 2064 1518 2118 Dominus
1566 2080 1671 2135 pro
1695 2080 1761 2116 eo
1793 2064 2008 2118 bellum

313 2153 506 2225 gessit,
533 2152 847 2207 interfectis
897 2157 1127 2206 centum
1159 2156 1214 2205 et
1261 2152 1550 2223 octoginta
1582 2151 1838 2222 quinque
1880 2151 2010 2204 mil-

314 2242 461 2297 libus
484 2240 868 2312 Assyriorum,
903 2257 1149 2311 quorum
1178 2240 1360 2294 Judaei
1389 2241 1571 2310 spolia
1620 2242 1973 2311 collegerunt
1998 2256 2012 2294 :

314 2335 370 2384 et
399 2331 466 2384 ad
488 2334 678 2402 portas
697 2330 1007 2384 Jerusalem
1039 2345 1169 2383 cum
1199 2329 1409 2399 gaudio
1441 2330 1650 2383 reversi
1681 2335 1832 2384 sunt.

390 2420 551 2474 Vens.
584 2420 658 2472 8.·
701 2448 771 2458 -—-
803 2419 994 2474 Omnes
1049 2420 1208 2471 enim.
1242 2418 1388 2470 Dum
1445 2417 1868 2487 Scripturarum
1899 2433 2015 2471 non

319 2506 589 2577 digerunt
643 2505 818 2572 cibos,
854 2521 958 2559 nec
997 2505 1222 2575 corpori
1250 2505 1466 2560 faciunt
1512 2506 1729 2571 vitales,
1762 2505 1856 2559 sed
1906 2505 2016 2558 im-

318 2600 572 2650 maturos
601 2599 657 2649 et
705 2595 947 2650 fetentes
977 2599 1238 2666 egerunt,
1272 2598 1335 2648 ut
1382 2594 1444 2648 in
1473 2594 1555 2649 eis
1591 2595 1866 2650 Dominus
1893 2595 2019 2648 nul-

319 2685 442 2740 lum
471 2682 727 2738 inveniat
752 2683 963 2738 locum.

391 2773 549 2828 Vens.
591 2775 643 2827 9.
699 2802 767 2813 —-
797 2773 1113 2827 Ablactatos
1143 2787 1178 2825 a
1215 2772 1369 2838 lacte,
1397 2773 1632 2827 avulsos.
1673 2772 1830 2828 Alios
1877 2788 2016 2842 non,

322 2860 457 2933 quia
487 2864 711 2932 portare
759 2875 876 2914 non
914 2863 1170 2929 possunt.
1242 2858 1307 2912 Hi
1353 2859 1505 2912 enim
1560 2865 1694 2914 sunt
1751 2860 1848 2931 qui
1900 2860 2020 2930 jam

2098 475 2320 543 afferat,
2370 480 2492 528 arat
2518 479 2582 528 ut
2602 473 2850 544 agricola
2896 489 3124 528 vomere
3180 475 3626 545 praedicationis,
3672 494 3807 549 pro-

2098 563 2304 618 scindit
2323 564 2552 617 verbere
2589 562 2993 627 tribulationis,
3049 579 3201 617 nunc
3233 569 3410 634 peste,
3444 581 3597 618 nune
3627 565 3810 636 capti-

2100 651 2267 705 vitate
2299 651 2532 722 corrigit
2559 668 2571 706 :
2607 658 2663 705 et
2691 655 2795 704 hoc
2819 655 2934 706 est:
2967 653 3232 721 Nunquid
3260 658 3371 707 tota
3402 655 3513 722 die,
3550 660 3660 708 etc.

2170 741 2330 795 Vens.
2370 742 2457 794 25.
2486 770 2554 781 —
2595 741 2730 795 Gith
2775 745 2826 794 et
2855 743 3146 808 cyminum.
3205 743 3335 796 Gith
3394 748 3453 797 et
3503 743 3803 812 cyminum

2104 845 2234 899 quae
2286 829 2346 882 in
2393 828 2554 900 virga
2599 829 2984 898 excutiuntur,
3033 837 3162 895 etc.,
3227 847 3392 900 usque
3457 831 3534 884 ad
3582 833 3804 886 clavem

2106 916 2357 971 scientia
2389 917 2682 971 habentes.

2178 1007 2336 1059 Vens.
2371 1007 2458 1060 29.
2497 1035 2563 1044 —
2592 1006 2671 1060 Et
2710 1007 2805 1059 hoc
2828 1021 2863 1058 a
2893 1008 3118 1060 Domino
3153 1007 3264 1060 Deo
3293 1009 3484 1061 exivit.

2740 1094 2964 1148 CAPUT
3001 1096 3173 1148 XXIX.

2184 1182 2346 1236 Vens.
2405 1185 2450 1235 l.
2502 1211 2572 1222 —
2633 1183 2724 1236 Va:
2778 1183 2950 1236 Ariel.
3017 1182 3143 1251 (10.)
3204 1185 3249 1236 Α
3304 1184 3621 1238 Jerusalem
3667 1201 3813 1239 com-

2112 1270 2380 1342 patientis
2410 1271 2613 1324 affectu
2638 1287 2650 1324 :
2685 1271 2829 1336 Quia
2857 1273 2907 1325 si
2934 1274 3268 1338 cognovisses
3293 1278 3344 1326 et
3387 1278 3446 1326 tu
3476 1273 3634 1340 (Luc.
3669 1275 3812 1342 nx);
3907 1329 3913 1335 η

2113 1358 2287 1424 Ariel,
2323 1360 2409 1412 leo
2445 1358 2577 1424 Dei;
2611 1359 2700 1412 leo
2731 1359 2885 1412 enim
2922 1360 3014 1413 Dei
3065 1360 3380 1414 Jerusalem
3411 1361 3817 1431 potentissima

2115 1451 2171 1503 et
2201 1447 2508 1502 fortissima
2537 1447 2662 1502 fuit.

2186 1535 2571 1604 Empugnavit.
2630 1536 2750 1605 (10.)
2791 1534 2930 1589 Cum
2963 1535 3364 1606 potentissima
3415 1541 3586 1600 esset,
3644 1554 3817 1609 repu-

2117 1625 2427 1695 gnantibus
2454 1624 2616 1679 caecis
2645 1629 2700 1678 et
2727 1623 2963 1689 claudis,
3013 1623 3240 1694 quando
3295 1625 3438 1679 Joab
3467 1627 3692 1696 primus
3720 1627 3824 1681 do-

2122 1719 2340 1768 matum
2369 1714 2584 1766 excelsa
2616 1712 2963 1766 conscendit.

2191 1802 2432 1856 Additus
2457 1807 2536 1856 est
2559 1817 2754 1856 annus.
2788 1802 2931 1856 Cum
2960 1801 3275 1872 captivitati
3331 1808 3521 1858 essent
3549 1820 3584 1856 a
3640 1803 3827 1858 Nabu-

2119 1891 2502 1957 chodonosor,
2563 1906 2748 1960 neque
2799 1891 3076 1960 templum
3139 1890 3443 1960 habebant,
3497 1908 3688 1964 neque
3739 1911 3828 1948 sa-

2121 1979 2424 2046 criﬁcium,
2459 1983 2516 2032 et
2560 1978 2667 2032 hoc
2697 1993 2802 2047 per
2828 1979 3042 2032 multos
3089 1993 3310 2032 annos:
3364 1984 3427 2033 et
3472 1979 3580 2033 hoc
3610 1985 3699 2034 est
3730 1998 3826 2034 au-

2121 2085 2230 2122 nus
2267 2067 2340 2119 ad
2365 2082 2581 2120 annum
2613 2064 2858 2119 additus.

2195 2157 2352 2210 Vens.
2385 2157 2435 2209 3.
2470 2185 2536 2193 -—
2567 2155 2734 2221 Quasi
2761 2155 3031 2222 sphaeram
3076 2156 3134 2208 in
3162 2156 3450 2210 circumitu
3504 2163 3617 2210 tuo.
3649 2158 3828 2212 Tem-

2125 2243 2205 2315 pli
2252 2243 2691 2298 similitudinem
2719 2242 3022 2297 retinentis
3052 2242 3368 2314 antiquam,
3403 2260 3524 2298 non
3558 2247 3828 2316 magniﬁ-

2127 2333 2397 2388 centiam.

2201 2422 2357 2475 Vans.
2410 2421 2460 2472 4.
2514 2449 2582 2458 -—-
2632 2420 2914 2487 Pythonis,
2967 2422 3074 2472 etc.
3122 2419 3250 2489 (10.)
3307 2419 3651 2491 Phytonissa
3699 2437 3828 2492 qua:

2127 2513 2250 2563 erat
2307 2508 2368 2561 in
2425 2507 2619 2561 Endor
2684 2523 2788 2576 per
2845 2508 3296 2562 necromantiam
3327 2509 3679 2575 Samuelem,
3715 2511 3828 2564 imo

2128 2599 2450 2654 dazmonem
2499 2593 2820 2649 suscitavit:
2851 2599 2904 2648 et
2951 2595 3280 2664 huiusmodi
3318 2597 3512 2650 futura
3559 2600 3832 2669 praedixit

2128 2673 2188 2742 in
2211 2685 2559 2758 populoillo.
2593 2683 2794 2751 Mania,
2823 2684 3066 2751 insania,
3090 2686 3245 2739 unde
3273 2687 3636 2754 manichaaos,
3665 2705 3828 2743 man-

2131 2779 2277 2844 thos,
2311 2773 2608 2830 divinatio.

2202 2866 2374 2920 Vens.
2411 2867 2462 2918 6.
2495 2893 2565 2904 —
2592 2865 2659 2919 In
2682 2864 2937 2918 tonitrua.
2982 2863 3093 2916 Visi
3138 2867 3273 2918 sunt
3320 2863 3568 2919 Romani
3611 2865 3830 2920 irruere

323 2948 502 3003 solido
529 2947 656 3002 cibo
715 2947 798 3000 uti
844 2951 1122 3018 possunt;
1171 2946 1295 2999 aliis
1353 2946 1491 3000 dicit
1541 2950 1878 3018 Apostolus:
1915 2950 2021 3003 Lac
2053 2957 2093 3012 ί]
2131 2970 2260 3008 cum
2313 2952 2586 3015 tonitrua,
2647 2955 2704 3006 et
2751 2956 2902 3005 terra
2933 2951 3149 3005 moveri
3199 2968 3398 3006 eorum
3447 2953 3728 3020 adventu,
3781 2960 3833 3008 et

323 3037 451 3092 dedi
480 3037 624 3092 vobis
650 3041 857 3105 potum,
888 3051 995 3089 non
1015 3050 1187 3089 escam
1219 3037 1268 3103 (1
1293 3035 1410 3090 Cor.
1439 3035 1540 3106 Ill).

393 3126 552 3179 Vens.
602 3127 684 3178 10.
737 3153 804 3163 -—
857 3121 1002 3188 Quia
1051 3123 1271 3189 manda,
1333 3125 1616 3192 remanda,
1671 3125 1895 3190 manda,
1945 3141 2023 3178 re-

324 3216 566 3284 manda;
633 3218 904 3283 emspecla,
975 3218 1304 3282 reemspecta,
1361 3219 1632 3283 emspecta,
1687 3221 2022 3285 reea'specla,

323 3305 592 3360 modicum
622 3303 720 3368 ibi,
751 3302 1020 3358 modicum
1049 3303 1143 3356 ibi.
1180 3301 1307 3372 (10.)
1356 3301 1528 3366 Quasi
1570 3303 1734 3357 dicat.
1773 3304 1879 3356 Vos
1907 3319 2024 3357 non

327 3393 560 3464 potestis
590 3391 800 3459 doceri,
845 3391 982 3460 quia
1009 3390 1313 3443 irridentes
1358 3391 1668 3460 prophetas
1695 3391 1824 3461 (per
1875 3407 2024 3460 quos

331 3479 587 3552 praedicit
619 3478 896 3532 Dominus
928 3477 1086 3531 vobis
1109 3478 1257 3530 mala
1286 3481 1721 3546 superventura,
1751 3482 1812 3530 ut
1841 3477 2024 3548 poeni-

328 3568 569 3623 tentiam
597 3566 780 3638 agatis
802 3571 859 3620 et
903 3564 1248 3632 liberemini)
1276 3585 1291 3631 ;
1322 3564 1636 3635 opponitis,
1678 3566 1900 3630 manda,
1937 3581 2023 3618 re-

329 3656 570 3722 manda;
613 3654 776 3726 quasi
805 3654 982 3708 dicat:
1023 3654 1065 3708 O
1099 3655 1403 3722 Propheta,
1443 3653 1687 3724 praecipe
1720 3655 1872 3724 quod
1922 3655 2022 3722 vis,

331 3745 551 3800 minare
565 3760 693 3816 quae
706 3745 788 3796 vis
812 3743 964 3810 ;hasc
979 3747 1170 3796 tamen
1193 3757 1310 3795 non
1330 3741 1599 3796 eveniunt
1612 3759 1742 3812 quas
1764 3743 2024 3797 minaris.

404 3834 576 3889 Vens.
619 3837 702 3887 H.
735 3833 817 3872 ’--
848 3834 910 3887 In
941 3832 1156 3900 loquela
1196 3833 1356 3885 enim.
1407 3831 1578 3895 Quasi
1636 3831 1822 3886 dicat:
1884 3833 2027 3886 Malo

335 3927 518 3977 vestro
569 3923 692 3976 haec
719 3920 926 3988 dicitis,
979 3920 1115 3990 quia
1148 3935 1258 3974 non
1290 3918 1701 3990 prtenuntiabit
1729 3920 1884 3974 vobis
1920 3921 2026 3974 Do-

334 4010 524 4066 minus
553 4009 758 4063 amodo
788 4009 956 4075 mala,
997 4008 1092 4062 sed
1146 4007 1342 4062 statim
1380 4007 1607 4062 inferet.
1641 4010 1706 4061 Et
1750 4009 1859 4062 hoc
1911 4013 2026 4062 est:

334 4101 399 4154 1n
442 4101 652 4168 loquela
707 4101 850 4152 enim
901 4097 1036 4151 labii
1058 4101 1108 4150 et
1158 4096 1350 4164 lingua
1399 4096 1577 4152 altera
1633 4099 1919 4166 loquentur
1957 4097 2031 4151 ad

334 4186 594 4255 populum
611 4187 798 4249 istum,
835 4189 938 4239 etc.

408 4236 703 4328 vagis:
728 4236 802 4314 ζ
842 4236 1131 4342 tandem.
1176 4271 1439 4340 Lapidem
1496 4287 1652 4341 quem
1698 4271 2029 4343 aediﬁcantes
2061 4236 2102 4290 θ

336 4362 777 4432 reprobaverunt,
812 4363 896 4415 hic
923 4363 1106 4427 factus
1128 4365 1206 4414 est
1239 4362 1296 4413 in
1319 4364 1484 4429 caput
1514 4360 1721 4427 anguli.

407 4451 578 4505 Vens.
617 4452 696 4503 19.
717 4479 787 4488 -
837 4451 964 4504 Sola
996 4451 1214 4503 vexatio
1242 4450 1570 4503 intellectum
1604 4449 1760 4503 dabit
1792 4448 2028 4502 auditui.

408 4540 576 4594 Vnns.
613 4542 697 4592 21.
731 4567 799 4578 --
847 4539 998 4594 Sicut
1047 4540 1206 4591 enim.
1257 4536 1616 4591 Philisthaeos
1659 4542 2033 4608 congregatos

340 4627 746 4700 superveniens
802 4625 976 4680 David
1024 4624 1234 4679 auxilio
1295 4625 1541 4693 Domini,
1579 4624 1770 4680 divisit
1801 4625 1954 4680 vivos
2001 4643 2032 4680 a

340 4715 582 4770 mortuis
637 4719 695 4768 et
721 4729 986 4785 perversa
1031 4713 1157 4768 loca
1203 4713 1499 4784 dispersit;
1541 4715 1691 4769 unde
1725 4714 1881 4768 locus
1937 4713 2034 4768 ille

344 4803 729 4874 Baalphrasim
760 4817 973 4857 nomen
1001 4801 1238 4872 accepit.

409 4893 667 4950 Alienum
696 4907 849 4962 opus.
895 4890 1020 4961 (10.)
1071 4891 1225 4962 Opus
1253 4888 1554 4961 proprium
1608 4890 1706 4944 Dei
1758 4894 1842 4944 est
1869 4890 2038 4946 mise-

341 4982 477 5049 reri,
509 4996 762 5054 parcere,
794 4980 1137 5035 condonare.
1167 4981 1292 5034 Non
1315 4995 1502 5047 suum,
1529 4979 1626 5033 sed
1648 4979 1902 5034 alienum
1929 4984 2034 5047 est,

343 5071 530 5140 irasci,
562 5069 792 5142 punire.

413 5159 631 5229 (Gneo)
665 5158 727 5212 In
784 5157 1067 5212 mundum
1122 5155 1328 5221 veniet,
1363 5159 1428 5210 ut
1457 5153 1626 5210 faciat
1671 5171 1815 5226 opus
1845 5171 2034 5225 suum,

341 5247 555 5304 scilicet
579 5251 643 5301 ut
672 5241 916 5302 redimat
943 5262 1125 5319 genus
1172 5245 1530 5310 humanum;
1555 5244 1647 5299 sed
1680 5244 1752 5298 ab
1807 5243 1931 5315 ipso
1952 5249 2038 5299 est

344 5336 594 5390 alienum
627 5352 772 5407 opus
822 5336 979 5407 ejus;
1022 5351 1139 5390 non
1168 5334 1432 5390 convenit
1453 5331 1619 5404 lenim
1665 5332 1870 5388 Deitati
1901 5349 2039 5387 con-

346 5423 497 5493 spui.
529 5423 824 5494 ﬂagellari,
855 5424 1130 5494 cruciﬁgi.
1789 5483 1792 5488 .

417 5512 574 5567 Vens.
605 5515 692 5566 24.
758 5543 824 5553 -—
854 5513 1115 5584 Nunquid
1148 5516 1280 5568 tota.
1331 5511 1538 5582 (Ηιεκ.)
1599 5511 1731 5566 Pius
1779 5515 1836 5564 et
1877 5509 2038 5565 mise-

2131 3058 2261 3096 cum
2292 3042 2525 3096 ﬂamma
2566 3039 2734 3111 ignis,
2786 3041 2920 3112 quia
2967 3045 3025 3095 et
3079 3039 3367 3094 civitatem
3409 3041 3834 3097 succenderunt

2133 3137 2190 3185 et
2209 3131 2509 3201 templum.

2203 3221 2363 3273 Vens.
2397 3221 2448 3273 9.
2489 3247 2546 3260 -
2572 3218 2937 3286 Obstupescite
2965 3221 3014 3271 et
3043 3216 3417 3270 admiramini.
3454 3217 3669 3285 (HN-3R.)
3705 3219 3836 3272 Post

2132 3305 2559 3360 subversionem
2607 3305 2921 3359 Jerusalem
2951 3309 3007 3358 et
3043 3305 3262 3375 templi,
3312 3304 3368 3358 id
3399 3310 3485 3358 est
3512 3304 3672 3359 Ariel
3704 3323 3835 3360 con-

2134 3400 2222 3448 tra
2249 3394 2474 3448 Scribas
2505 3399 2561 3448 et
2583 3393 2896 3447 Phariseos
2917 3392 3222 3463 prophetia
3238 3392 3534 3463 dirigitur.

2207 3483 2366 3536 Vnns.
2405 3485 2487 3536 ll.
2523 3511 2592 3521 ——
2638 3482 2898 3547 Signatus
2929 3486 3006 3535 est
3035 3483 3194 3534 enim.
3230 3481 3358 3534 Haec
3386 3481 3628 3551 impleta
3679 3488 3830 3544 sunt.

2137 3571 2364 3642 quando
2405 3573 2459 3623 et
2487 3569 2830 3639 dignitatem
2858 3574 2915 3623 et
2959 3568 3338 3622 sacerdotium
3387 3570 3735 3638 amiserunt,
3785 3575 3839 3624 et

2137 3659 2332 3714 civitas
2359 3658 2646 3712 destructa
2669 3661 2753 3711 est
2781 3661 2840 3712 et
2863 3656 3145 3727 templum
3175 3656 3607 3727 aprincipibus,
3635 3658 3842 3713 Roma-

2139 3763 2368 3802 norum.

2211 3837 2380 3890 Vens.
2449 3838 2530 3888 13.
2585 3865 2652 3874 -
2690 3835 2767 3888 Eo
2795 3833 2940 3902 quod
2977 3834 3385 3902 appropinquat
3435 3835 3675 3902 populus
3722 3836 3837 3888 iste.

2140 3924 2265 3994 (10.)
2307 3921 2583 3977 Dominus
2616 3921 2677 3976 in
2723 3920 3029 3990 Evangelia
3064 3920 3313 3975 Matthaai
3344 3921 3542 3987 utitur,
3576 3926 3688 3976 etc.
3713 3964 3727 3986 ,
3752 3937 3841 3977 us-

2144 4027 2245 4081 que
2289 4013 2363 4064 ad
2391 4010 2577 4064 verbis
2606 4009 2854 4080 prOpriis
2877 4025 3028 4063 usos.

2212 4099 2400 4154 Labiis
2454 4101 2587 4152 suis.
2646 4098 2772 4167 (10.)
2843 4098 2986 4152 LXX.
3049 4095 3230 4151 Labiis
3279 4097 3396 4151 suis
3437 4112 3528 4150 me
3571 4097 3840 4157 honorat.

2141 4204 2237 4242 cor
2263 4194 2456 4242 autem
2489 4188 2612 4258 ejus
2642 4187 2814 4256 longe
2843 4190 2928 4239 est
2956 4202 2990 4238 a
3011 4201 3100 4238 me
3133 4202 3146 4238 :
3180 4185 3389 4238 frustra
3415 4189 3612 4238 autem
3642 4188 3841 4241 colunt

2141 4291 2254 4341 me,
2291 4276 2555 4330 docentes
2586 4279 2874 4346 praecepta
2894 4273 3198 4327 hominum
3220 4278 3393 4344 atque
3418 4273 3741 4329 doctrinas.

2211 4365 2371 4419 Vens.
2412 4364 2490 4417 14.
2517 4392 2589 4403 -
2641 4363 2846 4417 Peribit
2881 4363 3042 4416 enim.
3103 4362 3227 4430 (10.)
3275 4362 3359 4414 Ab
3399 4363 3524 4414 loco
3559 4361 3668 4415 hoc
3699 4366 3842 4433 Apo-

2145 4453 2322 4506 stolus
2346 4449 2739 4506 testimonium
2771 4449 2961 4519 ponit:
3000 4449 3222 4504 Perdam
3257 4451 3586 4518 sapientiam
3630 4454 3846 4520 sapien-

2146 4544 2298 4600 tium.
2332 4544 2383 4594 et
2413 4540 2736 4593 intellectum
2761 4537 3110 4607 prudentium
3131 4537 3459 4606 reprobabo:
3495 4537 3626 4591 aliis
3654 4539 3842 4592 verbis

2146 4628 2414 4684 eumdem
2437 4643 2668 4681 sensum
2693 4643 2706 4680 :
2731 4627 2872 4680 Vere
2918 4625 3135 4696 grande
3165 4626 3507 4680 miraculum
3534 4625 3675 4680 fecit
3703 4628 3843 4681 Deus

2147 4717 2208 4772 in
2264 4715 2480 4786 populo
2530 4719 2594 4769 ut
2645 4714 2842 4768 eodem
2908 4719 3170 4783 tempore
3215 4713 3413 4768 civitas
3472 4714 3729 4779 arderet,
3797 4721 3847 4768 et

2146 4805 2426 4874 templum
2477 4806 2790 4869 corrueret,
2844 4806 2900 4855 et
2928 4801 3116 4856 omnis
3149 4801 3556 4873 magistrorum
3611 4803 3847 4858 scientia

2145 4893 2450 4964 deperiret.

2219 4982 2378 5035 Vens.
2414 4982 2498 5034 15.
2533 4981 2671 5034 -Α
2703 4981 2923 5033 Domino
2959 4977 3325 5032 abscondatis.
3361 4977 3482 5047 (10.)
3513 4978 3696 5042 Quasi
3746 4995 3847 5033 non

2148 5069 2333 5124 videat
2363 5069 2530 5121 Deus.
2580 5067 2690 5120 Hoc
2755 5082 2946 5121 errore
2977 5065 3156 5120 Adam
3188 5066 3253 5119 Et
3285 5066 3396 5120 Eva
3423 5064 3848 5123 absconderant

2151 5173 2237 5212 se:
2277 5155 2413 5211 Cain
2438 5171 2669 5226 quoque
2701 5154 2879 5209 dixit:
2913 5157 2951 5209 Α
2983 5154 3124 5209 facie
3145 5159 3246 5208 tua
3277 5154 3619 5208 abscondar.

2224 5246 2386 5300 Vens.
2444 5247 2528 5300 16.
2589 5273 2653 5289 σ-
2707 5244 2972 5299 Perversa
3011 5249 3107 5310 est,
3163 5248 3268 5298 etc.
3321 5245 3447 5311 (10.)
3507 5245 3581 5298 Ut
3627 5245 3850 5298 Creator

2153 5333 2379 5405 ignoret
2431 5338 2786 5398 creaturam;
2823 5333 2972 5387 unde
3005 5333 3334 5402 Apostolus:
3370 5331 3412 5387 Ο
3451 5332 3607 5386 homo
3639 5337 3701 5386 tu
3731 5336 3843 5404 quis

2153 5439 2227 5489 es,
2261 5424 2359 5492 qui
2405 5422 2728 5489 respondeas
2758 5424 2859 5476 Deo
2879 5421 2907 5475 ?
2957 5420 3210 5490 nunquid
3239 5421 3374 5475 dicit
3405 5419 3734 5488 ﬁgmentum
3766 5425 3843 5486 fa-

2155 5513 2289 5566 ctori
2315 5526 2412 5565 suo
2439 5527 2451 5563 :
2481 5511 2656 5576 Quare
2671 5525 2753 5564 me
2778 5511 3004 5577 fecisti?
3034 5509 3206 5580 (Rom.
3239 5512 3332 5570 ix.)
