4074 6186
238 288 256 340 1
274 289 382 340 273

1384 282 1642 339 GLOSSA
1681 282 2084 339 ORDINARIA.
2131 308 2191 322 —
2236 282 2364 337 LIB.
2408 281 2626 337 ISAIA'I.

3618 283 3751 338 127’s

306 407 462 461 Vens.
506 408 585 460 l7.
617 434 689 446 —
716 405 779 459 In
808 403 1015 459 modico
1038 408 1088 459 et
1120 406 1176 459 in
1214 404 1383 458 brevi.
1420 403 1619 472 (Ηιειι.)
1648 403 1926 457 Modicum
1957 404 2003 458 Α
2042 403 2257 457 scilicet
2284 420 2413 475 quae
2443 404 2514 458 ad
2562 403 2993 458 similitudinem
3024 402 3275 459 veritatis
3308 404 3504 459 artifex
3553 404 3751 475 lingua

232 498 289 549 et
308 495 479 549 breve
510 510 575 547 ex
608 510 721 565 quo
760 493 869 546 hoc
900 492 1238 561 praedictum
1278 496 1363 545 est
1420 508 1601 562 usque
1630 491 1701 545 ad
1733 508 1935 546 ascen-

232 583 451 637 sionem
486 582 713 635 Domini
744 581 970 635 :omnia
985 582 1137 634 enim
1161 587 1440 650 tempora,
1460 580 1933 635 aeternitaticom-

230 678 452 743 parata,
486 671 677 725 brevia
709 676 840 723 sunt
870 675 926 723 et
953 676 1378 724 momentanea.

2046 493 2449 564 composuerit,
2503 494 2563 547 in
2622 493 2925 564 splendore
2982 494 3325 564 eloquentia:
3361 494 3536 564 (quod
3567 494 3739 563 signi-

2046 580 2177 635 ﬁcat
2206 583 2530 652 argentum)
2563 587 2619 635 et
2647 582 2707 635 in
2754 583 2975 635 ratione
3008 582 3304 651 sapientiae
3354 583 3524 653 (quod
3575 581 3745 652 signi-

2046 671 2177 724 ticat
2204 674 2433 738 aurum)
2466 672 2844 737 comminues,
2899 676 2955 725 et
2983 670 3297 741 disperges,
3361 676 3415 725 et
3444 671 3743 725 immunda

304 761 545 814 Libanus
580 762 636 813 in
668 760 893 816 Carmel.
927 759 1170 813 Libanus
1185 776 1347 813 mons
1370 759 1429 813 in
1456 758 1767 827 Phoenicia,
1802 764 1933 828 etc.,
2039 758 2347 827 judicabis.

230 863 401 918 usque
429 848 504 901 ad
524 848 569 900 si
601 853 748 902 esset
778 864 906 901 cum
936 847 1197 901 adultero
1231 848 1367 902 viro.

308 938 465 990 Vens.
498 940 585 990 21.
622 966 685 975 —
716 937 796 990 Et
834 935 1241 989 declinaverunt
1280 939 1495 1002 frustra
1546 953 1579 989 a
1603 938 1773 1006 justo.
1812 938 1933 991 Dae-

236 1041 433 1079 mones
459 1025 651 1079 conati
681 1030 834 1089 sunt,
886 1032 1018 1093 etc.,
1059 1041 1226 1093 usque
1262 1026 1335 1078 ad
1384 1025 1593 1081 Scribzr
1642 1030 1697 1078 et
1746 1026 1936 1079 Phari-

236 1115 337 1168 saei
404 1099 831 1168 declinaverunt
896 1114 1105 1167 frustra
1145 1131 1177 1167 a
1220 1114 1396 1184 justo,
1459 1113 1763 1168 dicentes:
1818 1116 1936 1169 Non

236 1203 492 1256 habemus
513 1218 687 1269 regem
707 1204 819 1255 nisi
848 1202 1109 1257 Caesarem
1139 1203 1319 1271 (Joan.
1354 1204 1489 1271 xix).

310 1293 475 1345 Vsus.
517 1294 605 1345 2'2.
652 1321 719 1330 —
751 1292 992 1347 Redemit
1028 1292 1329 1346 Abraham.
1368 1294 1444 1346 De
1475 1293 1603 1363 igne
1639 1292 1935 1347 Chaldieo-

234 1396 389 1445 rum,
417 1386 548 1446 etc.,
581 1395 748 1449 usque
780 1380 853 1433 ad
903 1380 1053 1450 ignis
1084 1381 1239 1434 enim
1293 1380 1492 1452 lingua
1522 1398 1721 1435 eorum
1754 1398 1818 1434 ur
1849 1380 1938 1433 di-

235 1468 402 1523 citur.

895 1540 1121 1595 CAPUT
1148 1542 1293 1594 XXX.

309 1647 482 1700 Vens.
540 1650 587 1700 l.
650 1677 717 1685 —
781 1649 885 1711 Vae,
912 1646 1039 1716 ﬁlii
1091 1648 1404 1709 desertores,
1458 1647 1594 1701 dicit
1654 1648 1934 1702 Dominus.

235 1736 360 1807 (In.)
392 1736 524 1788 Post
577 1735 939 1805 prophetiam
994 1740 1191 1789 contra
1246 1736 1398 1789 Ariel
1451 1740 1507 1789 et
1555 1740 1936 1803 caetera,etc.,

236 1839 406 1893 usque
435 1824 508 1877 ad
538 1824 809 1896 fugerunt
836 1824 892 1876 in
926 1824 1269 1895 Egyptum:
1305 1828 1359 1878 et
1388 1824 1496 1878 hoc
1522 1830 1607 1878 est
1650 1841 1661 1877 :
1696 1842 1791 1892 rw,
1835 1824 1943 1894 [illi

236 1912 553 1966 desertores.

311 2001 552 2055 Vens.2.
586 2029 653 2039 —
685 2001 793 2065 Qui
848 2001 1159 2055 ambulatis-
1224 2002 1290 2054 Ut
1341 1999 1475 2054 dicit
1525 2001 1937 2070 Hieronymus:

235 2089 511 2143 Jeremias
537 2106 669 2143 cum
711 2090 791 2143 eis
821 2089 942 2157 ivit,
983 2094 1113 2156 etc.,
1168 2105 1336 2158 usque
1366 2090 1440 2143 ad
1474 2104 1486 2142 :
1514 2095 1575 2143 ut
1619 2090 1940 2145 habitaretis

240 2180 299 2229 in
327 2181 472 2229 terra
502 2182 703 2230 vestra.

313 2268 488 2320 Erant
513 2268 654 2319 enim
685 2268 742 2319 in
789 2266 1087 2334 Thaphnis.
1136 2266 1308 2330 Quasi
1363 2266 1548 2320 dicat:
1573 2268 1659 2320 An
1692 2265 1819 2320 ideo
1852 2281 1939 2319 re-

241 2354 487 2407 cessistis
518 2371 549 2407 a
598 2370 709 2419 me,
780 2358 841 2408 ut
896 2355 1165 2425 fugeretis
1228 2370 1409 2425 usque
1452 2355 1523 2408 ad
1566 2355 1857 2425 Thaphnis
1889 2359 1944 2407 et

239 2445 392 2497 Anes
414 2444 444 2496 ?
467 2443 757 2513 Thaphnis
789 2444 985 2497 civitas
1018 2444 1073 2496 in
1124 2459 1238 2513 qua
1285 2444 1437 2511 magi
1488 2448 1686 2497 contra
1715 2446 1941 2514 Moysen

240 2532 404 2602 signa
437 2531 739 2598 fecerunt;
792 2536 939 2585 Anes
990 2532 1313 2585 in'tiuibus
1365 2532 1593 2603 .rEgypti
1647 2533 1755 2587 sita
1814 2537 1938 2587 est:

241 2618 483 2671 forsitan
512 2618 719 2672 timore
777 2618 988 2672 turbati
1039 2635 1151 2672 non
1199 2619 1323 2673 ausi
1353 2626 1487 2674 sunt
1539 2620 1599 2674 in
1653 2620 1943 2692 Thaphnis

242 2722 492 2771 manere,
530 2712 585 2760 et
616 2707 885 2777 fugerunt
918 2724 1095 2777 usque
1122 2708 1189 2761 ad
1220 2710 1388 2761 Anes.

314 2795 484 2848 Vens.
520 2801 571 2847 ὅ.
636 2824 703 2836 -
762 2798 909 2849 Onus
951 2796 1340 2864 jumentorum.
1394 2798 1517 2864 (Io.)
1584 2798 1718 2851 Post
1748 2798 1943 2851 decem

241 2898 418 2935 onera
450 2882 799 2937 diversarum
863 2884 1143 2952 gentium,
1202 2885 1573 2938 undecimum
1622 2902 1766 2938 onus
1816 2886 1945 2939 reli-

242 2986 488 3041 quarum
536 2972 779 3025 duarum
810 2972 1067 3025 tribuum
1121 2973 1304 3042 ponit,
1363 2990 1490 3043 quae
1548 2976 2016 3031 remanseruntC

1962 3101 1975 3114 .
2059 3060 2267 3130 (HIER.)
2296 3060 2452 3114 Sicut
2480 3066 2705 3114 torrens
2726 3060 3013 3115 inundans
3044 3076 3174 3114 cum
3222 3059 3547 3129 pervenerit
3572 3074 3753 3129 usque

240 3059 412 3113 ducto
432 3058 708 3113 Sedechia
747 3065 803 3113 et
835 3060 961 3113 aliis
992 3060 1346 3130 principibus
1375 3061 1435 3115 in
1470 3062 1835 3131 Babylonem.

315 3150 376 3202 In
407 3152 569 3202 terra.
602 3149 720 3218 (Ιο.)
750 3150 982 3202 Eremus
1034 3165 1137 3219 per
1192 3166 1364 3220 quam
1419 3150 1673 3220 pontifex
1728 3152 1945 3204 Joanna

244 3236 397 3290 filius
428 3237 655 3291 Chareze
704 3242 759 3289 et
786 3238 883 3291 alii
922 3237 1095 3291 duces
1148 3239 1526 3292 traduxerunt
1586 3238 1858 3309 reliquias
1884 3239 1943 3291 in

244 3326 549 3395 Aigyptum
611 3330 805 3378 contra
881 3332 1231 3397 praeceptum
1319 3326 1583 3392 Domini;
1633 3327 1740 3391 vel,
1822 3326 1947 3396 ipsa

244 3415 519 3483 .Egyptus
548 3414 605 3467 in
669 3430 782 3484 qua
846 3415 1057 3468 multas
1112 3415 1511 3470 tribulationes
1570 3419 1626 3470 et
1656 3417 1945 3487 angustias

244 3500 657 3555 sustinuerunt.

320 3589 478 3643 Vens.
511 3592 561 3643 8.
589 3620 658 3629 —-
690 3592 839 3647 Nunc
867 3607 1010 3660 ergo.
1042 3594 1170 3661 (In)
1218 3593 1492 3648 Dominus
1517 3594 1586 3647 ad
1617 3594 1944 3655 Jeremiam,

244 3676 329 3728 vel
380 3676 447 3729 ad
509 3677 711 3731 Isaiam
770 3680 1083 3733 secundum
1144 3681 1433 3749 Hebrteos,
1489 3687 1621 3750 etc.,
1678 3698 1846 3750 usque
1873 3683 1949 3737 ad

243 3764 378 3835 quia
401 3766 545 3820 bene
576 3766 685 3820 feci
706 3766 807 3833 eis,
842 3768 986 3821 bene
1018 3768 1205 3835 docui,
1237 3774 1293 3822 et
1338 3770 1449 3840 ipsi
1480 3777 1837 3839 spreverunt.

316 3856 473 3909 Vens.
541 3859 623 3910 1‘2.
681 3887 753 3895 —
808 3859 912 3911 Pro
988 3873 1044 3911 eo
1093 3858 1236 3925 quod
1282 3859 1617 3927 reprobastis
1704 3860 1944 3913 verbum.

243 3944 376 4014 (Ιυ.)
408 3944 670 3998 Ηωτθιὶοί
727 3961 956 4016 quoque
1013 3950 1066 3999 et
1111 3962 1280 4000 omne
1338 3946 1550 4017 dogma
1595 3948 1945 4001 contrarium

246 4032 490 4097 veritati,
526 4038 655 4099 etc.,
718 4050 887 4103 usque
925 4034 1000 4088 ad
1056 4040 1111 4089 et
1141 4038 1345 4089 saltem
1410 4052 1693 4089 caenosam
1730 4040 1787 4089 et
1816 4052 1946 4107 par-

246 4122 437 4174 vulam
472 4138 679 4192 aquam
713 4123 1037 4177 sitientibus
1062 4125 1339 4195 praebere.

324 4211 478 4263 Vens.
517 4214 596 4266 43.
630 4241 699 4251 —
729 4214 879 4268 Sicut
909 4215 1235 4282 interruptio
1278 4214 1492 4268 cadens.
1544 4214 1712 4277 Quasi
1746 4230 1758 4269 :
1796 4215 1946 4278 Quo-

252 4298 421 4352 modo
452 4299 796 4371 iuterruptio
829 4302 977 4355 muri
1035 4303 1301 4357 altissimi
1356 4303 1454 4374 qui
1510 4304 1739 4372 longam
1780 4304 1952 4357 traxit

250 4384 477 4437 ruinam
532 4385 764 4439 diflicile
822 4385 1150 4451 instaurari,
1214 4392 1271 4441 et
1326 4386 1634 4457 pristinum
1690 4388 1953 4442 decorem

251 4472 504 4542 recipere
532 4479 735 4545 potest,
774 4474 853 4528 sic
900 4475 1090 4529 veniet
1119 4475 1276 4529 vobis
1306 4476 1607 4546 repentina
1661 4477 1949 4530 contritio.

326 4561 483 4614 Vens.
558 4565 640 4616 l9.
700 4591 771 4602 —
825 4564 1051 4618 Ptorans
1116 4579 1461 4632 nequaquam
1514 4565 1775 4632 plorabit.
1836 4564 1951 4633 (10.)

247 4648 434 4702 Judaei
488 4650 746 4704 referunt
792 4651 901 4704 hoc
956 4652 1028 4706 ad
1078 4657 1304 4723 tempus
1359 4652 1501 4707 illud
1572 4653 1800 4724 quando
1849 4654 1952 4707 sub

250 4738 579 4803 Zorobabel,
612 4744 743 4803 etc.,
803 4755 973 4809 usque
1001 4741 1075 4793 ad
1131 4740 1192 4794 in
1237 4742 1467 4811 specula
1520 4742 1737 4795 scilicet
1785 4746 1839 4795 et
1870 4742 1951 4795 vi-

251 4824 414 4878 sione
445 4827 615 4897 pacis,
648 4827 701 4881 id
730 4833 813 4881 est
846 4828 1107 4882 Ecclesia.

266 4972 269 4977 η
325 4914 480 4969 Vsus.
514 4919 601 4969 2t.
634 4946 702 4954 -——
736 4917 863 4970 Post
902 4922 1129 4983 tergum.
1180 4916 1367 4971 Prima
1418 4917 1747 4973 conditione
1787 4919 1950 4991 quasi

248 4999 311 5053 in
338 5002 478 5055 facie
494 5004 672 5057 Adam
698 5005 911 5058 audivit
940 5022 973 5058 a
1005 5005 1268 5072 Domino,
1302 5010 1436 5074 etc.,
1459 5022 1629 5075 usque
1655 5009 1728 5061 ad
1756 5014 1813 5062 et
1842 5012 1950 5063 hoc

248 5096 370 5144 est:
404 5094 579 5146 Aures
614 5098 717 5148 tuae
745 5095 968 5149 audient
997 5096 1216 5150 verbum
1250 5098 1511 5150 monentis
1564 5098 1686 5165 post
1718 5102 1945 5165 tergum.

319 5182 498 5249 Neque
536 5182 608 5235 ad
654 5183 951 5237 dexteram.
1009 5184 1071 5238 In
1129 5190 1372 5255 utraque
1446 5190 1608 5255 parte
1668 5187 1948 5257 quidquid

248 5284 423 5337 supra
477 5270 711 5324 modum
764 5277 868 5339 est,
933 5272 992 5325 in
1040 5273 1178 5326 vitio
1240 5279 1343 5327 est.
1400 5277 1583 5343 Neque
1639 5275 1712 5328 ad
1770 5277 1951 5330 dexte-

248 5357 398 5422 dam,
432 5363 537 5413 etc.
570 5360 974 5415 declinandum
1008 5367 1114 5426 est,
1162 5362 1259 5416 sed
1292 5362 1381 5415 via
1413 5364 1638 5434 publica
1673 5364 1941 5435 gradien-

248 5447 410 5513 dum,
440 5448 496 5502 id
522 5454 605 5502 est
634 5450 809 5521 regia,
843 5467 972 5521 qua:
1004 5467 1118 5505 non
1146 5452 1311 5506 fallit.

325 5536 494 5590 Vens.
545 5540 631 5592 2‘2.
666 5567 735 5578 —
792 5539 868 5592 Et
900 5540 1293 5594 contaminabis
1338 5541 1588 5595 laminas.
1627 5540 1752 5611 (In)
1788 5541 1945 5596 ldola

2118 848 2283 901 Vens.
2326 850 2413 901 23.
2465 878 2533 886 —
2581 850 2650 902 Et
2689 847 2913 900 dabitur
2961 849 3171 916 pluvia.
3226 847 3351 917 (ιο.)
3404 848 3468 900 In
3522 848 3742 916 Regum

2047 935 2335 988 volumine
2379 935 2652 1003 scriptum
2711 941 2811 993 est.
2885 941 3014 1001 etc.,
3084 951 3250 1004 usque
3307 935 3381 987 ad
3424 934 3534 987 nisi
3590 934 3745 989 enim

2045 1024 2181 1077 vitia
2211 1025 2543 1094 abjecerint,
2578 1026 2816 1078 virtutes
2846 1041 2959 1078 non
2988 1025 3250 1078 subeunt.

2116 1114 2387 1166 Pascetur.
2422 1112 2663 1176 Quidam
2725 1112 2845 1165 haec
2902 1111 3301 1182 hyperbolicos
3360 1110 3746 1181 Cyritempo-

2047 1200 2225 1267 ribus,
2249 1201 2346 1271 qui
2399 1201 2781 1271 captivitatem
2844 1200 3043 1271 populi
3085 1198 3379 1264 relaxavit,
3435 1198 3497 1253 in
3550 1198 3746 1253 Iudaea

2047 1290 2350 1358 completa,
2386 1291 2754 1344 contendunt.

2124 1380 2279 1431 Vens.
2338 1380 2423 1432 2i.
2457 1409 2524 1419 —
2586 1381 2944 1435 Commiwtum
2999 1382 3220 1446 migma.
3270 1378 3423 1431 Isaac
3464 1376 3744 1430 hordeum

2049 1468 2206 1529 sevit,
2241 1472 2366 1528 etc.,
2418 1483 2583 1537 usque
2611 1469 2685 1522 ad
2716 1484 2817 1538 per
2872 1468 3062 1537 paleas
3111 1472 3168 1521 et
3215 1466 3497 1520 hordeum
3544 1465 3740 1535 paula-

2050 1554 2153 1607 tim
2186 1556 2511 1624 proticiunt,
2544 1561 2599 1609 et
2628 1560 2927 1610 transeunt
2963 1557 3033 1609 ad
3090 1556 3461 1609 frumentum.

2118 1644 2274 1697 Vens.
2309 1647 2393 1697 23.
2427 1674 2494 1685 —-
2525 1648 2596 1699 Et
2623 1650 2798 1699 erunt.
2834 1647 2895 1699 In
2953 1646 3044 1699 die
3071 1644 3273 1715 judicii
3320 1659 3493 1714 super
3524 1648 3747 1696 montes

2052 1736 2109 1786 et
2132 1734 2303 1787 colles
2335 1738 2505 1787 erunt
2535 1734 2662 1798 rivi,
2696 1740 2824 1800 etc.,
2882 1750 3050 1803 usque
3104 1735 3178 1788 ad
3222 1734 3323 1804 qui
3352 1732 3508 1787 enim
3539 1731 3747 1786 biberit

2053 1821 2123 1875 de
2149 1821 2311 1891 aquis
2342 1822 2462 1891 ejus
2490 1838 2605 1876 non
2635 1822 2784 1876 sitiet
2814 1824 2874 1876 in
2895 1828 3196 1877 aeternum.

2121 1912 2515 1976 Interfectionis
2573 1913 2882 1966 multorum.
2905 1912 3036 1983 (In)
3093 1911 3249 1965 Multi
3282 1911 3435 1964 enim
3476 1913 3607 1963 sunt
3652 1925 3757 1961 vo-.

2050 1998 2182 2066 cati,
2218 2004 2349 2065 etc.,
2372 2016 2539 2070 usque
2563 2002 2638 2054 ad
2676 2016 2922 2071 quorum
2956 2002 3167 2069 linguas
3196 2000 3258 2053 in
3310 1999 3594 2070 Babylone
3624 2014 3753 2052 con-

2051 2088 2212 2151 fusae,
2246 2092 2301 2141 et
2334 2104 2506 2159 super
2534 2106 2680 2158 quos
2710 2090 2912 2143 cecidit
2938 2090 3112 2143 turris
3144 2089 3203 2141 in
3230 2089 3402 2143 Siloe.

2126 2177 2399 2230 Vens-26.
2432 2205 2502 2218 —
2553 2180 2621 2231 Et
2676 2180 2779 2230 erit
2845 2178 2960 2230 tum.
3009 2178 3149 2230 Cum
3203 2175 3509 2246 praemium
3542 2172 3752 2228 laboris

2052 2265 2395 2335 percipient,
2449 2265 2585 2336 quia
2665 2270 2923 2318 creatura
3002 2264 3341 2318 liberabitur
3383 2281 3415 2317 a
3480 2261 3752 2316 servitute

2053 2354 2454 2424 corruptionis.
2487 2356 2608 2408 Non
2666 2354 2877 2407 mirum
2913 2353 2960 2406 si
2988 2354 3123 2406 luna
3174 2352 3307 2407 solis
3337 2352 3621 2422 fulgorem
3659 2367 3750 2406 re-

2053 2441 2229 2511 cipiat
2260 2458 2271 2495 :
2308 2442 2451 2506 Quia
2460 2441 2604 2509 justi
2638 2442 2922 2509 fulgebunt
2951 2443 3090 2495 sicut
3115 2441 3193 2495 sol
3234 2440 3463 2510 (Matth.
3496 2439 3640 2508 xiii).

2122 2532 2279 2583 Vens.
2339 2533 2522 2583 '27.—
2574 2533 2705 2584 Ecce
2760 2546 2947 2583 nomen
3003 2531 3233 2583 Domini.
3298 2527 3469 2582 Filius
3528 2528 3585 2580 in
3645 2542 3754 2579 no-

2056 2617 2210 2672 mine
2244 2618 2446 2683 Patris,
2474 2634 2653 2672 unum
2695 2618 2850 2671 enim
2877 2633 3085 2671 nomen
3139 2621 3222 2671 est
3281 2615 3463 2670 Patris
3509 2618 3566 2669 et
3626 2614 3753 2668 Filii

2057 2712 2113 2760 et
2142 2706 2386 2776 Spiritus
2416 2707 2596 2760 sancti
2630 2723 2642 2760 :
2704 2707 2855 2759 unde
2890 2723 2901 2759 :
2936 2708 3285 2775 Baptizantes
3340 2719 3425 2759 eos
3454 2706 3514 2758 in
3542 2706 3754 2758 nomine

2055 2798 2258 2863 Patris,
2289 2800 2339 2848 et
2368 2797 2519 2859 Filii,
2551 2800 2601 2849 et
2630 2796 2872 2864 Spiritus
2901 2798 3077 2849 sancti
3106 2810 3121 2845 :
3158 2810 3275 2849 non
3306 2793 3366 2848 in
3396 2793 3749 2860 nominibus,

2058 2884 2152 2938 sed
2177 2884 2236 2938 in
2258 2884 2490 2938 nomine
2516 2883 2670 2954 quod
2693 2889 2777 2937 est
2804 2885 2971 2937 Deus.

2127 2974 2287 3027 Vens.
2320 2975 2406 3027 28.
2449 3002 2518 3012 —
2566 2974 2813 3041 Spiritus
2864 2972 2976 3040 ejus
3024 2972 3169 3025 velut
3220 2975 3425 3026 torrens
3456 2970 3750 3024 inundans.

2056 3149 2126 3203 ad
2182 3149 2410 3213 collum,
2465 3147 2817 3201 animantem
2879 3148 3135 3213 suifocat,
3207 3148 3287 3200 sic
3343 3146 3577 3217 spiritus
3650 3146 3751 3200 ira:

2059 3237 2158 3291 Dei
2211 3238 2271 3290 in
2315 3236 2531 3307 judicio
2589 3237 2798 3307 impios
2850 3237 3164 3291 sutfocabit.
3241 3236 3433 3290 Finem
3493 3235 3754 3289 omnium

2056 3325 2277 3379 venisse
2329 3324 2673 3394 significans,
2731 3324 2876 3378 sicut
2929 3328 3155 3377 torrens
3212 3323 3449 3377 sutl‘ocat
3495 3338 3627 3376 eum
3687 3322 3756 3376 ad

2058 3414 2219 3483 cujus
2244 3413 2453 3466 collum
2484 3411 2763 3483 pervenit;
2834 3412 2912 3465 sic
2976 3412 3075 3465 Dei
3132 3410 3416 3481 judicium
3465 3408 3754 3464 neminem

2056 3499 2322 3553 transibit
2346 3500 2715 3571 impunitum.

2130 3589 2286 3655 Quod
2340 3594 2457 3643 erat
2506 3592 2564 3642 in
2596 3590 2860 3643 mamillis.
2919 3590 2987 3643 Ut
3046 3605 3149 3660 pro
3200 3590 3488 3643 voluntate
3546 3588 3760 3644 diaboli

2057 3676 2582 3743 circumferrentur,
2607 3678 2729 3732 haec
2760 3678 2962 3747 perdet
2993 3678 3270 3732 Dominus
3309 3678 3370 3731 in
3417 3678 3507 3731 die
3532 3678 3755 3748 judicii,

2056 3767 2145 3820 vel
2174 3767 2235 3820 in
2286 3766 2692 3835 praedicatione
2749 3766 3138 3835 apostolorum
3182 3783 3312 3820 cum
3357 3771 3554 3837 gentes
3581 3768 3652 3821 ad
3692 3768 3759 3821 ii-

2060 3854 2190 3907 dem
2226 3854 2506 3916 venerint,
2545 3858 2600 3906 et
2634 3853 2786 3907 idola
2816 3854 3160 3923 relinquent.

2124 3943 2290 3997 Vens.
2346 3945 2435 3998 29.
2486 3970 2544 3983 —
2615 3941 2901 3996 Canticum
2956 3944 3061 3995 erit
3119 3943 3289 3996 vobis.
3341 3944 3477 3996 Post
3528 3958 3757 4013 poenam

2060 4032 2341 4085 malorum
2372 4032 2491 4102 agit
2518 4031 2587 4085 de
2618 4030 2803 4101 gloria
2841 4034 3189 4084 sanctorum.
3223 4030 3378 4085 Sicut
3409 4030 3513 4085 ﬁlii
3562 4032 3757 4093 Israel,

2057 4120 2301 4175 transito
2333 4120 2476 4174 mari
2534 4119 2746 4185 Rubro,
2804 4136 2935 4173 cum
2986 4119 3255 4173 vidissent
3307 4120 3662 4174 Pharaonem
3706 4124 3761 4173 et

2063 4209 2349 4280 Aigyptios
2397 4208 2743 4271 submersos,
2795 4224 2925 4261 cum
2972 4208 3170 4262 ltetitia
3228 4208 3493 4262 dixerunt
3528 4212 3757 4265 :Cante-

2062 4315 2181 4353 mus
2212 4302 2451 4365 Domino,
2506 4299 2735 4365 gloriose
2786 4299 2946 4364 enim,
2988 4301 3091 4351 etc.
3130 4314 3143 4363 ;
3194 4297 3273 4350 sic
3304 4297 3363 4351 in
3408 4297 3499 4351 die
3533 4298 3756 4367 judicii,

2064 4387 2299 4440 transito
2322 4387 2534 4441 mundo
2565 4393 2619 4440 et
2649 4386 2919 4441 damnato
2958 4386 3185 4441 diabolo
3215 4392 3272 4440 et
3318 4386 3590 4440 membris
3621 4386 3760 4449 suis,

2063 4474 2243 4529 sancti
2273 4491 2402 4528 cum
2430 4475 2628 4529 Iustitia
2675 4475 3037 4529 exsultabunt
3061 4475 3119 4529 in
3172 4474 3270 4529 Dei
3325 4474 3629 4543 laudibus;
3662 4491 3756 4528 eo-

2063 4564 2195 4618 dem
2227 4564 2396 4618 modo
2427 4564 2485 4618 in
2509 4564 2878 4617 conversione
2908 4563 3191 4634 gentium.

2116 4654 2268 4709 Sicut
2321 4656 2415 4721 qui
2469 4654 2666 4721 pergit.
2711 4653 3064 4723 Praeceptum
3141 4657 3227 4707 est
3282 4652 3416 4706 tiliis
3474 4652 3667 4718 Israel,
3699 4657 3765 4705 ut

2062 4742 2343 4795 decimam
2372 4740 2655 4794 bonorum
2703 4756 2937 4794 suorum
2994 4742 3235 4795 Domino
3267 4742 3556 4808 offerrent,
3591 4742 3763 4795 Dato-

2060 4846 2181 4884 rem
2233 4831 2517 4884 bonorum
2575 4828 3014 4899 gloriﬁcantes:
3077 4830 3154 4883 sic
3200 4830 3378 4884 sancti
3437 4830 3495 4884 in
3543 4830 3761 4901 judicio

2061 4929 2305 4982 offerent
2370 4927 2697 4996 manipulos
2726 4942 2857 4979 suos
2913 4928 3259 4981 exsultantes
3316 4932 3374 4982 et
3431 4930 3610 4981 Deum
3638 4928 3760 4982 lau-

2058 5016 2276 5081 dantes,
2307 5021 2363 5068 et
2391 5020 2589 5085 gentes
2619 5030 2903 5068 conversze
2927 5016 3213 5071 similiter.

2122 5105 2281 5159 Vens.
2324 5107 2408 5159 33.
2455 5134 2523 5144 —
2570 5104 2879 5172 Sulphuris.
2914 5105 2975 5158 In
3026 5105 3252 5158 inferno
3292 5104 3439 5159 fetor
3483 5104 3761 5159 intolera-

2059 5193 2186 5247 bilis
2217 5197 2272 5248 et
2303 5193 2777 5263 inexstinguibilis
2810 5194 2981 5262 ignis.

2718 5274 2943 5329 CAPUT
3008 5275 3183 5330 XXXI.

2121 5364 2279 5417 Vens.
2358 5367 2405 5418 l.
2456 5394 2523 5403 —
2590 5366 2679 5418 Vae
2752 5366 2849 5433 qui
2928 5364 3256 5418 descendunt
3314 5366 3372 5417 in
3444 5366 3755 5433 Egyptum.

2055 5454 2179 5524 (ln.)
2213 5453 2335 5525 Egit
2360 5453 2429 5507 de
2463 5453 2647 5525 gloria
2694 5454 2978 5507 bonorum
3036 5458 3092 5507 et
3146 5453 3215 5508 de
3246 5468 3415 5524 poena
3473 5454 3760 5525 reprobo-

2055 5559 2205 5605 rum,
2250 5559 2397 5597 nunc
2426 5542 2726 5597 revertitur
2757 5543 2822 5596 ad
2880 5541 3150 5613 reliquias
3202 5558 3330 5613 qum
3362 5547 3764 5596 remanserunt
