4074 6186
329 261 465 315 1275

321 474 449 530 Sed‘
483 474 643 546 prius
702 474 928 529 monuit
970 489 1043 528 ne
1102 474 1255 528 irent
1310 473 1371 528 in
1426 476 1784 545 Egyptum:
1843 476 2017 529 modo

323 561 460 634 quia
483 562 676 617 ierunt
713 562 967 616 minatur
993 562 1226 615 malum.

390 653 513 707 Non
529 655 656 706 sunt
682 649 870 725 conﬁsi
897 665 1060 719 super
1115 654 1362 705 sanctum
1405 651 1603 705 Israel.
1662 651 1787 705 Non
1819 649 2019 722 exqui-

322 738 542 793 sierunt
571 726 763 799 corde,
789 738 887 793 sed
916 737 1100 792 verbis
1133 754 1147 803 ;
1204 738 1470 792 dixerunt
1524 738 1676 792 enim
1736 739 1805 792 ad
1855 740 2015 792 lere-

321 826 498 882 miam
525 843 538 880 :
574 827 684 883 Ora
711 843 809 895 pro
836 827 989 882 nobis
1021 829 1303 883 Dominum
1331 828 1468 895 quid
1494 842 1654 893 agere
1682 827 1965 882 debeamus
1989 828 2018 881 ?

319 919 375 969 et
396 916 707 970 noluerunt
755 915 1003 970 obedire.
1065 915 1167 973 Cui
1221 915 1453 970 simile:
1490 920 1657 971 Deum
1709 931 1816 970 non
1854 919 2016 971 invo—

319 1008 592 1059 caverunt.
625 1004 787 1068 Quod
822 1004 893 1058 de
922 1004 1087 1058 malis
1116 1004 1505 1059 sacerdotibus
1532 1004 1746 1057 dictum
1777 1009 1881 1057 est.

388 1093 554 1150 Vens.
590 1095 642 1146 2.
698 1123 766 1133 -
796 1094 916 1163 Ipse
969 1098 1152 1147 autem
1187 1096 1422 1162 sapiens.
1486 1093 1644 1147 Unde
1693 1092 2013 1147 .Icremias:

316 1180 638 1236 Maledictus
694 1181 847 1235 homo
898 1183 996 1251 qui
1020 1181 1243 1249 conﬁdit
1292 1183 1347 1234 in
1406 1181 1636 1248 homine,
1688 1188 1816 1246 etc.,
1850 1196 2018 1249 usque

317 1269 392 1324 ad
425 1270 581 1323 locus
624 1267 722 1322 ubi
768 1267 1070 1323 cruciﬁxus
1121 1273 1205 1323 est
1242 1268 1518 1322 Dominus
1576 1268 1898 1339 specialiter
1920 1284 2014 1323 vo-

317 1362 481 1412 catur
510 1357 744 1414 Sodoma
771 1360 822 1411 et
847 1359 1112 1426 Egyptus
1140 1357 1335 1425 (Apoc.
1365 1357 1467 1427 xx).

390 1446 556 1502 Vens.
590 1446 642 1500 4.
666 1475 734 1484 -
765 1446 905 1511 Quia
934 1446 1040 1500 haec
1087 1445 1243 1499 dicit.
1275 1445 1476 1515 (Hien.)
1509 1446 1623 1500 Hoc
1653 1445 1721 1500 de
1748 1445 1881 1512 illis,
1915 1444 2015 1515 qui

316 1550 444 1588 cum
475 1534 704 1590 Sedecia
736 1534 798 1588 in
842 1533 1232 1605 captivitatem
1278 1534 1453 1601 ducti,
1492 1538 1621 1605 post
1653 1533 2015 1604 septuaginta

317 1638 518 1689 annos,
606 1621 849 1677 Domino
909 1622 1238 1691 miserante,
1312 1623 1523 1677 reversi
1593 1622 1916 1688 sunt,cassis
1956 1621 2015 1675 in

318 1714 555 1783 ASgypto
615 1710 884 1765 Israelitis
938 1715 995 1764 et
1047 1709 1345 1781 Egyptiis,
1406 1709 1467 1763 in
1523 1725 1770 1781 quorum
1801 1709 2014 1764 auxilio

314 1800 700 1863 conﬁdebant.

386 1890 557 1945 Vens.
594 1890 645 1942 5.
678 1918 746 1929 —
774 1888 864 1944 Sic
916 1891 1155 1956 proteget
1195 1889 1475 1943 Dominus.
1522 1889 1605 1942 Ita
1650 1887 1781 1942 fecit
1829 1887 2017 1943 Domi-

314 1994 425 2032 nus
465 1981 666 2032 contra
721 1976 1124 2040 Samaritanos,
1180 1976 1278 2047 qui
1335 1975 1616 2046 impedire
1655 1976 1846 2030 conati
1883 1981 2018 2030 sunt

320 2065 761 2120 aediﬁcationem
789 2065 1011 2135 templi.
1054 2066 1121 2120 Et
1170 2063 1232 2118 in
1260 2070 1516 2136 tempore
1562 2065 2014 2120 Machabazorum

314 2151 376 2207 in
398 2153 597 2224 paucis
627 2154 838 2208 multos
867 2153 1034 2208 fudit.

386 2243 615 2298 Vehat}.
639 2272 708 2285 -
729 2244 1133 2299 Convertimini.
1150 2243 1213 2297 In
1237 2242 1561 2313 prophetia,
1588 2258 1691 2296 nec
1715 2241 2015 2312 temporis,

314 2345 420 2385 nec
449 2330 705 2385 historias
753 2329 1011 2385 ordinem
1046 2335 1253 2396 servat,
1304 2337 1437 2400 etc.,
1470 2346 1640 2400 usque
1690 2331 1765 2385 ad
1788 2331 1869 2385 sic
1899 2336 2017 2384 toto

315 2417 521 2472 affectu
559 2418 766 2472 mentis
796 2418 1068 2473 redirent.

385 2506 552 2562 Vens.
586 2509 638 2561 9.
673 2537 742 2545 -
770 2508 920 2574 Ignis
945 2512 1023 2561 est
1055 2510 1115 2560 in
1136 2508 1295 2561 Sion.
1341 2506 1500 2575 Sion,
1535 2507 1781 2561 Ecclesia
1814 2506 1872 2561 in
1903 2523 2016 2578 qua

313 2592 464 2664 ignis
485 2599 543 2648 et
570 2594 832 2648 caminus
865 2595 965 2667 qui
1023 2596 1257 2650 devoret
1294 2601 1640 2666 peccatores,
1705 2594 1918 2651 scilicet
1953 2595 2018 2650 li-

314 2697 447 2753 gna,
480 2681 700 2749 fenum,
733 2683 1120 2754 stipulamque
1150 2689 1465 2738 consumat.

953 2773 1178 2827 CAPUT
1208 2773 1408 2827 XXXII.

384 2860 542 2913 Vens.
580 2863 628 2913 l.
665 2889 722 2900 —
760 2863 890 2916 Ecce
909 2863 969 2914 in
1013 2862 1231 2930 justitia
1285 2860 1554 2927 regnabit.
1591 2860 1803 2929 (Ηιειι.)
1827 2859 2014 2916 Finita

936 259 1332 318 WALAFBIDI
1373 261 1618 318 STRABI
1658 261 1857 318 FULD.
1908 262 2075 319 HON.
2119 262 2277 320 OPP.
2327 263 2500 320 PARS
2538 264 2587 320 Ι.
2634 292 2703 304 -
2740 263 3204 321 THEOLOGICA.

326 383 572 441 interra
593 384 764 454 lude,
791 384 962 440 ducto
1014 384 1247 441 Sedecia
1289 389 1347 439 et
1392 385 1522 439 aliis
1556 384 1618 439 in
1643 385 2011 457 Babylonem.
2044 387 2091 441 Α

3704 268 3719 320 1
3736 268 3848 319 276

2232 387 2536 443 Desertum.
2589 386 2851 443 Solitudo
2904 386 3121 442 scilicet
3174 386 3436 459 gentium
3489 391 3746 443 vertetur
3780 388 3845 442 in

2131 475 2358 530 divitias
2396 476 2587 543 Israel,
2620 480 2676 530 et
2714 476 2883 531 Israel
2901 476 3263 546 reputabitur
3305 476 3363 531 in
3395 482 3617 548 gentes.

2203 567 2363 621 Vens.
2398 569 2484 621 17.
2517 595 2587 606 -
2619 567 2699 621 Et
2724 566 2900 620 cultus
2938 566 3195 634 justitiz,
3230 565 3300 621 Ut
3327 565 3387 620 in
3430 564 3658 620 silentio
3709 581 3837 619 ore-

2128 669 2274 723 mus,
2305 653 2505 709 nonin
2529 653 2752 724 plateis,
2785 669 2901 708 non
2939 655 3287 721 clamantes,
3308 669 3424 707 non
3482 652 3543 707 in
3589 654 3843 707 multilo-

2127 758 2283 813 quio.

2198 833 2368 889 Vens.
2404 835 2493 887 l8.
2545 861 2614 873 —
2649 833 2719 887 In
2749 831 3137 887 tabernaculis.
3178 830 3307 901 (10.)
3335 831 3456 885 Jam
3487 830 3546 884 in
3582 831 3840 887 mansio-

2127 918 2296 974 nibus
2338 919 2464 973 caeli
2511 918 2868 974 conﬁdenter
2915 918 3149 984 habitat,
3194 918 3387 972 unde:
3420 921 3485 973 In
3530 919 3687 973 domo
3725 921 3836 974 Pa-

2127 1007 2230 1060 tris
2274 1007 2381 1060 mei
2434 1007 2738 1060 mansiones
2794 1006 2976 1059 multae
3029 1009 3156 1058 sunt
3200 1007 3377 1070 (Joan.
3425 1012 3539 1072 XIV)
3579 1008 3740 1071 ;vel,
3772 1007 3838 1061 in

2124 1093 2388 1149 Ecelesiis
2408 1110 2537 1165 quae
2566 1093 2626 1148 in
2660 1093 2899 1148 Domino
2928 1093 3274 1148 ﬁducialiter
3301 1098 3551 1165 sperant.

2196 1184 2360 1238 Vens.
2398 1187 2481 1239 19.
2505 1213 2574 1222 ——
2608 1183 2846 1249 Grando,
2903 1182 3069 1254 quasi
3105 1182 3323 1239 diceret
3352 1199 3365 1237 :
3403 1184 3543 1239 Cum
3583 1184 3843 1255 populus

2128 1273 2479 1328 Christianus
2529 1272 2591 1326 in
2627 1270 3057 1342 pulchritudine
3114 1272 3270 1343 pacis
3296 1272 3524 1340 sederit,
3582 1277 3723 1326 tunc
3752 1270 3844 1325 ira

2130 1362 2229 1416 Dei
2257 1362 2318 1416 in
2347 1362 2558 1416 saltum
2579 1361 2792 1416 saeviet.

2199 1449 2358 1504 Vens.
2386 1452 2568 1504 2Ο.-
2615 1450 2773 1504 Beati
2823 1450 2920 1518 qui
2980 1450 3281 1503 seminatis.
3324 1448 3458 1518 (ῐυ.)
3510 1447 3573 1501 In
3616 1446 3844 1517 exposi-

2124 1537 2284 1592 tione
2324 1536 2690 1592 Ecclesiastis.
2727 1536 2828 1592 Ille
2879 1535 3156 1608 magister
3214 1536 3425 1607 dignus
3477 1535 3843 1590 beatitudine

2124 1626 2388 1687 habetur.
2421 1625 2521 1698 qui
2545 1641 2718 1695 super
2760 1625 3049 1695 irriguum
3080 1628 3276 1695 pectus
3318 1624 3565 1679 seminat
3604 1623 3843 1678 audien-

2124 1714 2293 1781 tium,
2329 1719 2448 1769 tam
2469 1713 2540 1769 de
2567 1713 2777 1769 Iudaeis
2828 1729 3001 1785 quam
3052 1713 3122 1768 de
3153 1713 3422 1785 gentibus
3451 1712 3665 1784 populo
3694 1729 3838 1766 cou-

2126 1808 2385 1875 gregato.

2768 1873 2993 1929 CAPUT
3033 1873 3258 1928 XXXIII.

2197 1981 2356 2035 Vens.
2417 1984 2468 2036 1.
2515 2011 2585 2020 -
2637 1982 2730 2036 Va:
2771 1982 2868 2049 qui
2923 1981 3214 2049 przdaris.
3256 1978 3389 2050 (ln.)
3449 1980 3660 2035 Contra
3698 1977 3836 2032 Sen-

2126 2069 2430 2123 nacherib:
2483 2075 2725 2140 possunt
2769 2069 2891 2124 haec
2921 2069 3091 2122 etiam
3128 2068 3326 2124 referri
3372 2068 3444 2123 ad
3512 2067 3837 2139 quemlibet

2125 2162 2417 2229 raptorem
2439 2163 2496 2212 et
2523 2159 2596 2213 ad
2627 2158 2815 2229 ipsum
2845 2158 3159 2213 diabolum.

2197 2248 2352 2303 Vens.
2387 2250 2441 2302 2.
2487 2278 2557 2287 -
2588 2248 2836 2311 Domine,
2888 2249 3138 2302 miserere
3187 2247 3377 2301 nostri.
3435 2245 3556 2315 (10.)
3607 2247 3670 2299 lu
3699 2260 3835 2314 per-

2124 2353 2264 2390 sona
2289 2335 2488 2408 populi
2518 2336 2733 2390 obsessi
2762 2351 2796 2388 a
2849 2335 3256 2402 Sennacherib,
3303 2334 3390 2388 vel
3431 2333 3651 2406 potius,
3692 2350 3834 2403 apo-

2126 2427 2409 2480 stolorum
2437 2430 2494 2479 et
2521 2424 2786 2479 omnium
2813 2423 3094 2478 ﬁdelium.

2194 2516 2372 2569 Mane.
2405 2513 2513 2578 Qui
2545 2513 2614 2567 de
2662 2511 2916 2567 exemita
2962 2511 3345 2569 Sennecherib
3376 2512 3787 2565 remanserunt
3818 2525 3835 2575 ;

2123 2602 2305 2657 socios
2334 2606 2592 2657 mortuos
2624 2601 2889 2656 viderunt
2926 2605 2983 2655 et
3009 2599 3070 2654 in
3097 2600 3292 2670 fugam
3323 2598 3469 2652 versi
3499 2602 3654 2652 sunt.

2198 2692 2355 2747 Vens.
2390 2694 2441 2746 3.
2484 2720 2553 2731 —
2583 2690 2796 2757 Angeli.
2827 2688 3116 2744 Michaelis
3145 2688 3374 2751 scilicet,
3431 2688 3532 2758 qui
3562 2686 3836 2756 princeps

2120 2779 2474 2846 Iudaeorum,
2503 2778 2592 2832 vel
2619 2777 2914 2844 Gabrielis,
2946 2776 3219 2831 fortitudo
3245 2781 3301 2831 et
3328 2777 3441 2831 dux
3472 2774 3831 2846 praeliorum.

2192 2868 2352 2922 Vens.
2411 2868 2465 2922 4.
2513 2896 2585 2907 -
2639 2867 2905 2921 Bruchus.
2964 2866 3045 2920 Ex
3075 2865 3295 2919 locusta
3347 2864 3599 2919 bruchus
3642 2864 3832 2918 nasci-

314 2947 620 3018 prophetia
650 2948 719 3002 de
750 2949 840 3003 his
870 2949 969 3018 qui
995 2949 1054 3002 in
1092 2950 1399 3019 AEgyptum
1460 2948 1891 3014 descenderant,
1922 2948 2010 3011 in-
2044 2947 2085 3002 C
2124 2960 2239 3020 tur,
2267 2960 2398 3022 etc.,
2428 2970 2599 3024 usque
2623 2955 2697 3007 ad
2723 2958 2966 3009 mortuae
2997 2953 3169 3008 etiam
3202 2952 3445 3007 bruchos
3470 2952 3737 3023 gignant.

314 3033 455 3104 cipit
483 3035 553 3089 de
583 3036 829 3090 adventu
855 3036 1065 3092 Christi
1098 3042 1154 3090 et
1181 3037 1578 3107 apostolorum
1622 3036 1763 3107 ejus.

387 3124 543 3179 Vens.
590 3127 643 3179 2.
677 3156 746 3164 —
775 3126 857 3180 Et
908 3128 1011 3180 erit
1041 3127 1127 3179 vir
1162 3128 1323 3180 sicut.
1373 3127 1495 3195 (ιθ.)
1528 3126 1700 3191 Quasi
1758 3126 2010 3181 diceret:

315 3211 405 3267 Sic
430 3212 537 3266 erit
567 3218 726 3267 tutus
751 3214 812 3268 in
858 3214 1345 3278 tribulationibus,
1396 3214 1541 3268 sicut
1565 3213 1667 3285 qui
1695 3219 1930 3269 ventum
1960 3219 2017 3268 et

315 3301 606 3356 turbinem
635 3302 861 3373 fugiens
891 3308 1014 3356 tuto
1045 3319 1104 3356 se
1135 3302 1437 3356 abscondit
1486 3303 1645 3369 loco;
1679 3307 1735 3356 et
1764 3302 1865 3374 qui
1892 3302 2010 3356 fon-

315 3395 401 3445 tes
428 3390 768 3460 purissimos
790 3391 1007 3444 invenit
1035 3390 1096 3444 in
1127 3391 1354 3445 deserto
1382 3407 1397 3456 ;
1431 3391 1534 3463 qui
1584 3391 1718 3445 solis
1751 3392 2013 3447 ardorem

315 3495 484 3533 suum
517 3480 869 3550 prominenti
901 3480 1111 3534 devitat
1141 3496 1297 3534 saxo.

387 3567 553 3620 Vens.
614 3570 665 3622 9.
723 3596 793 3607 —
848 3569 1117 3623 Mulieres.
1194 3569 1316 3638 (lo.)
1367 3570 1651 3624 Matronas
1702 3570 2016 3641 alloquitur

314 3654 684 3724 captivandas
713 3656 1037 3711 aRomanis
1094 3662 1156 3711 ut
1194 3656 1552 3726 pwniteant;
1587 3659 1693 3721 vel,
1748 3675 1851 3729 per
1880 3674 2014 3714 mu-

313 3741 483 3797 lieres
514 3744 845 3816 Synagogas
893 3751 1074 3812 notat,
1134 3747 1219 3800 vel
1284 3746 1452 3801 urbes
1492 3746 1722 3801 Judaaas.
1764 3749 2014 3803 Mulieres

312 3833 595 3901 opulenta,
622 3838 826 3901 surgite
856 3850 869 3888 :
921 3837 1054 3889 Post
1082 3835 1439 3890 vocationem
1497 3836 1776 3905 gentium,
1806 3835 2014 3909 quibus

315 3920 570 3976 Christus
600 3922 657 3975 in
674 3923 898 3992 justitia
928 3923 1249 3994 imperavit,
1308 3925 1375 3978 ad
1408 3924 1679 3978 mulieres
1710 3925 2013 3995 opulentas

314 4026 502 4064 sermo
533 4009 817 4081 dirigitur.

385 4099 542 4153 Vens.
579 4102 663 4153 10.
688 4128 756 4140 -
785 4102 909 4155 Post
939 4100 1055 4155 dies
1086 4106 1134 4154 et
1164 4106 1384 4155 annum.
1451 4100 1608 4154 Unde
1642 4117 1654 4154 :
1703 4104 1834 4156 Ecce
1871 4117 2011 4157 nunc

547 4190 909 4279 acceptabile,
933 4204 1047 4279 ecce
1086 4205 1228 4244 nunc
1257 4189 1371 4244 dies
1402 4190 1596 4244 salutis
1637 4192 1705 4255 (ll
1744 4192 1863 4246 Cor.
1896 4190 1969 4261 vn)
1993 4209 2008 4259 ;
2036 4225 2081 4279 Β

313 4278 370 4328 et
390 4274 521 4329 alibi
553 4291 565 4328 :
600 4276 819 4330 Annum
851 4277 1171 4345 placabilem
1200 4279 1424 4332 Domino
1464 4279 1595 4340 (Isa.
1619 4278 1747 4344 LXI).

383 4364 508 4417 Post
536 4362 669 4418 dies.
705 4363 765 4418 Id
795 4369 881 4418 est
926 4364 1392 4434 praedicationem
1445 4364 1669 4419 Christi.
1719 4366 1826 4429 Qui
1856 4366 2010 4421 enim

313 4449 737 4519 impasnitentes
789 4452 1042 4521 fuerunt,
1091 4452 1196 4506 etsi
1245 4468 1362 4507 non
1421 4453 1572 4507 illico
1610 4454 1899 4525 captivati,
1932 4459 2015 4509 ta-

315 4554 449 4592 men
481 4538 634 4592 illico
659 4540 1004 4607 conturbati,
1025 4541 1161 4612 quia
1213 4541 1522 4596 noluerunt
1570 4541 1828 4612 recipere
1860 4559 2011 4613 pra:—

313 4626 658 4682 dicationem
686 4628 936 4682 Domini.

388 4716 553 4770 Vens.
606 4718 690 4771 12.
727 4744 796 4757 -
846 4717 1019 4786 Super
1078 4718 1245 4771 ubera
1282 4718 1547 4786 plangite.
1594 4719 1756 4774 Filiae
1793 4721 2012 4774 Jerusa-

313 4805 434 4868 lem,
464 4805 631 4859 notite
686 4807 811 4872 flere
852 4820 1017 4875 super
1069 4822 1170 4874 me,
1219 4807 1314 4861 sed
1361 4820 1529 4876 super
1569 4822 1659 4862 eos
1698 4809 1846 4877 ipsas
1874 4811 2011 4876 ﬂete,

312 4898 363 4947 et
391 4908 555 4963 super
570 4893 708 4961 ﬁlios
739 4897 959 4947 vestros.

385 4983 547 5035 Vens.
576 4982 658 5035 14.
704 5009 762 5021 -—
809 4982 1171 5050 Onagrorum.
1233 4982 1360 5051 (ῐυ.)
1400 4981 1798 5047 Quorumlibet
1839 4984 2015 5053 sylve-

313 5070 516 5125 strium
551 5068 888 5135 animalium
912 5076 971 5124 et
997 5071 1213 5139 avium,
1244 5087 1374 5141 qua:
1414 5070 1491 5125 ibi
1548 5071 1720 5141 longo
1752 5076 2014 5142 tempore

315 5159 735 5213 habitaverunt.

386 5246 548 5302 Vens.
586 5250 668 5302 15.
722 5277 790 5286 -
844 5249 1019 5302 Donec
1075 5247 1416 5315 effundatur.
1476 5247 1721 5317 Spiritus
1764 5252 2012 5316 sanctus,
2056 5282 2061 5285 -

313 5334 660 5403 pradicante
693 5336 812 5391 Elia
840 5342 897 5391 et
928 5337 1136 5403 Enocb,
1169 5335 1476 5390 descendat
1513 5351 1688 5405 super
1715 5352 1837 5398 nos,
1870 5336 2016 5390 sicut

314 5420 376 5475 in
422 5422 750 5478 Pentecoste
807 5440 981 5494 super
1029 5425 1336 5494 apostolos.
1387 5424 1665 5495 Adjuogit
1722 5428 1914 5479 autem
1954 5440 2013 5479 se

322 5510 606 5580 propheta
635 5512 1036 5582 compatiendo
1065 5513 1199 5567 illis.

2196 3045 2357 3099 Vens.
2390 3046 2442 3097 6.
2485 3073 2551 3083 -—
2612 3045 2758 3097 Tuis.
2789 3042 2833 3098 Ο
2882 3043 3159 3110 Ezechia;
3219 3042 3308 3096 vel
3362 3040 3480 3095 suis
3508 3040 3834 3095 secundum

2122 3133 2287 3200 alios,
2318 3132 2533 3187 scilicet
2553 3131 2782 3186 liberati
2810 3131 3031 3201 populi.

2192 3221 2346 3288 Ejus.
2375 3219 2585 3288 (Ηιειι.)
2610 3217 2837 3273 Scilicet
2864 3218 3061 3272 salutis
3086 3234 3099 3272 :
3124 3217 3244 3271 sine
3286 3216 3493 3271 timore
3536 3214 3696 3269 enim
3725 3231 3831 3269 ne-

2123 3324 2235 3379 que
2258 3306 2560 3377 sapientia,
2591 3322 2777 3378 neque
2806 3306 3043 3362 scientia
3072 3305 3387 3377 quidquam
3427 3304 3681 3374 prodest,
3710 3318 3833 3356 un-

2123 3396 2229 3451 de:
2264 3397 2494 3451 Habebis
2525 3396 2698 3450 multa
2746 3395 2886 3449 bona
2913 3397 2965 3449 si
3010 3396 3256 3449 timueris
3312 3396 3477 3448 Deum
3508 3392 3662 3459 (Tob.
3698 3391 3776 3459 iv)
3812 3406 3829 3455 ;

2123 3490 2213 3540 et:
2250 3487 2477 3540 Initium
2504 3486 2789 3552 sapientiae
2811 3485 2972 3538 timor
3004 3485 3215 3538 Domini
3243 3482 3409 3552 (Psal,
3443 3479 3550 3549 cx).

2193 3576 2354 3629 Vens.
2389 3577 2441 3629 8.
2473 3603 2542 3614 —
2572 3576 2815 3629 Pactum.
2874 3572 3032 3635 Quod
3080 3571 3306 3642 pepigit
3362 3568 3637 3625 Dominus
3691 3583 3829 3622 cum

2121 3663 2431 3731 Abraham,
2490 3661 2749 3715 scilicet:
2804 3661 3178 3730 Multiplicabo
3241 3674 3416 3714 semen
3471 3661 3622 3712 tuum
3681 3659 3832 3711 sicut

2119 3753 2305 3817 stellae,
2336 3757 2443 3805 etc.
2500 3753 2654 3818 (Gen.
2715 3753 2852 3818 χχιι)
2885 3766 2899 3815 ;
2934 3754 2992 3803 et
3046 3748 3179 3802 alibi
3214 3765 3227 3802 :
3279 3745 3586 3803 Habitabis
3624 3747 3684 3798 in
3714 3746 3828 3799 loco

2119 3841 2223 3892 isto
2248 3838 2439 3892 amodo
2476 3844 2526 3893 et
2555 3854 2726 3907 usque
2744 3840 2803 3891 in
2824 3839 3209 3905 sempiternum
3236 3836 3417 3902 (lacn.
3460 3837 3569 3899 χι).

2193 3927 2352 3982 Vens.
2387 3930 2439 3981 9.
2469 3957 2541 3966 —
2586 3926 2848 3981 Libanus.
2876 3926 3178 3995 Templum
3206 3941 3218 3978 :
3275 3926 3477 3987 Basan,
3511 3921 3691 3989 Regio
3714 3922 3821 3989 Og,

2120 4031 2294 4085 quam
2325 4014 2483 4069 dedit
2513 4015 2729 4085 Moyses
2758 4019 2917 4069 trans
2942 4014 3252 4068 Jordanem
3285 4011 3504 4066 duabus
3553 4009 3824 4064 tribubus

2119 4109 2175 4157 et
2193 4103 2448 4158 dimidia:
2482 4104 2647 4157 :hasc
2701 4118 2930 4173 quoque
2975 4101 3285 4157 uberrima.
3331 4099 3622 4157 Carmelus
3652 4113 3829 4153 mons

2120 4197 2291 4247 terra:
2319 4190 2721 4262 promissionis
2760 4190 3164 4245 fertilissimus.
3198 4191 3304 4243 Per
3331 4189 3454 4243 hinc
3477 4203 3615 4257 ergo
3643 4186 3824 4241 debe-

2121 4296 2248 4334 mus
2273 4280 2595 4350 intelligere
2623 4279 2850 4334 Judasos
2875 4295 3106 4334 omnem
3141 4277 3492 4333 fertilitatem
3536 4274 3823 4329 amisisse.

2191 4369 2354 4423 Vens.
2389 4370 2560 4422 14.-
2591 4370 2723 4435 Quis
2753 4370 2971 4438 poterit.
3042 4368 3142 4421 Dei
3200 4364 3490 4437 magnalia
3541 4368 3741 4418 narrat
3769 4368 3828 4417 et

2126 4458 2306 4512 Deum
2335 4457 2532 4528 ignem
2562 4461 2740 4510 vocat.

2191 4547 2353 4599 Vens.
2428 4549 2512 4599 l7.
2585 4574 2655 4587 —
2697 4548 2945 4599 Terram.
3015 4542 3360 4598 Viventium.
3430 4542 3593 4595 Beati
3643 4543 3823 4605 mites,

2121 4636 2379 4703 quoniam
2404 4636 2515 4703 ipsi
2558 4634 2912 4703 possidebunt
2963 4638 3189 4697 terram,
3221 4632 3308 4686 vel
3365 4631 3428 4685 in
3455 4630 3597 4685 ccelo
3628 4630 3825 4701 positi,

2120 4728 2348 4777 terrena
2376 4722 2720 4792 despiciunt.

2202 4810 2364 4864 Vens.
2395 4812 2484 4864 20.
2532 4839 2605 4851 —
2656 4810 3083 4864 Tabernaculum
3136 4808 3303 4876 quod.
3361 4808 3483 4873 (1ο.)
3532 4805 3826 4861 Taberna-

2123 4897 2316 4951 culum
2374 4896 2527 4967 quod
2582 4896 2910 4951 habuerunt
2959 4895 3143 4950 Judaei
3197 4911 3299 4965 per
3354 4910 3635 4960 eremum,
3688 4900 3824 4962 etc.,

2123 5000 2293 5055 usque
2320 4985 2396 5038 ad
2428 4984 2673 5039 Ecclesia
2711 4989 2903 5039 autem
2947 4983 3263 5038 immobilis
3314 4982 3550 5038 fundata
3609 4988 3699 5038 est
3732 4999 3828 5037 su-

2121 5090 2228 5145 pra
2258 5073 2485 5128 ﬁrmam
2511 5078 2755 5145 petram.

2186 5162 2348 5216 Vens.
2379 5164 2467 5215 22.
2505 5191 2574 5202 -
2632 5163 2888 5216 Dominus
2939 5163 3101 5216 enim.
3161 5161 3287 5230 (ιο.)
3333 5160 3610 5215 Judicabit
3647 5161 3831 5214 orbem

2122 5255 2279 5305 terra:
2304 5253 2364 5304 in
2385 5250 2628 5319 justitia.
2816 5320 2822 5326 ⁸

2187 5340 2349 5393 Vens.
2381 5342 2468 5392 23.
2504 5368 2574 5380 -
2620 5340 2825 5393 ιαωαιί
2872 5343 2999 5394 sunt
3053 5340 3292 5406 funiculi
3348 5340 3449 5404 tui,
3504 5340 3611 5392 etc.
3662 5336 3835 5392 Redit

2124 5428 2194 5482 ad
2252 5433 2540 5482 terrenam
2582 5428 2920 5494 Jerusalem,
2953 5432 3009 5481 et
3056 5428 3309 5503 loquitur
3345 5426 3415 5481 de
3444 5442 3513 5479 ea
3557 5425 3666 5478 sub
3696 5442 3831 5494 spe-

2124 5515 2211 5570 cie
2249 5514 2409 5570 navis
2440 5531 2454 5569 :
2488 5515 2785 5586 superiora
2817 5515 2966 5570 dicta
3022 5521 3155 5570 sunt
3201 5516 3270 5570 de
3308 5513 3447 5569 urbe
3498 5513 3831 5568 solemuita~
