4074 6186
214 222 342 276 I277

1354 224 1605 282 GLOSSA
1644 225 2042 282 0RDINARIA.
2084 255 2152 266 —-
2196 227 2319 282 LIB.
2365 226 2584 282 ISAIzE.

3580 234 3711 288 I278

207 343 279 398 tis
312 348 543 411 nostrae,
606 360 779 416 quam
831 344 1108 400 Dominus
1159 345 1346 400 fluviis
1405 348 1521 400 suis
1569 349 1901 404 circumdat.
1933 351 1980 404 Α
2020 349 2198 404 editio
2230 366 2242 403 :
2279 350 2460 404 Facite
2489 351 2639 421 quod
2673 350 2832 406 vobis
2865 351 3003 406 utile
3035 356 3140 420 est,
3174 355 3236 406 ut
3272 367 3366 408 me
3421 353 3710 426 recipiatis
3731 393 3736 422 _-

815 435 943 488 CAP
958 435 1043 488 UT
1082 436 1299 490 XXXIV.

281 521 449 574 Vens.
484 521 536 574 ςι.
593 522 776 576 Omnis
828 524 1030 576 militia
1083 525 1349 577 ccelorum.
1413 527 1618 594 (them)
1676 525 1792 591 Sol,
1852 529 1908 579 et

209 607 358 673 lana,
439 614 496 661 et
553 610 732 662 stellae
793 610 1086 664 obscurari
1140 610 1503 679 videbuntur,
1559 615 1904 667 clarescente

208 712 338 749 vera
372 697 508 758 luce,
561 714 688 766 quae
718 703 803 751 est
851 699 1124 752 Christus.
1161 699 1405 769 Spiritus
1466 719 1694 773 quoque
1748 703 1901 768 mali,

210 785 416 838 amissa
449 790 747 855 potestate,
782 786 841 839 in
872 786 1096 840 inferno
1122 787 1508 842 recludentur.

277 875 356 927 Et
387 875 848 942 compiicabuniur
902 877 1044 929 sicut
1091 877 1245 930 liber.
1314 879 1437 931 Non
1481 878 1694 932 scilicet
1745 879 1900 934 inte-

208 961 344 1023 rior,
381 968 506 1023 etc.,
539 978 704 1030 usque
733 963 806 1016 ad
831 963 972 1017 nihil
1004 964 1154 1017 enim
1175 972 1372 1034 postea
1404 966 1683 1020 scribetur
1713 967 1771 1020 in
1800 968 1900 1022 eis.

286 1051 444 1102 Vens.
511 1054 562 1103 6.
612 1081 680 1088 —
734 1053 808 1104 In
859 1055 1039 1105 Bosra.
1094 1053 1219 1122 (Ιυ.)
1283 1054 1343 1106 In
1401 1055 1626 1108 civitate
1705 1057 1904 1112 mundi

209 1144 410 1190 contra
438 1139 614 1191 Deum
655 1145 899 1193 munita.
962 1142 1134 1195 Bosra
1191 1142 1344 1195 enim
1395 1144 1636 1209 munita,
1691 1147 1776 1200 vel
1837 1163 1901 1200 ex

212 1227 352 1290 Deo;
421 1227 666 1280 mundus
727 1229 880 1281 enim
942 1230 1231 1282 voluntate
1292 1231 1520 1285 Domini
1601 1233 1898 1300 tirmatur;

212 1315 399 1368 unde:
451 1317 580 1384 Ipse
625 1331 788 1384 super
837 1320 1017 1370 maria
1063 1318 1325 1383 fundarit
1365 1334 1521 1371 eum:
1598 1324 1692 1372 et:
1789 1322 1903 1387 Ego

207 1406 524 1472 confirmavi
586 1406 864 1458 columnas
935 1407 1071 1474 ejus.
1144 1408 1374 1460 Bosram
1424 1413 1478 1460 et
1548 1408 1742 1473 Edoni,
1797 1411 1899 1463 lle-

206 1490 496 1545 brteorum
531 1492 810 1563 magistri,
846 1495 1082 1547 Romam
1115 1495 1313 1548 volunt
1359 1496 1624 1567 intelligi,
1659 1502 1715 1552 et
1777 1516 1899 1553 om-

208 1580 305 1633 nia
336 1581 406 1634 de
437 1580 560 1650 ipsa
601 1581 710 1634 dici
743 1599 870 1652 quae
903 1583 1168 1653 sequenti
1201 1585 1568 1639 continentur
1625 1589 1896 1656 capitulo.

284 1670 440 1723 Vens.
475 1673 526 1724 8.
550 1699 619 1709 —
662 1670 798 1735 Quia
825 1672 938 1724 dies
985 1673 1220 1726 ultionis‘
1265 1676 1476 1727 Domini
1507 1690 1687 1728 annus
1741 1679 1901 1730 retri-

210 1757 465 1812 butionis.
495 1760 625 1812 Post
664 1761 992 1828 generalem
1028 1760 1228 1815 mundi
1286 1762 1582 1830 ultionem,
1614 1765 1681 1818 ad
1738 1767 1901 1818 Jeru-

209 1847 384 1899 salem
421 1847 746 1911 revertitur,
780 1849 870 1901 cui
898 1848 1150 1918 primum
1205 1850 1551 1920 loquebatur
1581 1856 1636 1905 et
1684 1854 1904 1906 destru-

210 1935 458 1988 ctionem
532 1935 654 2005 ejus
700 1936 872 2005 plano
925 1953 1187 1991 sermone
1218 1938 1504 2006 describit,
1549 1955 1677 2010 quae
1762 1943 1905 1996 facta

142 2060 147 2064 -
209 2029 294 2077 est
321 2041 350 2076 a
375 2024 666 2081 Romanis.

282 2114 448 2166 Vens.
483 2118 563 2168 ll.
596 2115 805 2170 —Ibis
885 2117 1016 2170 Avis
1067 2118 1329 2188 aquatica
1376 2120 1738 2188 serpentibus
1790 2120 1902 2174 ini-

210 2202 396 2255 mica:
432 2203 534 2256 has
567 2221 694 2257 aves
722 2205 859 2258 dicit
915 2206 1191 2276 Iosephus
1250 2224 1280 2259 a
1331 2208 1515 2278 Moyse
1568 2209 1784 2262 delatas
1843 2209 1905 2263 in

207 2288 422 2343 bellum
451 2297 646 2344 contra
698 2293 1020 2362 Ethiopes;
1085 2294 1219 2364 quia
1265 2299 1558 2365 serpentes
1613 2294 1908 2348 abundant

207 2379 268 2431 in
301 2385 446 2432 terra
475 2380 570 2433 illa
603 2397 705 2449 per
734 2398 908 2451 quam
943 2383 1198 2436 aditurus
1229 2388 1380 2438 erat.

283 2467 438 2520 Vens.
507 2471 586 2520 12.
647 2498 716 2507 ——
764 2470 979 2524 Nobiles
1037 2471 1174 2539 ejus.
1235 2471 1490 2540 Apostoli
1557 2471 1710 2525 enim
1783 2472 1905 2542 jam

209 2556 557 2608 transierant
585 2556 652 2608 ad
687 2560 886 2624 gentes
920 2574 932 2610 :
969 2557 1066 2610 alii
1112 2558 1307 2611 ﬁdeles
1338 2558 1726 2613 admonitione
1781 2560 1905 2629 Spi-

208 2641 354 2694 ritus
385 2642 586 2710 sancti,
619 2641 958 2696 imminente
995 2644 1344 2712 captivitate,
1375 2645 1728 2700 trausierunt
1781 2648 1904 2700 Jor-

208 2730 418 2783 danem
452 2731 510 2783 in
541 2747 786 2800 regnum
811 2732 1080 2803 Agrippa:
1107 2733 1204 2803 qui
1236 2749 1437 2804 pacem
1477 2735 1722 2789 habebat
1777 2751 1904 2788 eum

210 2819 503 2872 Romanis.

829 2891 1052 2945 CAPUT
1092 2891 1285 2947 XXXV.

286 2995 459 3048 Vens.
525 2999 571 3048 l.
619 3025 686 3034 —
733 2997 1051 3050 Laetabitur.
1111 2998 1372 3068 Exposita
1428 2998 1752 3070 captivitate
1809 3001 1907 3053 Ju-

211 3083 534 3148 dseoruum,
559 3084 678 3154 agit
701 3084 768 3136 de
801 3085 1168 3139 conversione
1200 3087 1479 3156 gentium.

287 3173 444 3226 Vens.
478 3176 530 3224 2.
590 3203 658 3211 -—
690 3174 890 3226 Sarou.
925 3175 1124 3245 Populi
1149 3175 1509 3241 Iudaeorum;
1561 3177 1748 3230 unde:
1779 3179 1910 3232 Erit

211 3261 386 3316 Saron
408 3265 549 3315 sicut
578 3261 847 3316 desertum
879 3263 1014 3328 ([sa.
1046 3263 1235 3333 xxxu).

282 3350 446 3403 Vens.
482 3353 534 3402 7.
568 3379 638 3389 —
677 3351 834 3402 Viror
863 3351 1082 3404 calami.
1121 3351 1385 3420 Impletio
1416 3351 1747 3422 Scripturze,
1780 3369 1910 3422 qua:

209 3453 314 3506 per
343 3439 668 3505 calamum;
712 3443 769 3490 et
798 3437 1135 3491 intentionis
1191 3439 1563 3509 adjutorium,
1623 3457 1752 3511 quae
1807 3458 1911 3511 per

202 3527 448 3596 juncum
484 3543 496 3578 :
528 3528 778 3595 calamus
800 3527 951 3580 enim
988 3529 1267 3597 etjuncus
1291 3529 1452 3598 juxta
1483 3545 1661 3600 aquas
1712 3529 1906 3584 oriun-

211 3618 307 3668 tur
333 3617 388 3667 et
427 3613 630 3667 virent.

817 3685 1043 3738 CAPUT
1084 3685 1301 3738 XXXVI.

287 3790 449 3843 Vens.
533 3793 685 3844 1.-
715 3791 792 3843 Ει
821 3794 1032 3856 factum
1081 3795 1178 3843 est.
1226 3790 1430 3859 (Ilien)
1486 3790 1633 3844 Libri
1691 3793 1910 3863 [legum

215 3882 273 3931 et
304 3879 866 3948 Paralipomenorum
889 3878 1273 3945 consentiunt,
1303 3882 1436 3946 etc.,
1461 3895 1626 3947 usque
1649 3881 1722 3934 ad
1751 3881 1910 3934 Jeru-

216 3967 393 4020 salem
435 3967 675 4021 obsedit.

292 4056 448 4108 Vens.
501 4059 550 4110 3.
586 4084 654 4094 —
683 4055 882 4111 Sobua.
913 4055 1036 4125 (In)
1067 4053 1258 4109 Sobna
1307 4055 1508 4120 scriba,
1573 4057 1740 4125 alius,
1801 4074 1912 4112 non

217 4145 516 4214 superbus,
551 4145 707 4215 quia,
755 4147 817 4197 ut
855 4144 1091 4198 tradunt
1147 4145 1390 4212 Hebraei,
1460 4145 1909 4198 comminatione

219 4231 484 4286 Rabsacis
567 4232 921 4302 perterritus,
987 4231 1315 4286 inferiorem
1386 4239 1606 4301 partem
1671 4231 1911 4285 civitatis

219 4319 474 4386 tradidit,
507 4337 633 4375 arce
667 4326 998 4374 remanente
1031 4326 1086 4374 et
1119 4323 1350 4391 templo.

294 4410 452 4463 Vens.
486 4410 537 4462 4.
562 4439 630 4448 —
656 4411 778 4463 Haec
809 4411 963 4463 dicit.
997 4409 1152 4463 Sicut
1194 4412 1389 4464 forsan
1420 4426 1451 4462 a
1505 4413 1665 4479 patre
1710 4409 1908 4462 audie-

214 4502 324 4562 rat,
353 4498 474 4551 hzec
502 4497 640 4552 dicit
698 4499 1011 4552 Dominus:
1065 4503 1214 4552 etut
1262 4499 1429 4550 verba
1490 4498 1613 4566 ejus
1665 4497 1911 4550 habeant

214 4588 400 4657 majus
446 4587 692 4657 pondus,
750 4593 906 4641 notat
953 4588 1391 4658 arrogantiam:
1444 4589 1572 4640 llaec
1627 4586 1762 4640 dicit
1810 4603 1904 4639 rex

211 4691 480 4744 magnus,
511 4676 674 4746 quasi
696 4677 980 4730 contraria
1010 4678 1307 4730 tortitudo.
1601 4665 1624 4684 “

289 4765 448 4819 Vens.
509 4768 560 4818 6.
624 4794 692 4804 ——
737 4765 878 4817 Ecce
934 4766 1180 4831 conﬁdis.
1242 4764 1663 4834 (10.)Mentitnr
1717 4765 1905 4834 plane.

212 4853 504 4922 Nusquam
555 4852 708 4906 enim
775 4853 988 4923 legitur
1016 4854 1308 4907 Ezechiam
1346 4854 1403 4907 in
1457 4855 1697 4924 [Βαγρίο
1749 4869 1907 4924 spem

214 4941 491 5011 posuisse.

290 5031 444 5084 Vens.
492 5033 544 5084 8.
578 5059 645 5070 -—
683 5032 790 5084 Nec
835 5033 1060 5099 poteris.
1097 5032 1219 5084 Non
1245 5047 1307 5084 ex
1358 5030 1768 5096 imbecillitate,
1811 5030 1907 5084 sed

209 5125 635 5188 prmceptorum
671 5117 893 5171 Domini
919 5119 1333 5185 observatione,
1365 5118 1465 5189 qui
1524 5134 1627 5188 per
1683 5119 1908 5188 Moysen

211 5207 284 5261 de
323 5223 458 5276 rege
495 5208 662 5260 Israel
719 5207 1010 5276 praecepit,
1058 5207 1293 5260 dicens:
1353 5209 1467 5260 Non
1515 5206 1909 5276 multiplicabis

212 5295 318 5347 tibi
346 5309 527 5362 equos,
556 5299 605 5348 et
631 5311 849 5359 cur-rus,
880 5312 972 5349 uec
1009 5311 1202 5350 umores
1232 5297 1517 5364 plurimus.

285 5385 448 5438 Vens.
519 5387 607 5438 16.
677 5412 746 5424 -
791 5385 972 5437 Facite
1043 5399 1243 5437 mecum
1304 5385 1735 5450 benedictionem,
1801 5389 1906 5439 etc.

213 5471 467 5526 Laudate
520 5487 628 5535 me,
703 5470 1027 5524 benedicite
1083 5488 1197 5524 me.
1247 5471 1344 5525 Vel
1393 5471 1535 5525 sicut
1586 5472 1756 5526 habet
1801 5473 1911 5526 alia

2019 443 2074 491 et
2098 455 2202 508 pax
2231 442 2458 492 maneat
2486 439 2794 493 vobiscum.

2611 527 2835 582 CAPUT
2875 528 3120 582 XXXVII.

2087 616 2246 669 Vens.
2274 618 2318 668 l.
2348 644 2416 655 —-
2437 617 2515 669 Et
2541 618 2769 683 factum,
2803 621 2880 670 est
2909 633 3029 670 cum
3089 617 3387 672 audivisset
3416 635 3514 673 rem
3563 621 3704 675 Eze-

2014 703 2186 768 chias,
2226 703 2390 757 scidit
2445 707 2760 757 vestimenta
2809 720 2928 758 sua.
2985 705 3114 774 (10.)
3171 705 3449 760 Scindunt
3502 713 3702 770 vestes,

2013 791 2147 861 quia
2182 791 2478 844 audierant
2505 792 2794 845 Rabsacen
2823 791 3338 861 blasphemautem.
3365 792 3542 847 Scidit
3584 811 3701 862 rex,

2014 881 2248 933 credens
2281 896 2345 932 ex
2377 879 2620 950 peccatis
2652 880 2770 933 suis
2793 886 2848 933 et
2878 880 3078 950 populi
3108 881 3212 934 hoc
3244 880 3596 951 provenisse.

2086 968 2248 1021 Vens.
2277 971 2328 1021 '2.
2373 999 2430 1006 —
2473 971 2670 1022 Isaiam
2696 969 2885 1035 filium
2935 970 3117 1025 Amos.
3175 970 3235 1022 In
3286 969 3434 1023 libro
3483 970 3704 1039 Regum

2015 1055 2243 1124 legitur,
2303 1055 2403 1125 qui
2449 1055 2604 1108 misit
2635 1055 2703 1110 ad
2747 1055 2948 1109 Isaiam
3008 1058 3364 1126 prophetam.
3429 1057 3536 1110 Sed
3594 1057 3703 1123 hic,

2015 1144 2149 1213 quia
2206 1145 2274 1197 de
2305 1161 2362 1198 se
2420 1143 2594 1197 Isaias
2623 1143 2761 1198 texit
2815 1144 3132 1210 historiam,
3168 1160 3284 1198 non
3340 1145 3702 1215 prophetam,

2015 1232 2113 1286 sed
2147 1233 2326 1286 tilium
2353 1232 2649 1302 prophetae
2679 1250 2736 1286 se
2774 1233 3061 1288 nominat.

2088 1322 2251 1374 Vens.
2286 1321 2337 1374 4.
2376 1352 2443 1360 -
2471 1324 2573 1375 Pro
2627 1323 2892 1390 reliquiis.
2926 1323 3048 1375 Jam
3081 1321 3234 1375 enim
3269 1323 3464 1376 decem
3520 1322 3705 1376 tribus

2015 1409 2294 1475 adductae,
2327 1408 2580 1463 ciiitates
2606 1409 2764 1464 Judie
2788 1415 2845 1463 et
2884 1410 3176 1480 Benjaqu
3237 1415 3468 1464 vastata;
3502 1427 3514 1464 :
3574 1427 3706 1481 pars

2014 1498 2186 1550 etiam
2211 1497 2448 1550 inferior
2477 1497 2719 1551 civitatis
2759 1498 2816 1551 in
2848 1515 3046 1551 manus
3078 1499 3331 1552 hostium
3365 1498 3574 1552 tradita
3629 1499 3704 1554 ab

2015 1584 2194 1652 impio
2224 1589 2280 1637 et
2310 1585 2554 1653 superbo
2586 1584 2852 1652 pontiﬁce
2883 1585 3068 1640 Sobna
3096 1586 3238 1638 Leva
3255 1587 3455 1639 oculos.
3489 1591 3596 1638 etc.

2087 1675 2246 1728 Vens.
2274 1677 2326 1726 7.
2362 1702 2429 1714 —
2458 1673 2601 1726 Ecce
2629 1688 2722 1739 ego
2767 1673 2905 1728 dabo
2935 1675 2983 1726 ei
3028 1676 3306 1742 spiritum,
3365 1678 3467 1728 etc.
3532 1673 3702 1738 Quasi

2016 1761 2165 1816 dicat
2197 1777 2210 1814 ε
2248 1762 2369 1815 Non
2405 1761 2586 1815 dicam
2621 1761 2881 1814 universa
2911 1777 3039 1830 qua:
3090 1762 3317 1832 Assyrio
3351 1762 3574 1826 faciam,
3635 1778 3706 1815 ne

2018 1866 2202 1903 meam
2243 1849 2436 1902 videar
2477 1849 2693 1919 jactare
2749 1849 3087 1920 potentiam,
3148 1850 3242 1903 sed
3301 1850 3410 1904 hoc
3477 1867 3702 1905 unum:

2016 1942 2148 1993 Ecce
2177 1954 2269 2004 ego
2300 1939 2458 1992 dabo.
3709 2005 3718 2009 _

2086 2028 2246 2080 Vens.
2284 2029 2335 2080 8.
2373 2056 2439 2066 —
2470 2029 2538 2080 Et
2570 2029 2793 2080 invenit.
2833 2029 3124 2096 Puguasse
3181 2027 3567 2082 Sennacherib
3621 2044 3709 2080 re-

2016 2130 2144 2185 gem
2201 2113 2562 2184 Assyriorum
2616 2123 2811 2168 contra
2863 2114 3178 2186 Aigyptios,
3229 2120 3362 2182 etc.,
3422 2130 3590 2185 usque
3636 2115 3711 2170 ad

2017 2202 2328 2258 Chaldaicaa
2358 2201 2662 2272 scriptores
2694 2202 2970 2257 historiae.

2089 2293 2260 2346 Vens.
2305 2295 2388 2346 l5.
2410 2321 2477 2331 —
2511 2294 2721 2349 Oravit.
2756 2291 2960 2362 (Ηιειι.)
2986 2292 3110 2345 Jam
3138 2292 3391 2345 securior
3421 2292 3488 2346 de
3513 2292 3712 2346 libera-

2017 2378 2193 2432 tione.
2235 2381 2382 2432 Aute
2405 2377 2558 2431 enim
2603 2378 2878 2445 ascendit,
2907 2377 3001 2431 sed
3063 2394 3178 2431 non
3229 2377 3442 2447 legitur
3497 2394 3708 2442 orasse,

2017 2466 2152 2538 quia
2183 2483 2284 2537 pro
2317 2465 2561 2536 peccatis
2585 2464 2702 2518 suis
2733 2465 3023 2519 metuebat
3051 2466 3174 2519 haec
3209 2464 3348 2519 fore.

2093 2556 2248 2608 Vens.
2289 2558 2370 2608 18.
2418 2584 2486 2594 -
2522 2557 2652 2608 Vi-re
2677 2557 2839 2617 enim,
2875 2556 3091 2608 Domine
3122 2571 3135 2608 :
3180 2554 3376 2608 multis
3435 2554 3712 2623 probatur

2021 2644 2267 2697 historiis
2330 2643 2550 2697 venisse
2604 2659 2766 2712 reges
2813 2644 3116 2696 Persarum
3177 2642 3235 2696 in
3302 2642 3596 2710 Graeciam,
3657 2647 3713 2696 et

2019 2733 2447 2804 subvertisseet
2466 2731 2742 2802 spoliasse
2774 2733 3005 2802 templa.

2089 2823 2247 2876 Vens.
2300 2824 2392 2875 2|.
2432 2850 2504 2863 —
2559 2822 2629 2875 Et
2681 2820 2855 2874 misit.
2913 2819 3160 2873 Historia
3210 2818 3338 2873 libri
3383 2821 3605 2890 Regum
3658 2824 3710 2874 et

1957 2908 1979 2961 3
2019 2910 2586 2978 Paralipomenorum
2637 2908 2988 2961 admiscetur
3061 2907 3399 2978 prophetiae.
3449 2909 3584 2980 qula
3630 2912 3714 2962 est

2017 2998 2315 3068 prophetia
2345 2997 2414 3050 de
2447 2997 2787 3050 liberatione
2849 2996 3024 3057 urbis,
3077 2997 3144 3048 de
3171 2996 3412 3049 interitu
3470 2996 3706 3067 Assyrii,

2019 3088 2087 3141 de
2121 3085 2439 3139 reversione
2471 3087 2624 3151 solis,
2663 3088 2719 3138 et
2747 3085 2816 3137 de
2848 3084 3014 3137 annis
3045 3083 3294 3136 Ezechiae
3326 3083 3551 3137 additis.

2090 3174 2252 3226 Vens.
2327 3177 2415 3227 2'2.
2474 3204 2542 3212 —
2591 3175 2735 3227 Filia
2776 3174 3104 3226 Jerusalem.
3154 3173 3291 3236 Quae
3371 3172 3530 3240 prius
3594 3189 3711 3227 non

2017 3262 2412 3332 responderat,
2437 3262 2560 3332 jam
2582 3267 2732 3315 certa
2761 3262 2830 3315 de
2862 3261 3098 3323 ultione,
3134 3277 3328 3314 secura
3351 3261 3419 3314 de
3451 3277 3637 3330 pinna.

2090 3351 2246 3404 Vens.
2307 3353 2398 3404 25.
2460 3378 2529 3389 —-
2603 3353 2670 3404 Et
2725 3351 3013 3404 ezcsiccavi.
3087 3350 3296 3402 Tantus
3347 3349 3456 3402 fuit
3507 3348 3713 3402 exerci-

2017 3443 2109 3492 tus
2148 3444 2207 3492 ut
2240 3440 2454 3492 ﬂuenta
2483 3437 2848 3506 exsiccarent,
2887 3441 2943 3491 et
2991 3437 3119 3491 ideo
3176 3443 3378 3508 puteos
3408 3453 3572 3507 aquae
3621 3437 3711 3491 in-

2019 3527 2152 3598 0pia
2186 3527 2454 3580 facerent.

2092 3618 2253 3670 Vens.
2288 3618 2376 3668 29.
2413 3645 2481 3654 —-
2522 3615 2809 3684 Superbia.
2878 3615 3005 3684 (11).)
3038 3615 3158 3668 Non
3208 3615 3355 3667 ultra
3394 3613 3707 3678 sustinebo,

2023 3709 2083 3758 ut
2112 3705 2254 3758 scias
2315 3709 2369 3757 te
2409 3719 2521 3757 non
2553 3703 2765 3756 viribus
2795 3703 2917 3756 haec
2965 3703 3234 3773 potuisse,
3295 3702 3392 3756 sed
3449 3702 3713 3756 arbritrio

2021 3809 2170 3846 meo.
2204 3792 2564 3844 Merebantur
2589 3791 2742 3844 enim
2779 3790 2970 3860 impiae
3002 3797 3202 3860 gentes
3232 3796 3289 3842 et
3349 3790 3712 3843 infructuosae

2020 3883 2252 3936 arbores
2283 3886 2343 3933 ut
2371 3896 2471 3950 per
2511 3885 2585 3945 te,
2622 3879 2786 3949 quasi
2817 3878 3059 3932 securim
3084 3879 3530 3933 succiderentur.

2097 3972 2254 4024 Vens.
2300 3973 2385 4023 30.
2421 3999 2486 4008 -—-
2554 3969 2674 4022 Tibi
2730 3973 2927 4021 autem.
2987 3968 3112 4037 (Ιυ.)
3180 3967 3383 4022 Omnia
3436 3968 3555 4022 haec
3614 3983 3715 4037 per

2022 4058 2256 4112 nuntios
2275 4057 2549 4127 Propheta
2579 4057 2645 4108 ad
2683 4056 2974 4109 Ezechiam
3009 4056 3281 4126 loquitur,
3321 4056 3455 4126 quid
3489 4057 3714 4110 Senna-

2020 4147 2233 4213 cherib,
2268 4145 2494 4210 dixerit,
2528 4144 2665 4214 quid
2714 4145 2765 4197 ei
2797 4144 3071 4198 Dominus
3103 4145 3461 4214 responderit
3493 4160 3505 4197 :
3561 4160 3714 4197 nunc

2022 4237 2089 4289 ad
2125 4236 2314 4305 ipsum
2353 4234 2526 4287 verba
2566 4233 2865 4298 convertit,
2926 4249 2995 4286 ne
3019 4232 3238 4286 dubitet
3292 4239 3529 4286 ventura
3581 4249 3710 4302 quae

2021 4323 2306 4394 praedixit.
2333 4323 2396 4377 In
2426 4323 2532 4376 hoc
2552 4322 2708 4375 enim
2740 4321 2986 4375 maxime
3026 4319 3316 4391 prophetis
3351 4320 3708 4385 credebatur,

2020 4412 2154 4483 quia
2186 4428 2300 4465 non
2335 4412 2521 4464 solum
2573 4411 2744 4480 longe
2772 4415 2901 4480 post
2933 4410 3144 4474 futura,
3179 4409 3278 4462 sed
3339 4408 3398 4461 iu
3451 4408 3710 4476 proximo

2018 4501 2360 4570 complenda
2383 4498 2758 4552 testabantur.

2087 4593 2156 4644 Et
2201 4592 2258 4642 in
2296 4603 2459 4642 anno.
2501 4587 2727 4642 Scilicet
2775 4586 3115 4639 imminente
3161 4602 3362 4649 messe,
3419 4584 3712 4640 irrueruut

2016 4676 2251 4748 Assyrii,
2279 4681 2336 4730 et
2365 4679 2728 4728 vastaverunt
2755 4691 2988 4739 messes,
3035 4677 3090 4727 et
3123 4674 3330 4738 vineta,
3363 4679 3416 4728 et
3457 4673 3662 4727 oliveta
3695 4690 3707 4728 :

2018 4769 2075 4818 et
2107 4764 2178 4818 ob
2213 4764 2449 4816 nimiam
2481 4762 2860 4826 obsidionem,
2889 4762 3041 4832 quod
3070 4778 3138 4815 ex
3167 4761 3360 4832 granis
3419 4767 3712 4833 repertum

2018 4855 2120 4916 est,
2155 4851 2482 4904 habuerunt
2511 4849 2570 4902 iu
2621 4849 2826 4902 victum
2862 4849 3047 4919 primo
3103 4865 3254 4903 anno
3320 4854 3374 4902 et
3430 4850 3710 4914 secundo;

2019 4940 2151 5010 quia
2180 4939 2334 4992 enim
2375 4938 2432 4991 in
2465 4953 2616 4991 anno
2650 4936 2957 4991 obsidionis
2987 4953 3172 4990 serere
3225 4954 3339 4991 non
3381 4941 3710 5008 potuerunt,

2018 5045 2147 5100 quae
2177 5033 2515 5098 repererunt
2545 5044 2610 5078 ex
2631 5025 2816 5097 pomis
2839 5032 2894 5080 et
2925 5026 3183 5094 frugibus
3213 5032 3602 5097 sumpserunt.

2091 5117 2261 5171 Vens.
2295 5119 2382 5170 33.
2416 5144 2484 5154 —
2528 5117 2836 5184 Propterea.
2879 5116 3000 5184 (Ιυ.)
3047 5115 3367 5168 Revertitnr
3393 5116 3460 5169 ad
3501 5132 3711 5186 propo-

2017 5205 2211 5273 situm,
2243 5209 2299 5257 et
2331 5207 2460 5273 post
2491 5203 2814 5256 futurorum
2849 5218 3006 5271 spem
3042 5207 3254 5255 metum
3307 5204 3521 5257 excutit
3573 5220 3711 5274 psse-

2017 5299 2258 5348 sentem.
2285 5293 2393 5347 Nec
2423 5291 2577 5346 enim
2601 5295 2756 5344 tanta
2786 5291 2895 5344 erit
2926 5290 3126 5344 laetitia
3153 5290 3222 5344 de
3270 5291 3358 5344 his
3411 5308 3538 5360 quae
3565 5309 3706 5363 pro-

2019 5383 2280 5437 mittebat
2311 5381 2523 5444 futura.
2554 5383 2770 5450 quanta
2800 5379 2870 5432 de
2902 5377 3337 5433 imminentibus
3367 5395 3522 5433 cura.

2091 5472 2258 5524 Vens.
2296 5474 2381 5524 35.
2420 5499 2484 5508 -—
2527 5472 2757 5538 Propter
2809 5484 2907 5521 me.
2945 5467 3257 5537 Signiﬁcat,
3292 5468 3425 5538 quia
3475 5485 3588 5524 non
3645 5489 3707 5524 ex
3777 5543 3782 5546 ν
