  <div class='ocr_page' id='page_1' title='image "/cluster/home/n/w/nwhite01/storage/ocr_20150623/113/hvd.32044054759782/645.png"; bbox 0 0 4074 6186; ppageno 0'>
   <div class='ocr_carea' id='block_1_1' title="bbox 345 279 476 332">
    <p class='ocr_par' dir='ltr' id='par_1_1' title="bbox 345 279 476 332">
     <span class='ocr_line' id='line_1_1' title="bbox 345 279 476 332; baseline 0 0"><span class='ocrx_word' id='word_1_1' title='bbox 345 279 476 332; x_wconf 72' lang='grc'><strong>12⁸79</strong></span> 
     </span>
    </p>
   </div>
   <div class='ocr_carea' id='block_1_2' title="bbox 948 223 3206 328">
    <p class='ocr_par' dir='ltr' id='par_1_2' title="bbox 948 223 3206 328">
     <span class='ocr_line' id='line_1_2' title="bbox 948 223 3206 328; baseline -0.004 0"><span class='ocrx_word' id='word_1_2' title='bbox 948 271 1340 328; x_wconf 73' lang='lat' dir='ltr'><strong>WALAFRIDI</strong></span> <span class='ocrx_word' id='word_1_3' title='bbox 1381 269 1628 326; x_wconf 79' lang='lat' dir='ltr'><strong>STRABI</strong></span> <span class='ocrx_word' id='word_1_4' title='bbox 1671 268 1874 326; x_wconf 78' lang='lat' dir='ltr'><strong>FULD.</strong></span> <span class='ocrx_word' id='word_1_5' title='bbox 1928 223 2092 326; x_wconf 74' lang='lat' dir='ltr'><strong>MDN.</strong></span> <span class='ocrx_word' id='word_1_6' title='bbox 2137 267 2289 324; x_wconf 87' lang='lat' dir='ltr'><strong>OPP.</strong></span> <span class='ocrx_word' id='word_1_7' title='bbox 2333 269 2506 325; x_wconf 78' lang='lat' dir='ltr'><strong>PARS</strong></span> <span class='ocrx_word' id='word_1_8' title='bbox 2542 267 2590 322; x_wconf 89' lang='grc' dir='ltr'><strong>Ι.</strong></span> <span class='ocrx_word' id='word_1_9' title='bbox 2639 298 2699 307; x_wconf 93' lang='grc'><strong>-</strong></span> <span class='ocrx_word' id='word_1_10' title='bbox 2744 267 3206 324; x_wconf 81' lang='lat' dir='ltr'><strong>TIIEOLOGICA.</strong></span> 
     </span>
    </p>
   </div>
   <div class='ocr_carea' id='block_1_3' title="bbox 3716 267 3862 320">
    <p class='ocr_par' dir='ltr' id='par_1_3' title="bbox 3716 267 3862 320">
     <span class='ocr_line' id='line_1_3' title="bbox 3716 267 3862 320; baseline 0.014 -2"><span class='ocrx_word' id='word_1_11' title='bbox 3716 267 3862 320; x_wconf 78' lang='grc'><strong>1280</strong></span> 
     </span>
    </p>
   </div>
   <div class='ocr_carea' id='block_1_4' title="bbox 341 391 3867 464">
    <p class='ocr_par' dir='ltr' id='par_1_4' title="bbox 341 391 3867 464">
     <span class='ocr_line' id='line_1_4' title="bbox 341 391 3867 464; baseline -0.003 -10"><span class='ocrx_word' id='word_1_12' title='bbox 341 399 548 454; x_wconf 88' lang='lat' dir='ltr'><strong>merito</strong></span> <span class='ocrx_word' id='word_1_13' title='bbox 581 414 707 464; x_wconf 88' lang='lat' dir='ltr'><strong>suo,</strong></span> <span class='ocrx_word' id='word_1_14' title='bbox 739 396 837 451; x_wconf 87' lang='lat' dir='ltr'><strong>sed</strong></span> <span class='ocrx_word' id='word_1_15' title='bbox 884 395 984 451; x_wconf 89' lang='lat' dir='ltr'><strong>Dei</strong></span> <span class='ocrx_word' id='word_1_16' title='bbox 1015 395 1314 450; x_wconf 87' lang='lat' dir='ltr'><strong>clementia</strong></span> <span class='ocrx_word' id='word_1_17' title='bbox 1343 398 1772 458; x_wconf 75' lang='lat' dir='ltr'><strong>conservantur,</strong></span> <span class='ocrx_word' id='word_1_18' title='bbox 1817 393 1935 447; x_wconf 92' lang='lat' dir='ltr'><strong>imo</strong></span> <span class='ocrx_word' id='word_1_19' title='bbox 1984 397 2039 446; x_wconf 91' lang='lat' dir='ltr'><strong>et</strong></span> <span class='ocrx_word' id='word_1_20' title='bbox 2067 396 2113 447; x_wconf 84' lang='lat' dir='ltr'><strong>A</strong></span> <span class='ocrx_word' id='word_1_21' title='bbox 2150 393 2328 448; x_wconf 90' lang='lat' dir='ltr'><strong>dolosi</strong></span> <span class='ocrx_word' id='word_1_22' title='bbox 2348 410 2463 448; x_wconf 91' lang='lat' dir='ltr'><strong>non</strong></span> <span class='ocrx_word' id='word_1_23' title='bbox 2495 392 2880 448; x_wconf 91' lang='lat' dir='ltr'><strong>dimidiabunt</strong></span> <span class='ocrx_word' id='word_1_24' title='bbox 2928 393 3048 446; x_wconf 88' lang='lat' dir='ltr'><strong>dies</strong></span> <span class='ocrx_word' id='word_1_25' title='bbox 3077 407 3229 456; x_wconf 90' lang='lat' dir='ltr'><strong>suos,</strong></span> <span class='ocrx_word' id='word_1_26' title='bbox 3261 391 3396 462; x_wconf 84' lang='lat' dir='ltr'><strong>quia</strong></span> <span class='ocrx_word' id='word_1_27' title='bbox 3443 407 3558 446; x_wconf 88' lang='lat' dir='ltr'><strong>non</strong></span> <span class='ocrx_word' id='word_1_28' title='bbox 3611 393 3867 462; x_wconf 89' lang='lat' dir='ltr'><strong>implent</strong></span> 
     </span>
    </p>
   </div>
   <div class='ocr_carea' id='block_1_5' title="bbox 344 483 2038 560">
    <p class='ocr_par' dir='ltr' id='par_1_5' title="bbox 344 483 2038 560">
     <span class='ocr_line' id='line_1_5' title="bbox 344 483 2038 560; baseline -0.004 -19"><span class='ocrx_word' id='word_1_29' title='bbox 344 487 524 560; x_wconf 85' lang='lat' dir='ltr'><strong>patris</strong></span> <span class='ocrx_word' id='word_1_30' title='bbox 555 503 752 540; x_wconf 90' lang='lat' dir='ltr'><strong>eorum</strong></span> <span class='ocrx_word' id='word_1_31' title='bbox 802 486 973 540; x_wconf 82' lang='lat' dir='ltr'>David</span> <span class='ocrx_word' id='word_1_32' title='bbox 1025 485 1322 537; x_wconf 82' lang='lat' dir='ltr'><strong>memoria.</strong></span> <span class='ocrx_word' id='word_1_33' title='bbox 1373 483 1433 537; x_wconf 91' lang='lat' dir='ltr'><strong>In</strong></span> <span class='ocrx_word' id='word_1_34' title='bbox 1494 499 1609 552; x_wconf 91' lang='lat' dir='ltr'><strong>quo</strong></span> <span class='ocrx_word' id='word_1_35' title='bbox 1653 483 2038 536; x_wconf 89' lang='lat' dir='ltr'><strong>admonentur</strong></span> 
     </span>
    </p>
   </div>
   <div class='ocr_carea' id='block_1_6' title="bbox 344 571 2035 646">
    <p class='ocr_par' dir='ltr' id='par_1_6' title="bbox 344 571 2035 646">
     <span class='ocr_line' id='line_1_6' title="bbox 344 571 2035 646; baseline -0.004 -16"><span class='ocrx_word' id='word_1_36' title='bbox 344 593 465 630; x_wconf 66' lang='lat' dir='ltr'><strong>sum</strong></span> <span class='ocrx_word' id='word_1_37' title='bbox 490 575 874 646; x_wconf 68' lang='lat' dir='ltr'><strong>negligentiae.</strong></span> <span class='ocrx_word' id='word_1_38' title='bbox 909 580 963 626; x_wconf 89' lang='lat' dir='ltr'><strong>et</strong></span> <span class='ocrx_word' id='word_1_39' title='bbox 993 573 1124 627; x_wconf 85' lang='lat' dir='ltr'><strong>ﬁdei</strong></span> <span class='ocrx_word' id='word_1_40' title='bbox 1151 573 1325 640; x_wconf 81' lang='lat' dir='ltr'><strong>illius,</strong></span> <span class='ocrx_word' id='word_1_41' title='bbox 1355 577 1524 642; x_wconf 89' lang='lat' dir='ltr'><strong>atque</strong></span> <span class='ocrx_word' id='word_1_42' title='bbox 1549 571 1808 642; x_wconf 77' lang='lat' dir='ltr'><strong>justitize,</strong></span> <span class='ocrx_word' id='word_1_43' title='bbox 1861 587 2035 641; x_wconf 86' lang='lat' dir='ltr'><strong>quam</strong></span> 
     </span>
    </p>
   </div>
   <div class='ocr_carea' id='block_1_7' title="bbox 340 659 2036 732">
    <p class='ocr_par' dir='ltr' id='par_1_7' title="bbox 340 659 2036 732">
     <span class='ocr_line' id='line_1_7' title="bbox 340 659 2036 732; baseline -0.004 -14"><span class='ocrx_word' id='word_1_44' title='bbox 340 670 567 718; x_wconf 90' lang='lat' dir='ltr'><strong>tantum</strong></span> <span class='ocrx_word' id='word_1_45' title='bbox 611 662 800 732; x_wconf 77' lang='lat' dir='ltr'><strong>diligit</strong></span> <span class='ocrx_word' id='word_1_46' title='bbox 853 663 1015 715; x_wconf 88' lang='lat' dir='ltr'><strong>Deus.</strong></span> <span class='ocrx_word' id='word_1_47' title='bbox 1051 666 1113 715; x_wconf 94' lang='lat' dir='ltr'><strong>ut</strong></span> <span class='ocrx_word' id='word_1_48' title='bbox 1167 665 1424 730; x_wconf 73' lang='lat' dir='ltr'><strong>posteros</strong></span> <span class='ocrx_word' id='word_1_49' title='bbox 1452 664 1778 712; x_wconf 87' lang='lat' dir='ltr'><strong>sanctorum</strong></span> <span class='ocrx_word' id='word_1_50' title='bbox 1833 659 2036 713; x_wconf 89' lang='lat' dir='ltr'><strong>merito</strong></span> 
     </span>
    </p>
   </div>
   <div class='ocr_carea' id='block_1_8' title="bbox 344 756 820 806">
    <p class='ocr_par' dir='ltr' id='par_1_8' title="bbox 344 756 820 806">
     <span class='ocr_line' id='line_1_8' title="bbox 344 756 820 806; baseline -0.002 0"><span class='ocrx_word' id='word_1_51' title='bbox 344 768 543 806; x_wconf 91' lang='lat' dir='ltr'><strong>eorum</strong></span> <span class='ocrx_word' id='word_1_52' title='bbox 571 756 820 805; x_wconf 88' lang='lat' dir='ltr'><strong>tueatur.</strong></span> 
     </span>
    </p>
   </div>
   <div class='ocr_carea' id='block_1_9' title="bbox 418 836 2039 894">
    <p class='ocr_par' dir='ltr' id='par_1_9' title="bbox 418 836 2039 894">
     <span class='ocr_line' id='line_1_9' title="bbox 418 836 2039 894; baseline 0 -4"><span class='ocrx_word' id='word_1_53' title='bbox 418 842 574 894; x_wconf 88' lang='lat' dir='ltr'><strong>Vens.</strong></span> <span class='ocrx_word' id='word_1_54' title='bbox 612 843 697 893; x_wconf 88' lang='lat'><strong>37.</strong></span> <span class='ocrx_word' id='word_1_55' title='bbox 733 870 798 877; x_wconf 90' lang='lat'><strong><em>—</em></strong></span> <span class='ocrx_word' id='word_1_56' title='bbox 835 839 914 892; x_wconf 85' lang='lat' dir='ltr'><strong>Et</strong></span> <span class='ocrx_word' id='word_1_57' title='bbox 941 853 1206 892; x_wconf 77' lang='lat' dir='ltr'><strong>reversus.</strong></span> <span class='ocrx_word' id='word_1_58' title='bbox 1240 838 1368 892; x_wconf 88' lang='lat' dir='ltr'><strong>Ideo</strong></span> <span class='ocrx_word' id='word_1_59' title='bbox 1399 843 1736 891; x_wconf 75' lang='lat' dir='ltr'><strong>reservatus.</strong></span> <span class='ocrx_word' id='word_1_60' title='bbox 1782 841 1844 891; x_wconf 89' lang='lat' dir='ltr'><strong>ut</strong></span> <span class='ocrx_word' id='word_1_61' title='bbox 1901 836 2039 890; x_wconf 84' lang='lat' dir='ltr'><strong>sciat</strong></span> 
     </span>
    </p>
   </div>
   <div class='ocr_carea' id='block_1_10' title="bbox 342 926 2039 999">
    <p class='ocr_par' dir='ltr' id='par_1_10' title="bbox 342 926 2039 999">
     <span class='ocr_line' id='line_1_10' title="bbox 342 926 2039 999; baseline -0.002 -17"><span class='ocrx_word' id='word_1_62' title='bbox 342 927 664 999; x_wconf 79' lang='lat' dir='ltr'><strong>potentiam</strong></span> <span class='ocrx_word' id='word_1_63' title='bbox 708 927 805 981; x_wconf 89' lang='lat' dir='ltr'><strong>Dei</strong></span> <span class='ocrx_word' id='word_1_64' title='bbox 838 933 894 981; x_wconf 90' lang='lat' dir='ltr'><strong>et</strong></span> <span class='ocrx_word' id='word_1_65' title='bbox 922 927 1378 997; x_wconf 82' lang='lat' dir='ltr'><strong>blasphemanlia</strong></span> <span class='ocrx_word' id='word_1_66' title='bbox 1429 926 1769 996; x_wconf 83' lang='lat' dir='ltr'><strong>comprimat</strong></span> <span class='ocrx_word' id='word_1_67' title='bbox 1808 941 1928 991; x_wconf 88' lang='lat' dir='ltr'><strong>ora,</strong></span> <span class='ocrx_word' id='word_1_68' title='bbox 1985 928 2039 978; x_wconf 90' lang='lat' dir='ltr'><strong>et</strong></span> 
     </span>
    </p>
   </div>
   <div class='ocr_carea' id='block_1_11' title="bbox 348 1015 1926 1087">
    <p class='ocr_par' dir='ltr' id='par_1_11' title="bbox 348 1015 1926 1087">
     <span class='ocr_line' id='line_1_11' title="bbox 348 1015 1926 1087; baseline -0.002 -17"><span class='ocrx_word' id='word_1_69' title='bbox 348 1016 624 1087; x_wconf 70' lang='lat' dir='ltr'><strong>praedicet</strong></span> <span class='ocrx_word' id='word_1_70' title='bbox 661 1015 1012 1086; x_wconf 83' lang='lat' dir='ltr'><strong>majestatem</strong></span> <span class='ocrx_word' id='word_1_71' title='bbox 1048 1015 1202 1067; x_wconf 90' lang='lat' dir='ltr'><strong>illius</strong></span> <span class='ocrx_word' id='word_1_72' title='bbox 1223 1031 1392 1084; x_wconf 90' lang='lat' dir='ltr'><strong>quem</strong></span> <span class='ocrx_word' id='word_1_73' title='bbox 1416 1020 1546 1068; x_wconf 89' lang='lat' dir='ltr'><strong>ante</strong></span> <span class='ocrx_word' id='word_1_74' title='bbox 1575 1015 1926 1084; x_wconf 67' lang='lat' dir='ltr'><strong>despexerat.</strong></span> 
     </span>
    </p>
   </div>
   <div class='ocr_carea' id='block_1_12' title="bbox 423 1103 2039 1171">
    <p class='ocr_par' dir='ltr' id='par_1_12' title="bbox 423 1103 2039 1171">
     <span class='ocr_line' id='line_1_12' title="bbox 423 1103 2039 1171; baseline -0.001 -15"><span class='ocrx_word' id='word_1_75' title='bbox 423 1107 591 1158; x_wconf 84' lang='lat' dir='ltr'><strong>Vens.</strong></span> <span class='ocrx_word' id='word_1_76' title='bbox 629 1107 714 1158; x_wconf 89' lang='lat'><strong>38.</strong></span> <span class='ocrx_word' id='word_1_77' title='bbox 748 1135 810 1142; x_wconf 92' lang='lat'><strong>——</strong></span> <span class='ocrx_word' id='word_1_78' title='bbox 841 1106 969 1157; x_wconf 84' lang='lat' dir='ltr'><strong>Filii</strong></span> <span class='ocrx_word' id='word_1_79' title='bbox 1017 1105 1152 1171; x_wconf 82' lang='lat' dir='ltr'><strong>ejus.</strong></span> <span class='ocrx_word' id='word_1_80' title='bbox 1193 1103 1510 1156; x_wconf 87' lang='lat' dir='ltr'><strong>lnvidcntes</strong></span> <span class='ocrx_word' id='word_1_81' title='bbox 1558 1103 1898 1168; x_wconf 86' lang='lat' dir='ltr'><strong>(secundum</strong></span> <span class='ocrx_word' id='word_1_82' title='bbox 1928 1106 2039 1154; x_wconf 90' lang='lat' dir='ltr'><strong>tra-</strong></span> 
     </span>
    </p>
   </div>
   <div class='ocr_carea' id='block_1_13' title="bbox 348 1191 2038 1260">
    <p class='ocr_par' dir='ltr' id='par_1_13' title="bbox 348 1191 2038 1260">
     <span class='ocr_line' id='line_1_13' title="bbox 348 1191 2038 1260; baseline -0.003 -13"><span class='ocrx_word' id='word_1_83' title='bbox 348 1193 626 1247; x_wconf 84' lang='lat' dir='ltr'><strong>ditionem</strong></span> <span class='ocrx_word' id='word_1_84' title='bbox 655 1192 1006 1260; x_wconf 68' lang='lat' dir='ltr'><strong>ludazorum)</strong></span> <span class='ocrx_word' id='word_1_85' title='bbox 1067 1192 1419 1254; x_wconf 83' lang='lat' dir='ltr'><strong>Asaraddon,</strong></span> <span class='ocrx_word' id='word_1_86' title='bbox 1448 1198 1582 1259; x_wconf 88' lang='lat' dir='ltr'><strong>etc.,</strong></span> <span class='ocrx_word' id='word_1_87' title='bbox 1616 1207 1783 1259; x_wconf 88' lang='lat' dir='ltr'><strong>usque</strong></span> <span class='ocrx_word' id='word_1_88' title='bbox 1846 1191 1920 1244; x_wconf 88' lang='lat' dir='ltr'><strong>ad</strong></span> <span class='ocrx_word' id='word_1_89' title='bbox 1951 1206 2038 1242; x_wconf 88' lang='lat' dir='ltr'><strong>re-</strong></span> 
     </span>
    </p>
   </div>
   <div class='ocr_carea' id='block_1_14' title="bbox 345 1279 1796 1350">
    <p class='ocr_par' dir='ltr' id='par_1_14' title="bbox 345 1279 1796 1350">
     <span class='ocr_line' id='line_1_14' title="bbox 345 1279 1796 1350; baseline -0.002 -16"><span class='ocrx_word' id='word_1_90' title='bbox 345 1287 606 1336; x_wconf 87' lang='lat' dir='ltr'><strong>servatus</strong></span> <span class='ocrx_word' id='word_1_91' title='bbox 636 1297 666 1334; x_wconf 92' lang='lat' dir='ltr'><strong>a</strong></span> <span class='ocrx_word' id='word_1_92' title='bbox 697 1280 832 1334; x_wconf 92' lang='lat' dir='ltr'><strong>ﬁliis</strong></span> <span class='ocrx_word' id='word_1_93' title='bbox 853 1279 910 1333; x_wconf 91' lang='lat' dir='ltr'><strong>in</strong></span> <span class='ocrx_word' id='word_1_94' title='bbox 942 1280 1156 1350; x_wconf 91' lang='lat' dir='ltr'><strong>templo</strong></span> <span class='ocrx_word' id='word_1_95' title='bbox 1190 1279 1286 1333; x_wconf 91' lang='lat' dir='ltr'><strong>Dei</strong></span> <span class='ocrx_word' id='word_1_96' title='bbox 1314 1280 1400 1332; x_wconf 91' lang='lat' dir='ltr'><strong>sui</strong></span> <span class='ocrx_word' id='word_1_97' title='bbox 1433 1279 1796 1333; x_wconf 86' lang='lat' dir='ltr'><strong>occidendus.</strong></span> 
     </span>
    </p>
   </div>
   <div class='ocr_carea' id='block_1_15' title="bbox 414 1367 2040 1438">
    <p class='ocr_par' dir='ltr' id='par_1_15' title="bbox 414 1367 2040 1438">
     <span class='ocr_line' id='line_1_15' title="bbox 414 1367 2040 1438; baseline -0.002 -14"><span class='ocrx_word' id='word_1_98' title='bbox 414 1373 649 1424; x_wconf 75' lang='lat' dir='ltr'><strong>Ararat.</strong></span> <span class='ocrx_word' id='word_1_99' title='bbox 695 1369 900 1435; x_wconf 74' lang='lat' dir='ltr'><strong>(Hii-3n.)</strong></span> <span class='ocrx_word' id='word_1_100' title='bbox 943 1369 1118 1438; x_wconf 82' lang='lat' dir='ltr'><strong>Regio</strong></span> <span class='ocrx_word' id='word_1_101' title='bbox 1173 1367 1461 1422; x_wconf 63' lang='lat' dir='ltr'><strong>Armeniae</strong></span> <span class='ocrx_word' id='word_1_102' title='bbox 1520 1367 1872 1437; x_wconf 81' lang='lat' dir='ltr'><strong>campestris,</strong></span> <span class='ocrx_word' id='word_1_103' title='bbox 1936 1382 2040 1436; x_wconf 89' lang='lat' dir='ltr'><strong>per</strong></span> 
     </span>
    </p>
   </div>
   <div class='ocr_carea' id='block_1_16' title="bbox 345 1455 2038 1528">
    <p class='ocr_par' dir='ltr' id='par_1_16' title="bbox 345 1455 2038 1528">
     <span class='ocr_line' id='line_1_16' title="bbox 345 1455 2038 1528; baseline -0.001 -18"><span class='ocrx_word' id='word_1_104' title='bbox 345 1474 520 1528; x_wconf 91' lang='lat' dir='ltr'><strong>quam</strong></span> <span class='ocrx_word' id='word_1_105' title='bbox 561 1457 688 1512; x_wconf 86' lang='lat' dir='ltr'><strong>ﬁuit</strong></span> <span class='ocrx_word' id='word_1_106' title='bbox 722 1462 950 1524; x_wconf 86' lang='lat' dir='ltr'><strong>Araxes,</strong></span> <span class='ocrx_word' id='word_1_107' title='bbox 977 1457 1322 1510; x_wconf 88' lang='lat' dir='ltr'><strong>incredibilis</strong></span> <span class='ocrx_word' id='word_1_108' title='bbox 1353 1457 1644 1522; x_wconf 86' lang='lat' dir='ltr'><strong>ubertatis,</strong></span> <span class='ocrx_word' id='word_1_109' title='bbox 1689 1456 1756 1509; x_wconf 89' lang='lat' dir='ltr'><strong>ad</strong></span> <span class='ocrx_word' id='word_1_110' title='bbox 1791 1455 2038 1509; x_wconf 88' lang='lat' dir='ltr'><strong>radicem</strong></span> 
     </span>
    </p>
   </div>
   <div class='ocr_carea' id='block_1_17' title="bbox 344 1544 2037 1616">
    <p class='ocr_par' dir='ltr' id='par_1_17' title="bbox 344 1544 2037 1616">
     <span class='ocr_line' id='line_1_17' title="bbox 344 1544 2037 1616; baseline -0.002 -17"><span class='ocrx_word' id='word_1_111' title='bbox 344 1545 514 1600; x_wconf 89' lang='lat' dir='ltr'><strong>Tauri</strong></span> <span class='ocrx_word' id='word_1_112' title='bbox 570 1545 800 1609; x_wconf 90' lang='lat' dir='ltr'><strong>montis,</strong></span> <span class='ocrx_word' id='word_1_113' title='bbox 835 1544 934 1616; x_wconf 87' lang='lat' dir='ltr'><strong>qui</strong></span> <span class='ocrx_word' id='word_1_114' title='bbox 966 1545 1099 1598; x_wconf 91' lang='lat' dir='ltr'><strong>illuc</strong></span> <span class='ocrx_word' id='word_1_115' title='bbox 1142 1560 1322 1615; x_wconf 89' lang='lat' dir='ltr'><strong>usque</strong></span> <span class='ocrx_word' id='word_1_116' title='bbox 1379 1544 1658 1597; x_wconf 88' lang='lat' dir='ltr'><strong>tenditur.</strong></span> <span class='ocrx_word' id='word_1_117' title='bbox 1711 1548 1854 1597; x_wconf 84' lang='lat' dir='ltr'><strong>Area</strong></span> <span class='ocrx_word' id='word_1_118' title='bbox 1906 1559 2037 1596; x_wconf 92' lang='lat' dir='ltr'><strong>vero</strong></span> 
     </span>
    </p>
   </div>
   <div class='ocr_carea' id='block_1_18' title="bbox 348 1632 2036 1704">
    <p class='ocr_par' dir='ltr' id='par_1_18' title="bbox 348 1632 2036 1704">
     <span class='ocr_line' id='line_1_18' title="bbox 348 1632 2036 1704; baseline -0.003 -15"><span class='ocrx_word' id='word_1_119' title='bbox 348 1637 462 1690; x_wconf 84' lang='lat' dir='ltr'><strong>Noe</strong></span> <span class='ocrx_word' id='word_1_120' title='bbox 511 1635 578 1688; x_wconf 89' lang='lat' dir='ltr'><strong>ad</strong></span> <span class='ocrx_word' id='word_1_121' title='bbox 638 1639 858 1688; x_wconf 86' lang='lat' dir='ltr'><strong>montes</strong></span> <span class='ocrx_word' id='word_1_122' title='bbox 937 1633 1283 1704; x_wconf 82' lang='lat' dir='ltr'><strong>generaliter</strong></span> <span class='ocrx_word' id='word_1_123' title='bbox 1349 1632 1634 1686; x_wconf 70' lang='lat' dir='ltr'><strong>Armenia:</strong></span> <span class='ocrx_word' id='word_1_124' title='bbox 1703 1632 1888 1685; x_wconf 84' lang='lat' dir='ltr'><strong>delata</strong></span> <span class='ocrx_word' id='word_1_125' title='bbox 1933 1637 2036 1696; x_wconf 91' lang='lat' dir='ltr'><strong>est,</strong></span> 
     </span>
    </p>
   </div>
   <div class='ocr_carea' id='block_1_19' title="bbox 348 1720 2036 1795">
    <p class='ocr_par' dir='ltr' id='par_1_19' title="bbox 348 1720 2036 1795">
     <span class='ocr_line' id='line_1_19' title="bbox 348 1720 2036 1795; baseline -0.002 -19"><span class='ocrx_word' id='word_1_126' title='bbox 348 1740 480 1795; x_wconf 76' lang='lat' dir='ltr'><strong>quae</strong></span> <span class='ocrx_word' id='word_1_127' title='bbox 506 1724 792 1794; x_wconf 89' lang='lat' dir='ltr'><strong>appellata</strong></span> <span class='ocrx_word' id='word_1_128' title='bbox 825 1727 906 1775; x_wconf 88' lang='lat' dir='ltr'><strong>est</strong></span> <span class='ocrx_word' id='word_1_129' title='bbox 937 1725 1158 1787; x_wconf 76' lang='lat' dir='ltr'><strong>Ararat,</strong></span> <span class='ocrx_word' id='word_1_130' title='bbox 1190 1722 1285 1774; x_wconf 90' lang='lat' dir='ltr'><strong>sed</strong></span> <span class='ocrx_word' id='word_1_131' title='bbox 1313 1721 1383 1774; x_wconf 89' lang='lat' dir='ltr'><strong>ad</strong></span> <span class='ocrx_word' id='word_1_132' title='bbox 1419 1727 1638 1773; x_wconf 87' lang='lat' dir='ltr'><strong>mentes</strong></span> <span class='ocrx_word' id='word_1_133' title='bbox 1677 1721 1845 1774; x_wconf 84' lang='lat' dir='ltr'><strong>Tauri</strong></span> <span class='ocrx_word' id='word_1_134' title='bbox 1880 1720 2036 1774; x_wconf 84' lang='lat' dir='ltr'><strong>altis-</strong></span> 
     </span>
    </p>
   </div>
   <div class='ocr_carea' id='block_1_20' title="bbox 348 1809 1524 1882">
    <p class='ocr_par' dir='ltr' id='par_1_20' title="bbox 348 1809 1524 1882">
     <span class='ocr_line' id='line_1_20' title="bbox 348 1809 1524 1882; baseline -0.002 -18"><span class='ocrx_word' id='word_1_135' title='bbox 348 1812 546 1878; x_wconf 89' lang='lat' dir='ltr'><strong>simos,</strong></span> <span class='ocrx_word' id='word_1_136' title='bbox 591 1811 689 1882; x_wconf 90' lang='lat' dir='ltr'><strong>qui</strong></span> <span class='ocrx_word' id='word_1_137' title='bbox 721 1810 1028 1864; x_wconf 88' lang='lat' dir='ltr'><strong>imminent</strong></span> <span class='ocrx_word' id='word_1_138' title='bbox 1056 1809 1272 1879; x_wconf 88' lang='lat' dir='ltr'><strong>campis</strong></span> <span class='ocrx_word' id='word_1_139' title='bbox 1302 1813 1524 1862; x_wconf 87' lang='lat' dir='ltr'><strong>Ararat.</strong></span> 
     </span>
    </p>
   </div>
   <div class='ocr_carea' id='block_1_21' title="bbox 924 1897 1461 1952">
    <p class='ocr_par' dir='ltr' id='par_1_21' title="bbox 924 1897 1461 1952">
     <span class='ocr_line' id='line_1_21' title="bbox 924 1897 1461 1952; baseline -0.002 -1"><span class='ocrx_word' id='word_1_140' title='bbox 924 1899 1148 1952; x_wconf 79' lang='lat' dir='ltr'><strong>CAPUT</strong></span> <span class='ocrx_word' id='word_1_141' title='bbox 1187 1897 1461 1951; x_wconf 77' lang='lat' dir='ltr'><strong>XXXVIII.</strong></span> 
     </span>
    </p>
   </div>
   <div class='ocr_carea' id='block_1_22' title="bbox 420 1985 2038 2055">
    <p class='ocr_par' dir='ltr' id='par_1_22' title="bbox 420 1985 2038 2055">
     <span class='ocr_line' id='line_1_22' title="bbox 420 1985 2038 2055; baseline -0.003 -14"><span class='ocrx_word' id='word_1_142' title='bbox 420 1991 586 2044; x_wconf 79' lang='lat' dir='ltr'><strong>Vens.</strong></span> <span class='ocrx_word' id='word_1_143' title='bbox 642 1991 691 2042; x_wconf 95' lang='grc'><strong>1.</strong></span> <span class='ocrx_word' id='word_1_144' title='bbox 777 2018 841 2028; x_wconf 89' lang='lat'><strong><em>—</em></strong></span> <span class='ocrx_word' id='word_1_145' title='bbox 899 1989 963 2041; x_wconf 87' lang='lat' dir='ltr'><strong>In</strong></span> <span class='ocrx_word' id='word_1_146' title='bbox 1019 1987 1208 2040; x_wconf 88' lang='lat' dir='ltr'><strong>diebus</strong></span> <span class='ocrx_word' id='word_1_147' title='bbox 1256 1987 1368 2040; x_wconf 80' lang='lat' dir='ltr'><strong>illis</strong></span> <span class='ocrx_word' id='word_1_148' title='bbox 1447 1987 1749 2052; x_wconf 71' lang='lat' dir='ltr'><strong>aegrotavit.</strong></span> <span class='ocrx_word' id='word_1_149' title='bbox 1831 1985 2038 2055; x_wconf 74' lang='lat' dir='ltr'><strong>(Hum)</strong></span> 
     </span>
    </p>
   </div>
   <div class='ocr_carea' id='block_1_23' title="bbox 352 2074 2041 2144">
    <p class='ocr_par' dir='ltr' id='par_1_23' title="bbox 352 2074 2041 2144">
     <span class='ocr_line' id='line_1_23' title="bbox 352 2074 2041 2144; baseline -0.002 -13"><span class='ocrx_word' id='word_1_150' title='bbox 352 2078 495 2142; x_wconf 87' lang='lat' dir='ltr'><strong>Quia</strong></span> <span class='ocrx_word' id='word_1_151' title='bbox 520 2077 590 2131; x_wconf 89' lang='lat' dir='ltr'><strong>de</strong></span> <span class='ocrx_word' id='word_1_152' title='bbox 621 2076 857 2130; x_wconf 85' lang='lat' dir='ltr'><strong>victoria</strong></span> <span class='ocrx_word' id='word_1_153' title='bbox 878 2075 1079 2143; x_wconf 86' lang='lat' dir='ltr'><strong>dignas</strong></span> <span class='ocrx_word' id='word_1_154' title='bbox 1111 2076 1222 2128; x_wconf 88' lang='lat' dir='ltr'><strong>Deo</strong></span> <span class='ocrx_word' id='word_1_155' title='bbox 1245 2080 1432 2144; x_wconf 83' lang='lat' dir='ltr'><strong>grates</strong></span> <span class='ocrx_word' id='word_1_156' title='bbox 1463 2090 1578 2127; x_wconf 89' lang='lat' dir='ltr'><strong>non</strong></span> <span class='ocrx_word' id='word_1_157' title='bbox 1608 2074 1820 2139; x_wconf 91' lang='lat' dir='ltr'><strong>retulit,</strong></span> <span class='ocrx_word' id='word_1_158' title='bbox 1853 2075 1950 2128; x_wconf 90' lang='lat' dir='ltr'><strong>sed</strong></span> <span class='ocrx_word' id='word_1_159' title='bbox 1980 2075 2041 2127; x_wconf 93' lang='lat' dir='ltr'><strong>in</strong></span> 
     </span>
    </p>
   </div>
   <div class='ocr_carea' id='block_1_24' title="bbox 350 2163 2040 2235">
    <p class='ocr_par' dir='ltr' id='par_1_24' title="bbox 350 2163 2040 2235">
     <span class='ocr_line' id='line_1_24' title="bbox 350 2163 2040 2235; baseline -0.002 -15"><span class='ocrx_word' id='word_1_160' title='bbox 350 2165 620 2235; x_wconf 86' lang='lat' dir='ltr'><strong>superbia</strong></span> <span class='ocrx_word' id='word_1_161' title='bbox 649 2165 899 2230; x_wconf 79' lang='lat' dir='ltr'><strong>evanuit,</strong></span> <span class='ocrx_word' id='word_1_162' title='bbox 932 2165 1077 2218; x_wconf 89' lang='lat' dir='ltr'><strong>sicut</strong></span> <span class='ocrx_word' id='word_1_163' title='bbox 1108 2165 1326 2234; x_wconf 80' lang='lat' dir='ltr'><strong>Regum</strong></span> <span class='ocrx_word' id='word_1_164' title='bbox 1359 2168 1415 2216; x_wconf 92' lang='lat' dir='ltr'><strong>et</strong></span> <span class='ocrx_word' id='word_1_165' title='bbox 1472 2163 2040 2232; x_wconf 84' lang='lat' dir='ltr'><strong>Paralipomenorum</strong></span> 
     </span>
    </p>
   </div>
   <div class='ocr_carea' id='block_1_25' title="bbox 350 2250 2040 2324">
    <p class='ocr_par' dir='ltr' id='par_1_25' title="bbox 350 2250 2040 2324">
     <span class='ocr_line' id='line_1_25' title="bbox 350 2250 2040 2324; baseline -0.002 -15"><span class='ocrx_word' id='word_1_166' title='bbox 350 2255 497 2309; x_wconf 88' lang='lat' dir='ltr'><strong>liber</strong></span> <span class='ocrx_word' id='word_1_167' title='bbox 521 2253 731 2324; x_wconf 87' lang='lat' dir='ltr'><strong>aperit;</strong></span> <span class='ocrx_word' id='word_1_168' title='bbox 767 2254 916 2306; x_wconf 92' lang='lat' dir='ltr'><strong>unde</strong></span> <span class='ocrx_word' id='word_1_169' title='bbox 949 2270 961 2306; x_wconf 96' lang='lat'><strong>:</strong></span> <span class='ocrx_word' id='word_1_170' title='bbox 993 2253 1171 2316; x_wconf 89' lang='lat' dir='ltr'><strong>Quem</strong></span> <span class='ocrx_word' id='word_1_171' title='bbox 1204 2254 1350 2306; x_wconf 88' lang='lat' dir='ltr'><strong>Deus</strong></span> <span class='ocrx_word' id='word_1_172' title='bbox 1397 2250 1604 2321; x_wconf 86' lang='lat' dir='ltr'><strong>diligit,</strong></span> <span class='ocrx_word' id='word_1_173' title='bbox 1660 2251 1916 2321; x_wconf 85' lang='lat' dir='ltr'><strong>corripit,</strong></span> <span class='ocrx_word' id='word_1_174' title='bbox 1968 2267 2040 2305; x_wconf 89' lang='lat' dir='ltr'><strong>ne</strong></span> 
     </span>
    </p>
   </div>
   <div class='ocr_carea' id='block_1_26' title="bbox 351 2340 1966 2412">
    <p class='ocr_par' dir='ltr' id='par_1_26' title="bbox 351 2340 1966 2412">
     <span class='ocr_line' id='line_1_26' title="bbox 351 2340 1966 2412; baseline -0.003 -14"><span class='ocrx_word' id='word_1_175' title='bbox 351 2344 602 2398; x_wconf 88' lang='lat' dir='ltr'><strong>elevetur</strong></span> <span class='ocrx_word' id='word_1_176' title='bbox 628 2341 686 2395; x_wconf 89' lang='lat' dir='ltr'><strong>in</strong></span> <span class='ocrx_word' id='word_1_177' title='bbox 715 2341 1042 2412; x_wconf 86' lang='lat' dir='ltr'><strong>superbiam</strong></span> <span class='ocrx_word' id='word_1_178' title='bbox 1075 2345 1202 2411; x_wconf 90' lang='lat' dir='ltr'><strong>post</strong></span> <span class='ocrx_word' id='word_1_179' title='bbox 1231 2340 1590 2394; x_wconf 88' lang='lat' dir='ltr'><strong>incredibiles</strong></span> <span class='ocrx_word' id='word_1_180' title='bbox 1624 2340 1966 2409; x_wconf 90' lang='lat' dir='ltr'><strong>triumphos.</strong></span> 
     </span>
    </p>
   </div>
   <div class='ocr_carea' id='block_1_27' title="bbox 420 2428 2044 2485">
    <p class='ocr_par' dir='ltr' id='par_1_27' title="bbox 420 2428 2044 2485">
     <span class='ocr_line' id='line_1_27' title="bbox 420 2428 2044 2485; baseline -0.002 0"><span class='ocrx_word' id='word_1_181' title='bbox 420 2432 667 2485; x_wconf 80' lang='lat' dir='ltr'><strong>Morieris</strong></span> <span class='ocrx_word' id='word_1_182' title='bbox 745 2435 822 2484; x_wconf 87' lang='lat' dir='ltr'><strong>tu.</strong></span> <span class='ocrx_word' id='word_1_183' title='bbox 871 2430 973 2484; x_wconf 89' lang='lat' dir='ltr'><strong>Cui</strong></span> <span class='ocrx_word' id='word_1_184' title='bbox 1019 2429 1248 2483; x_wconf 90' lang='lat' dir='ltr'><strong>simile:</strong></span> <span class='ocrx_word' id='word_1_185' title='bbox 1302 2431 1495 2483; x_wconf 78' lang='lat' dir='ltr'><strong>Ninive</strong></span> <span class='ocrx_word' id='word_1_186' title='bbox 1552 2428 1928 2483; x_wconf 78' lang='lat' dir='ltr'><strong>subrertetur:</strong></span> <span class='ocrx_word' id='word_1_187' title='bbox 1987 2433 2044 2483; x_wconf 93' lang='lat' dir='ltr'><strong>et</strong></span> 
     </span>
    </p>
   </div>
   <div class='ocr_carea' id='block_1_28' title="bbox 352 2517 2040 2588">
    <p class='ocr_par' dir='ltr' id='par_1_28' title="bbox 352 2517 2040 2588">
     <span class='ocr_line' id='line_1_28' title="bbox 352 2517 2040 2588; baseline -0.001 -16"><span class='ocrx_word' id='word_1_188' title='bbox 352 2520 532 2572; x_wconf 90' lang='lat' dir='ltr'><strong>multa</strong></span> <span class='ocrx_word' id='word_1_189' title='bbox 563 2519 666 2572; x_wconf 88' lang='lat' dir='ltr'><strong>sub</strong></span> <span class='ocrx_word' id='word_1_190' title='bbox 688 2518 1134 2572; x_wconf 85' lang='lat' dir='ltr'><strong>comminatione</strong></span> <span class='ocrx_word' id='word_1_191' title='bbox 1164 2517 1455 2588; x_wconf 65' lang='lat' dir='ltr'><strong>praedicta,</strong></span> <span class='ocrx_word' id='word_1_192' title='bbox 1488 2533 1592 2570; x_wconf 85' lang='lat' dir='ltr'><strong>nec</strong></span> <span class='ocrx_word' id='word_1_193' title='bbox 1620 2517 1882 2588; x_wconf 90' lang='lat' dir='ltr'><strong>impleta;</strong></span> <span class='ocrx_word' id='word_1_194' title='bbox 1926 2535 2040 2571; x_wconf 90' lang='lat' dir='ltr'><strong>non</strong></span> 
     </span>
    </p>
   </div>
   <div class='ocr_carea' id='block_1_29' title="bbox 355 2606 2044 2676">
    <p class='ocr_par' dir='ltr' id='par_1_29' title="bbox 355 2606 2044 2676">
     <span class='ocr_line' id='line_1_29' title="bbox 355 2606 2044 2676; baseline -0.001 -15"><span class='ocrx_word' id='word_1_195' title='bbox 355 2608 470 2661; x_wconf 90' lang='lat' dir='ltr'><strong>Deo</strong></span> <span class='ocrx_word' id='word_1_196' title='bbox 501 2611 757 2660; x_wconf 86' lang='lat' dir='ltr'><strong>mutante</strong></span> <span class='ocrx_word' id='word_1_197' title='bbox 806 2607 1172 2672; x_wconf 84' lang='lat' dir='ltr'><strong>sententiam,</strong></span> <span class='ocrx_word' id='word_1_198' title='bbox 1218 2606 1312 2660; x_wconf 90' lang='lat' dir='ltr'><strong>sed</strong></span> <span class='ocrx_word' id='word_1_199' title='bbox 1333 2611 1673 2676; x_wconf 82' lang='lat' dir='ltr'><strong>provocante</strong></span> <span class='ocrx_word' id='word_1_200' title='bbox 1715 2622 1816 2660; x_wconf 89' lang='lat' dir='ltr'><strong>nos</strong></span> <span class='ocrx_word' id='word_1_201' title='bbox 1854 2607 1922 2660; x_wconf 91' lang='lat' dir='ltr'><strong>ad</strong></span> <span class='ocrx_word' id='word_1_202' title='bbox 1955 2606 2044 2660; x_wconf 91' lang='lat' dir='ltr'><strong>sui</strong></span> 
     </span>
    </p>
   </div>
   <div class='ocr_carea' id='block_1_30' title="bbox 354 2693 2038 2764">
    <p class='ocr_par' dir='ltr' id='par_1_30' title="bbox 354 2693 2038 2764">
     <span class='ocr_line' id='line_1_30' title="bbox 354 2693 2038 2764; baseline -0.001 -16"><span class='ocrx_word' id='word_1_203' title='bbox 354 2693 641 2748; x_wconf 89' lang='lat' dir='ltr'><strong>notitiam.</strong></span> <span class='ocrx_word' id='word_1_204' title='bbox 700 2693 976 2748; x_wconf 76' lang='lat' dir='ltr'><strong>Dominus</strong></span> <span class='ocrx_word' id='word_1_205' title='bbox 1033 2693 1186 2748; x_wconf 89' lang='lat' dir='ltr'><strong>enim</strong></span> <span class='ocrx_word' id='word_1_206' title='bbox 1217 2693 1440 2764; x_wconf 88' lang='lat' dir='ltr'><strong>patiens</strong></span> <span class='ocrx_word' id='word_1_207' title='bbox 1468 2700 1552 2748; x_wconf 90' lang='lat' dir='ltr'><strong>est</strong></span> <span class='ocrx_word' id='word_1_208' title='bbox 1581 2709 1752 2764; x_wconf 88' lang='lat' dir='ltr'><strong>super</strong></span> <span class='ocrx_word' id='word_1_209' title='bbox 1803 2693 2038 2747; x_wconf 90' lang='lat' dir='ltr'><strong>malitia.</strong></span> 
     </span>
    </p>
   </div>
   <div class='ocr_carea' id='block_1_31' title="bbox 422 2781 2040 2852">
    <p class='ocr_par' dir='ltr' id='par_1_31' title="bbox 422 2781 2040 2852">
     <span class='ocr_line' id='line_1_31' title="bbox 422 2781 2040 2852; baseline 0.001 -18"><span class='ocrx_word' id='word_1_210' title='bbox 422 2783 591 2837; x_wconf 88' lang='lat' dir='ltr'><strong>Vens.</strong></span> <span class='ocrx_word' id='word_1_211' title='bbox 641 2785 695 2836; x_wconf 92' lang='grc'><strong>2.</strong></span> <span class='ocrx_word' id='word_1_212' title='bbox 750 2813 818 2822; x_wconf 91' lang='grc'><strong>-</strong></span> <span class='ocrx_word' id='word_1_213' title='bbox 877 2783 966 2837; x_wconf 84' lang='lat' dir='ltr'><strong>Ad</strong></span> <span class='ocrx_word' id='word_1_214' title='bbox 1023 2785 1284 2850; x_wconf 80' lang='lat' dir='ltr'><strong>parietem</strong></span> <span class='ocrx_word' id='word_1_215' title='bbox 1338 2781 1462 2852; x_wconf 82' lang='lat'><strong>(10.)</strong></span> <span class='ocrx_word' id='word_1_216' title='bbox 1519 2782 1762 2852; x_wconf 88' lang='lat' dir='ltr'><strong>Templi,</strong></span> <span class='ocrx_word' id='word_1_217' title='bbox 1814 2782 2040 2847; x_wconf 88' lang='lat' dir='ltr'><strong>scilicct,</strong></span> 
     </span>
    </p>
   </div>
   <div class='ocr_carea' id='block_1_32' title="bbox 347 2869 1614 2942">
    <p class='ocr_par' dir='ltr' id='par_1_32' title="bbox 347 2869 1614 2942">
     <span class='ocr_line' id='line_1_32' title="bbox 347 2869 1614 2942; baseline 0 -18"><span class='ocrx_word' id='word_1_218' title='bbox 347 2871 513 2941; x_wconf 88' lang='lat' dir='ltr'><strong>juxta</strong></span> <span class='ocrx_word' id='word_1_219' title='bbox 545 2871 697 2942; x_wconf 92' lang='lat' dir='ltr'><strong>quod</strong></span> <span class='ocrx_word' id='word_1_220' title='bbox 725 2871 994 2925; x_wconf 88' lang='lat' dir='ltr'><strong>Salomon</strong></span> <span class='ocrx_word' id='word_1_221' title='bbox 1025 2870 1299 2924; x_wconf 84' lang='lat' dir='ltr'><strong>exstruxit</strong></span> <span class='ocrx_word' id='word_1_222' title='bbox 1318 2869 1614 2942; x_wconf 89' lang='lat' dir='ltr'><strong>palatium.</strong></span> 
     </span>
    </p>
   </div>
   <div class='ocr_carea' id='block_1_33' title="bbox 427 2955 2115 3026">
    <p class='ocr_par' dir='ltr' id='par_1_33' title="bbox 427 2955 2115 3026">
     <span class='ocr_line' id='line_1_33' title="bbox 427 2955 2115 3026; baseline -0.002 -14"><span class='ocrx_word' id='word_1_223' title='bbox 427 2961 594 3013; x_wconf 89' lang='lat' dir='ltr'><strong>Vens.</strong></span> <span class='ocrx_word' id='word_1_224' title='bbox 625 2964 674 3014; x_wconf 86' lang='lat'><strong>3.</strong></span> <span class='ocrx_word' id='word_1_225' title='bbox 724 2989 794 2998; x_wconf 93' lang='lat'><strong>—</strong></span> <span class='ocrx_word' id='word_1_226' title='bbox 825 2959 1067 3026; x_wconf 82' lang='lat' dir='ltr'><strong>Obsecro,</strong></span> <span class='ocrx_word' id='word_1_227' title='bbox 1091 2961 1328 3013; x_wconf 88' lang='lat' dir='ltr'><strong>Domine.</strong></span> <span class='ocrx_word' id='word_1_228' title='bbox 1368 2960 1556 3012; x_wconf 89' lang='lat' dir='ltr'><strong>Iturus</strong></span> <span class='ocrx_word' id='word_1_229' title='bbox 1586 2959 1655 3012; x_wconf 92' lang='lat' dir='ltr'><strong>ad</strong></span> <span class='ocrx_word' id='word_1_230' title='bbox 1713 2958 2043 3024; x_wconf 88' lang='lat' dir='ltr'><strong>Dominum,</strong></span> <span class='ocrx_word' id='word_1_231' title='bbox 2075 2955 2115 3008; x_wconf 90' lang='lat' dir='ltr'><strong>C</strong></span> 
     </span>
    </p>
   </div>
   <div class='ocr_carea' id='block_1_34' title="bbox 356 3047 2046 3119">
    <p class='ocr_par' dir='ltr' id='par_1_34' title="bbox 356 3047 2046 3119">
     <span class='ocr_line' id='line_1_34' title="bbox 356 3047 2046 3119; baseline 0.001 -19"><span class='ocrx_word' id='word_1_232' title='bbox 356 3053 550 3101; x_wconf 87' lang='lat' dir='ltr'><strong>narrat</strong></span> <span class='ocrx_word' id='word_1_233' title='bbox 581 3063 751 3118; x_wconf 85' lang='lat' dir='ltr'><strong>opera</strong></span> <span class='ocrx_word' id='word_1_234' title='bbox 774 3064 895 3100; x_wconf 90' lang='lat' dir='ltr'><strong>sua.</strong></span> <span class='ocrx_word' id='word_1_235' title='bbox 929 3047 1077 3102; x_wconf 84' lang='lat' dir='ltr'><strong>Felix</strong></span> <span class='ocrx_word' id='word_1_236' title='bbox 1111 3047 1478 3115; x_wconf 89' lang='lat' dir='ltr'><strong>conscientia,</strong></span> <span class='ocrx_word' id='word_1_237' title='bbox 1515 3063 1643 3118; x_wconf 65' lang='lat' dir='ltr'><strong>qua:</strong></span> <span class='ocrx_word' id='word_1_238' title='bbox 1681 3047 1740 3101; x_wconf 92' lang='lat' dir='ltr'><strong>in</strong></span> <span class='ocrx_word' id='word_1_239' title='bbox 1789 3052 2046 3119; x_wconf 90' lang='lat' dir='ltr'><strong>tempore</strong></span> 
     </span>
    </p>
   </div>
   <div class='ocr_carea' id='block_1_35' title="bbox 358 3133 1512 3205">
    <p class='ocr_par' dir='ltr' id='par_1_35' title="bbox 358 3133 1512 3205">
     <span class='ocr_line' id='line_1_35' title="bbox 358 3133 1512 3205; baseline 0 -17"><span class='ocrx_word' id='word_1_240' title='bbox 358 3133 642 3188; x_wconf 88' lang='lat' dir='ltr'><strong>malorum</strong></span> <span class='ocrx_word' id='word_1_241' title='bbox 673 3139 857 3205; x_wconf 88' lang='lat' dir='ltr'><strong>potest</strong></span> <span class='ocrx_word' id='word_1_242' title='bbox 887 3134 1174 3188; x_wconf 87' lang='lat' dir='ltr'><strong>recordari</strong></span> <span class='ocrx_word' id='word_1_243' title='bbox 1206 3133 1512 3188; x_wconf 91' lang='lat' dir='ltr'><strong>bonorum.</strong></span> 
     </span>
    </p>
   </div>
   <div class='ocr_carea' id='block_1_36' title="bbox 429 3221 2048 3290">
    <p class='ocr_par' dir='ltr' id='par_1_36' title="bbox 429 3221 2048 3290">
     <span class='ocr_line' id='line_1_36' title="bbox 429 3221 2048 3290; baseline -0.002 -13"><span class='ocrx_word' id='word_1_244' title='bbox 429 3222 673 3290; x_wconf 85' lang='lat' dir='ltr'><strong>Obsecro,</strong></span> <span class='ocrx_word' id='word_1_245' title='bbox 743 3225 977 3277; x_wconf 82' lang='lat' dir='ltr'><strong>Domine.</strong></span> <span class='ocrx_word' id='word_1_246' title='bbox 1032 3223 1318 3277; x_wconf 81' lang='lat' dir='ltr'><strong>Audiens.</strong></span> <span class='ocrx_word' id='word_1_247' title='bbox 1353 3239 1412 3276; x_wconf 87' lang='lat' dir='ltr'><strong>se</strong></span> <span class='ocrx_word' id='word_1_248' title='bbox 1476 3221 1846 3288; x_wconf 88' lang='lat' dir='ltr'><strong>moriturum,</strong></span> <span class='ocrx_word' id='word_1_249' title='bbox 1930 3237 2048 3275; x_wconf 87' lang='lat' dir='ltr'><strong>non</strong></span> 
     </span>
    </p>
   </div>
   <div class='ocr_carea' id='block_1_37' title="bbox 363 3309 2048 3381">
    <p class='ocr_par' dir='ltr' id='par_1_37' title="bbox 363 3309 2048 3381">
     <span class='ocr_line' id='line_1_37' title="bbox 363 3309 2048 3381; baseline -0.001 -17"><span class='ocrx_word' id='word_1_250' title='bbox 363 3327 542 3364; x_wconf 88' lang='lat' dir='ltr'><strong>annos</strong></span> <span class='ocrx_word' id='word_1_251' title='bbox 567 3310 844 3380; x_wconf 84' lang='lat' dir='ltr'><strong>plurimos</strong></span> <span class='ocrx_word' id='word_1_252' title='bbox 876 3311 1035 3380; x_wconf 88' lang='lat' dir='ltr'><strong>petit,</strong></span> <span class='ocrx_word' id='word_1_253' title='bbox 1078 3311 1172 3365; x_wconf 91' lang='lat' dir='ltr'><strong>sed</strong></span> <span class='ocrx_word' id='word_1_254' title='bbox 1206 3311 1306 3364; x_wconf 88' lang='lat' dir='ltr'><strong>Dei</strong></span> <span class='ocrx_word' id='word_1_255' title='bbox 1353 3309 1571 3381; x_wconf 87' lang='lat' dir='ltr'><strong>judicio</strong></span> <span class='ocrx_word' id='word_1_256' title='bbox 1625 3309 1864 3364; x_wconf 91' lang='lat' dir='ltr'><strong>dimittit</strong></span> <span class='ocrx_word' id='word_1_257' title='bbox 1913 3309 2048 3380; x_wconf 88' lang='lat' dir='ltr'><strong>quid</strong></span> 
     </span>
    </p>
   </div>
   <div class='ocr_carea' id='block_1_38' title="bbox 359 3398 2046 3468">
    <p class='ocr_par' dir='ltr' id='par_1_38' title="bbox 359 3398 2046 3468">
     <span class='ocr_line' id='line_1_38' title="bbox 359 3398 2046 3468; baseline -0.001 -17"><span class='ocrx_word' id='word_1_258' title='bbox 359 3404 630 3468; x_wconf 66' lang='lat' dir='ltr'><strong>praestare</strong></span> <span class='ocrx_word' id='word_1_259' title='bbox 661 3399 796 3452; x_wconf 86' lang='lat' dir='ltr'><strong>velit</strong></span> <span class='ocrx_word' id='word_1_260' title='bbox 827 3416 840 3451; x_wconf 93' lang='lat'><strong>:</strong></span> <span class='ocrx_word' id='word_1_261' title='bbox 877 3405 1113 3453; x_wconf 89' lang='lat' dir='ltr'><strong>noverat</strong></span> <span class='ocrx_word' id='word_1_262' title='bbox 1168 3399 1530 3453; x_wconf 88' lang='lat' dir='ltr'><strong>Salomonem</strong></span> <span class='ocrx_word' id='word_1_263' title='bbox 1589 3399 1704 3452; x_wconf 92' lang='lat' dir='ltr'><strong>Deo</strong></span> <span class='ocrx_word' id='word_1_264' title='bbox 1745 3398 2046 3468; x_wconf 86' lang='lat' dir='ltr'><strong>placuisse,</strong></span> 
     </span>
    </p>
   </div>
   <div class='ocr_carea' id='block_1_39' title="bbox 358 3485 1620 3556">
    <p class='ocr_par' dir='ltr' id='par_1_39' title="bbox 358 3485 1620 3556">
     <span class='ocr_line' id='line_1_39' title="bbox 358 3485 1620 3556; baseline 0.001 -18"><span class='ocrx_word' id='word_1_265' title='bbox 358 3485 494 3556; x_wconf 89' lang='lat' dir='ltr'><strong>quia</strong></span> <span class='ocrx_word' id='word_1_266' title='bbox 517 3501 630 3538; x_wconf 93' lang='lat' dir='ltr'><strong>non</strong></span> <span class='ocrx_word' id='word_1_267' title='bbox 658 3485 903 3554; x_wconf 85' lang='lat' dir='ltr'><strong>petierat</strong></span> <span class='ocrx_word' id='word_1_268' title='bbox 927 3485 1237 3554; x_wconf 86' lang='lat' dir='ltr'><strong>ampliores</strong></span> <span class='ocrx_word' id='word_1_269' title='bbox 1263 3502 1440 3539; x_wconf 90' lang='lat' dir='ltr'><strong>annos</strong></span> <span class='ocrx_word' id='word_1_270' title='bbox 1470 3485 1620 3539; x_wconf 61' lang='lat' dir='ltr'><strong>vitae.</strong></span> 
     </span>
    </p>
   </div>
   <div class='ocr_carea' id='block_1_40' title="bbox 429 3573 2053 3643">
    <p class='ocr_par' dir='ltr' id='par_1_40' title="bbox 429 3573 2053 3643">
     <span class='ocr_line' id='line_1_40' title="bbox 429 3573 2053 3643; baseline 0.001 -17"><span class='ocrx_word' id='word_1_271' title='bbox 429 3575 500 3626; x_wconf 87' lang='lat' dir='ltr'><strong>Et</strong></span> <span class='ocrx_word' id='word_1_272' title='bbox 528 3573 673 3641; x_wconf 83' lang='lat' dir='ltr'><strong>quod</strong></span> <span class='ocrx_word' id='word_1_273' title='bbox 729 3573 942 3627; x_wconf 89' lang='lat' dir='ltr'><strong>bonum.</strong></span> <span class='ocrx_word' id='word_1_274' title='bbox 994 3574 1149 3627; x_wconf 92' lang='lat' dir='ltr'><strong>ldola</strong></span> <span class='ocrx_word' id='word_1_275' title='bbox 1190 3573 1367 3643; x_wconf 88' lang='lat' dir='ltr'><strong>patris</strong></span> <span class='ocrx_word' id='word_1_276' title='bbox 1424 3574 1507 3627; x_wconf 89' lang='lat' dir='ltr'><strong>sui</strong></span> <span class='ocrx_word' id='word_1_277' title='bbox 1563 3573 1862 3638; x_wconf 84' lang='lat' dir='ltr'><strong>destruxit,</strong></span> <span class='ocrx_word' id='word_1_278' title='bbox 1909 3573 2053 3628; x_wconf 86' lang='lat' dir='ltr'><strong>ostia</strong></span> 
     </span>
    </p>
   </div>
   <div class='ocr_carea' id='block_1_41' title="bbox 363 3660 2051 3733">
    <p class='ocr_par' dir='ltr' id='par_1_41' title="bbox 363 3660 2051 3733">
     <span class='ocr_line' id='line_1_41' title="bbox 363 3660 2051 3733; baseline 0.001 -19"><span class='ocrx_word' id='word_1_279' title='bbox 363 3661 566 3714; x_wconf 89' lang='lat' dir='ltr'><strong>domus</strong></span> <span class='ocrx_word' id='word_1_280' title='bbox 588 3660 834 3728; x_wconf 86' lang='lat' dir='ltr'><strong>Domini,</strong></span> <span class='ocrx_word' id='word_1_281' title='bbox 869 3677 996 3731; x_wconf 84' lang='lat' dir='ltr'><strong>quae</strong></span> <span class='ocrx_word' id='word_1_282' title='bbox 1028 3661 1123 3714; x_wconf 91' lang='lat' dir='ltr'><strong>ille</strong></span> <span class='ocrx_word' id='word_1_283' title='bbox 1171 3662 1470 3726; x_wconf 84' lang='lat' dir='ltr'><strong>clauserat,</strong></span> <span class='ocrx_word' id='word_1_284' title='bbox 1518 3661 1762 3732; x_wconf 89' lang='lat' dir='ltr'><strong>aperuit,</strong></span> <span class='ocrx_word' id='word_1_285' title='bbox 1818 3678 2051 3733; x_wconf 85' lang='lat' dir='ltr'><strong>serpen-</strong></span> 
     </span>
    </p>
   </div>
   <div class='ocr_carea' id='block_1_42' title="bbox 360 3749 2052 3820">
    <p class='ocr_par' dir='ltr' id='par_1_42' title="bbox 360 3749 2052 3820">
     <span class='ocr_line' id='line_1_42' title="bbox 360 3749 2052 3820; baseline 0.002 -18"><span class='ocrx_word' id='word_1_286' title='bbox 360 3753 475 3802; x_wconf 91' lang='lat' dir='ltr'><strong>tem</strong></span> <span class='ocrx_word' id='word_1_287' title='bbox 515 3765 739 3802; x_wconf 69' lang='lat' dir='ltr'><strong>zeneum</strong></span> <span class='ocrx_word' id='word_1_288' title='bbox 771 3765 942 3820; x_wconf 90' lang='lat' dir='ltr'><strong>quem</strong></span> <span class='ocrx_word' id='word_1_289' title='bbox 975 3749 1033 3803; x_wconf 93' lang='lat' dir='ltr'><strong>in</strong></span> <span class='ocrx_word' id='word_1_290' title='bbox 1065 3749 1296 3804; x_wconf 87' lang='lat' dir='ltr'><strong>Gabaon</strong></span> <span class='ocrx_word' id='word_1_291' title='bbox 1314 3749 1497 3805; x_wconf 65' lang='lat' dir='ltr'><strong>Judaei</strong></span> <span class='ocrx_word' id='word_1_292' title='bbox 1527 3750 1838 3805; x_wconf 89' lang='lat' dir='ltr'><strong>adorabant</strong></span> <span class='ocrx_word' id='word_1_293' title='bbox 1889 3769 2052 3805; x_wconf 87' lang='lat' dir='ltr'><strong>com-</strong></span> 
     </span>
    </p>
   </div>
   <div class='ocr_carea' id='block_1_43' title="bbox 361 3837 1285 3909">
    <p class='ocr_par' dir='ltr' id='par_1_43' title="bbox 361 3837 1285 3909">
     <span class='ocr_line' id='line_1_43' title="bbox 361 3837 1285 3909; baseline 0.001 -18"><span class='ocrx_word' id='word_1_294' title='bbox 361 3837 592 3898; x_wconf 83' lang='lat' dir='ltr'><strong>minuit.</strong></span> <span class='ocrx_word' id='word_1_295' title='bbox 614 3842 670 3890; x_wconf 90' lang='lat' dir='ltr'><strong>et</strong></span> <span class='ocrx_word' id='word_1_296' title='bbox 699 3837 756 3891; x_wconf 92' lang='lat' dir='ltr'><strong>in</strong></span> <span class='ocrx_word' id='word_1_297' title='bbox 790 3843 1028 3892; x_wconf 87' lang='lat' dir='ltr'><strong>ventum</strong></span> <span class='ocrx_word' id='word_1_298' title='bbox 1060 3841 1285 3909; x_wconf 88' lang='lat' dir='ltr'><strong>sparsit.</strong></span> 
     </span>
    </p>
   </div>
   <div class='ocr_carea' id='block_1_44' title="bbox 432 3927 2053 3998">
    <p class='ocr_par' dir='ltr' id='par_1_44' title="bbox 432 3927 2053 3998">
     <span class='ocr_line' id='line_1_44' title="bbox 432 3927 2053 3998; baseline 0.001 -17"><span class='ocrx_word' id='word_1_299' title='bbox 432 3929 500 3981; x_wconf 89' lang='lat' dir='ltr'><strong>Et</strong></span> <span class='ocrx_word' id='word_1_300' title='bbox 524 3929 688 3995; x_wconf 83' lang='lat' dir='ltr'><strong>ﬂevit.</strong></span> <span class='ocrx_word' id='word_1_301' title='bbox 724 3927 898 3982; x_wconf 86' lang='lat' dir='ltr'><strong>Flevit</strong></span> <span class='ocrx_word' id='word_1_302' title='bbox 919 3928 1054 3998; x_wconf 91' lang='lat' dir='ltr'><strong>quia</strong></span> <span class='ocrx_word' id='word_1_303' title='bbox 1085 3928 1436 3982; x_wconf 89' lang='lat' dir='ltr'><strong>moriebatur</strong></span> <span class='ocrx_word' id='word_1_304' title='bbox 1464 3927 1583 3982; x_wconf 89' lang='lat' dir='ltr'><strong>sine</strong></span> <span class='ocrx_word' id='word_1_305' title='bbox 1617 3927 1770 3995; x_wconf 90' lang='lat' dir='ltr'><strong>ﬁliis,</strong></span> <span class='ocrx_word' id='word_1_306' title='bbox 1805 3933 1934 3996; x_wconf 73' lang='lat' dir='ltr'><strong>etc.,</strong></span> <span class='ocrx_word' id='word_1_307' title='bbox 1967 3945 2053 3983; x_wconf 86' lang='lat' dir='ltr'><strong>us-</strong></span> 
     </span>
    </p>
   </div>
   <div class='ocr_carea' id='block_1_45' title="bbox 361 4013 2049 4086">
    <p class='ocr_par' dir='ltr' id='par_1_45' title="bbox 361 4013 2049 4086">
     <span class='ocr_line' id='line_1_45' title="bbox 361 4013 2049 4086; baseline 0.002 -20"><span class='ocrx_word' id='word_1_308' title='bbox 361 4028 462 4082; x_wconf 90' lang='lat' dir='ltr'><strong>que</strong></span> <span class='ocrx_word' id='word_1_309' title='bbox 482 4013 556 4067; x_wconf 90' lang='lat' dir='ltr'><strong>ad</strong></span> <span class='ocrx_word' id='word_1_310' title='bbox 571 4019 628 4067; x_wconf 91' lang='lat' dir='ltr'><strong>et</strong></span> <span class='ocrx_word' id='word_1_311' title='bbox 656 4020 784 4084; x_wconf 91' lang='lat' dir='ltr'><strong>post</strong></span> <span class='ocrx_word' id='word_1_312' title='bbox 806 4020 1047 4068; x_wconf 86' lang='lat' dir='ltr'><strong>mortem</strong></span> <span class='ocrx_word' id='word_1_313' title='bbox 1077 4015 1356 4084; x_wconf 87' lang='lat' dir='ltr'><strong>plurimos</strong></span> <span class='ocrx_word' id='word_1_314' title='bbox 1378 4015 1742 4069; x_wconf 90' lang='lat' dir='ltr'><strong>resuscitatos</strong></span> <span class='ocrx_word' id='word_1_315' title='bbox 1771 4017 2049 4086; x_wconf 86' lang='lat' dir='ltr'><strong>legamus.</strong></span> 
     </span>
    </p>
   </div>
   <div class='ocr_carea' id='block_1_46' title="bbox 435 4102 2052 4169">
    <p class='ocr_par' dir='ltr' id='par_1_46' title="bbox 435 4102 2052 4169">
     <span class='ocr_line' id='line_1_46' title="bbox 435 4102 2052 4169; baseline 0.004 -15"><span class='ocrx_word' id='word_1_316' title='bbox 435 4102 595 4156; x_wconf 89' lang='lat' dir='ltr'><strong>Vens.</strong></span> <span class='ocrx_word' id='word_1_317' title='bbox 629 4103 681 4156; x_wconf 85' lang='grc'><strong>4.</strong></span> <span class='ocrx_word' id='word_1_318' title='bbox 724 4103 890 4157; x_wconf 77' lang='grc' dir='ltr'><strong>-Εε</strong></span> <span class='ocrx_word' id='word_1_319' title='bbox 925 4105 1134 4169; x_wconf 82' lang='lat' dir='ltr'><strong>factum</strong></span> <span class='ocrx_word' id='word_1_320' title='bbox 1163 4109 1242 4158; x_wconf 87' lang='lat' dir='ltr'><strong>est</strong></span> <span class='ocrx_word' id='word_1_321' title='bbox 1304 4104 1534 4158; x_wconf 82' lang='lat' dir='ltr'><strong>Verbum</strong></span> <span class='ocrx_word' id='word_1_322' title='bbox 1597 4105 1836 4159; x_wconf 77' lang='lat' dir='ltr'><strong>Domini.</strong></span> <span class='ocrx_word' id='word_1_323' title='bbox 1897 4108 2052 4160; x_wconf 69' lang='lat' dir='ltr'><strong>Prte-</strong></span> 
     </span>
    </p>
   </div>
   <div class='ocr_carea' id='block_1_47' title="bbox 363 4190 2053 4264">
    <p class='ocr_par' dir='ltr' id='par_1_47' title="bbox 363 4190 2053 4264">
     <span class='ocr_line' id='line_1_47' title="bbox 363 4190 2053 4264; baseline 0.002 -20"><span class='ocrx_word' id='word_1_324' title='bbox 363 4198 589 4259; x_wconf 88' lang='lat' dir='ltr'><strong>postero</strong></span> <span class='ocrx_word' id='word_1_325' title='bbox 617 4191 817 4245; x_wconf 89' lang='lat' dir='ltr'><strong>ordine</strong></span> <span class='ocrx_word' id='word_1_326' title='bbox 856 4190 949 4245; x_wconf 89' lang='lat' dir='ltr'><strong>hic</strong></span> <span class='ocrx_word' id='word_1_327' title='bbox 977 4191 1221 4246; x_wconf 84' lang='lat' dir='ltr'><strong>refertur</strong></span> <span class='ocrx_word' id='word_1_328' title='bbox 1246 4191 1502 4258; x_wconf 88' lang='lat' dir='ltr'><strong>historia,</strong></span> <span class='ocrx_word' id='word_1_329' title='bbox 1555 4209 1683 4264; x_wconf 66' lang='lat' dir='ltr'><strong>quas</strong></span> <span class='ocrx_word' id='word_1_330' title='bbox 1741 4193 1803 4247; x_wconf 91' lang='lat' dir='ltr'><strong>in</strong></span> <span class='ocrx_word' id='word_1_331' title='bbox 1832 4195 2053 4264; x_wconf 76' lang='lat' dir='ltr'><strong>Regum</strong></span> 
     </span>
    </p>
   </div>
   <div class='ocr_carea' id='block_1_48' title="bbox 366 4278 1369 4350">
    <p class='ocr_par' dir='ltr' id='par_1_48' title="bbox 366 4278 1369 4350">
     <span class='ocr_line' id='line_1_48' title="bbox 366 4278 1369 4350; baseline 0.003 -20"><span class='ocrx_word' id='word_1_332' title='bbox 366 4278 656 4331; x_wconf 76' lang='lat' dir='ltr'><strong>volumine</strong></span> <span class='ocrx_word' id='word_1_333' title='bbox 681 4279 1120 4350; x_wconf 89' lang='lat' dir='ltr'><strong>consequentius</strong></span> <span class='ocrx_word' id='word_1_334' title='bbox 1142 4279 1369 4349; x_wconf 88' lang='lat' dir='ltr'><strong>legitur.</strong></span> 
     </span>
    </p>
   </div>
   <div class='ocr_carea' id='block_1_49' title="bbox 432 4367 2049 4438">
    <p class='ocr_par' dir='ltr' id='par_1_49' title="bbox 432 4367 2049 4438">
     <span class='ocr_line' id='line_1_49' title="bbox 432 4367 2049 4438; baseline 0.002 -18"><span class='ocrx_word' id='word_1_335' title='bbox 432 4367 594 4420; x_wconf 86' lang='lat' dir='ltr'><strong>Vens.</strong></span> <span class='ocrx_word' id='word_1_336' title='bbox 629 4369 680 4421; x_wconf 84' lang='lat'><strong>5.</strong></span> <span class='ocrx_word' id='word_1_337' title='bbox 713 4395 780 4408; x_wconf 89' lang='lat'>—</span> <span class='ocrx_word' id='word_1_338' title='bbox 810 4370 943 4422; x_wconf 88' lang='lat' dir='ltr'><strong>Ecce</strong></span> <span class='ocrx_word' id='word_1_339' title='bbox 962 4382 1056 4435; x_wconf 86' lang='lat' dir='ltr'><strong>ego</strong></span> <span class='ocrx_word' id='word_1_340' title='bbox 1083 4367 1347 4435; x_wconf 86' lang='lat' dir='ltr'><strong>adjiciam</strong></span> <span class='ocrx_word' id='word_1_341' title='bbox 1376 4382 1539 4438; x_wconf 84' lang='lat' dir='ltr'><strong>super</strong></span> <span class='ocrx_word' id='word_1_342' title='bbox 1562 4369 1694 4423; x_wconf 87' lang='lat' dir='ltr'><strong>dies.</strong></span> <span class='ocrx_word' id='word_1_343' title='bbox 1726 4370 2049 4424; x_wconf 88' lang='lat' dir='ltr'><strong>Secundum</strong></span> 
     </span>
    </p>
   </div>
   <div class='ocr_carea' id='block_1_50' title="bbox 364 4454 2053 4525">
    <p class='ocr_par' dir='ltr' id='par_1_50' title="bbox 364 4454 2053 4525">
     <span class='ocr_line' id='line_1_50' title="bbox 364 4454 2053 4525; baseline 0.002 -17"><span class='ocrx_word' id='word_1_344' title='bbox 364 4455 518 4525; x_wconf 91' lang='lat' dir='ltr'><strong>quod</strong></span> <span class='ocrx_word' id='word_1_345' title='bbox 540 4454 726 4509; x_wconf 89' lang='lat' dir='ltr'><strong>visum</strong></span> <span class='ocrx_word' id='word_1_346' title='bbox 753 4460 857 4522; x_wconf 89' lang='lat' dir='ltr'><strong>est,</strong></span> <span class='ocrx_word' id='word_1_347' title='bbox 891 4459 1020 4520; x_wconf 89' lang='lat' dir='ltr'><strong>etc.,</strong></span> <span class='ocrx_word' id='word_1_348' title='bbox 1046 4470 1214 4524; x_wconf 88' lang='lat' dir='ltr'><strong>usque</strong></span> <span class='ocrx_word' id='word_1_349' title='bbox 1245 4455 1320 4510; x_wconf 87' lang='lat' dir='ltr'><strong>ad</strong></span> <span class='ocrx_word' id='word_1_350' title='bbox 1359 4461 1415 4510; x_wconf 88' lang='lat' dir='ltr'><strong>et</strong></span> <span class='ocrx_word' id='word_1_351' title='bbox 1461 4457 1531 4511; x_wconf 90' lang='lat' dir='ltr'><strong>de</strong></span> <span class='ocrx_word' id='word_1_352' title='bbox 1571 4457 1741 4511; x_wconf 72' lang='lat' dir='ltr'><strong>annis</strong></span> <span class='ocrx_word' id='word_1_353' title='bbox 1800 4459 2053 4512; x_wconf 71' lang='lat' dir='ltr'><strong>Ezechiae</strong></span> 
     </span>
    </p>
   </div>
   <div class='ocr_carea' id='block_1_51' title="bbox 363 4542 590 4597">
    <p class='ocr_par' dir='ltr' id='par_1_51' title="bbox 363 4542 590 4597">
     <span class='ocr_line' id='line_1_51' title="bbox 363 4542 590 4597; baseline 0 -1"><span class='ocrx_word' id='word_1_354' title='bbox 363 4542 590 4597; x_wconf 87' lang='lat' dir='ltr'><strong>additis.</strong></span> 
     </span>
    </p>
   </div>
   <div class='ocr_carea' id='block_1_52' title="bbox 436 4631 2052 4702">
    <p class='ocr_par' dir='ltr' id='par_1_52' title="bbox 436 4631 2052 4702">
     <span class='ocr_line' id='line_1_52' title="bbox 436 4631 2052 4702; baseline 0.004 -20"><span class='ocrx_word' id='word_1_355' title='bbox 436 4633 594 4686; x_wconf 87' lang='lat' dir='ltr'><strong>Vens.</strong></span> <span class='ocrx_word' id='word_1_356' title='bbox 639 4635 693 4685; x_wconf 92' lang='lat'><strong>7.</strong></span> <span class='ocrx_word' id='word_1_357' title='bbox 723 4662 794 4672; x_wconf 90' lang='lat'><strong>—</strong></span> <span class='ocrx_word' id='word_1_358' title='bbox 816 4634 926 4686; x_wconf 86' lang='lat' dir='ltr'><strong>Hoc</strong></span> <span class='ocrx_word' id='word_1_359' title='bbox 954 4636 1131 4686; x_wconf 89' lang='lat' dir='ltr'><strong>autem</strong></span> <span class='ocrx_word' id='word_1_360' title='bbox 1158 4631 1258 4686; x_wconf 83' lang='lat' dir='ltr'><strong>tibi</strong></span> <span class='ocrx_word' id='word_1_361' title='bbox 1284 4634 1386 4685; x_wconf 83' lang='lat' dir='ltr'><strong>erit</strong></span> <span class='ocrx_word' id='word_1_362' title='bbox 1437 4635 1653 4702; x_wconf 87' lang='lat' dir='ltr'><strong>signum</strong></span> <span class='ocrx_word' id='word_1_363' title='bbox 1711 4651 1745 4688; x_wconf 89' lang='lat' dir='ltr'><strong>a</strong></span> <span class='ocrx_word' id='word_1_364' title='bbox 1806 4638 2052 4702; x_wconf 86' lang='lat' dir='ltr'><strong>Domino,</strong></span> 
     </span>
    </p>
   </div>
   <div class='ocr_carea' id='block_1_53' title="bbox 362 4720 2054 4793">
    <p class='ocr_par' dir='ltr' id='par_1_53' title="bbox 362 4720 2054 4793">
     <span class='ocr_line' id='line_1_53' title="bbox 362 4720 2054 4793; baseline 0.002 -20"><span class='ocrx_word' id='word_1_365' title='bbox 362 4723 497 4789; x_wconf 85' lang='lat' dir='ltr'><strong>quia</strong></span> <span class='ocrx_word' id='word_1_366' title='bbox 524 4722 656 4786; x_wconf 85' lang='lat' dir='ltr'><strong>fecit</strong></span> <span class='ocrx_word' id='word_1_367' title='bbox 705 4723 962 4775; x_wconf 87' lang='lat' dir='ltr'><strong>Dominus</strong></span> <span class='ocrx_word' id='word_1_368' title='bbox 1007 4720 1228 4774; x_wconf 83' lang='lat' dir='ltr'><strong>verbum</strong></span> <span class='ocrx_word' id='word_1_369' title='bbox 1281 4721 1377 4774; x_wconf 81' lang='lat' dir='ltr'><strong>hoc</strong></span> <span class='ocrx_word' id='word_1_370' title='bbox 1436 4721 1580 4789; x_wconf 87' lang='lat' dir='ltr'><strong>quod</strong></span> <span class='ocrx_word' id='word_1_371' title='bbox 1637 4725 1863 4778; x_wconf 82' lang='lat' dir='ltr'><strong>locutus.</strong></span> <span class='ocrx_word' id='word_1_372' title='bbox 1925 4725 2054 4793; x_wconf 80' lang='lat'><strong>(10.)</strong></span> 
     </span>
    </p>
   </div>
   <div class='ocr_carea' id='block_1_54' title="bbox 364 4808 2057 4880">
    <p class='ocr_par' dir='ltr' id='par_1_54' title="bbox 364 4808 2057 4880">
     <span class='ocr_line' id='line_1_54' title="bbox 364 4808 2057 4880; baseline 0.002 -18"><span class='ocrx_word' id='word_1_373' title='bbox 364 4808 668 4863; x_wconf 64' lang='lat' dir='ltr'><strong>Praesentis</strong></span> <span class='ocrx_word' id='word_1_374' title='bbox 689 4808 902 4862; x_wconf 90' lang='lat' dir='ltr'><strong>scilicet</strong></span> <span class='ocrx_word' id='word_1_375' title='bbox 932 4808 1208 4879; x_wconf 87' lang='lat' dir='ltr'><strong>temporis</strong></span> <span class='ocrx_word' id='word_1_376' title='bbox 1232 4813 1287 4862; x_wconf 89' lang='lat' dir='ltr'><strong>et</strong></span> <span class='ocrx_word' id='word_1_377' title='bbox 1325 4809 1522 4868; x_wconf 81' lang='lat' dir='ltr'><strong>futuri,</strong></span> <span class='ocrx_word' id='word_1_378' title='bbox 1555 4817 1616 4862; x_wconf 88' lang='lat' dir='ltr'><strong>ut</strong></span> <span class='ocrx_word' id='word_1_379' title='bbox 1651 4813 1940 4880; x_wconf 89' lang='lat' dir='ltr'><strong>quomodo</strong></span> <span class='ocrx_word' id='word_1_380' title='bbox 1971 4814 2057 4867; x_wconf 90' lang='lat' dir='ltr'><strong>sol</strong></span> 
     </span>
    </p>
   </div>
   <div class='ocr_carea' id='block_1_55' title="bbox 364 4896 2056 4955">
    <p class='ocr_par' dir='ltr' id='par_1_55' title="bbox 364 4896 2056 4955">
     <span class='ocr_line' id='line_1_55' title="bbox 364 4896 2056 4955; baseline 0.002 -5"><span class='ocrx_word' id='word_1_381' title='bbox 364 4897 670 4952; x_wconf 85' lang='lat' dir='ltr'><strong>revertitur</strong></span> <span class='ocrx_word' id='word_1_382' title='bbox 691 4897 760 4951; x_wconf 90' lang='lat' dir='ltr'><strong>ad</strong></span> <span class='ocrx_word' id='word_1_383' title='bbox 795 4896 1090 4951; x_wconf 81' lang='lat' dir='ltr'><strong>exordium</strong></span> <span class='ocrx_word' id='word_1_384' title='bbox 1147 4897 1235 4950; x_wconf 89' lang='lat' dir='ltr'><strong>sui</strong></span> <span class='ocrx_word' id='word_1_385' title='bbox 1273 4897 1346 4950; x_wconf 89' lang='lat' dir='ltr'><strong>ita</strong></span> <span class='ocrx_word' id='word_1_386' title='bbox 1378 4898 1629 4952; x_wconf 59' lang='lat' dir='ltr'><strong>Ezechiel».</strong></span> <span class='ocrx_word' id='word_1_387' title='bbox 1657 4899 1766 4952; x_wconf 89' lang='lat' dir='ltr'><strong>vita</strong></span> <span class='ocrx_word' id='word_1_388' title='bbox 1819 4901 1886 4955; x_wconf 90' lang='lat' dir='ltr'><strong>ad</strong></span> <span class='ocrx_word' id='word_1_389' title='bbox 1919 4918 2056 4954; x_wconf 91' lang='lat' dir='ltr'><strong>evo-</strong></span> 
     </span>
    </p>
   </div>
   <div class='ocr_carea' id='block_1_56' title="bbox 363 4985 2060 5056">
    <p class='ocr_par' dir='ltr' id='par_1_56' title="bbox 363 4985 2060 5056">
     <span class='ocr_line' id='line_1_56' title="bbox 363 4985 2060 5056; baseline 0 -16"><span class='ocrx_word' id='word_1_390' title='bbox 363 4986 514 5040; x_wconf 90' lang='lat' dir='ltr'><strong>lutos</strong></span> <span class='ocrx_word' id='word_1_391' title='bbox 544 4985 738 5040; x_wconf 86' lang='lat' dir='ltr'><strong>redeat</strong></span> <span class='ocrx_word' id='word_1_392' title='bbox 767 5001 967 5039; x_wconf 90' lang='lat' dir='ltr'><strong>annos.</strong></span> <span class='ocrx_word' id='word_1_393' title='bbox 1033 4985 1203 5040; x_wconf 85' lang='lat' dir='ltr'><strong>Nobis</strong></span> <span class='ocrx_word' id='word_1_394' title='bbox 1247 5001 1478 5056; x_wconf 91' lang='lat' dir='ltr'><strong>quoque</strong></span> <span class='ocrx_word' id='word_1_395' title='bbox 1535 4985 1596 5040; x_wconf 91' lang='lat' dir='ltr'><strong>in</strong></span> <span class='ocrx_word' id='word_1_396' title='bbox 1654 4987 1942 5042; x_wconf 87' lang='lat' dir='ltr'><strong>hebdoade</strong></span> <span class='ocrx_word' id='word_1_397' title='bbox 2002 4993 2060 5041; x_wconf 91' lang='lat' dir='ltr'><strong>et</strong></span> 
     </span>
    </p>
   </div>
   <div class='ocr_carea' id='block_1_57' title="bbox 364 5074 2058 5146">
    <p class='ocr_par' dir='ltr' id='par_1_57' title="bbox 364 5074 2058 5146">
     <span class='ocr_line' id='line_1_57' title="bbox 364 5074 2058 5146; baseline 0 -16"><span class='ocrx_word' id='word_1_398' title='bbox 364 5075 623 5146; x_wconf 90' lang='lat' dir='ltr'><strong>ogdoade</strong></span> <span class='ocrx_word' id='word_1_399' title='bbox 649 5074 971 5129; x_wconf 87' lang='lat' dir='ltr'><strong>viventibus</strong></span> <span class='ocrx_word' id='word_1_400' title='bbox 997 5079 1128 5145; x_wconf 91' lang='lat' dir='ltr'><strong>post</strong></span> <span class='ocrx_word' id='word_1_401' title='bbox 1157 5074 1637 5128; x_wconf 86' lang='lat' dir='ltr'><strong>resurrectionem</strong></span> <span class='ocrx_word' id='word_1_402' title='bbox 1665 5076 1870 5130; x_wconf 89' lang='lat' dir='ltr'><strong>Christi</strong></span> <span class='ocrx_word' id='word_1_403' title='bbox 1928 5076 2058 5130; x_wconf 71' lang='lat' dir='ltr'><strong>vilze</strong></span> 
     </span>
    </p>
   </div>
   <div class='ocr_carea' id='block_1_58' title="bbox 360 5164 948 5235">
    <p class='ocr_par' dir='ltr' id='par_1_58' title="bbox 360 5164 948 5235">
     <span class='ocr_line' id='line_1_58' title="bbox 360 5164 948 5235; baseline -0.005 -17"><span class='ocrx_word' id='word_1_404' title='bbox 360 5164 542 5235; x_wconf 88' lang='lat' dir='ltr'><strong>spatia</strong></span> <span class='ocrx_word' id='word_1_405' title='bbox 571 5165 948 5234; x_wconf 87' lang='lat' dir='ltr'><strong>protelentur.</strong></span> 
     </span>
    </p>
   </div>
   <div class='ocr_carea' id='block_1_59' title="bbox 437 5251 2058 5321">
    <p class='ocr_par' dir='ltr' id='par_1_59' title="bbox 437 5251 2058 5321">
     <span class='ocr_line' id='line_1_59' title="bbox 437 5251 2058 5321; baseline 0.002 -18"><span class='ocrx_word' id='word_1_406' title='bbox 437 5253 595 5308; x_wconf 86' lang='lat' dir='ltr'><strong>Vens.</strong></span> <span class='ocrx_word' id='word_1_407' title='bbox 647 5255 710 5307; x_wconf 83' lang='lat' dir='ltr'><strong>l0</strong></span> <span class='ocrx_word' id='word_1_408' title='bbox 765 5281 833 5294; x_wconf 89' lang='lat'><strong><em>—</em></strong></span> <span class='ocrx_word' id='word_1_409' title='bbox 887 5252 1011 5320; x_wconf 89' lang='lat' dir='ltr'><strong>Ego</strong></span> <span class='ocrx_word' id='word_1_410' title='bbox 1069 5251 1211 5305; x_wconf 68' lang='lat' dir='ltr'><strong>dimi.</strong></span> <span class='ocrx_word' id='word_1_411' title='bbox 1273 5253 1400 5321; x_wconf 86' lang='grc' dir='ltr'><strong>(Ῑυ.)</strong></span> <span class='ocrx_word' id='word_1_412' title='bbox 1451 5254 1588 5307; x_wconf 87' lang='lat' dir='ltr'><strong>Cum</strong></span> <span class='ocrx_word' id='word_1_413' title='bbox 1627 5254 1771 5306; x_wconf 83' lang='lat' dir='ltr'><strong>Deus</strong></span> <span class='ocrx_word' id='word_1_414' title='bbox 1806 5253 2058 5307; x_wconf 67' lang='lat' dir='ltr'><strong>Ezechias</strong></span> 
     </span>
    </p>
   </div>
   <div class='ocr_carea' id='block_1_60' title="bbox 365 5340 2060 5411">
    <p class='ocr_par' dir='ltr' id='par_1_60' title="bbox 365 5340 2060 5411">
     <span class='ocr_line' id='line_1_60' title="bbox 365 5340 2060 5411; baseline 0 -18"><span class='ocrx_word' id='word_1_415' title='bbox 365 5340 488 5394; x_wconf 86' lang='lat' dir='ltr'><strong>sine</strong></span> <span class='ocrx_word' id='word_1_416' title='bbox 517 5341 712 5394; x_wconf 89' lang='lat' dir='ltr'><strong>labore</strong></span> <span class='ocrx_word' id='word_1_417' title='bbox 744 5340 1038 5394; x_wconf 90' lang='lat' dir='ltr'><strong>victoriam</strong></span> <span class='ocrx_word' id='word_1_418' title='bbox 1070 5340 1337 5406; x_wconf 88' lang='lat' dir='ltr'><strong>dedisset,</strong></span> <span class='ocrx_word' id='word_1_419' title='bbox 1397 5345 1524 5406; x_wconf 91' lang='lat' dir='ltr'><strong>etc.,</strong></span> <span class='ocrx_word' id='word_1_420' title='bbox 1561 5357 1726 5409; x_wconf 85' lang='lat' dir='ltr'><strong>usque</strong></span> <span class='ocrx_word' id='word_1_421' title='bbox 1757 5341 1830 5394; x_wconf 85' lang='lat' dir='ltr'><strong>ad</strong></span> <span class='ocrx_word' id='word_1_422' title='bbox 1866 5357 2060 5411; x_wconf 89' lang='lat' dir='ltr'><strong>pecca-</strong></span> 
     </span>
    </p>
   </div>
   <div class='ocr_carea' id='block_1_61' title="bbox 365 5427 1513 5484">
    <p class='ocr_par' dir='ltr' id='par_1_61' title="bbox 365 5427 1513 5484">
     <span class='ocr_line' id='line_1_61' title="bbox 365 5427 1513 5484; baseline 0.003 -4"><span class='ocrx_word' id='word_1_423' title='bbox 365 5432 518 5482; x_wconf 87' lang='lat' dir='ltr'><strong>tores</strong></span> <span class='ocrx_word' id='word_1_424' title='bbox 548 5427 606 5482; x_wconf 91' lang='lat' dir='ltr'><strong>in</strong></span> <span class='ocrx_word' id='word_1_425' title='bbox 639 5429 878 5484; x_wconf 89' lang='lat' dir='ltr'><strong>dimidio</strong></span> <span class='ocrx_word' id='word_1_426' title='bbox 907 5429 1133 5483; x_wconf 90' lang='lat' dir='ltr'><strong>dierum</strong></span> <span class='ocrx_word' id='word_1_427' title='bbox 1167 5429 1513 5484; x_wconf 90' lang='lat' dir='ltr'><strong>moriuntur.</strong></span> 
     </span>
    </p>
   </div>
   <div class='ocr_carea' id='block_1_62' title="bbox 440 5516 2060 5590">
    <p class='ocr_par' dir='ltr' id='par_1_62' title="bbox 440 5516 2060 5590">
     <span class='ocr_line' id='line_1_62' title="bbox 440 5516 2060 5590; baseline 0.002 -20"><span class='ocrx_word' id='word_1_428' title='bbox 440 5517 502 5570; x_wconf 86' lang='lat' dir='ltr'><strong>In</strong></span> <span class='ocrx_word' id='word_1_429' title='bbox 525 5516 752 5571; x_wconf 84' lang='lat' dir='ltr'><strong>dimidio</strong></span> <span class='ocrx_word' id='word_1_430' title='bbox 792 5519 1003 5571; x_wconf 67' lang='lat' dir='ltr'><strong>durum</strong></span> <span class='ocrx_word' id='word_1_431' title='bbox 1051 5534 1306 5572; x_wconf 85' lang='lat' dir='ltr'><strong>meorum.</strong></span> <span class='ocrx_word' id='word_1_432' title='bbox 1360 5519 1565 5574; x_wconf 87' lang='lat' dir='ltr'><strong>Unde:</strong></span> <span class='ocrx_word' id='word_1_433' title='bbox 1611 5519 1725 5573; x_wconf 90' lang='lat' dir='ltr'><strong>Viri</strong></span> <span class='ocrx_word' id='word_1_434' title='bbox 1781 5518 1945 5590; x_wconf 90' lang='lat' dir='ltr'><strong>impii</strong></span> <span class='ocrx_word' id='word_1_435' title='bbox 2004 5522 2060 5573; x_wconf 91' lang='lat' dir='ltr'><strong>et</strong></span> 
     </span>
    </p>
   </div>
   <div class='ocr_carea' id='block_1_63' title="bbox 2147 480 3739 553">
    <p class='ocr_par' dir='ltr' id='par_1_63' title="bbox 2147 480 3739 553">
     <span class='ocr_line' id='line_1_63' title="bbox 2147 480 3739 553; baseline 0 -18"><span class='ocrx_word' id='word_1_436' title='bbox 2147 497 2321 553; x_wconf 86' lang='lat' dir='ltr'><strong>opera</strong></span> <span class='ocrx_word' id='word_1_437' title='bbox 2355 481 2649 549; x_wconf 88' lang='lat' dir='ltr'><strong>virtutum,</strong></span> <span class='ocrx_word' id='word_1_438' title='bbox 2673 497 2778 535; x_wconf 91' lang='lat' dir='ltr'><strong>nec</strong></span> <span class='ocrx_word' id='word_1_439' title='bbox 2810 480 3143 552; x_wconf 71' lang='lat' dir='ltr'><strong>paenitendo</strong></span> <span class='ocrx_word' id='word_1_440' title='bbox 3176 480 3487 534; x_wconf 85' lang='lat' dir='ltr'><strong>emendant</strong></span> <span class='ocrx_word' id='word_1_441' title='bbox 3515 480 3739 535; x_wconf 86' lang='lat' dir='ltr'><strong>delicta.</strong></span> 
     </span>
    </p>
   </div>
   <div class='ocr_carea' id='block_1_64' title="bbox 2215 568 3856 640">
    <p class='ocr_par' dir='ltr' id='par_1_64' title="bbox 2215 568 3856 640">
     <span class='ocr_line' id='line_1_64' title="bbox 2215 568 3856 640; baseline 0.001 -17"><span class='ocrx_word' id='word_1_442' title='bbox 2215 571 2316 624; x_wconf 71' lang='lat' dir='ltr'><strong>Ad</strong></span> <span class='ocrx_word' id='word_1_443' title='bbox 2365 576 2555 640; x_wconf 77' lang='lat' dir='ltr'><strong>portas</strong></span> <span class='ocrx_word' id='word_1_444' title='bbox 2611 572 2799 637; x_wconf 88' lang='lat' dir='ltr'><strong>inferi.</strong></span> <span class='ocrx_word' id='word_1_445' title='bbox 2883 571 3140 635; x_wconf 73' lang='lat' dir='ltr'><strong>Quaesivi.</strong></span> <span class='ocrx_word' id='word_1_446' title='bbox 3207 568 3307 623; x_wconf 79' lang='lat' dir='ltr'><strong>Ubi</strong></span> <span class='ocrx_word' id='word_1_447' title='bbox 3369 568 3681 623; x_wconf 86' lang='lat' dir='ltr'><strong>constituta</strong></span> <span class='ocrx_word' id='word_1_448' title='bbox 3767 575 3856 625; x_wconf 82' lang='lat' dir='ltr'><strong>est</strong></span> 
     </span>
    </p>
   </div>
   <div class='ocr_carea' id='block_1_65' title="bbox 2147 657 3543 713">
    <p class='ocr_par' dir='ltr' id='par_1_65' title="bbox 2147 657 3543 713">
     <span class='ocr_line' id='line_1_65' title="bbox 2147 657 3543 713; baseline -0.001 -1"><span class='ocrx_word' id='word_1_449' title='bbox 2147 661 2350 713; x_wconf 90' lang='lat' dir='ltr'><strong>domus</strong></span> <span class='ocrx_word' id='word_1_450' title='bbox 2380 659 2541 713; x_wconf 90' lang='lat' dir='ltr'><strong>omni</strong></span> <span class='ocrx_word' id='word_1_451' title='bbox 2570 659 2779 712; x_wconf 89' lang='lat' dir='ltr'><strong>viventi</strong></span> <span class='ocrx_word' id='word_1_452' title='bbox 2810 664 2942 711; x_wconf 86' lang='lat' dir='ltr'><strong>ante</strong></span> <span class='ocrx_word' id='word_1_453' title='bbox 2975 658 3286 711; x_wconf 84' lang='lat' dir='ltr'><strong>adventum</strong></span> <span class='ocrx_word' id='word_1_454' title='bbox 3318 657 3543 711; x_wconf 85' lang='lat' dir='ltr'><strong>Christi.</strong></span> 
     </span>
    </p>
   </div>
   <div class='ocr_carea' id='block_1_66' title="bbox 2215 745 3850 814">
    <p class='ocr_par' dir='ltr' id='par_1_66' title="bbox 2215 745 3850 814">
     <span class='ocr_line' id='line_1_66' title="bbox 2215 745 3850 814; baseline -0.002 -13"><span class='ocrx_word' id='word_1_455' title='bbox 2215 750 2378 803; x_wconf 89' lang='lat' dir='ltr'><strong>Vens.</strong></span> <span class='ocrx_word' id='word_1_456' title='bbox 2445 752 2528 802; x_wconf 82' lang='lat' dir='ltr'><strong>ll.</strong></span> <span class='ocrx_word' id='word_1_457' title='bbox 2599 777 2667 788; x_wconf 89' lang='grc'><strong>--</strong></span> <span class='ocrx_word' id='word_1_458' title='bbox 2729 749 2952 814; x_wconf 83' lang='lat' dir='ltr'><strong>Quietis.</strong></span> <span class='ocrx_word' id='word_1_459' title='bbox 3005 746 3251 810; x_wconf 88' lang='lat' dir='ltr'><strong>Quidam</strong></span> <span class='ocrx_word' id='word_1_460' title='bbox 3309 745 3535 800; x_wconf 88' lang='lat' dir='ltr'><strong>codices</strong></span> <span class='ocrx_word' id='word_1_461' title='bbox 3585 745 3850 800; x_wconf 87' lang='lat' dir='ltr'><strong>habent:</strong></span> 
     </span>
    </p>
   </div>
   <div class='ocr_carea' id='block_1_67' title="bbox 2147 834 3852 908">
    <p class='ocr_par' dir='ltr' id='par_1_67' title="bbox 2147 834 3852 908">
     <span class='ocr_line' id='line_1_67' title="bbox 2147 834 3852 908; baseline -0.002 -18"><span class='ocrx_word' id='word_1_462' title='bbox 2147 837 2374 902; x_wconf 88' lang='lat' dir='ltr'><strong>Quievit</strong></span> <span class='ocrx_word' id='word_1_463' title='bbox 2421 835 2716 908; x_wconf 87' lang='lat' dir='ltr'><strong>generatio</strong></span> <span class='ocrx_word' id='word_1_464' title='bbox 2775 852 2925 899; x_wconf 89' lang='lat' dir='ltr'><strong>mea,</strong></span> <span class='ocrx_word' id='word_1_465' title='bbox 2983 835 3132 906; x_wconf 88' lang='lat' dir='ltr'><strong>quod</strong></span> <span class='ocrx_word' id='word_1_466' title='bbox 3191 839 3246 887; x_wconf 91' lang='lat' dir='ltr'><strong>et</strong></span> <span class='ocrx_word' id='word_1_467' title='bbox 3312 834 3690 904; x_wconf 85' lang='lat' dir='ltr'><strong>Hieronymus</strong></span> <span class='ocrx_word' id='word_1_468' title='bbox 3742 835 3852 887; x_wconf 83' lang='lat' dir='ltr'><strong>ali-</strong></span> 
     </span>
    </p>
   </div>
   <div class='ocr_carea' id='block_1_68' title="bbox 2147 921 3854 995">
    <p class='ocr_par' dir='ltr' id='par_1_68' title="bbox 2147 921 3854 995">
     <span class='ocr_line' id='line_1_68' title="bbox 2147 921 3854 995; baseline -0.002 -17"><span class='ocrx_word' id='word_1_469' title='bbox 2147 926 2377 995; x_wconf 79' lang='lat' dir='ltr'><strong>quando</strong></span> <span class='ocrx_word' id='word_1_470' title='bbox 2444 924 2756 990; x_wconf 90' lang='lat' dir='ltr'><strong>transtulit,</strong></span> <span class='ocrx_word' id='word_1_471' title='bbox 2813 924 3081 994; x_wconf 88' lang='lat' dir='ltr'><strong>deceptus</strong></span> <span class='ocrx_word' id='word_1_472' title='bbox 3123 922 3496 993; x_wconf 89' lang='lat' dir='ltr'><strong>ambiguitate</strong></span> <span class='ocrx_word' id='word_1_473' title='bbox 3553 921 3733 985; x_wconf 83' lang='lat' dir='ltr'><strong>verbi,</strong></span> <span class='ocrx_word' id='word_1_474' title='bbox 3794 925 3854 974; x_wconf 86' lang='lat' dir='ltr'><strong>et</strong></span> 
     </span>
    </p>
   </div>
   <div class='ocr_carea' id='block_1_69' title="bbox 2148 1014 2629 1086">
    <p class='ocr_par' dir='ltr' id='par_1_69' title="bbox 2148 1014 2629 1086">
     <span class='ocr_line' id='line_1_69' title="bbox 2148 1014 2629 1086; baseline -0.002 -18"><span class='ocrx_word' id='word_1_475' title='bbox 2148 1019 2346 1086; x_wconf 88' lang='lat' dir='ltr'><strong>postea</strong></span> <span class='ocrx_word' id='word_1_476' title='bbox 2366 1014 2629 1068; x_wconf 86' lang='lat' dir='ltr'><strong>correxit.</strong></span> 
     </span>
    </p>
   </div>
   <div class='ocr_carea' id='block_1_70' title="bbox 2221 1098 3847 1172">
    <p class='ocr_par' dir='ltr' id='par_1_70' title="bbox 2221 1098 3847 1172">
     <span class='ocr_line' id='line_1_70' title="bbox 2221 1098 3847 1172; baseline -0.003 -17"><span class='ocrx_word' id='word_1_477' title='bbox 2221 1105 2385 1158; x_wconf 87' lang='lat' dir='ltr'><strong>Vens.</strong></span> <span class='ocrx_word' id='word_1_478' title='bbox 2426 1107 2508 1157; x_wconf 84' lang='lat' dir='ltr'><strong>l5.</strong></span> <span class='ocrx_word' id='word_1_479' title='bbox 2541 1133 2610 1142; x_wconf 98' lang='lat'><strong>—</strong></span> <span class='ocrx_word' id='word_1_480' title='bbox 2642 1102 3010 1172; x_wconf 82' lang='lat' dir='ltr'><strong>Respondebit</strong></span> <span class='ocrx_word' id='word_1_481' title='bbox 3065 1101 3220 1155; x_wconf 85' lang='lat' dir='ltr'><strong>mihi.</strong></span> <span class='ocrx_word' id='word_1_482' title='bbox 3251 1100 3386 1168; x_wconf 81' lang='lat'><strong>(10.)</strong></span> <span class='ocrx_word' id='word_1_483' title='bbox 3440 1099 3601 1163; x_wconf 87' lang='lat' dir='ltr'><strong>Quod</strong></span> <span class='ocrx_word' id='word_1_484' title='bbox 3660 1098 3847 1152; x_wconf 89' lang='lat' dir='ltr'><strong>erravi</strong></span> 
     </span>
    </p>
   </div>
   <div class='ocr_carea' id='block_1_71' title="bbox 2150 1190 3851 1259">
    <p class='ocr_par' dir='ltr' id='par_1_71' title="bbox 2150 1190 3851 1259">
     <span class='ocr_line' id='line_1_71' title="bbox 2150 1190 3851 1259; baseline -0.004 -14"><span class='ocrx_word' id='word_1_485' title='bbox 2150 1192 2485 1258; x_wconf 88' lang='lat' dir='ltr'><strong>emendabo,</strong></span> <span class='ocrx_word' id='word_1_486' title='bbox 2520 1196 2579 1245; x_wconf 87' lang='lat' dir='ltr'><strong>tu</strong></span> <span class='ocrx_word' id='word_1_487' title='bbox 2611 1196 2728 1244; x_wconf 90' lang='lat' dir='ltr'><strong>esto</strong></span> <span class='ocrx_word' id='word_1_488' title='bbox 2776 1191 3074 1259; x_wconf 87' lang='lat' dir='ltr'><strong>ﬁdejussor</strong></span> <span class='ocrx_word' id='word_1_489' title='bbox 3103 1195 3161 1242; x_wconf 88' lang='lat' dir='ltr'><strong>et</strong></span> <span class='ocrx_word' id='word_1_490' title='bbox 3211 1193 3540 1258; x_wconf 85' lang='lat' dir='ltr'><strong>protector:</strong></span> <span class='ocrx_word' id='word_1_491' title='bbox 3602 1190 3724 1242; x_wconf 77' lang='lat' dir='ltr'><strong>Non</strong></span> <span class='ocrx_word' id='word_1_492' title='bbox 3771 1193 3851 1240; x_wconf 82' lang='lat' dir='ltr'><strong>est</strong></span> 
     </span>
    </p>
   </div>
   <div class='ocr_carea' id='block_1_72' title="bbox 2147 1277 3850 1348">
    <p class='ocr_par' dir='ltr' id='par_1_72' title="bbox 2147 1277 3850 1348">
     <span class='ocr_line' id='line_1_72' title="bbox 2147 1277 3850 1348; baseline -0.004 -14"><span class='ocrx_word' id='word_1_493' title='bbox 2147 1283 2287 1334; x_wconf 84' lang='lat' dir='ltr'><strong>enim</strong></span> <span class='ocrx_word' id='word_1_494' title='bbox 2323 1280 2548 1335; x_wconf 74' lang='lat' dir='ltr'><strong>volentis</strong></span> <span class='ocrx_word' id='word_1_495' title='bbox 2607 1295 2778 1348; x_wconf 84' lang='lat' dir='ltr'><strong>neque</strong></span> <span class='ocrx_word' id='word_1_496' title='bbox 2835 1280 3123 1342; x_wconf 84' lang='lat' dir='ltr'><strong>currentis,</strong></span> <span class='ocrx_word' id='word_1_497' title='bbox 3211 1277 3306 1331; x_wconf 87' lang='lat' dir='ltr'><strong>sed</strong></span> <span class='ocrx_word' id='word_1_498' title='bbox 3377 1277 3483 1330; x_wconf 77' lang='lat' dir='ltr'><strong>Dei</strong></span> <span class='ocrx_word' id='word_1_499' title='bbox 3540 1278 3850 1330; x_wconf 81' lang='lat' dir='ltr'><strong>miserentis</strong></span> 
     </span>
    </p>
   </div>
   <div class='ocr_carea' id='block_1_73' title="bbox 2149 1369 2448 1438">
    <p class='ocr_par' dir='ltr' id='par_1_73' title="bbox 2149 1369 2448 1438">
     <span class='ocr_line' id='line_1_73' title="bbox 2149 1369 2448 1438; baseline 0 -16"><span class='ocrx_word' id='word_1_500' title='bbox 2149 1369 2328 1438; x_wconf 88' lang='lat' dir='ltr'><strong>(Rom.</strong></span> <span class='ocrx_word' id='word_1_501' title='bbox 2355 1377 2448 1432; x_wconf 66' lang='grc' dir='ltr'><strong>ιι).</strong></span> 
     </span>
    </p>
   </div>
   <div class='ocr_carea' id='block_1_74' title="bbox 2220 1451 3851 1525">
    <p class='ocr_par' dir='ltr' id='par_1_74' title="bbox 2220 1451 3851 1525">
     <span class='ocr_line' id='line_1_74' title="bbox 2220 1451 3851 1525; baseline -0.004 -14"><span class='ocrx_word' id='word_1_502' title='bbox 2220 1459 2350 1513; x_wconf 89' lang='lat' dir='ltr'><strong>Cum</strong></span> <span class='ocrx_word' id='word_1_503' title='bbox 2407 1459 2539 1525; x_wconf 86' lang='lat' dir='ltr'><strong>ipse.</strong></span> <span class='ocrx_word' id='word_1_504' title='bbox 2577 1457 2704 1509; x_wconf 62' lang='lat' dir='ltr'><strong>Haec</strong></span> <span class='ocrx_word' id='word_1_505' title='bbox 2739 1455 2880 1509; x_wconf 89' lang='lat' dir='ltr'><strong>mihi</strong></span> <span class='ocrx_word' id='word_1_506' title='bbox 2905 1456 3078 1525; x_wconf 91' lang='lat' dir='ltr'><strong>juste,</strong></span> <span class='ocrx_word' id='word_1_507' title='bbox 3143 1453 3308 1524; x_wconf 89' lang='lat' dir='ltr'><strong>quasi</strong></span> <span class='ocrx_word' id='word_1_508' title='bbox 3359 1452 3646 1507; x_wconf 82' lang='lat' dir='ltr'><strong>disceret:</strong></span> <span class='ocrx_word' id='word_1_509' title='bbox 3703 1451 3851 1506; x_wconf 84' lang='lat' dir='ltr'><strong>nihil</strong></span> 
     </span>
    </p>
   </div>
   <div class='ocr_carea' id='block_1_75' title="bbox 2149 1541 3849 1614">
    <p class='ocr_par' dir='ltr' id='par_1_75' title="bbox 2149 1541 3849 1614">
     <span class='ocr_line' id='line_1_75' title="bbox 2149 1541 3849 1614; baseline -0.003 -16"><span class='ocrx_word' id='word_1_510' title='bbox 2149 1549 2324 1599; x_wconf 88' lang='lat' dir='ltr'><strong>restat</strong></span> <span class='ocrx_word' id='word_1_511' title='bbox 2355 1543 2462 1597; x_wconf 85' lang='lat' dir='ltr'><strong>nisi</strong></span> <span class='ocrx_word' id='word_1_512' title='bbox 2494 1544 2779 1614; x_wconf 87' lang='lat' dir='ltr'><strong>patienter</strong></span> <span class='ocrx_word' id='word_1_513' title='bbox 2807 1543 3089 1596; x_wconf 88' lang='lat' dir='ltr'><strong>sustinere</strong></span> <span class='ocrx_word' id='word_1_514' title='bbox 3143 1549 3198 1596; x_wconf 92' lang='lat' dir='ltr'><strong>et</strong></span> <span class='ocrx_word' id='word_1_515' title='bbox 3252 1542 3446 1614; x_wconf 83' lang='lat' dir='ltr'><strong>ipsum</strong></span> <span class='ocrx_word' id='word_1_516' title='bbox 3489 1541 3695 1595; x_wconf 85' lang='lat' dir='ltr'><strong>fortem</strong></span> <span class='ocrx_word' id='word_1_517' title='bbox 3746 1556 3849 1593; x_wconf 82' lang='lat' dir='ltr'><strong>ex-</strong></span> 
     </span>
    </p>
   </div>
   <div class='ocr_carea' id='block_1_76' title="bbox 2151 1632 3024 1702">
    <p class='ocr_par' dir='ltr' id='par_1_76' title="bbox 2151 1632 3024 1702">
     <span class='ocr_line' id='line_1_76' title="bbox 2151 1632 3024 1702; baseline -0.002 -16"><span class='ocrx_word' id='word_1_518' title='bbox 2151 1648 2314 1686; x_wconf 89' lang='lat' dir='ltr'><strong>orare</strong></span> <span class='ocrx_word' id='word_1_519' title='bbox 2346 1632 2446 1702; x_wconf 88' lang='lat' dir='ltr'><strong>qui</strong></span> <span class='ocrx_word' id='word_1_520' title='bbox 2470 1632 2604 1686; x_wconf 85' lang='lat' dir='ltr'><strong>fecit</strong></span> <span class='ocrx_word' id='word_1_521' title='bbox 2643 1632 2800 1701; x_wconf 88' lang='lat' dir='ltr'><strong>quod.</strong></span> <span class='ocrx_word' id='word_1_522' title='bbox 2826 1632 3024 1686; x_wconf 73' lang='lat' dir='ltr'><strong>voluit.</strong></span> 
     </span>
    </p>
   </div>
   <div class='ocr_carea' id='block_1_77' title="bbox 2220 1718 3846 1790">
    <p class='ocr_par' dir='ltr' id='par_1_77' title="bbox 2220 1718 3846 1790">
     <span class='ocr_line' id='line_1_77' title="bbox 2220 1718 3846 1790; baseline -0.004 -14"><span class='ocrx_word' id='word_1_523' title='bbox 2220 1721 2557 1788; x_wconf 77' lang='lat' dir='ltr'><strong>Recoyitabo.</strong></span> <span class='ocrx_word' id='word_1_524' title='bbox 2593 1721 2752 1784; x_wconf 89' lang='lat' dir='ltr'><strong>Quod</strong></span> <span class='ocrx_word' id='word_1_525' title='bbox 2778 1719 3131 1790; x_wconf 64' lang='lat' dir='ltr'><strong>praeteritum</strong></span> <span class='ocrx_word' id='word_1_526' title='bbox 3163 1723 3248 1772; x_wconf 89' lang='lat' dir='ltr'><strong>est</strong></span> <span class='ocrx_word' id='word_1_527' title='bbox 3275 1735 3393 1773; x_wconf 91' lang='lat' dir='ltr'><strong>non</strong></span> <span class='ocrx_word' id='word_1_528' title='bbox 3442 1718 3672 1787; x_wconf 83' lang='lat' dir='ltr'><strong>adjuvat</strong></span> <span class='ocrx_word' id='word_1_529' title='bbox 3721 1733 3846 1770; x_wconf 87' lang='lat' dir='ltr'><strong>sus-</strong></span> 
     </span>
    </p>
   </div>
   <div class='ocr_carea' id='block_1_78' title="bbox 2149 1806 3848 1880">
    <p class='ocr_par' dir='ltr' id='par_1_78' title="bbox 2149 1806 3848 1880">
     <span class='ocr_line' id='line_1_78' title="bbox 2149 1806 3848 1880; baseline -0.001 -18"><span class='ocrx_word' id='word_1_530' title='bbox 2149 1810 2458 1874; x_wconf 89' lang='lat' dir='ltr'><strong>tinentem;</strong></span> <span class='ocrx_word' id='word_1_531' title='bbox 2514 1811 2665 1863; x_wconf 85' lang='lat' dir='ltr'><strong>unde</strong></span> <span class='ocrx_word' id='word_1_532' title='bbox 2721 1810 2892 1863; x_wconf 88' lang='lat' dir='ltr'><strong>stulta</strong></span> <span class='ocrx_word' id='word_1_533' title='bbox 2942 1814 3026 1863; x_wconf 90' lang='lat' dir='ltr'><strong>est</strong></span> <span class='ocrx_word' id='word_1_534' title='bbox 3087 1809 3312 1880; x_wconf 84' lang='lat' dir='ltr'><strong>Epicuri</strong></span> <span class='ocrx_word' id='word_1_535' title='bbox 3381 1807 3687 1870; x_wconf 84' lang='lat' dir='ltr'><strong>sententia,</strong></span> <span class='ocrx_word' id='word_1_536' title='bbox 3745 1806 3848 1878; x_wconf 91' lang='lat' dir='ltr'><strong>qui</strong></span> 
     </span>
    </p>
   </div>
   <div class='ocr_carea' id='block_1_79' title="bbox 2150 1881 3882 1968">
    <p class='ocr_par' dir='ltr' id='par_1_79' title="bbox 2150 1881 3882 1968">
     <span class='ocr_line' id='line_1_79' title="bbox 2150 1881 3882 1968; baseline -0.002 -17"><span class='ocrx_word' id='word_1_537' title='bbox 2150 1898 2350 1952; x_wconf 88' lang='lat' dir='ltr'><strong>asserit</strong></span> <span class='ocrx_word' id='word_1_538' title='bbox 2425 1897 2810 1952; x_wconf 87' lang='lat' dir='ltr'><strong>recordatione</strong></span> <span class='ocrx_word' id='word_1_539' title='bbox 2861 1897 3293 1968; x_wconf 61' lang='lat' dir='ltr'><strong>prseteritorum</strong></span> <span class='ocrx_word' id='word_1_540' title='bbox 3350 1897 3638 1950; x_wconf 90' lang='lat' dir='ltr'><strong>bonorum</strong></span> <span class='ocrx_word' id='word_1_541' title='bbox 3697 1881 3882 1948; x_wconf 24' lang='lat' dir='ltr'><strong>mala,</strong></span> 
     </span>
    </p>
   </div>
   <div class='ocr_carea' id='block_1_80' title="bbox 2153 1985 2755 2056">
    <p class='ocr_par' dir='ltr' id='par_1_80' title="bbox 2153 1985 2755 2056">
     <span class='ocr_line' id='line_1_80' title="bbox 2153 1985 2755 2056; baseline 0 -18"><span class='ocrx_word' id='word_1_542' title='bbox 2153 1986 2456 2056; x_wconf 55' lang='lat' dir='ltr'><strong>praesentia</strong></span> <span class='ocrx_word' id='word_1_543' title='bbox 2486 1985 2755 2056; x_wconf 89' lang='lat' dir='ltr'><strong>mitigari.</strong></span> 
     </span>
    </p>
   </div>
   <div class='ocr_carea' id='block_1_81' title="bbox 2223 2071 3848 2145">
    <p class='ocr_par' dir='ltr' id='par_1_81' title="bbox 2223 2071 3848 2145">
     <span class='ocr_line' id='line_1_81' title="bbox 2223 2071 3848 2145; baseline -0.003 -17"><span class='ocrx_word' id='word_1_544' title='bbox 2223 2077 2293 2129; x_wconf 89' lang='lat' dir='ltr'><strong>In</strong></span> <span class='ocrx_word' id='word_1_545' title='bbox 2323 2075 2693 2129; x_wconf 80' lang='lat' dir='ltr'><strong>amaritudine</strong></span> <span class='ocrx_word' id='word_1_546' title='bbox 2712 2077 2926 2136; x_wconf 74' lang='lat' dir='ltr'><strong>animae,</strong></span> <span class='ocrx_word' id='word_1_547' title='bbox 2961 2074 3126 2145; x_wconf 89' lang='lat' dir='ltr'><strong>quasi</strong></span> <span class='ocrx_word' id='word_1_548' title='bbox 3163 2073 3378 2128; x_wconf 90' lang='lat' dir='ltr'><strong>diceret</strong></span> <span class='ocrx_word' id='word_1_549' title='bbox 3410 2090 3423 2128; x_wconf 92' lang='lat'><strong>:</strong></span> <span class='ocrx_word' id='word_1_550' title='bbox 3457 2077 3513 2126; x_wconf 91' lang='lat' dir='ltr'><strong>et</strong></span> <span class='ocrx_word' id='word_1_551' title='bbox 3567 2072 3626 2126; x_wconf 87' lang='lat' dir='ltr'><strong>hi</strong></span> <span class='ocrx_word' id='word_1_552' title='bbox 3673 2071 3848 2125; x_wconf 86' lang='lat' dir='ltr'><strong>etiam</strong></span> 
     </span>
    </p>
   </div>
   <div class='ocr_carea' id='block_1_82' title="bbox 2152 2159 3851 2232">
    <p class='ocr_par' dir='ltr' id='par_1_82' title="bbox 2152 2159 3851 2232">
     <span class='ocr_line' id='line_1_82' title="bbox 2152 2159 3851 2232; baseline -0.002 -16"><span class='ocrx_word' id='word_1_553' title='bbox 2152 2163 2212 2216; x_wconf 92' lang='lat' dir='ltr'><strong>in</strong></span> <span class='ocrx_word' id='word_1_554' title='bbox 2257 2162 2663 2230; x_wconf 87' lang='lat' dir='ltr'><strong>amaritudine,</strong></span> <span class='ocrx_word' id='word_1_555' title='bbox 2695 2162 2829 2232; x_wconf 87' lang='lat' dir='ltr'><strong>quia</strong></span> <span class='ocrx_word' id='word_1_556' title='bbox 2875 2178 3126 2232; x_wconf 61' lang='lat' dir='ltr'><strong>praesens</strong></span> <span class='ocrx_word' id='word_1_557' title='bbox 3156 2162 3448 2216; x_wconf 87' lang='lat' dir='ltr'><strong>tribulatio</strong></span> <span class='ocrx_word' id='word_1_558' title='bbox 3509 2161 3649 2214; x_wconf 89' lang='lat' dir='ltr'><strong>nihil</strong></span> <span class='ocrx_word' id='word_1_559' title='bbox 3711 2159 3851 2212; x_wconf 90' lang='lat' dir='ltr'><strong>boni</strong></span> 
     </span>
    </p>
   </div>
   <div class='ocr_carea' id='block_1_83' title="bbox 2151 2247 3852 2322">
    <p class='ocr_par' dir='ltr' id='par_1_83' title="bbox 2151 2247 3852 2322">
     <span class='ocr_line' id='line_1_83' title="bbox 2151 2247 3852 2322; baseline -0.004 -17"><span class='ocrx_word' id='word_1_560' title='bbox 2151 2251 2423 2322; x_wconf 78' lang='lat' dir='ltr'><strong>praeteriti</strong></span> <span class='ocrx_word' id='word_1_561' title='bbox 2465 2250 2654 2316; x_wconf 89' lang='lat' dir='ltr'><strong>sentit,</strong></span> <span class='ocrx_word' id='word_1_562' title='bbox 2707 2256 2762 2304; x_wconf 93' lang='lat' dir='ltr'><strong>et</strong></span> <span class='ocrx_word' id='word_1_563' title='bbox 2801 2267 3027 2322; x_wconf 90' lang='lat' dir='ltr'><strong>semper</strong></span> <span class='ocrx_word' id='word_1_564' title='bbox 3054 2251 3306 2304; x_wconf 90' lang='lat' dir='ltr'><strong>humana</strong></span> <span class='ocrx_word' id='word_1_565' title='bbox 3351 2250 3586 2304; x_wconf 82' lang='lat' dir='ltr'><strong>felicitas</strong></span> <span class='ocrx_word' id='word_1_566' title='bbox 3645 2247 3852 2317; x_wconf 89' lang='lat' dir='ltr'><strong>aliqui-</strong></span> 
     </span>
    </p>
   </div>
   <div class='ocr_carea' id='block_1_84' title="bbox 2152 2338 2870 2410">
    <p class='ocr_par' dir='ltr' id='par_1_84' title="bbox 2152 2338 2870 2410">
     <span class='ocr_line' id='line_1_84' title="bbox 2152 2338 2870 2410; baseline 0 -17"><span class='ocrx_word' id='word_1_567' title='bbox 2152 2341 2258 2393; x_wconf 87' lang='lat' dir='ltr'><strong>bus</strong></span> <span class='ocrx_word' id='word_1_568' title='bbox 2287 2340 2612 2410; x_wconf 88' lang='lat' dir='ltr'><strong>aspergitur</strong></span> <span class='ocrx_word' id='word_1_569' title='bbox 2641 2338 2870 2393; x_wconf 87' lang='lat' dir='ltr'><strong>aversis.</strong></span> 
     </span>
    </p>
   </div>
   <div class='ocr_carea' id='block_1_85' title="bbox 2225 2425 3848 2493">
    <p class='ocr_par' dir='ltr' id='par_1_85' title="bbox 2225 2425 3848 2493">
     <span class='ocr_line' id='line_1_85' title="bbox 2225 2425 3848 2493; baseline -0.001 -14"><span class='ocrx_word' id='word_1_570' title='bbox 2225 2430 2385 2482; x_wconf 85' lang='lat' dir='ltr'><strong>Vens.</strong></span> <span class='ocrx_word' id='word_1_571' title='bbox 2436 2432 2516 2481; x_wconf 89' lang='lat' dir='ltr'><strong>l8.</strong></span> <span class='ocrx_word' id='word_1_572' title='bbox 2574 2457 2643 2468; x_wconf 91' lang='lat'><strong><em>—</em></strong></span> <span class='ocrx_word' id='word_1_573' title='bbox 2702 2429 2846 2493; x_wconf 87' lang='lat' dir='ltr'><strong>Quia</strong></span> <span class='ocrx_word' id='word_1_574' title='bbox 2879 2443 2984 2481; x_wconf 88' lang='lat' dir='ltr'><strong>non</strong></span> <span class='ocrx_word' id='word_1_575' title='bbox 3015 2430 3262 2493; x_wconf 77' lang='lat' dir='ltr'><strong>infernus</strong></span> <span class='ocrx_word' id='word_1_576' title='bbox 3302 2426 3663 2490; x_wconf 74' lang='lat' dir='ltr'><strong>conﬁtebitur.</strong></span> <span class='ocrx_word' id='word_1_577' title='bbox 3711 2425 3848 2479; x_wconf 88' lang='lat' dir='ltr'><strong>Sine</strong></span> 
     </span>
    </p>
   </div>
   <div class='ocr_carea' id='block_1_86' title="bbox 2151 2514 3851 2586">
    <p class='ocr_par' dir='ltr' id='par_1_86' title="bbox 2151 2514 3851 2586">
     <span class='ocr_line' id='line_1_86' title="bbox 2151 2514 3851 2586; baseline -0.003 -15"><span class='ocrx_word' id='word_1_578' title='bbox 2151 2517 2263 2571; x_wconf 90' lang='lat' dir='ltr'><strong>ﬁne</strong></span> <span class='ocrx_word' id='word_1_579' title='bbox 2293 2516 2549 2571; x_wconf 88' lang='lat' dir='ltr'><strong>damnati</strong></span> <span class='ocrx_word' id='word_1_580' title='bbox 2606 2532 2792 2586; x_wconf 91' lang='lat' dir='ltr'><strong>neque</strong></span> <span class='ocrx_word' id='word_1_581' title='bbox 2830 2517 2887 2568; x_wconf 90' lang='lat' dir='ltr'><strong>in</strong></span> <span class='ocrx_word' id='word_1_582' title='bbox 2920 2516 3142 2569; x_wconf 84' lang='lat' dir='ltr'><strong>inferno</strong></span> <span class='ocrx_word' id='word_1_583' title='bbox 3190 2514 3586 2585; x_wconf 69' lang='lat' dir='ltr'><strong>paenitentiam</strong></span> <span class='ocrx_word' id='word_1_584' title='bbox 3645 2519 3851 2583; x_wconf 87' lang='lat' dir='ltr'><strong>agunt,</strong></span> 
     </span>
    </p>
   </div>
   <div class='ocr_carea' id='block_1_87' title="bbox 2153 2603 3028 2675">
    <p class='ocr_par' dir='ltr' id='par_1_87' title="bbox 2153 2603 3028 2675">
     <span class='ocr_line' id='line_1_87' title="bbox 2153 2603 3028 2675; baseline -0.002 -16"><span class='ocrx_word' id='word_1_585' title='bbox 2153 2620 2341 2675; x_wconf 89' lang='lat' dir='ltr'><strong>neque</strong></span> <span class='ocrx_word' id='word_1_586' title='bbox 2374 2603 2572 2658; x_wconf 89' lang='lat' dir='ltr'><strong>laudes</strong></span> <span class='ocrx_word' id='word_1_587' title='bbox 2598 2605 2710 2657; x_wconf 87' lang='lat' dir='ltr'><strong>Deo</strong></span> <span class='ocrx_word' id='word_1_588' title='bbox 2752 2604 3028 2657; x_wconf 85' lang='lat' dir='ltr'><strong>referunt.</strong></span> 
     </span>
    </p>
   </div>
   <div class='ocr_carea' id='block_1_88' title="bbox 2226 2692 3846 2758">
    <p class='ocr_par' dir='ltr' id='par_1_88' title="bbox 2226 2692 3846 2758">
     <span class='ocr_line' id='line_1_88' title="bbox 2226 2692 3846 2758; baseline -0.002 -12"><span class='ocrx_word' id='word_1_589' title='bbox 2226 2695 2386 2747; x_wconf 84' lang='lat' dir='ltr'><strong>Vens.</strong></span> <span class='ocrx_word' id='word_1_590' title='bbox 2407 2697 2489 2747; x_wconf 72' lang='lat'><strong>19.</strong></span> <span class='ocrx_word' id='word_1_591' title='bbox 2513 2723 2580 2733; x_wconf 95' lang='lat'>—</span> <span class='ocrx_word' id='word_1_592' title='bbox 2610 2695 2802 2748; x_wconf 84' lang='lat' dir='ltr'><strong>Vivens</strong></span> <span class='ocrx_word' id='word_1_593' title='bbox 2815 2695 3018 2758; x_wconf 85' lang='lat' dir='ltr'><strong>vivens,</strong></span> <span class='ocrx_word' id='word_1_594' title='bbox 3043 2697 3150 2746; x_wconf 90' lang='lat' dir='ltr'><strong>etc.</strong></span> <span class='ocrx_word' id='word_1_595' title='bbox 3167 2692 3292 2746; x_wconf 89' lang='lat' dir='ltr'><strong>Non</strong></span> <span class='ocrx_word' id='word_1_596' title='bbox 3307 2692 3564 2746; x_wconf 86' lang='lat' dir='ltr'><strong>infernus</strong></span> <span class='ocrx_word' id='word_1_597' title='bbox 3578 2692 3846 2744; x_wconf 84' lang='lat' dir='ltr'><strong>velmors.</strong></span> 
     </span>
    </p>
   </div>
   <div class='ocr_carea' id='block_1_89' title="bbox 2224 2781 2844 2849">
    <p class='ocr_par' dir='ltr' id='par_1_89' title="bbox 2224 2781 2844 2849">
     <span class='ocr_line' id='line_1_89' title="bbox 2224 2781 2844 2849; baseline -0.003 -12"><span class='ocrx_word' id='word_1_598' title='bbox 2224 2785 2385 2837; x_wconf 85' lang='lat' dir='ltr'><strong>Pater</strong></span> <span class='ocrx_word' id='word_1_599' title='bbox 2441 2783 2592 2849; x_wconf 81' lang='lat' dir='ltr'><strong>filiis.</strong></span> <span class='ocrx_word' id='word_1_600' title='bbox 2648 2781 2805 2836; x_wconf 92' lang='lat' dir='ltr'><strong>Unde</strong></span> <span class='ocrx_word' id='word_1_601' title='bbox 2831 2798 2844 2835; x_wconf 92' lang='lat'><strong>:</strong></span> 
     </span>
    </p>
   </div>
   <div class='ocr_carea' id='block_1_90' title="bbox 2155 2870 2678 2934">
    <p class='ocr_par' dir='ltr' id='par_1_90' title="bbox 2155 2870 2678 2934">
     <span class='ocr_line' id='line_1_90' title="bbox 2155 2870 2678 2934; baseline -0.002 -10"><span class='ocrx_word' id='word_1_602' title='bbox 2155 2870 2540 2934; x_wconf 86' lang='lat' dir='ltr'><strong>annuntiabit,</strong></span> <span class='ocrx_word' id='word_1_603' title='bbox 2575 2875 2678 2924; x_wconf 87' lang='lat' dir='ltr'><strong>etc.</strong></span> 
     </span>
    </p>
   </div>
   <div class='ocr_carea' id='block_1_91' title="bbox 2229 2953 3855 3028">
    <p class='ocr_par' dir='ltr' id='par_1_91' title="bbox 2229 2953 3855 3028">
     <span class='ocr_line' id='line_1_91' title="bbox 2229 2953 3855 3028; baseline -0.003 -16"><span class='ocrx_word' id='word_1_604' title='bbox 2229 2961 2388 3013; x_wconf 87' lang='lat' dir='ltr'><strong>Vens.</strong></span> <span class='ocrx_word' id='word_1_605' title='bbox 2442 2962 2530 3013; x_wconf 88' lang='grc'><strong>21.</strong></span> <span class='ocrx_word' id='word_1_606' title='bbox 2591 2987 2659 2998; x_wconf 84' lang='grc'><strong><em>-</em></strong></span> <span class='ocrx_word' id='word_1_607' title='bbox 2717 2960 2889 3028; x_wconf 86' lang='lat' dir='ltr'><strong>Super</strong></span> <span class='ocrx_word' id='word_1_608' title='bbox 2943 2960 3139 3012; x_wconf 83' lang='lat' dir='ltr'><strong>vulnus</strong></span> <span class='ocrx_word' id='word_1_609' title='bbox 3206 2959 3340 3027; x_wconf 83' lang='lat' dir='ltr'><strong>ejus.</strong></span> <span class='ocrx_word' id='word_1_610' title='bbox 3376 2957 3549 3011; x_wconf 78' lang='lat' dir='ltr'><strong>Aiunt</strong></span> <span class='ocrx_word' id='word_1_611' title='bbox 3628 2953 3855 3010; x_wconf 65' lang='lat' dir='ltr'><strong>Hebraei</strong></span> 
     </span>
    </p>
   </div>
   <div class='ocr_carea' id='block_1_92' title="bbox 2155 3043 3857 3135">
    <p class='ocr_par' dir='ltr' id='par_1_92' title="bbox 2155 3043 3857 3135">
     <span class='ocr_line' id='line_1_92' title="bbox 2155 3043 3857 3135; baseline -0.004 -33"><span class='ocrx_word' id='word_1_612' title='bbox 2155 3047 2326 3102; x_wconf 87' lang='lat' dir='ltr'><strong>Sebin</strong></span> <span class='ocrx_word' id='word_1_613' title='bbox 2359 3048 2551 3135; x_wconf 51' lang='lat' dir='ltr'><strong>(pnis)</strong></span> <span class='ocrx_word' id='word_1_614' title='bbox 2585 3048 2743 3100; x_wconf 90' lang='lat' dir='ltr'><strong>ulcus</strong></span> <span class='ocrx_word' id='word_1_615' title='bbox 2773 3063 2996 3114; x_wconf 89' lang='lat' dir='ltr'><strong>sonare,</strong></span> <span class='ocrx_word' id='word_1_616' title='bbox 3027 3063 3142 3100; x_wconf 88' lang='lat' dir='ltr'><strong>non</strong></span> <span class='ocrx_word' id='word_1_617' title='bbox 3162 3049 3387 3112; x_wconf 88' lang='lat' dir='ltr'><strong>vulnus,</strong></span> <span class='ocrx_word' id='word_1_618' title='bbox 3423 3050 3554 3113; x_wconf 89' lang='lat' dir='ltr'><strong>etc.,</strong></span> <span class='ocrx_word' id='word_1_619' title='bbox 3584 3059 3758 3113; x_wconf 83' lang='lat' dir='ltr'><strong>usque</strong></span> <span class='ocrx_word' id='word_1_620' title='bbox 3782 3043 3857 3096; x_wconf 81' lang='lat' dir='ltr'><strong>ad</strong></span> 
     </span>
    </p>
   </div>
   <div class='ocr_carea' id='block_1_93' title="bbox 2157 3135 2852 3190">
    <p class='ocr_par' dir='ltr' id='par_1_93' title="bbox 2157 3135 2852 3190">
     <span class='ocr_line' id='line_1_93' title="bbox 2157 3135 2852 3190; baseline -0.001 0"><span class='ocrx_word' id='word_1_621' title='bbox 2157 3153 2285 3190; x_wconf 93' lang='lat' dir='ltr'><strong>cum</strong></span> <span class='ocrx_word' id='word_1_622' title='bbox 2312 3138 2458 3190; x_wconf 89' lang='lat' dir='ltr'><strong>Deus</strong></span> <span class='ocrx_word' id='word_1_623' title='bbox 2487 3135 2686 3190; x_wconf 87' lang='lat' dir='ltr'><strong>fecerit</strong></span> <span class='ocrx_word' id='word_1_624' title='bbox 2707 3153 2852 3189; x_wconf 91' lang='lat' dir='ltr'><strong>eam.</strong></span> 
     </span>
    </p>
   </div>
   <div class='ocr_carea' id='block_1_94' title="bbox 2760 3223 3232 3279">
    <p class='ocr_par' dir='ltr' id='par_1_94' title="bbox 2760 3223 3232 3279">
     <span class='ocr_line' id='line_1_94' title="bbox 2760 3223 3232 3279; baseline -0.002 -1"><span class='ocrx_word' id='word_1_625' title='bbox 2760 3225 2979 3279; x_wconf 81' lang='lat' dir='ltr'><strong>CAPUT</strong></span> <span class='ocrx_word' id='word_1_626' title='bbox 3017 3223 3232 3277; x_wconf 80' lang='lat' dir='ltr'><strong>XXXIX.</strong></span> 
     </span>
    </p>
   </div>
   <div class='ocr_carea' id='block_1_95' title="bbox 2230 3309 3859 3381">
    <p class='ocr_par' dir='ltr' id='par_1_95' title="bbox 2230 3309 3859 3381">
     <span class='ocr_line' id='line_1_95' title="bbox 2230 3309 3859 3381; baseline -0.002 -16"><span class='ocrx_word' id='word_1_627' title='bbox 2230 3312 2406 3367; x_wconf 86' lang='lat' dir='ltr'><strong>Vens.</strong></span> <span class='ocrx_word' id='word_1_628' title='bbox 2435 3315 2482 3366; x_wconf 91' lang='grc'><strong>1.</strong></span> <span class='ocrx_word' id='word_1_629' title='bbox 2514 3340 2585 3352; x_wconf 89' lang='grc'><strong><em>-</em></strong></span> <span class='ocrx_word' id='word_1_630' title='bbox 2617 3313 2678 3366; x_wconf 84' lang='lat' dir='ltr'><strong>In</strong></span> <span class='ocrx_word' id='word_1_631' title='bbox 2705 3316 2936 3380; x_wconf 85' lang='lat' dir='ltr'><strong>tempore</strong></span> <span class='ocrx_word' id='word_1_632' title='bbox 2956 3313 3068 3366; x_wconf 85' lang='lat' dir='ltr'><strong>illo.</strong></span> <span class='ocrx_word' id='word_1_633' title='bbox 3101 3312 3117 3380; x_wconf 87' lang='lat'><strong>(</strong></span> <span class='ocrx_word' id='word_1_634' title='bbox 3126 3311 3302 3380; x_wconf 79' lang='lat' dir='ltr'><strong>then.)</strong></span> <span class='ocrx_word' id='word_1_635' title='bbox 3332 3310 3604 3381; x_wconf 89' lang='lat' dir='ltr'><strong>Superius</strong></span> <span class='ocrx_word' id='word_1_636' title='bbox 3635 3309 3859 3363; x_wconf 87' lang='lat' dir='ltr'><strong>dictum</strong></span> 
     </span>
    </p>
   </div>
   <div class='ocr_carea' id='block_1_96' title="bbox 2159 3398 3858 3471">
    <p class='ocr_par' dir='ltr' id='par_1_96' title="bbox 2159 3398 3858 3471">
     <span class='ocr_line' id='line_1_96' title="bbox 2159 3398 3858 3471; baseline -0.005 -16"><span class='ocrx_word' id='word_1_637' title='bbox 2159 3405 2262 3467; x_wconf 91' lang='lat' dir='ltr'><strong>est,</strong></span> <span class='ocrx_word' id='word_1_638' title='bbox 2287 3399 2423 3471; x_wconf 91' lang='lat' dir='ltr'><strong>quia</strong></span> <span class='ocrx_word' id='word_1_639' title='bbox 2439 3400 2768 3455; x_wconf 81' lang='lat' dir='ltr'><strong>Asaraddon</strong></span> <span class='ocrx_word' id='word_1_640' title='bbox 2793 3399 3180 3455; x_wconf 88' lang='lat' dir='ltr'><strong>Sennacherib</strong></span> <span class='ocrx_word' id='word_1_641' title='bbox 3202 3398 3487 3465; x_wconf 78' lang='lat' dir='ltr'><strong>successit,</strong></span> <span class='ocrx_word' id='word_1_642' title='bbox 3519 3401 3652 3464; x_wconf 89' lang='lat' dir='ltr'><strong>etc.,</strong></span> <span class='ocrx_word' id='word_1_643' title='bbox 3685 3411 3858 3464; x_wconf 83' lang='lat' dir='ltr'><strong>usque</strong></span> 
     </span>
    </p>
   </div>
   <div class='ocr_carea' id='block_1_97' title="bbox 2159 3483 3856 3555">
    <p class='ocr_par' dir='ltr' id='par_1_97' title="bbox 2159 3483 3856 3555">
     <span class='ocr_line' id='line_1_97' title="bbox 2159 3483 3856 3555; baseline -0.004 -12"><span class='ocrx_word' id='word_1_644' title='bbox 2159 3490 2232 3544; x_wconf 78' lang='lat' dir='ltr'><strong>ad</strong></span> <span class='ocrx_word' id='word_1_645' title='bbox 2258 3488 2535 3543; x_wconf 89' lang='lat' dir='ltr'><strong>etamisso</strong></span> <span class='ocrx_word' id='word_1_646' title='bbox 2557 3487 2708 3542; x_wconf 88' lang='lat' dir='ltr'><strong>virili</strong></span> <span class='ocrx_word' id='word_1_647' title='bbox 2719 3489 2944 3553; x_wconf 89' lang='lat' dir='ltr'><strong>robore,</strong></span> <span class='ocrx_word' id='word_1_648' title='bbox 2971 3488 3029 3541; x_wconf 92' lang='lat' dir='ltr'><strong>in</strong></span> <span class='ocrx_word' id='word_1_649' title='bbox 3052 3486 3392 3541; x_wconf 88' lang='lat' dir='ltr'><strong>muliebrem</strong></span> <span class='ocrx_word' id='word_1_650' title='bbox 3414 3485 3696 3555; x_wconf 77' lang='lat' dir='ltr'><strong>redigitur</strong></span> <span class='ocrx_word' id='word_1_651' title='bbox 3711 3483 3856 3537; x_wconf 88' lang='lat' dir='ltr'><strong>mol-</strong></span> 
     </span>
    </p>
   </div>
   <div class='ocr_carea' id='block_1_98' title="bbox 2161 3578 2362 3632">
    <p class='ocr_par' dir='ltr' id='par_1_98' title="bbox 2161 3578 2362 3632">
     <span class='ocr_line' id='line_1_98' title="bbox 2161 3578 2362 3632; baseline 0 0"><span class='ocrx_word' id='word_1_652' title='bbox 2161 3578 2362 3632; x_wconf 90' lang='lat' dir='ltr'><strong>litiem.</strong></span> 
     </span>
    </p>
   </div>
   <div class='ocr_carea' id='block_1_99' title="bbox 2197 3661 3856 3734">
    <p class='ocr_par' dir='ltr' id='par_1_99' title="bbox 2197 3661 3856 3734">
     <span class='ocr_line' id='line_1_99' title="bbox 2197 3661 3856 3734; baseline -0.006 -11"><span class='ocrx_word' id='word_1_653' title='bbox 2197 3668 2387 3723; x_wconf 88' lang='lat' dir='ltr'><strong>.Vens.</strong></span> <span class='ocrx_word' id='word_1_654' title='bbox 2452 3669 2504 3720; x_wconf 92' lang='grc'><strong>2.</strong></span> <span class='ocrx_word' id='word_1_655' title='bbox 2559 3693 2633 3706; x_wconf 92' lang='grc'><strong>-</strong></span> <span class='ocrx_word' id='word_1_656' title='bbox 2683 3668 2754 3720; x_wconf 90' lang='lat' dir='ltr'><strong>Et</strong></span> <span class='ocrx_word' id='word_1_657' title='bbox 2808 3667 2865 3718; x_wconf 90' lang='lat' dir='ltr'><strong>in</strong></span> <span class='ocrx_word' id='word_1_658' title='bbox 2914 3667 3060 3719; x_wconf 87' lang='lat' dir='ltr'><strong>omni</strong></span> <span class='ocrx_word' id='word_1_659' title='bbox 3114 3669 3379 3734; x_wconf 84' lang='lat' dir='ltr'><strong>potestate</strong></span> <span class='ocrx_word' id='word_1_660' title='bbox 3427 3678 3544 3716; x_wconf 88' lang='lat' dir='ltr'><strong>sua.</strong></span> <span class='ocrx_word' id='word_1_661' title='bbox 3608 3661 3733 3731; x_wconf 82' lang='grc' dir='ltr'><strong>(1ο.)</strong></span> <span class='ocrx_word' id='word_1_662' title='bbox 3795 3661 3856 3714; x_wconf 88' lang='lat' dir='ltr'><strong>In</strong></span> 
     </span>
    </p>
   </div>
   <div class='ocr_carea' id='block_1_100' title="bbox 2159 3750 3852 3823">
    <p class='ocr_par' dir='ltr' id='par_1_100' title="bbox 2159 3750 3852 3823">
     <span class='ocr_line' id='line_1_100' title="bbox 2159 3750 3852 3823; baseline -0.004 -15"><span class='ocrx_word' id='word_1_663' title='bbox 2159 3755 2440 3809; x_wconf 87' lang='lat' dir='ltr'><strong>thesauris</strong></span> <span class='ocrx_word' id='word_1_664' title='bbox 2468 3754 2673 3809; x_wconf 89' lang='lat' dir='ltr'><strong>domus</strong></span> <span class='ocrx_word' id='word_1_665' title='bbox 2715 3753 2964 3814; x_wconf 89' lang='lat' dir='ltr'><strong>Domini.</strong></span> <span class='ocrx_word' id='word_1_666' title='bbox 2997 3754 3053 3807; x_wconf 90' lang='lat' dir='ltr'><strong>in</strong></span> <span class='ocrx_word' id='word_1_667' title='bbox 3087 3770 3200 3823; x_wconf 91' lang='lat' dir='ltr'><strong>quo</strong></span> <span class='ocrx_word' id='word_1_668' title='bbox 3258 3753 3546 3823; x_wconf 66' lang='lat' dir='ltr'><strong>praecipue</strong></span> <span class='ocrx_word' id='word_1_669' title='bbox 3595 3750 3852 3804; x_wconf 73' lang='lat' dir='ltr'><strong>offendit.</strong></span> 
     </span>
    </p>
   </div>
   <div class='ocr_carea' id='block_1_101' title="bbox 2163 3837 3857 3912">
    <p class='ocr_par' dir='ltr' id='par_1_101' title="bbox 2163 3837 3857 3912">
     <span class='ocr_line' id='line_1_101' title="bbox 2163 3837 3857 3912; baseline -0.004 -15"><span class='ocrx_word' id='word_1_670' title='bbox 2163 3845 2274 3898; x_wconf 86' lang='lat' dir='ltr'><strong>Hoc</strong></span> <span class='ocrx_word' id='word_1_671' title='bbox 2328 3842 2483 3896; x_wconf 90' lang='lat' dir='ltr'><strong>enim</strong></span> <span class='ocrx_word' id='word_1_672' title='bbox 2546 3859 2661 3896; x_wconf 87' lang='lat' dir='ltr'><strong>non</strong></span> <span class='ocrx_word' id='word_1_673' title='bbox 2717 3847 2840 3896; x_wconf 89' lang='lat' dir='ltr'><strong>erat</strong></span> <span class='ocrx_word' id='word_1_674' title='bbox 2867 3843 3161 3912; x_wconf 88' lang='lat' dir='ltr'><strong>potestatis</strong></span> <span class='ocrx_word' id='word_1_675' title='bbox 3191 3842 3333 3911; x_wconf 87' lang='lat' dir='ltr'><strong>ejus.</strong></span> <span class='ocrx_word' id='word_1_676' title='bbox 3383 3841 3507 3894; x_wconf 84' lang='lat' dir='ltr'><strong>Jam</strong></span> <span class='ocrx_word' id='word_1_677' title='bbox 3538 3844 3735 3893; x_wconf 88' lang='lat' dir='ltr'><strong>tamen</strong></span> <span class='ocrx_word' id='word_1_678' title='bbox 3787 3837 3857 3892; x_wconf 89' lang='lat' dir='ltr'><strong>de</strong></span> 
     </span>
    </p>
   </div>
   <div class='ocr_carea' id='block_1_102' title="bbox 2159 3930 3366 4001">
    <p class='ocr_par' dir='ltr' id='par_1_102' title="bbox 2159 3930 3366 4001">
     <span class='ocr_line' id='line_1_102' title="bbox 2159 3930 3366 4001; baseline -0.001 -19"><span class='ocrx_word' id='word_1_679' title='bbox 2159 3931 2338 3985; x_wconf 86' lang='lat' dir='ltr'><strong>valvis</strong></span> <span class='ocrx_word' id='word_1_680' title='bbox 2361 3930 2473 3985; x_wconf 91' lang='lat' dir='ltr'><strong>illis</strong></span> <span class='ocrx_word' id='word_1_681' title='bbox 2500 3931 2699 4001; x_wconf 87' lang='lat' dir='ltr'><strong>templi</strong></span> <span class='ocrx_word' id='word_1_682' title='bbox 2721 3930 2846 3984; x_wconf 91' lang='lat' dir='ltr'><strong>auri</strong></span> <span class='ocrx_word' id='word_1_683' title='bbox 2869 3930 3108 3984; x_wconf 91' lang='lat' dir='ltr'><strong>laminas</strong></span> <span class='ocrx_word' id='word_1_684' title='bbox 3139 3930 3366 3983; x_wconf 90' lang='lat' dir='ltr'><strong>tulerat.</strong></span> 
     </span>
    </p>
   </div>
   <div class='ocr_carea' id='block_1_103' title="bbox 2233 4015 3854 4087">
    <p class='ocr_par' dir='ltr' id='par_1_103' title="bbox 2233 4015 3854 4087">
     <span class='ocr_line' id='line_1_103' title="bbox 2233 4015 3854 4087; baseline -0.004 -14"><span class='ocrx_word' id='word_1_685' title='bbox 2233 4021 2296 4073; x_wconf 85' lang='lat' dir='ltr'><strong>In</strong></span> <span class='ocrx_word' id='word_1_686' title='bbox 2371 4021 2637 4073; x_wconf 82' lang='lat' dir='ltr'><strong>thesauris</strong></span> <span class='ocrx_word' id='word_1_687' title='bbox 2698 4034 2835 4087; x_wconf 75' lang='lat' dir='ltr'><strong>ejus.</strong></span> <span class='ocrx_word' id='word_1_688' title='bbox 2896 4019 3066 4072; x_wconf 88' lang='lat' dir='ltr'><strong>Tacet</strong></span> <span class='ocrx_word' id='word_1_689' title='bbox 3135 4018 3202 4072; x_wconf 89' lang='lat' dir='ltr'><strong>de</strong></span> <span class='ocrx_word' id='word_1_690' title='bbox 3265 4016 3545 4072; x_wconf 86' lang='lat' dir='ltr'><strong>thesauris</strong></span> <span class='ocrx_word' id='word_1_691' title='bbox 3606 4015 3854 4079; x_wconf 86' lang='lat' dir='ltr'><strong>Domini,</strong></span> 
     </span>
    </p>
   </div>
   <div class='ocr_carea' id='block_1_104' title="bbox 2163 4105 3857 4177">
    <p class='ocr_par' dir='ltr' id='par_1_104' title="bbox 2163 4105 3857 4177">
     <span class='ocr_line' id='line_1_104' title="bbox 2163 4105 3857 4177; baseline -0.002 -17"><span class='ocrx_word' id='word_1_692' title='bbox 2163 4112 2422 4161; x_wconf 90' lang='lat' dir='ltr'><strong>metuens</strong></span> <span class='ocrx_word' id='word_1_693' title='bbox 2456 4105 2818 4176; x_wconf 88' lang='lat' dir='ltr'><strong>reprehendi,</strong></span> <span class='ocrx_word' id='word_1_694' title='bbox 2848 4106 3000 4177; x_wconf 91' lang='lat' dir='ltr'><strong>quod</strong></span> <span class='ocrx_word' id='word_1_695' title='bbox 3025 4105 3238 4160; x_wconf 90' lang='lat' dir='ltr'><strong>scilicet</strong></span> <span class='ocrx_word' id='word_1_696' title='bbox 3270 4105 3515 4159; x_wconf 90' lang='lat' dir='ltr'><strong>ostendit</strong></span> <span class='ocrx_word' id='word_1_697' title='bbox 3543 4105 3627 4158; x_wconf 91' lang='lat' dir='ltr'><strong>eis</strong></span> <span class='ocrx_word' id='word_1_698' title='bbox 3667 4105 3857 4175; x_wconf 85' lang='lat' dir='ltr'><strong>quod-</strong></span> 
     </span>
    </p>
   </div>
   <div class='ocr_carea' id='block_1_105' title="bbox 2163 4193 3858 4264">
    <p class='ocr_par' dir='ltr' id='par_1_105' title="bbox 2163 4193 3858 4264">
     <span class='ocr_line' id='line_1_105' title="bbox 2163 4193 3858 4264; baseline -0.001 -17"><span class='ocrx_word' id='word_1_699' title='bbox 2163 4210 2390 4264; x_wconf 88' lang='lat' dir='ltr'><strong>cunque</strong></span> <span class='ocrx_word' id='word_1_700' title='bbox 2419 4194 2656 4248; x_wconf 87' lang='lat' dir='ltr'><strong>haberet</strong></span> <span class='ocrx_word' id='word_1_701' title='bbox 2710 4193 2768 4246; x_wconf 92' lang='lat' dir='ltr'><strong>in</strong></span> <span class='ocrx_word' id='word_1_702' title='bbox 2801 4198 3103 4263; x_wconf 90' lang='lat' dir='ltr'><strong>potestate,</strong></span> <span class='ocrx_word' id='word_1_703' title='bbox 3131 4193 3353 4263; x_wconf 88' lang='lat' dir='ltr'><strong>templi,</strong></span> <span class='ocrx_word' id='word_1_704' title='bbox 3409 4193 3621 4246; x_wconf 82' lang='lat' dir='ltr'><strong>scilicet</strong></span> <span class='ocrx_word' id='word_1_705' title='bbox 3665 4193 3858 4263; x_wconf 85' lang='lat' dir='ltr'><strong>supel-</strong></span> 
     </span>
    </p>
   </div>
   <div class='ocr_carea' id='block_1_106' title="bbox 2164 4283 2669 4348">
    <p class='ocr_par' dir='ltr' id='par_1_106' title="bbox 2164 4283 2669 4348">
     <span class='ocr_line' id='line_1_106' title="bbox 2164 4283 2669 4348; baseline 0 -12"><span class='ocrx_word' id='word_1_706' title='bbox 2164 4283 2440 4348; x_wconf 87' lang='lat' dir='ltr'><strong>lectilem;</strong></span> <span class='ocrx_word' id='word_1_707' title='bbox 2473 4283 2625 4336; x_wconf 92' lang='lat' dir='ltr'><strong>unde</strong></span> <span class='ocrx_word' id='word_1_708' title='bbox 2657 4299 2669 4336; x_wconf 88' lang='lat'><strong>:</strong></span> 
     </span>
    </p>
   </div>
   <div class='ocr_carea' id='block_1_107' title="bbox 2234 4368 3863 4439">
    <p class='ocr_par' dir='ltr' id='par_1_107' title="bbox 2234 4368 3863 4439">
     <span class='ocr_line' id='line_1_107' title="bbox 2234 4368 3863 4439; baseline 0 -19"><span class='ocrx_word' id='word_1_709' title='bbox 2234 4372 2391 4425; x_wconf 87' lang='lat' dir='ltr'><strong>Vens.</strong></span> <span class='ocrx_word' id='word_1_710' title='bbox 2426 4375 2478 4426; x_wconf 85' lang='lat'><strong>7.</strong></span> <span class='ocrx_word' id='word_1_711' title='bbox 2537 4401 2608 4409; x_wconf 96' lang='lat'><strong>—</strong></span> <span class='ocrx_word' id='word_1_712' title='bbox 2652 4373 2720 4425; x_wconf 87' lang='lat' dir='ltr'><strong>Et</strong></span> <span class='ocrx_word' id='word_1_713' title='bbox 2775 4375 2930 4424; x_wconf 82' lang='lat' dir='ltr'><strong>erunt</strong></span> <span class='ocrx_word' id='word_1_714' title='bbox 2974 4371 3222 4424; x_wconf 82' lang='lat' dir='ltr'><strong>eunuchi.</strong></span> <span class='ocrx_word' id='word_1_715' title='bbox 3271 4368 3395 4439; x_wconf 85' lang='lat' dir='ltr'><strong>(ln.)</strong></span> <span class='ocrx_word' id='word_1_716' title='bbox 3439 4368 3702 4422; x_wconf 85' lang='lat' dir='ltr'><strong>Tradunt</strong></span> <span class='ocrx_word' id='word_1_717' title='bbox 3761 4370 3863 4422; x_wconf 83' lang='lat' dir='ltr'><strong>He-</strong></span> 
     </span>
    </p>
   </div>
   <div class='ocr_carea' id='block_1_108' title="bbox 2162 4457 3860 4528">
    <p class='ocr_par' dir='ltr' id='par_1_108' title="bbox 2162 4457 3860 4528">
     <span class='ocr_line' id='line_1_108' title="bbox 2162 4457 3860 4528; baseline -0.003 -15"><span class='ocrx_word' id='word_1_718' title='bbox 2162 4459 2302 4513; x_wconf 76' lang='lat' dir='ltr'><strong>bra-i</strong></span> <span class='ocrx_word' id='word_1_719' title='bbox 2326 4459 2431 4512; x_wconf 87' lang='lat' dir='ltr'><strong>hoc</strong></span> <span class='ocrx_word' id='word_1_720' title='bbox 2472 4459 2770 4528; x_wconf 88' lang='lat' dir='ltr'><strong>impletum</strong></span> <span class='ocrx_word' id='word_1_721' title='bbox 2801 4475 2922 4511; x_wconf 91' lang='lat' dir='ltr'><strong>esse</strong></span> <span class='ocrx_word' id='word_1_722' title='bbox 2955 4458 3014 4511; x_wconf 91' lang='lat' dir='ltr'><strong>in</strong></span> <span class='ocrx_word' id='word_1_723' title='bbox 3050 4458 3242 4512; x_wconf 87' lang='lat' dir='ltr'><strong>Daniel</strong></span> <span class='ocrx_word' id='word_1_724' title='bbox 3274 4463 3326 4511; x_wconf 89' lang='lat' dir='ltr'><strong>et</strong></span> <span class='ocrx_word' id='word_1_725' title='bbox 3359 4458 3481 4528; x_wconf 90' lang='lat' dir='ltr'><strong>ejus</strong></span> <span class='ocrx_word' id='word_1_726' title='bbox 3509 4457 3700 4520; x_wconf 88' lang='lat' dir='ltr'><strong>sociis,</strong></span> <span class='ocrx_word' id='word_1_727' title='bbox 3735 4458 3860 4526; x_wconf 93' lang='lat' dir='ltr'><strong>qui,</strong></span> 
     </span>
    </p>
   </div>
   <div class='ocr_carea' id='block_1_109' title="bbox 2163 4546 3859 4618">
    <p class='ocr_par' dir='ltr' id='par_1_109' title="bbox 2163 4546 3859 4618">
     <span class='ocr_line' id='line_1_109' title="bbox 2163 4546 3859 4618; baseline -0.003 -17"><span class='ocrx_word' id='word_1_728' title='bbox 2163 4551 2328 4618; x_wconf 90' lang='lat' dir='ltr'><strong>capto</strong></span> <span class='ocrx_word' id='word_1_729' title='bbox 2360 4547 2614 4601; x_wconf 85' lang='lat' dir='ltr'><strong>.loachim</strong></span> <span class='ocrx_word' id='word_1_730' title='bbox 2661 4546 2779 4600; x_wconf 90' lang='lat' dir='ltr'><strong>ﬁlio</strong></span> <span class='ocrx_word' id='word_1_731' title='bbox 2819 4548 3008 4615; x_wconf 87' lang='lat' dir='ltr'><strong>Josue,</strong></span> <span class='ocrx_word' id='word_1_732' title='bbox 3037 4563 3164 4599; x_wconf 92' lang='lat' dir='ltr'><strong>cum</strong></span> <span class='ocrx_word' id='word_1_733' title='bbox 3199 4562 3302 4599; x_wconf 89' lang='lat' dir='ltr'><strong>suo</strong></span> <span class='ocrx_word' id='word_1_734' title='bbox 3333 4546 3548 4616; x_wconf 88' lang='lat' dir='ltr'><strong>populo</strong></span> <span class='ocrx_word' id='word_1_735' title='bbox 3580 4552 3716 4598; x_wconf 91' lang='lat' dir='ltr'><strong>sunt</strong></span> <span class='ocrx_word' id='word_1_736' title='bbox 3768 4562 3859 4598; x_wconf 82' lang='lat' dir='ltr'><strong>ca-</strong></span> 
     </span>
    </p>
   </div>
   <div class='ocr_carea' id='block_1_110' title="bbox 2166 4633 3859 4712">
    <p class='ocr_par' dir='ltr' id='par_1_110' title="bbox 2166 4633 3859 4712">
     <span class='ocr_line' id='line_1_110' title="bbox 2166 4633 3859 4712; baseline -0.002 -23"><span class='ocrx_word' id='word_1_737' title='bbox 2166 4635 2246 4704; x_wconf 92' lang='lat' dir='ltr'><strong>pti</strong></span> <span class='ocrx_word' id='word_1_738' title='bbox 2269 4640 2326 4689; x_wconf 94' lang='lat' dir='ltr'><strong>et</strong></span> <span class='ocrx_word' id='word_1_739' title='bbox 2351 4635 2407 4689; x_wconf 92' lang='lat' dir='ltr'><strong>in</strong></span> <span class='ocrx_word' id='word_1_740' title='bbox 2442 4635 2789 4712; x_wconf 65' lang='lat' dir='ltr'><strong>Qabylonem</strong></span> <span class='ocrx_word' id='word_1_741' title='bbox 2819 4636 2970 4689; x_wconf 90' lang='lat' dir='ltr'><strong>ducti</strong></span> <span class='ocrx_word' id='word_1_742' title='bbox 3004 4641 3059 4687; x_wconf 91' lang='lat' dir='ltr'><strong>et</strong></span> <span class='ocrx_word' id='word_1_743' title='bbox 3088 4633 3474 4697; x_wconf 89' lang='lat' dir='ltr'><strong>eunuchizati,</strong></span> <span class='ocrx_word' id='word_1_744' title='bbox 3505 4633 3595 4686; x_wconf 90' lang='lat' dir='ltr'><strong>vel</strong></span> <span class='ocrx_word' id='word_1_745' title='bbox 3623 4633 3859 4694; x_wconf 83' lang='lat' dir='ltr'><strong>evirati;</strong></span> 
     </span>
    </p>
   </div>
   <div class='ocr_carea' id='block_1_111' title="bbox 2166 4721 3861 4794">
    <p class='ocr_par' dir='ltr' id='par_1_111' title="bbox 2166 4721 3861 4794">
     <span class='ocr_line' id='line_1_111' title="bbox 2166 4721 3861 4794; baseline -0.002 -18"><span class='ocrx_word' id='word_1_746' title='bbox 2166 4741 2282 4777; x_wconf 90' lang='lat' dir='ltr'><strong>non</strong></span> <span class='ocrx_word' id='word_1_747' title='bbox 2315 4731 2507 4777; x_wconf 87' lang='lat' dir='ltr'><strong>tamen</strong></span> <span class='ocrx_word' id='word_1_748' title='bbox 2541 4724 2856 4793; x_wconf 87' lang='lat' dir='ltr'><strong>putandum</strong></span> <span class='ocrx_word' id='word_1_749' title='bbox 2887 4723 3040 4794; x_wconf 90' lang='lat' dir='ltr'><strong>quod</strong></span> <span class='ocrx_word' id='word_1_750' title='bbox 3073 4722 3321 4776; x_wconf 84' lang='lat' dir='ltr'><strong>eunuchi</strong></span> <span class='ocrx_word' id='word_1_751' title='bbox 3351 4721 3564 4776; x_wconf 87' lang='lat' dir='ltr'><strong>fuerint</strong></span> <span class='ocrx_word' id='word_1_752' title='bbox 3594 4738 3861 4792; x_wconf 85' lang='lat' dir='ltr'><strong>corpore,</strong></span> 
     </span>
    </p>
   </div>
   <div class='ocr_carea' id='block_1_112' title="bbox 2921 2782 3855 2852">
    <p class='ocr_par' dir='ltr' id='par_1_112' title="bbox 2921 2782 3855 2852">
     <span class='ocr_line' id='line_1_112' title="bbox 2921 2782 3855 2852; baseline -0.003 -18"><span class='ocrx_word' id='word_1_753' title='bbox 2921 2782 3209 2852; x_wconf 90' lang='lat' dir='ltr'><strong>interroga</strong></span> <span class='ocrx_word' id='word_1_754' title='bbox 3265 2786 3485 2851; x_wconf 88' lang='lat' dir='ltr'><strong>patrem</strong></span> <span class='ocrx_word' id='word_1_755' title='bbox 3547 2785 3736 2845; x_wconf 88' lang='lat' dir='ltr'><strong>tuum,</strong></span> <span class='ocrx_word' id='word_1_756' title='bbox 3800 2783 3855 2832; x_wconf 86' lang='lat' dir='ltr'><strong>et</strong></span> 
     </span>
    </p>
   </div>
   <div class='ocr_carea' id='block_1_113' title="bbox 2165 4812 3863 4880">
    <p class='ocr_par' dir='ltr' id='par_1_113' title="bbox 2165 4812 3863 4880">
     <span class='ocr_line' id='line_1_113' title="bbox 2165 4812 3863 4880; baseline -0.001 -16"><span class='ocrx_word' id='word_1_757' title='bbox 2165 4812 2262 4865; x_wconf 89' lang='lat' dir='ltr'><strong>sed</strong></span> <span class='ocrx_word' id='word_1_758' title='bbox 2317 4817 2527 4873; x_wconf 85' lang='lat' dir='ltr'><strong>mente,</strong></span> <span class='ocrx_word' id='word_1_759' title='bbox 2587 4813 2732 4866; x_wconf 89' lang='lat' dir='ltr'><strong>sicut</strong></span> <span class='ocrx_word' id='word_1_760' title='bbox 2777 4814 2874 4880; x_wconf 89' lang='lat' dir='ltr'><strong>qui</strong></span> <span class='ocrx_word' id='word_1_761' title='bbox 2902 4827 2955 4864; x_wconf 84' lang='lat' dir='ltr'><strong>se</strong></span> <span class='ocrx_word' id='word_1_762' title='bbox 2983 4816 3358 4866; x_wconf 84' lang='lat' dir='ltr'><strong>castraverunt</strong></span> <span class='ocrx_word' id='word_1_763' title='bbox 3381 4816 3605 4880; x_wconf 81' lang='lat' dir='ltr'><strong>propter</strong></span> <span class='ocrx_word' id='word_1_764' title='bbox 3633 4827 3863 4877; x_wconf 82' lang='lat' dir='ltr'><strong>regnum</strong></span> 
     </span>
    </p>
   </div>
   <div class='ocr_carea' id='block_1_114' title="bbox 2164 4901 2831 4968">
    <p class='ocr_par' dir='ltr' id='par_1_114' title="bbox 2164 4901 2831 4968">
     <span class='ocr_line' id='line_1_114' title="bbox 2164 4901 2831 4968; baseline -0.003 -14"><span class='ocrx_word' id='word_1_765' title='bbox 2164 4902 2412 4954; x_wconf 70' lang='lat' dir='ltr'><strong>C(elorum</strong></span> <span class='ocrx_word' id='word_1_766' title='bbox 2434 4901 2652 4968; x_wconf 81' lang='lat' dir='ltr'><strong>(Matth.</strong></span> <span class='ocrx_word' id='word_1_767' title='bbox 2687 4901 2831 4966; x_wconf 75' lang='lat' dir='ltr'><strong>xxx).</strong></span> 
     </span>
    </p>
   </div>
   <div class='ocr_carea' id='block_1_115' title="bbox 2236 4987 3860 5056">
    <p class='ocr_par' dir='ltr' id='par_1_115' title="bbox 2236 4987 3860 5056">
     <span class='ocr_line' id='line_1_115' title="bbox 2236 4987 3860 5056; baseline 0 -16"><span class='ocrx_word' id='word_1_768' title='bbox 2236 4990 2393 5042; x_wconf 80' lang='lat' dir='ltr'><strong>Vens.</strong></span> <span class='ocrx_word' id='word_1_769' title='bbox 2446 4992 2496 5043; x_wconf 89' lang='lat'><strong>8.</strong></span> <span class='ocrx_word' id='word_1_770' title='bbox 2558 4991 2776 5043; x_wconf 84' lang='lat' dir='ltr'><strong>—Fiat</strong></span> <span class='ocrx_word' id='word_1_771' title='bbox 2833 4993 3043 5042; x_wconf 88' lang='lat' dir='ltr'><strong>tantum</strong></span> <span class='ocrx_word' id='word_1_772' title='bbox 3093 5003 3229 5056; x_wconf 66' lang='lat' dir='ltr'><strong>prun.</strong></span> <span class='ocrx_word' id='word_1_773' title='bbox 3286 4987 3491 5042; x_wconf 91' lang='lat' dir='ltr'><strong>Debuit</strong></span> <span class='ocrx_word' id='word_1_774' title='bbox 3551 4993 3860 5055; x_wconf 84' lang='lat' dir='ltr'><strong>peccatum</strong></span> 
     </span>
    </p>
   </div>
   <div class='ocr_carea' id='block_1_116' title="bbox 2167 5075 3866 5143">
    <p class='ocr_par' dir='ltr' id='par_1_116' title="bbox 2167 5075 3866 5143">
     <span class='ocr_line' id='line_1_116' title="bbox 2167 5075 3866 5143; baseline -0.001 -13"><span class='ocrx_word' id='word_1_775' title='bbox 2167 5093 2334 5130; x_wconf 91' lang='lat' dir='ltr'><strong>suum</strong></span> <span class='ocrx_word' id='word_1_776' title='bbox 2371 5094 2499 5131; x_wconf 90' lang='lat' dir='ltr'><strong>cum</strong></span> <span class='ocrx_word' id='word_1_777' title='bbox 2549 5077 2721 5131; x_wconf 88' lang='lat' dir='ltr'><strong>David</strong></span> <span class='ocrx_word' id='word_1_778' title='bbox 2769 5077 3048 5143; x_wconf 86' lang='lat' dir='ltr'><strong>conﬁteri,</strong></span> <span class='ocrx_word' id='word_1_779' title='bbox 3097 5081 3153 5130; x_wconf 89' lang='lat' dir='ltr'><strong>et</strong></span> <span class='ocrx_word' id='word_1_780' title='bbox 3208 5075 3354 5130; x_wconf 87' lang='lat' dir='ltr'><strong>iram</strong></span> <span class='ocrx_word' id='word_1_781' title='bbox 3401 5075 3499 5129; x_wconf 89' lang='lat' dir='ltr'><strong>Dei</strong></span> <span class='ocrx_word' id='word_1_782' title='bbox 3565 5091 3866 5129; x_wconf 84' lang='lat' dir='ltr'><strong>removere</strong></span> 
     </span>
    </p>
   </div>
   <div class='ocr_carea' id='block_1_117' title="bbox 2167 5163 3863 5236">
    <p class='ocr_par' dir='ltr' id='par_1_117' title="bbox 2167 5163 3863 5236">
     <span class='ocr_line' id='line_1_117' title="bbox 2167 5163 3863 5236; baseline -0.001 -17"><span class='ocrx_word' id='word_1_783' title='bbox 2167 5182 2200 5219; x_wconf 89' lang='lat' dir='ltr'><strong>a</strong></span> <span class='ocrx_word' id='word_1_784' title='bbox 2231 5165 2497 5236; x_wconf 89' lang='lat' dir='ltr'><strong>posteris,</strong></span> <span class='ocrx_word' id='word_1_785' title='bbox 2530 5171 2629 5220; x_wconf 88' lang='lat' dir='ltr'><strong>aut</strong></span> <span class='ocrx_word' id='word_1_786' title='bbox 2670 5166 2923 5234; x_wconf 88' lang='lat' dir='ltr'><strong>compati</strong></span> <span class='ocrx_word' id='word_1_787' title='bbox 2951 5181 3079 5218; x_wconf 90' lang='lat' dir='ltr'><strong>cum</strong></span> <span class='ocrx_word' id='word_1_788' title='bbox 3125 5165 3329 5234; x_wconf 82' lang='lat' dir='ltr'><strong>Moyse,</strong></span> <span class='ocrx_word' id='word_1_789' title='bbox 3367 5164 3466 5234; x_wconf 88' lang='lat' dir='ltr'><strong>qui</strong></span> <span class='ocrx_word' id='word_1_790' title='bbox 3521 5163 3660 5216; x_wconf 87' lang='lat' dir='ltr'><strong>dicit</strong></span> <span class='ocrx_word' id='word_1_791' title='bbox 3694 5181 3707 5216; x_wconf 92' lang='lat'><strong>:</strong></span> <span class='ocrx_word' id='word_1_792' title='bbox 3769 5168 3863 5218; x_wconf 85' lang='lat' dir='ltr'><strong>Di-</strong></span> 
     </span>
    </p>
   </div>
   <div class='ocr_carea' id='block_1_118' title="bbox 2166 5252 3868 5322">
    <p class='ocr_par' dir='ltr' id='par_1_118' title="bbox 2166 5252 3868 5322">
     <span class='ocr_line' id='line_1_118' title="bbox 2166 5252 3868 5322; baseline -0.002 -14"><span class='ocrx_word' id='word_1_793' title='bbox 2166 5257 2318 5308; x_wconf 89' lang='lat' dir='ltr'><strong>mitte</strong></span> <span class='ocrx_word' id='word_1_794' title='bbox 2364 5257 2439 5308; x_wconf 88' lang='lat' dir='ltr'><strong>eis</strong></span> <span class='ocrx_word' id='word_1_795' title='bbox 2497 5255 2634 5308; x_wconf 84' lang='lat' dir='ltr'><strong>hanc</strong></span> <span class='ocrx_word' id='word_1_796' title='bbox 2685 5271 2903 5320; x_wconf 64' lang='lat' dir='ltr'><strong>norum,</strong></span> <span class='ocrx_word' id='word_1_797' title='bbox 2959 5259 3052 5308; x_wconf 87' lang='lat' dir='ltr'><strong>aut</strong></span> <span class='ocrx_word' id='word_1_798' title='bbox 3097 5253 3214 5307; x_wconf 85' lang='lat' dir='ltr'><strong>dele</strong></span> <span class='ocrx_word' id='word_1_799' title='bbox 3263 5269 3344 5305; x_wconf 86' lang='lat' dir='ltr'><strong>me</strong></span> <span class='ocrx_word' id='word_1_800' title='bbox 3400 5252 3464 5306; x_wconf 83' lang='lat' dir='ltr'><strong>de</strong></span> <span class='ocrx_word' id='word_1_801' title='bbox 3514 5253 3654 5306; x_wconf 66' lang='lat' dir='ltr'><strong>libro</strong></span> <span class='ocrx_word' id='word_1_802' title='bbox 3711 5269 3868 5322; x_wconf 76' lang='lat' dir='ltr'><strong>quem</strong></span> 
     </span>
    </p>
   </div>
   <div class='ocr_carea' id='block_1_119' title="bbox 2167 5340 3868 5412">
    <p class='ocr_par' dir='ltr' id='par_1_119' title="bbox 2167 5340 3868 5412">
     <span class='ocr_line' id='line_1_119' title="bbox 2167 5340 3868 5412; baseline -0.001 -15"><span class='ocrx_word' id='word_1_803' title='bbox 2167 5344 2440 5412; x_wconf 80' lang='lat' dir='ltr'><strong>scripsisti</strong></span> <span class='ocrx_word' id='word_1_804' title='bbox 2468 5342 2674 5410; x_wconf 65' lang='lat' dir='ltr'><strong>(Exod.</strong></span> <span class='ocrx_word' id='word_1_805' title='bbox 2709 5353 2895 5411; x_wconf 83' lang='lat' dir='ltr'><strong>xxxu).</strong></span> <span class='ocrx_word' id='word_1_806' title='bbox 2930 5342 3088 5407; x_wconf 90' lang='lat' dir='ltr'><strong>Quod</strong></span> <span class='ocrx_word' id='word_1_807' title='bbox 3114 5340 3249 5412; x_wconf 87' lang='lat' dir='ltr'><strong>quia</strong></span> <span class='ocrx_word' id='word_1_808' title='bbox 3280 5357 3394 5394; x_wconf 91' lang='lat' dir='ltr'><strong>non</strong></span> <span class='ocrx_word' id='word_1_809' title='bbox 3426 5340 3579 5405; x_wconf 83' lang='lat' dir='ltr'><strong>fecit,</strong></span> <span class='ocrx_word' id='word_1_810' title='bbox 3608 5349 3868 5410; x_wconf 85' lang='lat' dir='ltr'><strong>propter-</strong></span> 
     </span>
    </p>
   </div>
   <div class='ocr_carea' id='block_1_120' title="bbox 2168 5429 3868 5502">
    <p class='ocr_par' dir='ltr' id='par_1_120' title="bbox 2168 5429 3868 5502">
     <span class='ocr_line' id='line_1_120' title="bbox 2168 5429 3868 5502; baseline -0.001 -17"><span class='ocrx_word' id='word_1_811' title='bbox 2168 5449 2234 5486; x_wconf 86' lang='lat' dir='ltr'><strong>ea</strong></span> <span class='ocrx_word' id='word_1_812' title='bbox 2258 5447 2368 5484; x_wconf 91' lang='lat' dir='ltr'><strong>non</strong></span> <span class='ocrx_word' id='word_1_813' title='bbox 2421 5431 2724 5502; x_wconf 88' lang='lat' dir='ltr'><strong>respondet</strong></span> <span class='ocrx_word' id='word_1_814' title='bbox 2767 5431 2848 5488; x_wconf 85' lang='lat' dir='ltr'><strong>ei:</strong></span> <span class='ocrx_word' id='word_1_815' title='bbox 2895 5431 3011 5495; x_wconf 83' lang='lat' dir='ltr'><strong>sed,</strong></span> <span class='ocrx_word' id='word_1_816' title='bbox 3075 5446 3380 5483; x_wconf 84' lang='lat' dir='ltr'><strong>conversus</strong></span> <span class='ocrx_word' id='word_1_817' title='bbox 3430 5429 3496 5482; x_wconf 87' lang='lat' dir='ltr'><strong>ad</strong></span> <span class='ocrx_word' id='word_1_818' title='bbox 3557 5430 3868 5498; x_wconf 83' lang='lat' dir='ltr'><strong>populum.</strong></span> 
     </span>
    </p>
   </div>
   <div class='ocr_carea' id='block_1_121' title="bbox 2169 5519 2928 5586">
    <p class='ocr_par' dir='ltr' id='par_1_121' title="bbox 2169 5519 2928 5586">
     <span class='ocr_line' id='line_1_121' title="bbox 2169 5519 2928 5586; baseline 0.001 -13"><span class='ocrx_word' id='word_1_819' title='bbox 2169 5520 2307 5574; x_wconf 90' lang='lat' dir='ltr'><strong>dicit</strong></span> <span class='ocrx_word' id='word_1_820' title='bbox 2339 5535 2353 5572; x_wconf 89' lang='lat'><strong>:</strong></span> <span class='ocrx_word' id='word_1_821' title='bbox 2381 5519 2794 5586; x_wconf 87' lang='lat' dir='ltr'><strong>Consolamini,</strong></span> <span class='ocrx_word' id='word_1_822' title='bbox 2817 5524 2928 5574; x_wconf 90' lang='lat' dir='ltr'><strong>etc.</strong></span> 
     </span>
    </p>
   </div>
  </div>
