4018 6176
164 295 290 346 1281

845 412 1071 465 CAPUT
1111 411 1214 463 XL.

232 506 401 558 Vens.
445 507 489 556 1.
515 531 581 543 -
614 501 1012 554 Consolamini.
1053 498 1388 562 Quasidicat
1420 514 1432 551 :
1479 496 1622 560 Quia
1648 512 1741 549 rex
1777 512 1867 549 ve-

159 598 276 646 ster
297 608 413 646 non
432 590 779 660 compalitur
800 589 979 654 vobis,
1008 587 1379 641 consolamini
1402 586 1647 640 Christo.
1680 586 1872 638 Potest

162 682 227 735 ad
260 686 462 749 gentes
489 678 705 741 referri,
732 678 802 732 de
823 678 1032 746 quibus
1055 676 1331 729 Dominus
1362 691 1463 743 per
1490 673 1817 727 Zachariam
1853 688 1864 726 :

162 772 277 836 Ego
348 767 680 834 congregabo
740 767 1002 834 populum
1050 766 1273 818 orientis
1346 768 1395 815 et
1439 766 1596 815 erunt
1646 762 1785 815 mihi
1816 765 1872 813 in

156 858 425 926 populum
455 861 504 907 et
524 871 618 923 ego
644 869 729 907 ero
758 855 871 907 illis
896 855 952 905 in
982 855 1143 906 Deum
1175 852 1352 915 (Zach.
1380 850 1514 918 vni).

238 945 557 1013 Loquimini
605 942 678 995 ad
734 957 841 995 cor.
889 940 1095 1009 (Ηιειι.)
1166 939 1247 993 Ad
1298 954 1395 991 cor
1453 936 1708 1007 loquitur
1773 935 1871 1005 qui

164 1038 439 1086 maestum
459 1032 802 1091 consolatur,
841 1029 985 1081 sicut
1015 1028 1083 1081 de
1110 1027 1312 1081 Sicben
1344 1025 1553 1079 dicitur
1584 1044 1595 1077 :
1642 1026 1873 1077 Locutus

164 1120 545 1175 estSiclienad
564 1135 653 1172 cor
681 1119 818 1185 ejus,
851 1123 898 1169 et
930 1118 1231 1170 consolatus
1264 1118 1339 1167 est
1363 1129 1478 1165 eam
1512 1114 1659 1181 (Gen.
1696 1119 1868 1172 xxxv).

240 1209 555 1262 Jerusalem.
606 1207 915 1260 Jerusalem
942 1221 974 1257 a
1006 1203 1286 1258 Chaldaeis
1326 1208 1382 1255 et
1428 1200 1701 1255 Romanis
1748 1216 1868 1253 cor-

168 1313 313 1367 pore
372 1301 427 1349 et
486 1296 705 1360 anima;
759 1293 1003 1348 Ecclesia
1037 1310 1069 1346 a
1119 1290 1578 1363 persecutoribus
1635 1305 1872 1359 corpore

166 1384 440 1449 cruciata,
471 1383 664 1436 animo
694 1382 1037 1451 angustiata.

244 1474 465 1527 Malitia
507 1474 640 1540 ejus.
701 1470 912 1524 Malitia
959 1468 1191 1522 altlictio
1247 1467 1391 1519 sicut
1442 1465 1583 1519 illud
1635 1467 1743 1520 :Si
1797 1469 1875 1519 est

168 1561 376 1615 malum
399 1563 456 1611 in
481 1562 706 1612 civitate
740 1558 884 1625 quod
912 1572 1017 1610 non
1046 1558 1222 1622 faciat
1244 1551 1498 1608 Dominus
1528 1556 1734 1618 (Amos.
1771 1554 1869 1623 ιιι).

1289 285 1550 340 GLOSSA
1588 282 1994 339 0RDINARIA.
2036 312 2104 321 ——-
2147 281 2273 337 LIB.
2320 281 2543 335 [SAM-3.

3543 283 3679 336 1282

1902 409 1948 459 Α
1987 423 2269 477 maximus
2322 427 2380 475 et
2434 421 2658 492 pascuis
2716 420 3042 474 uberrimus
3070 425 3127 475 et
3183 421 3517 487 arboribus;
3577 424 3676 479 sed

1981 512 2085 566 etsi
2114 512 2307 565 omnia
2361 512 2518 580 ligna
2559 510 2919 564 succidantur
2961 510 3027 562 ad
3082 511 3571 576 succendendum,
3623 518 3680 565 et

1983 600 2177 654 omnia
2238 600 2509 653 animalia
2566 599 2939 652 immolentur
3004 598 3071 651 ad
3126 599 3544 663 holocaustum,
3610 599 3681 652 ad

1982 688 2333 758 implendam
2376 689 2461 740 vel
2512 688 2844 756 placandam
2902 691 3095 740 tamen
3142 687 3453 757 majestatis
3474 692 3682 757 poten-

1982 777 2120 830 tiam
2154 792 2265 829 non
2291 776 2601 829 sufﬁciunt.

2055 864 2212 918 Vens.
2270 867 2351 916 19.
2410 894 2478 902 -
2532 863 2816 931 Nunquid.
2849 861 3155 915 Stultitiam
3197 862 3458 932 gentium
3484 863 3682 917 redar-

1985 954 2131 1022 guit,
2168 958 2229 1006 ut
2260 953 2329 1005 ab
2352 951 2670 1005 idololatria
2690 950 2973 1003 recedant.

2057 1043 2213 1094 Vens.
2272 1044 2355 1093 20.
2408 1070 2474 1079 -
2518 1040 2680 1093 Forte
2736 1040 2961 1103 lignum.
3008 1038 3149 1107 (11).)
3196 1037 3468 1093 Hebraice
3500 1054 3685 1092 mesa-

1984 1131 2127 1183 chan
2161 1130 2387 1215 (pum),
2417 1128 2551 1199 quia
2580 1143 2759 1198 genus
2779 1126 2920 1196 ligni
2952 1131 3036 1179 est
3054 1126 3431 1215 imputribile,
3471 1127 3539 1181 de
3567 1143 3682 1198 quo

1986 1220 2231 1272 maxime
2285 1218 2433 1271 idola
2480 1218 2671 1269 tiunt:
2720 1215 2827 1268 hoc
2877 1219 3067 1267 autem
3100 1214 3236 1267 dicit
3281 1220 3364 1277 ut,
3393 1214 3563 1268 idolis
3586 1231 3681 1268 re-

1987 1307 2263 1378 probatis,
2298 1305 2640 1374 suscipiatur
2678 1303 2937 1356 doctrina
2984 1302 3273 1371 Evangelii
3306 1308 3364 1356 et
3399 1303 3683 1357 reveletur

1986 1397 2168 1466 gloria
2202 1394 2447 1461 Domini,
2478 1398 2539 1447 ut
2570 1393 2755 1446 videat
2798 1391 2984 1444 omnis
3013 1407 3141 1444 caro
3176 1392 3420 1445 salutare
3458 1392 3573 1445 Dei.

2058 1486 2216 1537 Vens.
2249 1487 2307 1536 21
2374 1514 2442 1521 --
2469 1483 2553 1536 Ab
2580 1483 2761 1537 initio.
2799 1480 2963 1549 Legis
2998 1479 3172 1549 Moysi
3202 1480 3291 1533 vel
3342 1496 3371 1533 a
3402 1480 3684 1550 principio

1987 1573 2185 1626 mundi
2219 1572 2275 1624 in
2308 1571 2444 1640 ipsis
2474 1569 2747 1623 creaturis
2779 1585 2906 1639 quia
2939 1584 3137 1622 omnes
3185 1584 3351 1622 suum
3385 1586 3486 1622 suo
3513 1570 3683 1624 modo

248 1652 487 1702 Dimisso
516 1653 611 1700 est.
663 1637 841 1699 Causa
880 1643 1305 1709 consolationis,
1361 1642 1619 1696 remissio
1675 1658 1872 1712 pecca-
1909 1692 1947 1743 Β
1989 1661 2301 1733 prmdicant
2335 1637 2634 1712 δνιίηρρηι,

172 1741 394 1802 torum,
428 1741 571 1799 etc.,
604 1749 772 1801 usque
798 1733 870 1786 ad
928 1732 1064 1803 quia
1119 1736 1363 1801 purgata
1419 1736 1555 1785 sunt
1597 1737 1653 1785 et
1693 1732 1875 1785 soluta

171 1840 281 1894 per
312 1841 528 1893 poenas.

249 1913 410 1965 Vens.
454 1914 503 1964 3.
534 1941 601 1949 —
628 1911 745 1964 V0.7:
795 1910 1099 1962 clamantis.
1144 1908 1271 1977 (1η.)
1319 1908 1500 1978 Hujus
1542 1908 1696 1961 vocis
1756 1924 1875 1961 me-

174 2017 388 2065 mores,
422 1999 603 2053 Judzei
638 1998 919 2051 miserunt
948 1996 1017 2050 ad
1064 1998 1345 2050 Joannem
1379 2002 1437 2050 ut
1459 1997 1880 2067 interrogarent

176 2104 310 2142 eum
364 2104 377 2142 :
419 2088 501 2141 Tu
530 2086 657 2157 quis
686 2086 782 2139 es?

251 2176 414 2228 Vens.
446 2176 498 2229 4.
530 2205 597 2213 —
620 2176 805 2227 Omnis
835 2173 994 2226 uallis
1024 2172 1378 2226 emaltabitur.
1414 2174 1517 2239 Qui
1557 2189 1611 2227 se
1669 2173 1880 2228 exultat

177 2264 579 2316 humiliabitur.
610 2269 658 2316 et
679 2265 775 2330 qui
802 2276 856 2314 se
886 2262 1156 2328 humiliat,
1200 2267 1304 2314 etc.
1332 2262 1450 2315 Hoc
1483 2278 1661 2332 usque
1710 2262 1880 2315 hodie

179 2354 238 2404 in
272 2351 494 2404 deserto
535 2350 835 2420 gentilium
897 2350 1268 2403 Ecclesiarum
1302 2352 1553 2402 clamant
1599 2350 1879 2419 magistri.

255 2439 411 2492 Vens.
450 2443 501 2492 5.
530 2467 599 2479 —
630 2441 698 2492 Et
743 2437 949 2491 videbit
1011 2439 1183 2491 omnis
1214 2453 1356 2491 caro.
1430 2439 1507 2491 De
1548 2438 1734 2508 primo
1787 2438 1883 2491 ad-

180 2533 352 2580 ventu
385 2526 570 2580 subito
594 2527 661 2581 ad
692 2525 1002 2580 secundum
1050 2531 1250 2595 raptus
1305 2526 1481 2580 dicit:
1538 2528 1606 2581 Et
1675 2527 1883 2580 videbit

181 2618 355 2669 omnis
377 2631 519 2671 caro.

255 2704 327 2757 0s
356 2707 585 2758 Domini.
636 2704 934 2773 Prophetas
965 2701 1065 2773 qui
1114 2702 1571 2772 praedicaverunt
1626 2704 1883 2757 futurum

182 2792 493 2852 Christum.
524 2792 735 2845 scilicet
763 2793 1005 2844 salutare
1032 2792 1129 2844 Dei
1155 2791 1349 2844 nostri.

262 2881 421 2935 Vens.
470 2884 521 2935 6.
589 2911 648 2918 -—
701 2880 847 2950 Quid
905 2880 1189 2933 clamabo?
1252 2880 1372 2949 (ln.)
1407 2882 1525 2934 Non
1562 2880 1683 2935 sine
1716 2896 1886 2934 causa

182 2969 393 3041 quaerit
422 2987 435 3023 :
468 2985 597 3023 cum
628 2969 780 3023 enim
813 2985 870 3021 se
915 2974 1114 3038 sponte
1174 2969 1406 3035 obtulit,
1454 2970 1649 3023 dicens
1680 2986 1693 3023 :
1745 2972 1878 3024 Ecce
1909 2977 1949 3030 Ο

180 3073 299 3126 ego,
328 3060 478 3111 mitte
506 3073 625 3111 me:
670 3058 882 3127 populo
947 3073 1049 3111 suo
1101 3057 1243 3111 dura
1276 3057 1577 3125 nuntiavit,
1639 3063 1695 3113 et
1725 3074 1879 3113 nunc

182 3148 337 3201 idem
372 3146 590 3200 metuit.

261 3236 445 3290 Omnis
474 3250 618 3288 caro.
679 3233 785 3297 Qui
842 3238 1035 3304 portat
1087 3234 1398 3305 imaginem
1453 3235 1686 3301 terreni,
1746 3240 1878 3301 etc.,

182 3338 355 3392 usque
384 3323 457 3375 ad
483 3322 560 3375 sic
590 3323 777 3388 homo,
811 3338 911 3392 per
939 3327 1170 3376 natatum
1230 3324 1636 3390 successiones,
1667 3324 1881 3379 amittit

187 3413 453 3466 decorem
473 3419 527 3464 et
547 3411 694 3464 cadit
724 3410 780 3463 in
810 3417 1072 3465 mortem.

264 3502 419 3554 Vens.
452 3502 504 3553 8.
540 3530 607 3540 —
646 3500 875 3555 Verbum
904 3506 1082 3553 autem
1123 3501 1363 3555 Domini.
1432 3502 1676 3556 Verbum
1722 3502 1881 3556 Chri-

162 3596 310 3644 ‘stus
348 3606 475 3642 cum
503 3605 738 3658 corpore
760 3606 882 3654 suo,
906 3589 1054 3659 quod
1089 3597 1171 3644 est
1203 3590 1465 3644 Ecclesia.

264 3677 421 3729 Vens.
480 3680 529 3730 9.
588 3706 659 3715 -—
711 3678 861 3731 Sion.
911 3678 1040 3746 (10.)
1101 3680 1206 3731 Per
1262 3679 1402 3732 Sion
1468 3685 1522 3733 et
1572 3681 1884 3735 Jerusalem

186 3768 475 3835 apostolos
505 3766 578 3831 et}
598 3765 737 3819 alios
785 3766 1039 3819 doctores
1078 3766 1370 3838 intelligit,
1416 3785 1556 3839 quos
1616 3770 1887 3823 admonet

187 3858 255 3907 ut
279 3870 406 3924 quae
431 3871 461 3907 a
503 3854 741 3908 Domino
773 3860 1113 3924 acceperunt
1158 3856 1490 3925 przedicent,
1546 3860 1601 3909 et
1632 3856 1887 3909 culmina

186 3944 465 3996 virtutum
490 3944 875 4007 ascendentes,
907 3943 1077 3996 verbo
1108 3949 1163 3997 et
1194 3947 1452 4013 exemplo
1481 3945 1740 3999 doceant.

263 4033 423 4085 Vens.
454 4035 534 4085 ll.
593 4061 661 4070 —
692 4033 917 4097 Gregem
955 4047 1131 4099 suum,
1174 4039 1279 4085 etc.
1340 4034 1499 4086 Nunc
1530 4034 1883 4104 contempla-

187 4121 370 4187 tione,
394 4122 450 4172 in
481 4120 672 4172 futuro
698 4121 820 4189 ipsa
852 4120 1067 4174 visione
1102 4136 1115 4173 ε
1170 4137 1319 4175 nunc
1351 4121 1633 4191 docendo,
1690 4130 1888 4192 postea

190 4206 458 4261 salvando
488 4208 572 4261 vel
606 4207 889 4261 satiando.

258 4298 433 4349 Fetus.
473 4297 733 4349 Doctores
761 4294 911 4348 ﬁlios
934 4297 1187 4365 quotidie
1217 4299 1328 4350 Deo
1362 4299 1770 4368 parturientes.
1860 4340 1871 4345 -

264 4385 420 4437 Vens.
455 4387 537 4437 12.
571 4414 638 4423 —
662 4386 795 4450 Quis
820 4400 1031 4439 mensus
1061 4391 1137 4438 est
1162 4385 1189 4440 ?
1233 4386 1359 4456 (11).)
1388 4388 1466 4442 Ne
1497 4389 1565 4442 de
1590 4390 1885 4442 vocatione

186 4474 449 4542 gentium
479 4474 786 4540 dubitetur,
832 4475 1167 4544 magnitudo
1222 4478 1476 4530 vocantis
1524 4478 1883 4532 describitur.

262 4560 797 4631 Pugillo.Pugillus,
849 4563 1151 4615 contractis
1206 4563 1399 4634 digitis
1456 4582 1707 4637 pugnus,
1764 4569 1886 4638 pal-

187 4665 381 4703 musa
421 4649 625 4718 pollice
651 4666 827 4720 usque
883 4651 953 4703 ad
1012 4651 1316 4706 minimum
1370 4654 1610 4724 digitum
1663 4660 1890 4710 extenta

190 4753 416 4803 manus,
462 4744 521 4791 ut
566 4754 665 4808 per
712 4740 966 4808 palmum
1000 4744 1054 4792 et
1098 4742 1376 4810 pugillum
1409 4745 1579 4798 caelos
1629 4752 1887 4800 extentos

190 4834 246 4880 et
267 4826 498 4895 globum
529 4832 694 4880 terrm
738 4828 1077 4882 noverimus.

265 4916 427 4969 Vens.
466 4918 546 4969 l3.
584 4945 656 4955 —
709 4916 975 4985 Spiritum
1007 4917 1231 4971 Domini
1258 4934 1419 4990 super
1456 4938 1555 4986 me,
1609 4940 1685 4989 eo,
1748 4924 1892 4993 quod

188 5006 415 5057 unmerit
459 5020 539 5056 me
593 5003 666 5056 ad
717 5005 1155 5059 annuntiandum
1226 5012 1521 5064 mansuetis
1549 5014 1701 5066 misit
1761 5029 1887 5067 me:

188 5094 261 5147 Et
291 5093 580 5159 requiescet
604 5106 765 5159 super
793 5108 911 5145 eum
954 5094 1197 5161 Spiritus
1228 5099 1459 5151 Domini.

265 5180 423 5233 Vens.
488 5181 571 5233 t5.
617 5208 683 5219 —
752 5181 927 5245 Quasi
979 5183 1160 5250 pulvis
1185 5186 1440 5252 exiguus.
1484 5188 1610 5257 (ln.)
1667 5191 1892 5246 Ilebraii

186 5270 298 5323 hoc
345 5269 514 5323 verbo
596 5269 996 5323 tenuissimum
1062 5272 1357 5340 pulverem
1430 5276 1742 5346 signiﬁcari
1789 5298 1892 5351 pu—

188 5360 335 5416 tant.
370 5361 498 5421 etc.,
525 5371 693 5424 usque
727 5356 801 5410 ad
826 5364 883 5411 et
932 5363 1049 5413 tam
1074 5360 1281 5416 Graecae
1311 5380 1484 5435 quam
1539 5366 1751 5423 Latinas
1782 5371 1891 5423 lin-

187 5458 321 5513 guae
356 5452 773 5515 paupertatem.

261 5532 412 5586 Vens.
480 5538 558 5587 16.
619 5562 684 5571 --
745 5535 983 5590 Libanus
1006 5552 1111 5592 non
1140 5543 1382 5607 sufﬁciet.
1452 5543 1695 5600 Libauus
1728 5563 1894 5602 mons

2058 1751 2219 1802 Vens.
2255 1752 2342 1801 22.
2405 1778 2471 1786 -
2524 1748 2697 1815 Super
2744 1762 2955 1817 gyrum.
2990 1745 3127 1799 Hinc
3184 1744 3442 1798 nonnulli
3472 1750 3683 1799 terram

1985 1837 2146 1908 quasi
2178 1841 2456 1906 punctum
2488 1840 2544 1889 et
2573 1835 2806 1903 globum
2838 1850 2957 1888 esse
2996 1832 3366 1887 contendunt.

2067 1924 2236 1990 Quasi
2272 1926 2511 1978 locustae.
2572 1925 2631 1976 1n
2664 1924 2787 1993 ejus
2817 1921 3261 1993 comparatione,
3302 1922 3390 1976 vel
3419 1922 3683 1977 conside-

1984 2019 2107 2069 rata
2136 2018 2302 2066 terrai
2336 2011 2749 2082 magnitudine.

2063 2099 2501 2153 Tabernaculum.
2578 2097 2717 2149 Hinc
2807 2113 3036 2168 quoque
3111 2095 3168 2151 in
3251 2098 3686 2152 similitudinem

1988 2187 2227 2258 sphaerae
2245 2185 2449 2240 ccelum
2488 2200 2607 2237 esse
2656 2184 3031 2250 contendunt,
3079 2192 3135 2239 et
3164 2187 3286 2256 ejus
3330 2186 3683 2255 hemisphae-

1988 2278 2140 2330 rium
2179 2275 2347 2328 terris
2378 2274 2699 2327 imminere.

2060 2360 2218 2413 Vens.
2260 2361 2349 2412 23.
2411 2388 2480 2396 —
2531 2358 2637 2422 Qui
2693 2356 2789 2409 dat
2852 2361 3191 2409 secretorum.
3254 2358 3494 2411 Stultum
3558 2360 3689 2422 fecit

1990 2454 2127 2505 Deus
2156 2450 2483 2517 sapientiam
2514 2447 2683 2514 hujus
2742 2445 2950 2511 mundi,
2989 2450 3043 2499 et
3086 2445 3193 2498 hoc
3239 2449 3369 2498 est:
3425 2446 3534 2510 Qui
3587 2445 3687 2498 dat

1990 2544 2309 2592 secretorum
2332 2542 2677 2600 scrutatores,
2706 2538 2865 2602 quasi
2898 2550 3002 2587 non
3035 2536 3145 2587 sint
3178 2536 3221 2601 (Ι
3249 2534 3368 2589 Cor.
3406 2537 3471 2601 ι).

2064 2627 2222 2679 Vens.
2269 2627 2358 2678 25.
2396 2654 2461 2662 —
2508 2625 2607 2679 Cui
2652 2622 2995 2676 assimilastis
3044 2637 3144 2687 me,
3202 2621 3534 2691 adwquastis
3582 2637 3687 2686 me,

1994 2716 2128 2769 dicit
2185 2714 2434 2768 Sanctus.
2502 2710 2671 2774 Quasi
2737 2710 2949 2763 diceret
3007 2726 3019 2762 :
3081 2709 3265 2772 Quare
3323 2708 3687 2763 similitudini

1996 2805 2174 2857 Deum
2223 2799 2586 2869 comparatis,
2650 2814 2751 2851 nec
2807 2813 2870 2849 ex
2918 2802 3308 2851 creaturarum
3360 2798 3691 2867 nagnitudi-

1995 2908 2127 2947 nem
2189 2891 2365 2943 Deum
2421 2894 2736 2941 creatorem
2786 2885 3104 2957 intelligitis
3141 2887 3170 2939 ?
3202 2886 3249 2939 si
3292 2902 3409 2940 non
3460 2888 3689 2941 creditis

1988 2978 2191 3044 verbis,
2223 2976 2433 3030 credite
2487 2973 2665 3027 oculis
2712 2973 2932 3039 vestris,
2977 2977 3033 3026 et
3075 2972 3489 3027 elementorum
3564 2991 3693 3028 om-

1987 3070 2147 3124 nium
2182 3066 2451 3119 servitute
2481 3062 2954 3133 omnipotentiam
2994 3062 3219 3115 Domini
3248 3064 3508 3131 cogitate.

2060 3158 2217 3210 Vens.
2267 3156 2354 3208 26.
2408 3184 2476 3192 -——
2522 3155 2585 3207 In
2628 3168 2865 3207 numero.
2926 3150 3054 3219 (Ῐυ.)
3085 3150 3171 3203 llli
3217 3157 3520 3205 numerata
3555 3158 3691 3207 sunt

1989 3259 2117 3315 quae
2163 3241 2447 3296 Abraham
2491 3256 2793 3294 numerare
2852 3254 2966 3291 non
3021 3238 3206 3308 potuit
3263 3256 3275 3292 :
3322 3245 3377 3293 et
3435 3242 3692 3295 serviunt

1989 3332 2248 3401 delegato
2319 3328 2525 3385 oilicio.
2580 3334 2644 3381 ut
2700 3328 2781 3380 sol
2841 3342 3071 3380 cursum
3119 3326 3247 3380 cceli
3297 3343 3410 3380 uno
3467 3329 3689 3399 expleat

1991 3435 2164 3484 anno,
2200 3424 2255 3471 et
2283 3424 2490 3471 caetera
2518 3433 2620 3470 suo
2647 3416 2836 3470 modo.

2062 3510 2319 3563 Militiam
2348 3522 2546 3571 eorum,
2571 3511 2674 3559 etc.
2708 3504 2954 3574 Angelos
2984 3504 3213 3571 scilicet,
3250 3507 3400 3558 unde
3432 3522 3446 3571 ;
3511 3507 3691 3560 Millia

1991 3600 2225 3652 millium
2270 3598 2663 3651 ministrabant
2708 3598 2758 3649 ei
2794 3598 2951 3663 (Dan.
3003 3598 3119 3659 vn).
3173 3595 3307 3649 lude
3332 3601 3388 3649 et
3413 3596 3692 3650 Dominus

1992 3687 2237 3741 Sabaoth
2286 3686 2513 3751 dicitur,
2542 3685 2598 3739 id
2632 3688 2715 3738 est
2745 3683 2986 3748 militiai,
3023 3686 3107 3737 vel
3153 3684 3530 3751 exercituum,
3609 3688 3693 3739 vel

1993 3776 2292 3829 virtutum.

2070 3865 2226 3917 Vens.
2266 3864 2350 3916 27.
2386 3892 2453 3901 -κ
2484 3859 2830 3930 Quaredicis,
2883 3861 2988 3912 etc.
3045 3859 3162 3925 (li).)
3216 3858 3356 3913 Cum
3390 3861 3511 3914 haec
3561 3877 3692 3931 pro-

1993 3952 2163 4024 pheta
2222 3952 2451 4015 diceret,
2502 3964 2670 4018 usque
2743 3948 2816 4001 ad
2871 3946 2990 4001 sine
3046 3946 3237 4016 judice
3337 3965 3557 4016 sumus,
3638 3956 3693 4003 et

1994 4042 2284 4097 immerito
2311 4040 2641 4110 afﬂigimur.

2074 4134 2177 4187 Via
2228 4146 2365 4183 mea.
2413 4130 2566 4183 Bona
2614 4144 2808 4199 opera,
2864 4143 2981 4181 non
3057 4126 3351 4198 pertinent
3392 4127 3460 4181 ad
3513 4130 3689 4182 Deum

1996 4226 2243 4285 terrena,
2270 4234 2384 4271 non
2415 4216 2737 4271 considerat
2762 4217 2899 4287 quid
2929 4216 3169 4287 quisque
3203 4221 3353 4286 agat.
3385 4217 3521 4271 Inde
3543 4217 3695 4286 inju-

1998 4314 2080 4363 ste
2110 4308 2476 4379 opprimitur,
2500 4304 2942 4377 quasijumenta
2972 4310 3027 4358 et
3050 4305 3253 4375 pisces,
3301 4306 3423 4358 sine
3448 4311 3688 4359 rectore.

2068 4400 2229 4452 Vens.
2262 4400 2349 4451 28.
2383 4427 2451 4435 ——
2496 4397 2735 4453 Creavit.
2779 4394 2983 4449 Omnia
3032 4394 3211 4461 novit,
3272 4395 3467 4448 omnia
3516 4395 3696 4448 conti-

1998 4492 2113 4552 net,
2148 4485 2344 4539 omnia
2375 4486 2668 4555 majestate
2709 4498 2813 4538 sua
2847 4484 3159 4553 dispensat.

2070 4576 2364 4644 Sapientiae
2392 4576 2528 4642 ejus.
2588 4574 2711 4643 (10.)
2776 4575 2846 4628 Ex
2895 4573 3002 4627 hoc
3054 4572 3179 4626 loco
3238 4571 3391 4625 aliud
3451 4571 3695 4642 apostoli

2001 4670 2294 4734 sumptum
2348 4666 2575 4718 videtur
2622 4663 3241 4732 :lncmnprehensibilia
3280 4660 3500 4731 judicia
3556 4662 3695 4729 ejus,

1998 4759 2047 4807 et
2078 4754 2482 4822 inuestigabiles
2532 4755 2633 4806 riae
2662 4752 2777 4818 ejus
2807 4769 2819 4804 :
2855 4751 3015 4821 quasi
3055 4751 3268 4804 diceret
3303 4766 3315 4804 :
3348 4750 3511 4804 Solus
3547 4750 3699 4803 Deus

2002 4847 2274 4907 aeternus,
2303 4840 2693 4912 impassibilis,
2729 4846 2929 4893 caetera
2962 4838 3157 4892 omnia
3184 4837 3468 4892 deﬁcient.

2077 4931 2237 4985 Vens.
2275 4933 2362 4985 30.
2403 4960 2474 4969 —
2516 4930 2774 4997 Deﬁcient
2803 4931 2980 4997 pueri.
3024 4927 3133 4990 Qui
3184 4926 3395 4979 scilicet
3449 4925 3699 4995 gaudent

2003 5018 2261 5089 corporis
2319 5019 2583 5083 sanitate,
2674 5021 2731 5070 et
2782 5016 3093 5088 pueritiam
3148 5020 3205 5069 et
3257 5013 3695 5069 adolescentiam

2004 5111 2209 5177 putant
2237 5124 2359 5162 esse
2391 5113 2748 5177 perpetuam.

2080 5195 2235 5247 Vens.
2290 5197 2383 5248 3t.
2440 5222 2510 5234 —
2558 5193 2865 5248 Mutabunt.
2917 5191 2986 5245 Ut
3038 5191 3151 5244 sint
3217 5190 3391 5243 fortes
3440 5188 3498 5242 in
3560 5188 3697 5253 Deo,

2006 5284 2144 5336 lient
2186 5282 2400 5335 debiles
2460 5282 2694 5349 mundo,
2751 5286 2806 5335 et
2854 5286 2980 5349 post
3034 5284 3276 5333 mortem
3334 5277 3519 5331 carnis
3562 5277 3701 5331 ﬁent

2007 5372 2381 5425 immortales.
3499 5373 3510 5383 ’

2076 5460 2223 5514 Sicut
2270 5460 2496 5527 aquilae.
2568 5460 2724 5514 Sicut
2789 5457 2982 5529 aquila
3046 5455 3358 5511 secundum
3415 5452 3697 5525 physicos,

2006 5550 2167 5605 alliso
2216 5546 2281 5599 ad
2316 5546 2534 5602 silicem
2586 5553 2793 5618 rostro,
2852 5550 3131 5603 vetustate
3180 5543 3359 5601 nimia
3424 5542 3701 5598 aduocato

2008 5790 2285 5959 Γ
