4074 6186
350 251 484 305 1283

960 246 1354 302 WALAFRIDI
1393 245 1640 301 STRABI
1679 243 1877 301 FULD.
1923 245 2029 302 MOI

2217 248 2274 302 P.
2318 246 2513 303 rans.
2551 246 2595 301 1.
2638 276 2707 286 -
2745 212 3207 304 ΤηεοωρῐεΑ.

3731 253 3877 306 1284

349 372 677 441 innovatur,
701 371 780 425 sic
812 370 914 443 qui
960 375 1298 425 vetustatem
1362 370 1577 440 peccati
1634 387 1736 442 per
1792 376 2040 442 petram,
2071 375 2117 427 A
2157 388 2305 439 mus,
2338 373 2471 443 quia
2497 373 2684 444 justus
2716 377 2836 439 est;
2872 374 2931 427 in
2955 373 3201 428 adventu
3242 375 3388 442 Filii,
3411 377 3729 446 daemones,
3764 381 3873 450 qui

350 476 479 532 quae
509 465 594 514 est
619 459 898 525 Christus,
953 459 1316 523 mortiﬁcant,
1352 459 1567 514 mortui
1605 461 1823 514 mundo
1880 461 2050 513 inno-

350 554 558 604 vantur
610 551 748 616 Deo,
809 548 1012 602 unde:
1067 547 1432 603 Renovabitur
1489 553 1550 603 ut
1579 549 2048 618 aquilzjurentus

352 643 447 692 tua
476 639 644 707 (Psal.
663 637 776 708 cn).

1005 708 1227 762 CAPUT
1265 709 1392 762 XLI.

421 815 582 867 Vens.
639 817 685 867 l.
719 843 788 853 —
850 816 1083 868 Taceant
1112 815 1326 869 insulae.
1366 814 1569 883 (HIER.)
1623 813 1765 878 Quia
1821 813 1879 867 in
1931 814 2049 867 salo

351 906 566 971 gentes,
597 901 809 955 scilicet
849 918 978 972 quae
1018 902 1178 955 salsis
1209 907 1264 956 et
1317 901 1527 955 amaris
1559 901 1824 955 ﬂuctibus
1857 904 2048 955 saeculi

354 990 700 1044 tunduntur.

423 1078 586 1131 Vens.
645 1082 698 1132 2.
759 1108 829 1117 —
872 1079 1008 1144 Quis
1036 1081 1322 1132 suscitavit
1367 1079 1434 1132 ab
1488 1081 1709 1133 oriente.
1746 1079 1824 1146 (In
1854 1079 1868 1148 )
1898 1078 2037 1143 Qui-

348 1165 479 1221 dam
539 1165 903 1220 Hebrazorum
954 1167 1059 1219 hoc
1113 1165 1180 1220 ad
1241 1167 1447 1235 Cyrum
1499 1182 1693 1236 regem
1743 1168 2048 1221 Persarum

350 1254 627 1321 referunt,
664 1260 794 1321 etc.,
825 1269 994 1323 usque
1023 1254 1097 1308 ad
1125 1255 1225 1324 qui
1258 1255 1328 1308 ab
1360 1254 1525 1308 initio
1584 1255 1854 1325 cognovit
1905 1255 2044 1310 haec.

424 1343 586 1397 Vens.
619 1344 670 1396 3.
700 1373 767 1383 —
812 1344 1015 1398 Semita
1045 1345 1101 1396 in
1129 1343 1374 1411 pedibus.
1409 1343 1684 1397 Laborem
1741 1345 1829 1398 vel
1884 1343 2042 1396 lassi-

349 1431 608 1486 tudinem
627 1432 748 1501 ejus
777 1431 906 1486 vitai
937 1448 1051 1486 non
1073 1432 1282 1485 sentiet
1313 1448 1327 1486 :
1354 1434 1670 1487 Emsultavit
1695 1438 1754 1487 ut
1785 1435 1943 1502 gigas
1973 1432 2047 1486 ad

351 1520 672 1574 currendum
702 1523 849 1574 riam

419 1611 578 1663 Vens.
618 1612 668 1662 5.
712 1638 781 1650 -
812 1610 1078 1664 Viderunt
1101 1610 1314 1664 insulae.
1357 1609 1492 1680 (ln.)
1522 1611 1583 1664 Id
1615 1615 1698 1664 est
1754 1615 1954 1680 gentes
1985 1610 2042 1664 in

349 1697 671 1763 circumitu,
703 1704 833 1765 etc.,
889 1712 1058 1766 usque
1087 1698 1161 1750 ad
1209 1703 1261 1751 et
1314 1698 1652 1751 confortavit
1709 1715 1838 1752 eum
1870 1699 2042 1752 clavis

354 1791 794 1856 praeceptorum,
829 1790 891 1838 ut
921 1786 977 1838 in
1007 1787 1216 1839 timore
1250 1785 1476 1839 Domini
1517 1792 1896 1856 permaneret.

283 1859 286 1863 ’
421 1873 580 1927 Vens.
615 1876 666 1926 8.
709 1903 777 1911 —
802 1875 871 1927 Et
905 1878 982 1938 tu,
1006 1874 1196 1940 Israel,
1230 1887 1376 1927 serve
1404 1889 1570 1927 meus.
1618 1875 1740 1944 llo.)
1764 1875 2042 1929 Dominus

349 1961 420 2014 ad
452 1961 740 2030 apostolos
768 1961 1094 2028 affectuose,
1129 1967 1260 2028 etc.,
1291 1977 1461 2031 usque
1524 1962 1598 2016 ad
1623 1968 1820 2033 postea
1879 1964 2043 2018 electi

351 2051 408 2104 in
439 2049 750 2104 amicitiam
785 2051 881 2104 Dei
905 2051 1225 2122 jungimur.

421 2138 581 2194 Vens.
612 2140 663 2191 9.
704 2167 761 2178 —
797 2141 867 2194 Et
890 2156 922 2192 a
946 2140 1274 2207 longinquis.
1312 2141 1436 2194 lam
1464 2155 1643 2210 usque
1667 2140 1735 2193 ad
1790 2144 2046 2194 extrema

347 2226 525 2280 Judaei
556 2226 818 2297 dispersi,
853 2231 910 2280 et
945 2227 1075 2282 inde
1113 2227 1182 2281 ad
1224 2228 1396 2281 tinem
1428 2228 1592 2282 multi
1627 2229 1827 2282 vocati.

418 2316 577 2369 Vens.
616 2316 694 2368 li.
733 2346 799 2356 -
853 2316 1060 2372 Vermis
1106 2317 1270 2370 Jacob
1302 2315 1426 2386 (In)
1481 2317 1715 2370 Vermes
1775 2317 2044 2371 dicuntur

349 2403 612 2472 apostoli,
671 2408 944 2474 tanquam
1001 2404 1124 2474 ejus
1169 2403 1484 2458 imitatores
1535 2404 1632 2474 qui
1688 2404 1824 2458 dicit
1879 2406 2044 2473 :Ego

347 2508 466 2546 sum
494 2494 692 2546 vermis
713 2497 763 2546 et
789 2507 896 2546 non
945 2492 1096 2546 homo
1153 2492 1318 2561 (Psal.
1377 2495 1508 2559 XXI).
1542 2493 1609 2546 Et
1661 2493 1806 2547 sicut
1833 2495 2045 2548 vermis

348 2585 610 2650 penetrat
645 2584 877 2643 terram,
929 2579 1007 2634 sic
1063 2579 1394 2650 praedicatio
1459 2596 1655 2634 eorum
1715 2581 1884 2636 corda
1935 2598 2043 2636 au-

347 2668 648 2724 dieutium.

419 2759 528 2821 Qui
572 2759 773 2811 mortui
816 2759 944 2811 estis
1010 2772 1078 2810 ea:
1107 2758 1299 2812 Israel.
1353 2758 1507 2813 Sicut
1538 2758 1629 2812 ille
1671 2759 1769 2828 qui
1826 2758 1964 2813 dicit
2026 2776 2038 2813 :

349 2845 602 2911 Quotidie
651 2849 848 2900 morior
911 2851 1133 2916 propter
1218 2851 1453 2900 vestram
1527 2848 1779 2913 gloriam,
1836 2850 2042 2914 fratres

347 2936 397 3001 (I
422 2936 542 2990 Cor.
575 2934 694 3004 xv);
718 2941 775 2987 et
804 2933 941 2987 alibi
974 2948 985 2989 :
1045 2936 1178 2990 Vivo
1211 2941 1388 2988 autem
1435 2935 1556 3003 jam
1594 2950 1696 2989 non
1723 2950 1818 3003 ego
1858 2952 1871 3000 ;
1902 2939 2042 2990 vivit
2074 2929 2112 2984 C

345 3037 470 3077 vero
494 3025 552 3076 in
578 3038 660 3077 me
689 3023 933 3079 Christus
965 3024 1118 3089 (Gal.
1171 3023 1248 3092 ii).

415 3112 574 3165 Vens.
638 3113 721 3164 15.
763 3142 830 3150 -
886 3112 1010 3178 Ego
1050 3114 1214 3180 posui
1259 3115 1307 3165 te
1355 3113 1520 3181 quasi
1573 3112 1896 3182 plaustrum.
1946 3112 2042 3165 Vir

345 3198 756 3252 ecclesiasticus
781 3199 953 3253 habet
985 3199 1408 3269 praedicationis
1431 3204 1632 3266 rostra,
1686 3204 1816 3266 etc.,
1872 3214 2042 3269 usque

344 3287 419 3341 ad
447 3291 506 3339 ut
537 3287 684 3340 male
715 3287 1045 3357 congregati
1080 3288 1222 3341 bene
1248 3287 1593 3342 dividantur.

413 3375 574 3428 Vens.
642 3377 725 3428 19.
777 3404 845 3413 -
898 3375 1046 3428 Dabo
1119 3379 1173 3428 in
1223 3376 1569 3429 solitudinem
1630 3377 1847 3430 cedrum
1905 3377 2035 3446 (11).)

343 3461 631 3515 Arborum
654 3461 957 3514 varietates
1016 3462 1403 3517 diversitatem
1462 3463 1774 3534 spiritualis
1843 3466 2040 3534 gratiae

345 3549 690 3620 signiﬁcant,
739 3564 810 3603 ne
858 3549 1056 3602 saltem
1118 3565 1230 3604 una
1285 3551 1500 3604 chorda
1555 3551 1624 3604 de
1669 3551 1887 3605 cithara
1927 3554 2041 3607 Βο-

343 3638 508 3703 mini,
567 3642 620 3691 et
682 3635 872 3708 aliqua
917 3638 1098 3692 virtus
1170 3639 1485 3708 gratiarum
1536 3639 1782 3693 Ecclesia
1844 3640 2039 3695 deesse

344 3727 606 3781 videatur
668 3743 680 3780 :
739 3742 982 3796 quarum
1042 3727 1451 3780 sublimitatem
1486 3727 1557 3781 ad
1606 3727 1852 3781 etelestia
1882 3729 2037 3782 festi-

342 3818 574 3867 nantem
600 3812 888 3868 illuminat
918 3815 1137 3884 lignum
1170 3815 1356 3882 olivaa,
1385 3815 1568 3870 fomes
1615 3815 1779 3884 lucis,
1810 3818 2038 3889 requies

341 3901 654 3955 laborantis
684 3902 770 3955 vel
801 3902 1012 3957 lassati.

412 3990 655 4058 Spinam,
679 3995 728 4044 et
760 3995 1017 4058 myrtum,
1072 3995 1122 4045 et
1178 3991 1383 4059 lignum
1413 3991 1584 4045 olivae.
1609 3991 1731 4046 LXX
1766 4009 1777 4046 :
1809 3993 2036 4062 Sethim,

342 4093 472 4146 quin
511 4081 596 4130 est
619 4077 790 4130 arbor
811 4078 956 4131 albas
1009 4077 1188 4148 spinae
1219 4078 1441 4146 similis,
1503 4084 1632 4146 etc.,
1675 4095 1844 4148 usque
1872 4080 1945 4134 ad
1981 4086 2038 4134 et

341 4165 468 4219 ideo
499 4165 879 4219 consolatores
905 4170 1112 4218 sanctae
1143 4166 1404 4219 Ecclesiae
1428 4166 1728 4236 significat.

409 4254 572 4307 Vens.
622 4255 712 4307 2'2.
790 4283 861 4293 -—
908 4255 1268 4307 Annuntiate.
1325 4255 1449 4324 (Ιυ.)

341 4339 495 4393 idola
519 4356 619 4394 nec
650 4339 922 4394 audiendi
975 4356 1082 4393 nec
1139 4340 1525 4410 respondendi
1553 4339 1770 4396 habent
1807 4342 2037 4398 faculta-

342 4434 478 4492 tem,
514 4433 645 4493 etc.,
667 4443 837 4496 usque
865 4428 938 4482 ad
969 4433 1124 4498 patet
1155 4430 1310 4500 quod
1342 4429 1496 4483 idola
1552 4435 1678 4501 post
1722 4431 2032 4488 adventum

342 4516 550 4570 Christi
578 4532 770 4570 vocem
802 4516 1136 4572 amiserunt.

413 4606 570 4658 Vens.
606 4607 693 4658 35.
727 4634 795 4644 -
825 4605 887 4658 Si
926 4607 1174 4673 potestis.
1207 4605 1402 4676 Neque
1433 4604 1725 4660 daemones
1773 4611 2030 4677 possunt,

343 4693 454 4747 nisi
487 4693 584 4748 Dei
616 4692 1012 4763 permissione,
1047 4693 1200 4764 quod
1240 4693 1491 4747 assident
1546 4692 1715 4748 idolis
1768 4695 1903 4766 quia
1931 4712 2036 4750 nec

340 4797 560 4852 porcos,
617 4797 720 4835 nec
767 4781 948 4835 sancti
990 4781 1096 4834 Job
1122 4782 1384 4851 jumenta
1437 4785 1753 4851 potuerunt
1811 4783 2034 4854 disper-

340 4872 474 4926 dere
505 4870 629 4924 sine
661 4869 758 4924 Dei
805 4869 1204 4940 permissione.
1239 4871 1450 4924 Paulus
1511 4886 1742 4942 quoque
1800 4871 2038 4926 tradidit

339 4960 563 5015 Satauie
593 4957 890 5028 quosdam.

411 5049 570 5102 Vens.
620 5050 706 5101 25.
765 5076 834 5087 —
875 5046 1164 5101 Suscitavi.
1215 5044 1346 5113 (ῐο.)
1401 5046 1601 5101 Adhuc
1646 5051 1843 5101 contra
1880 5046 2037 5102 idola

339 5134 596 5205 loquitur
617 5137 883 5187 etcontra
907 5132 1151 5185 cultores
1181 5147 1403 5199 eorum,
1458 5137 1588 5200 etc.,
1648 5149 1818 5202 usque
1868 5133 1943 5187 ad
1971 5139 2036 5188 ut

339 5224 573 5278 credant
599 5222 660 5276 in
685 5237 817 5276 eum
859 5220 958 5292 qui
989 5221 1146 5276 venit
1176 5220 1246 5275 ab
1278 5227 1409 5276 ortu
1431 5223 1586 5278 solis.

411 5312 568 5365 Vens.
586 5315 674 5366 26.
696 5341 768 5352 —
794 5313 927 5376 Quis
949 5313 1300 5364 annuntiavit
1321 5311 1388 5363 ab
1420 5311 1681 5366 exordio?
1701 5311 1864 5382 quasi
1892 5311 2037 5366 dice-

342 5403 493 5453 ceret
519 5415 534 5452 :
567 5400 764 5453 Nullus
793 5399 850 5453 in
882 5399 1148 5469 gentibus
1195 5398 1304 5453 fuit
1334 5401 1434 5470 qui
1482 5399 1908 5454 annuntiaverit
1935 5400 2035 5454 ad-

344 5491 580 5541 ventum
641 5488 785 5540 Filii.
831 5487 884 5540 Si
939 5493 1022 5541 est
1051 5491 1242 5541 autem
1275 5488 1370 5558 qui
1406 5487 1849 5555 annuntiaverit,
1883 5488 2033 5543 dice-

2157 461 2215 514 in
2250 462 2412 514 idolis
2433 467 2673 515 ventura
2703 462 3064 528 nuntiabant,
3100 464 3529 520 obmutuerant.

2229 550 2472 604 Audiens
2513 566 2776 604 sermones
2835 559 3056 606 vestros.
3118 553 3264 617 Quia
3313 553 3478 608 bruta
3550 554 3864 624 gentilium

2158 639 2329 692 corda
2362 655 2614 693 errorem
2649 655 2816 693 suum
2851 640 3276 711 intellexerunt,
3312 648 3367 696 et
3420 642 3688 696 vaticinia
3715 643 3862 697 falsa

2156 727 2536 797 reliquerunt.

2228 817 2386 868 Vens.
2437 818 2522 870 27.
2585 846 2653 855 --
2707 819 2921 871 Primus
2981 818 3056 871 ad
3111 817 3246 873 Sion
3327 819 3482 874 dicet.
3545 819 3852 874 Ecclesiam

2158 903 2520 974 significant;
2560 921 2687 958 ecce
2739 906 3042 960 astiterunt
3096 907 3223 972 filii,
3276 908 3487 962 scilicet
3543 908 3650 973 tui,
3709 925 3855 980 quos

2156 1009 2259 1062 per
2281 989 2449 1047 ﬁdem
2485 1010 2670 1047 meam
2701 994 2905 1048 donavi
2951 995 3076 1058 tibi,
3119 996 3332 1049 scilicet
3390 997 3654 1067 apostoli,
3707 1014 3854 1069 quo-

2156 1098 2282 1135 rum
2316 1083 2723 1153 praedicatione
2747 1084 2863 1137 nati
2896 1090 3028 1137 sunt
3057 1085 3160 1138 tibi
3202 1086 3325 1138 tilii.

2227 1170 2384 1223 Vens.
2448 1171 2535 1223 29.
2585 1200 2653 1209 —
2705 1172 2837 1224 Eace
2909 1186 3086 1225 omnes
3134 1173 3348 1240 injusti.
3425 1171 3715 1242 Quidquid
3787 1172 3856 1226 de

2156 1256 2320 1310 idolis
2361 1258 2446 1310 vel
2481 1258 2549 1311 de
2599 1259 2863 1326 gentibus
2912 1258 3180 1324 diximus,
3237 1261 3306 1312 ad
3363 1259 3771 1313 hazresiarcbas
3802 1265 3860 1314 et

2156 1346 2450 1415 pravitatis
2481 1346 2751 1416 dogmata
2790 1346 3127 1414 referamus,
3161 1347 3314 1418 quia,
3377 1348 3599 1403 Christo
3655 1365 3858 1420 pacem

2155 1434 2417 1487 Ecclesia!
2465 1434 2766 1488 nuntiante
2816 1441 2872 1488 et
2930 1435 3222 1489 veritatem
3301 1442 3680 1502 monstrante,
3749 1437 3862 1508 ipsi

2155 1538 2377 1575 errores
2408 1527 2752 1593 sequuntur,
2771 1527 2825 1576 et
2856 1527 3025 1575 vento
3054 1528 3108 1576 et
3130 1524 3346 1593 turbini
3380 1529 3812 1594 comparantur.

2795 1611 3017 1664 CAPUT
3057 1612 3211 1665 XLII.

2227 1701 2384 1754 Vens.
2423 1702 2471 1753 t.
2526 1730 2592 1740 —
2642 1703 2774 1754 Ecce
2815 1715 3017 1754 servus.
3068 1700 3271 1770 (then)
3334 1700 3656 1754 Notandum
3723 1700 3860 1770 quia

2153 1787 2396 1858 apostoli
2431 1787 2623 1852 Jacob,
2659 1788 2854 1852 Israel,
2887 1793 2944 1839 et
2977 1803 3170 1840 semen
3204 1787 3449 1841 Abrahae
3470 1789 3858 1858 appellantur,

2153 1873 2360 1943 quibus
2400 1879 2596 1944 postea
2649 1873 2810 1943 quasi
2862 1873 3048 1926 servis
3097 1882 3150 1929 et
3197 1873 3529 1926 hominibus
3577 1873 3792 1927 dicitur
3846 1891 3858 1927 ε

2153 1963 2280 2015 Noli
2307 1963 2510 2026 timere,
2559 1963 2755 2015 rermis
2813 1962 2996 2026 Iacob,
3052 1967 3155 2015 etc.
3219 1961 3475 2015 Christus
3514 1968 3713 2015 autem
3743 1978 3864 2014 non

2152 2066 2344 2103 semen
2366 2050 2536 2102 Jacob
2556 2049 2638 2102 vel
2673 2051 2864 2114 Israel,
2897 2052 2992 2103 sed
3017 2065 3209 2103 servus
3235 2049 3460 2105 dicitur.

2226 2137 2361 2189 Dedi
2389 2137 2682 2203 Spiritum.
2717 2138 2775 2190 ln
2808 2137 3212 2205 conceptione;
3248 2135 3399 2189 unde
3427 2137 3686 2205 Spiritus
3739 2153 3866 2190 san-

2153 2228 2268 2276 ctus
2323 2224 2669 2295 superveniet
2721 2226 2780 2278 in
2803 2231 2869 2291 te,
2920 2230 3024 2278 etc.
3062 2225 3228 2293 (Phil.
3267 2226 3345 2292 ii).
3385 2226 3447 2278 Et
3476 2224 3535 2278 in
3567 2225 3866 2296 baptismo

2154 2312 2377 2378 claruit,
2409 2329 2536 2365 cum
2562 2312 2808 2382 Spiritus
2839 2313 2898 2366 in
2931 2312 3118 2383 specie
3141 2313 3420 2366 columbae
3462 2329 3638 2384 super
3666 2314 3864 2384 ipsum

2155 2401 2433 2471 requievit
2463 2402 2610 2473 (Luc.
2645 2401 2706 2472 ι).

2226 2490 2384 2542 Vens.
2437 2492 2486 2543 3.
2537 2520 2605 2527 —
2667 2491 2861 2543 Linum
2919 2492 3220 2558 fumigans.
3281 2491 3676 2544 Sacerdotium
3740 2492 3862 2561 jam

2153 2593 2299 2648 pene
2327 2578 2686 2643 exstinctum,
2715 2577 2783 2631 de
2827 2578 2942 2631 lino
2999 2585 3191 2632 autem
3234 2579 3301 2632 ﬁt
3347 2580 3697 2633 sacerdotale
3758 2596 3862 2633 ve—

2155 2667 2508 2719 stimentum.

2226 2754 2440 2808 Educet
2496 2755 2788 2823 judicium.
2835 2755 3136 2824 Judicabit,
3173 2755 3403 2823 scilicet,
3433 2772 3546 2810 non
3591 2763 3860 2810 metuens

2153 2843 2373 2897 Seribas
2395 2848 2451 2897 et
2474 2844 2809 2899 Pharismos.

2223 2933 2385 2987 Vens.
2432 2933 2484 2986 4.
2535 2961 2605 2973 -
2662 2935 2776 2988 Non
2821 2935 2924 2986 erit
2975 2935 3168 2987 tristis.
3205 2932 3333 3003 (In.)
3397 2934 3507 2987 Hoc
3553 2935 3858 2988 Mattheus

2150 3035 2264 3073 non
2295 3019 2507 3091 posuit,
2559 3021 2674 3073 sive
2734 3022 2885 3074 inter
2925 3020 3206 3090 judicium
3239 3027 3295 3075 et
3333 3021 3618 3090 judicium
3665 3023 3860 3076 media

2153 3108 2446 3177 scriptoris
2495 3124 2688 3162 errore
2741 3109 2962 3163 sublata
3022 3115 3170 3163 sunt.
3230 3111 3322 3164 Est
3381 3115 3574 3163 autem
3627 3127 3856 3175 sensus,

2152 3196 2540 3266 mqualitatem
2573 3197 2759 3252 vultus
2779 3198 2934 3251 omni
2967 3204 3225 3268 tempore
3250 3199 3650 3253 conservabit:
3687 3199 3858 3262 Quod

2152 3286 2220 3338 de
2253 3284 2483 3338 Socrate
2505 3284 2644 3338 falso
2695 3286 3020 3356 gloriantur
3057 3286 3407 3357 philosophi,
3459 3288 3608 3358 quod
3638 3287 3858 3340 scilicet

2148 3374 2278 3443 plus
2304 3374 2471 3427 solito
2493 3390 2604 3427 non
2620 3374 2794 3427 tristis
2822 3374 3012 3440 fuerit,
3038 3391 3142 3428 nec
3170 3375 3350 3429 laetus.

2220 3463 2283 3516 In
2327 3466 2473 3516 terra
2512 3462 2805 3530 judicium.
2880 3464 3084 3518 Unde:
3153 3466 3215 3518 In
3238 3464 3513 3531 judicium
3587 3479 3683 3529 ego
3730 3466 3861 3517 teni

2148 3552 2205 3602 in
2265 3551 2402 3605 hunc
2448 3551 2708 3606 mundum
2764 3555 2825 3605 ut
2862 3553 2960 3619 qui
3037 3568 3142 3605 non
3199 3551 3384 3605 vident
3442 3551 3684 3616 videant,
3743 3556 3852 3605 etc.

2149 3640 2336 3704 (Joan.
2372 3640 2462 3708 ix).

2219 3728 2378 3782 Vens.
2433 3731 2482 3781 6.
2507 3759 2576 3768 —
2603 3729 2861 3783 Justitia.
2893 3730 3113 3782 Justum
3167 3727 3277 3782 fuit
3318 3732 3382 3782 ut
3420 3727 3689 3782 transiret
3751 3745 3855 3799 per

2151 3817 2437 3886 apostolos
2468 3817 2536 3871 ad
2569 3821 2767 3886 gentes
2799 3822 3163 3886 contemptus
3197 3832 3227 3869 a
3256 3815 3486 3869 Iudaeis.

2221 3905 2382 3958 Vens.
2445 3909 2496 3958 7.
2547 3933 2620 3946 —
2686 3907 2954 3960 Vinctum.
3016 3903 3268 3958 Funibus
3291 3907 3659 3974 peccatorum
3716 3921 3731 3958 :
3791 3904 3848 3958 in

2150 3993 2472 4061 Evangelia,
2507 4007 2677 4062 quem
2705 3993 2939 4046 Satanas
2954 3991 3213 4045 vinxerat
3245 3993 3518 4045 Dominus
3546 3991 3738 4046 solvit.

2219 4081 2378 4134 Vens.
2410 4083 2462 4134 8.
2521 4111 2590 4119 -—
2629 4082 2822 4135 Alteri.
2893 4079 3064 4134 Filius
3115 4085 3170 4134 et
3208 4079 3453 4151 Spiritus
3505 4083 3737 4134 sanctus
3787 4080 3848 4134 in

2153 4168 2370 4222 Deitate
2398 4185 2429 4222 a
2450 4171 2614 4223 Patre
2646 4170 2788 4222 alter
2811 4185 2925 4222 non
2955 4173 3052 4236 est,
3093 4172 3148 4222 et
3175 4167 3303 4222 ideo
3333 4167 3594 4222 eamdem
3628 4173 3687 4221 et
3732 4170 3848 4239 glo-

1539 4254 1835 4324 Signiﬁcat
1901 4257 2038 4326 quia
2065 4254 2292 4310 "*riam
2329 4261 2385 4311 et
2413 4257 2642 4311 laudem
2673 4256 2862 4310 habet.

2218 4347 2378 4400 Vens.
2417 4349 2467 4399 9.
2529 4375 2599 4386 —-
2674 4345 2834 4400 Vobis
2865 4347 3091 4412 faciam.
3144 4346 3212 4399 Ut
3268 4344 3474 4408 sciatis,
3540 4344 3681 4414 quia
3742 4361 3852 4415 ego

2146 4435 2442 4501 Dominus,
2484 4450 2602 4488 non
2633 4438 2717 4488 est
2755 4433 2900 4487 alius
2929 4439 3140 4504 praeter
3170 4449 3260 4486 me
3322 4449 3335 4486 :
3386 4437 3440 4486 et
3495 4432 3596 4503 qui
3650 4433 3851 4503 priora

2143 4522 2376 4578 cernitis
2404 4522 2660 4592 impleta,
2685 4521 2925 4576 credatis
2953 4537 3080 4591 quae
3103 4521 3378 4592 polliceor
3415 4521 3627 4575 futura.

2215 4611 2372 4664 Vens.
2413 4612 2496 4664 t0.
2557 4611 2872 4666 —Novum.
2920 4611 2981 4662 lu
3025 4609 3274 4662 novitate
3303 4608 3570 4679 Spiritus,
3608 4625 3732 4663 non
3790 4611 3849 4664 in

2141 4703 2420 4753 vetustate
2472 4698 2717 4764 litterae;
2770 4713 2875 4752 nec
2907 4698 3092 4751 solum
3143 4696 3205 4750 in
3233 4697 3416 4751 Veteri
3451 4698 3846 4764 Testamento,

2145 4788 2240 4842 sed
2271 4785 2442 4840 etiam
2472 4785 2533 4838 in
2555 4786 2729 4839 Novo.
2767 4784 2771 4791 “

2216 4875 2325 4940 Qui
2370 4873 2694 4928 descenditis
2723 4876 2782 4928 in
2829 4889 2995 4928 mare.
3031 4873 3154 4944 (In.)
3189 4873 3348 4927 Prius
3395 4873 3712 4944 piscatores
3761 4874 3847 4943 pi-

2145 4961 2344 5029 scium,
2377 4963 2848 5032 posthominum;
2881 4963 3032 5017 unde
3059 4963 3129 5017 ad
3145 4962 3392 5016 litteram
3417 4961 3632 5016 :multa
3664 4961 3850 5014 maria

2144 5049 2514 5105 transierunt.

2213 5139 2377 5192 Vens.
2410 5142 2493 5192 tt.
2519 5169 2587 5178 ——-
2629 5137 2823 5194 Cedar.
2882 5137 3058 5192 Filius
3089 5137 3342 5192 Ismaelis
3388 5152 3402 5191 :

2145 5239 2231 5291 eo,
2261 5224 2362 5294 qui
2383 5225 2589 5279 melius
2617 5225 2906 5295 Agareni:
2949 5225 3046 5279 sed
3079 5224 3314 5279 nomine
3371 5224 3564 5276 liberae
3623 5225 3849 5278 velave-

2145 5319 2282 5368 runt
2301 5312 2680 5384 ignominiam
2711 5313 2950 5368 ancillae.
2994 5314 3194 5367 lsmael
3226 5313 3376 5366 enim
3411 5312 3563 5366 tilius
3614 5313 3847 5367 ancilla

2142 5403 2295 5469 Agar
2335 5400 2465 5469 fuit,
2522 5402 2592 5455 ab
2645 5401 2750 5455 hac
2795 5400 3080 5456 Saraceni.
3126 5400 3430 5454 Duodecim
3477 5399 3634 5453 enim
3668 5400 3850 5456 duces

2147 5488 2364 5558 genuit.
2403 5489 2648 5543 Nomine
2680 5505 2911 5560 quoque
2936 5489 3059 5560 ejus
3088 5488 3211 5559 ipsa
3263 5487 3474 5543 dicitur
3520 5489 3847 5558 provincia.

3463 5137 3736 5191 Saraceni
3778 5137 3848 5190 ab
