4074 6186
246 314 380 370 1285

1357 309 1610 370 GLOSSA
1651 311 2055 369 ORDINARIA.
2097 343 2165 352 ——
2205 311 2334 368 LIB.
2393 311 2610 369 [SAM-3.

3612 318 3744 372 I286

314 439 384 489 De
425 435 621 487 vertice
645 435 922 487 montium.
958 431 1167 501 (litem)
1197 433 1367 502 Super
1413 439 1638 487 montem
1668 436 1931 487 excelsum
1962 436 2007 487 A
2047 433 2286 499 idolum,
2344 434 2480 504 quia
2532 433 2637 487 feci
2685 433 2980 488 hominem
3025 433 3241 502 justum
3285 451 3316 488 a
3368 449 3482 505 quo
3537 435 3746 506 injuste

242 523 486 578 ascmde.
557 526 626 577 De
682 524 875 576 vertice
904 526 1128 576 montis.
1187 523 1263 575 De
1290 523 1588 576 altitudine
1635 523 1858 576 virtutis
1886 529 1943 575 et

243 611 782 680 comtemplationis,
811 611 1059 664 utetiam
1080 611 1339 680 exemplo
1359 611 1602 664 doceant
1623 627 1751 680 quin
1792 626 1940 680 pras-

245 701 454 754 dicant.

317 789 473 841 Vens.
516 789 597 841 13.
649 817 717 825 -
751 787 1176 852 γοοίρταὸἱιην.
1243 786 1436 839 ῐῖηᾶθτ
1501 787 1622 851 Ipsi
1680 801 1762 839 me
1807 801 1943 853 pro-

246 881 566 931 vocaverunt
599 877 657 927 in
710 889 767 926 eo
801 876 897 942 qui
953 891 1058 927 non
1097 880 1217 927 erat
1253 877 1387 928 Deus
1419 877 1593 938 (Deut.
1651 875 1846 942 xxxn);
1889 879 1945 926 et.

247 981 352 1034 ego
387 963 444 1017 in
485 968 652 1032 gente
677 965 848 1015 stulta
878 963 1083 1015 iritabo
1115 979 1229 1016 eos.

319 1053 479 1106 Vens.
546 1052 627 1105 ti.
689 1080 757 1090 —
815 1051 970 1103 Sicut
1049 1053 1384 1119 parturiens.
1435 1051 1666 1104 Partum
1720 1050 1942 1103 consilii

248 1141 361 1194 mei
393 1138 736 1211 profundam
770 1138 828 1192 in
885 1139 1068 1192 lucem
1105 1140 1249 1192 sicut
1290 1139 1500 1192 mulier
1528 1138 1828 1198 infantem.
1864 1139 1944 1192 sic

247 1229 531 1299 proferam
564 1227 986 1281 dissimulatum
1021 1227 1298 1281 dolorem.

317 1317 475 1370 Vens.
514 1319 600 1369 16.
635 1347 699 1354 —
725 1317 782 1369 In
809 1317 1031 1369 semitis.
1069 1316 1188 1380 (ln.)
1224 1317 1284 1368 In
1333 1314 1658 1384 cognitione
1691 1314 1938 1385 prophe-

245 1409 456 1469 tarum,
489 1405 584 1474 qui
618 1409 750 1456 sunt
779 1403 996 1456 semitae
1029 1403 1096 1456 ad
1124 1403 1433 1469 Christum,
1467 1419 1593 1456 cum
1646 1403 1767 1471 ejus
1797 1403 1942 1456 nati-

243 1494 502 1560 vitatem,
554 1493 1025 1545 resurrectionem
1086 1496 1142 1543 et
1168 1491 1557 1544 ascensionem
1603 1491 1939 1561 praedicunt.

343 1581 502 1634 Vens.
534 1584 614 1633 t7.
644 1609 711 1620 —
743 1579 1191 1646 Confuudantur.
1225 1581 1365 1632 Cum
1395 1580 1676 1648 plenitudo
1699 1582 1944 1647 gentium

243 1671 552 1722 intraverit.
603 1669 758 1720 Tunc
813 1667 984 1720 etiam
1033 1668 1203 1721 Israel
1260 1683 1586 1731 conversus,
1615 1667 1827 1721 erroris
1855 1667 1942 1720 sui

244 1756 565 1828 paenitebit,
599 1756 701 1826 qui
731 1755 895 1810 idolis
927 1762 1058 1808 ante
1086 1755 1336 1808 servivit.

318 1845 478 1898 Vens.
513 1847 600 1897 22.
633 1874 701 1883 --
745 1846 994 1912 Laqueus
1034 1845 1312 1911 jurenum.
1348 1843 1668 1896 Revertitur
1697 1843 1763 1898 ad
1795 1859 1940 1914 prie-

245 1931 588 1986 dicationem
625 1931 876 1999 Domini,
909 1931 1208 2002 increpans
1250 1930 1472 1985 Scribas
1503 1937 1558 1985 et
1585 1931 1897 1985 Pharisaeos
1926 1948 1938 1984 :

247 2016 319 2070 Hi
349 2018 505 2071 enim
563 2023 727 2072 erant
783 2018 990 2089 laquazi
1038 2018 1394 2088 simplicibus
1424 2035 1495 2072 ne
1529 2018 1595 2072 ad
1638 2018 1944 2072 Dominum

246 2111 732 2161 converterentur.

319 2193 475 2247 Vens.
505 2197 592 2247 23.
629 2223 690 2233 —
750 2195 885 2260 Quis
937 2197 1032 2248 est.
1068 2194 1338 2246 Hortatur
1388 2210 1483 2248 eos
1532 2195 1833 2264 propheta,
1885 2201 1946 2250 ut

247 2282 447 2335 saltem
494 2282 672 2352 aliqui
728 2282 965 2335 audiant
1015 2286 1070 2335 et
1139 2297 1364 2336 causam
1421 2299 1539 2336 suae
1604 2284 1946 2354 captivitatis

246 2370 572 2439 intelligant
602 2375 658 2423 et
686 2373 940 2423 caveant.

319 2459 473 2512 Vens.
505 2461 593 2512 25.
643 2490 710 2497 —
743 2461 924 2528 Super
951 2475 1089 2514 eum.
1143 2460 1212 2513 Ut
1260 2459 1409 2530 quod
1457 2460 1617 2530 prius
1670 2465 1956 2526 tacuerat,,

240 2547 360 2617 jam
396 2563 510 2600 non
540 2552 747 2601 taceret
777 2563 881 2601 nec
919 2549 1126 2613 verbis,
1159 2549 1254 2601 sed
1289 2549 1587 2602 tormentis
1612 2550 1942 2620 corriperet.

317 2637 386 2688 Et
413 2650 519 2688 non
577 2639 841 2703 cognovit.
875 2635 1033 2690 Sicut
1083 2637 1337 2689 historia:
1371 2637 1622 2701 tradunt,
1661 2653 1764 2690 nec
1807 2654 1944 2707 gen-

247 2727 333 2777 tes
365 2725 472 2778 hoc
501 2725 627 2778 ﬁeri
664 2726 721 2777 in
774 2725 1055 2778 ultionem
1106 2725 1208 2778 tilii
1239 2725 1661 2792 intellexerxnt,
1695 2741 1798 2779 nec
1844 2728 1946 2780 Ju-

246 2811 353 2865 daei
379 2812 597 2866 malitia
627 2828 730 2866 sua
761 2813 1044 2867 excaecati.

879 2957 1098 3010 CAPUT
1135 2957 1325 3012 XLIII.

321 3081 491 3135 Vens.
527 3084 580 3135 1.
615 3109 688 3122 -
711 3082 790 3135 Et
817 3097 956 3135 nunc
989 3084 1114 3136 haec.
1170 3083 1446 3153 Superius
1487 3083 1706 3138 locutus
1763 3090 1848 3139 est
1877 3086 1946 3139 de

247 3171 569 3240 captivitate
617 3171 948 3225 Judzeorum
1007 3173 1104 3242 qui
1135 3173 1368 3226 credere
1423 3175 1750 3240 noluerunt,
1794 3191 1948 3228 nunc

248 3259 597 3328 primitivam
657 3260 967 3330 alloquitur
1026 3261 1351 3326 Ecclesium,
1403 3278 1530 3332 qua:
1587 3268 1672 3316 est
1739 3263 1807 3317 de
1847 3265 1945 3317 Ju-

247 3347 404 3411 daeis,
439 3353 501 3401 ut
521 3348 843 3401 Creatorem
868 3348 1208 3402 auimzesuaa
1240 3355 1296 3403 et
1320 3351 1573 3420 corporis
1595 3351 1941 3422 intelligant.

317 3437 526 3489 Creans
585 3441 634 3489 te
661 3436 845 3490 Jacob.
877 3437 1049 3490 Jacob
1081 3439 1498 3507 supplantator,
1544 3439 1713 3492 Israel
1749 3442 1836 3494 vir
1867 3441 1948 3494 vi-

249 3523 387 3576 dens
426 3524 624 3576 Deum.
671 3525 734 3576 Ili
777 3531 909 3577 sunt
957 3527 1204 3595 apostoli
1248 3531 1304 3579 et
1337 3527 1636 3596 apostolici
1685 3528 1812 3594 viri,
1845 3530 1946 3600 qui

249 3617 303 3665 et
337 3612 470 3665 vitia
498 3614 1030 3682 supplantaverunt,
1057 3619 1114 3668 et
1152 3616 1331 3668 Deum
1363 3615 1554 3670 videre
1589 3623 1942 3672 meruerunt.

324 3702 486 3755 Vens.
553 3704 605 3755 2.
671 3733 738 3741 --
794 3704 894 3756 Per
971 3719 1166 3771 aquas,
1238 3709 1342 3758 etc.
1422 3705 1554 3772 (lo.)
1621 3707 1944 3761 Secundum

251 3790 554 3845 Hebraeos:
617 3792 724 3844 Per
755 3809 929 3862 aquas
982 3793 1250 3862 Egyptii,
1305 3798 1435 3856 etc.,
1490 3809 1659 3862 usque
1719 3796 1794 3848 ad
1825 3797 1946 3849 haec

249 3895 481 3949 quoque
538 3895 714 3949 regna
771 3882 1137 3950 praedicando
1191 3881 1545 3935 transierunt
1585 3884 1847 3952 apostoli,
1890 3891 1944 3938 et

256 3967 531 4020 Dominus
559 3967 770 4038 ubique
803 3985 934 4022 cum
956 3969 1056 4022 eis.

321 4056 491 4112 Vens.
519 4059 568 4110 3.
627 4059 1342 4126 —Dcdipropitiationr.m.
1386 4059 1454 4112 Ut
1497 4058 1628 4112 inde
1685 4060 1944 4130 acquiras

250 4145 353 4198 tibi
385 4147 832 4199 misericordiam
868 4153 922 4199 et
969 4163 1260 4214 coronam,
1286 4146 1669 4216 praedicando,
1709 4150 1938 4216 scilicet,

2053 522 2361 574 formatum
2393 527 2478 574 est
2507 522 2741 573 idolum.

2117 610 2277 662 Vens.
2316 611 2398 662 12.
2458 638 2524 650 -
2562 610 2680 674 Ego
2718 610 3043 662 annuntiavi
3088 614 3138 662 et
3193 610 3420 663 salvavi.
3478 612 3583 664 Per
3611 627 3748 682 pro-

2053 696 2254 765 phetas
2275 697 2628 749 nativitatem
2663 695 2808 761 Filii,
2843 697 3196 749 vocationem
3236 698 3520 766 gentium,
3553 700 3750 769 expul-

2053 785 2272 837 sionem
2305 783 2655 836 daemonum.

2127 874 2284 925 Vens.
2342 874 2421 925 14.
2482 901 2551 910 -—
2606 873 2727 924 Haec
2783 871 2918 924 dicit
2985 870 3247 924 Dominus
3308 872 3581 938 Salvator,
3638 879 3743 929 etc.

2057 963 2201 1025 Haec,
2256 960 2629 1029 scilicetquae
2691 966 3046 1028 sequuntur:
3112 961 3274 1013 Pater
3327 960 3396 1014 ad
3429 964 3744 1032 apostolos.

2055 1051 2293 1118 Propter
2339 1065 2436 1102 vos
2467 1047 2565 1118 qui
2597 1047 2812 1100 scilicet
2835 1051 3008 1100 testes
3063 1048 3173 1101 mei
3203 1048 3355 1107 estis,
3414 1049 3511 1119 qui
3534 1051 3748 1105 scilicet

2057 1138 2425 1208 Evangelium
2485 1135 2829 1207 praedicatis.
2892 1135 3108 1199 Quibus
3139 1136 3313 1190 dixit:
3366 1137 3489 1191 Noli
3521 1137 3742 1193 timere.

2056 1227 2331 1282 Chaldzeos
2380 1228 2437 1278 in
2485 1225 2737 1278 navibus.
2769 1224 3089 1277 Secundum
3141 1225 3459 1290 historiam,
3493 1226 3742 1280 Chaldaei

2053 1315 2348 1368 abundant
2372 1313 2726 1378 fluminibus,
2759 1317 2813 1366 et
2843 1312 3061 1366 strenui
3093 1317 3226 1366 sunt
3255 1313 3496 1368 navibus
3526 1320 3580 1370 et
3611 1315 3743 1371 inde

2055 1403 2392 1472 gloriantur.

2126 1493 2289 1544 Vens.
2354 1494 2438 1545 15.
2497 1520 2564 1531 -
2616 1490 2740 1556 Ego
2787 1492 3042 1544 Dominus
3089 1495 3308 1545 sanctus
3351 1497 3540 1546 vester.
3597 1492 3746 1546 Olim

2054 1580 2186 1633 ﬁliis
2207 1581 2396 1644 Israel,
2430 1579 2600 1634 modo
2639 1580 2799 1633 vobis
2829 1579 3098 1650 apostoli,
3130 1580 3187 1632 in
3238 1580 3453 1634 mundo
3498 1582 3750 1652 expulsis

2053 1668 2412 1722 daemonibus
2444 1673 2498 1720 et
2529 1667 2796 1721 omnibus
2824 1667 2984 1721 victis
2999 1668 3376 1738 principibus.

2097 1773 2100 1776 ·
2128 1757 2288 1810 Vens.
2332 1760 2412 1810 l9.
2444 1787 2510 1796 —
2543 1758 2702 1810 Facio
2749 1772 2908 1810 nova.
2941 1757 3112 1810 Multa
3159 1773 3283 1826 quae
3334 1756 3598 1812 reﬁciunt
3625 1759 3748 1812 aui-

2053 1859 2194 1908 mas,
2221 1861 2335 1898 non
2369 1859 2645 1914 corpora:
2679 1843 2814 1896 olim
2847 1845 2914 1897 de
2955 1849 3118 1912 petra
3156 1861 3337 1898 unum
3365 1849 3588 1901 tantum
3615 1862 3749 1918 pro-

2054 1932 2190 1985 duxi
2219 1933 2437 1985 fontem
2468 1931 2540 1985 ad
2570 1948 2806 2001 corpora
2830 1931 3157 1985 reﬁcienda.

2123 2021 2285 2073 Vens.
2331 2021 2418 2073 20.
2475 2049 2544 2059 —
2577 2021 2838 2073 Dracones
2867 2025 2915 2071 et
2946 2020 3296 2073 struthiones.
3349 2019 3606 2091 Maligni,
3647 2037 3750 2076 ve—

2054 2109 2275 2174 neuosi,
2295 2107 2393 2179 qui
2424 2107 2483 2161 in
2511 2107 2818 2160 solitudine
2848 2107 3108 2175 gentium
3140 2107 3532 2173 morabantur,
3563 2109 3749 2164 idolo-

2052 2197 2234 2251 Iatrim
2275 2197 2554 2266 sanguine
2582 2210 2926 2264 morumque
2957 2195 3181 2248 feritate
3203 2195 3487 2249 bestiales.

2124 2284 2378 2338 Struthio
2400 2283 2646 2354 speciem
2667 2283 2887 2335 alarum
2910 2281 3103 2349 habet,
3133 2284 3322 2336 volatu
3343 2289 3513 2340 caret.
3535 2285 3625 2340 Sic
3651 2285 3754 2356 hy-

2053 2374 2274 2445 pocrita
2287 2374 2534 2442 speciem
2551 2371 2865 2424 sanctitatis
2880 2371 3068 2435 habet,
3088 2386 3206 2423 rem
3220 2376 3410 2424 autem
3427 2388 3538 2425 non
3561 2375 3748 2428 habet.

2126 2463 2292 2515 Vens.
2357 2464 2444 2514 2'2.
2490 2490 2558 2500 —
2613 2462 2730 2514 Non
2787 2474 2869 2511 me
2927 2461 3209 2511 invocasti.
3265 2459 3471 2528 (Hten.)
3528 2461 3611 2513 Ad
3657 2463 3754 2515 Ju-

2055 2550 2208 2604 dteos
2230 2549 2501 2618 loquitur,
2529 2548 2780 2616 quiante
2804 2547 3111 2599 adventum
3138 2546 3364 2599 Domini
3389 2548 3536 2600 idola
3563 2550 3754 2603 colue-

2057 2642 2192 2692 runt
2216 2654 2229 2702 ;
2252 2637 2335 2690 vel
2355 2637 2421 2690 ad
2447 2651 2542 2688 eos
2565 2635 2663 2705 qui
2695 2636 2821 2705 post
2841 2633 3146 2686 adventum
3166 2633 3395 2687 credere
3419 2637 3750 2690 noluerunt.

2130 2728 2234 2781 Nec
2271 2725 2556 2778 Iaborasti.
2619 2724 2742 2776 Non
2770 2721 2877 2774 feci
2908 2727 2961 2774 te
2990 2721 3246 2774 laborare
3269 2727 3399 2790 post
3444 2723 3753 2777 adventum

2059 2815 2207 2877 Filii,
2224 2818 2286 2866 ut
2299 2813 2548 2882 pretiosa
2561 2827 2805 2882 quasque
2818 2810 3072 2878 offerres,
3105 2809 3268 2880 quia:
3289 2811 3635 2876 Sacriﬁcium
3651 2815 3754 2865 Deo

2057 2905 2289 2972 spiritus
2317 2900 2735 2966 contribulatus,
2794 2904 2898 2952 etc.
2947 2899 3113 2967 (Psat.
3149 2899 3221 2966 L.)
3252 2899 3404 2967 ενειε
3441 2900 3563 2953 Non
3596 2901 3753 2954 labo-

1979 2988 2020 3042 C
2059 2993 2193 3046 rasti
2221 2991 2279 3044 in
2304 3005 2395 3044 me
2423 2993 2644 3042 tantum
2670 2988 2768 3058 qui
2801 2988 2965 3041 idolis
2995 2987 3288 3041 otferebas.

2129 3082 2290 3134 Vens.
2322 3081 2410 3132 23.
2444 3109 2512 3117 —
2546 3078 2616 3130 In
2655 3077 2828 3130 thure.
2884 3077 2990 3129 Per
3034 3077 3166 3129 thus
3220 3081 3276 3128 et
3309 3077 3614 3142 calamum,
3654 3078 3755 3148 qui

2059 3175 2143 3223 est
2163 3169 2416 3221 sarculos
2447 3167 2661 3219 arboris
2686 3164 3029 3230 aromaticze,
3054 3165 3247 3216 omnia
3265 3172 3520 3218 aromata
3534 3169 3753 3235 accipe.

2129 3257 2289 3310 Vens.
2341 3259 2431 3310 221'.
2465 3284 2532 3292 ——
2579 3253 2700 3320 Ego
2731 3267 2869 3306 sum.
2908 3253 3038 3319 (ιο.)
3072 3251 3243 3314 Quasi
3275 3251 3517 3306 diceret:
3555 3253 3754 3308 Fecisti

2058 3360 2148 3397 me
2180 3343 2441 3396 laborare
2472 3341 2576 3394 sub
2609 3357 2780 3394 onere
2811 3340 3030 3410 peccati
3051 3340 3134 3393 tni
3162 3340 3325 3406 ;ideo
3343 3341 3464 3409 jam
3491 3357 3604 3394 non
3637 3357 3752 3395 ser-

2058 3449 2189 3485 vum
2211 3448 2420 3492 meum,
2452 3447 2566 3484 non
2598 3446 2840 3500 puerum
2865 3447 3020 3494 voco,
3050 3430 3146 3481 sed
3171 3429 3508 3499 simpliciter
3527 3431 3752 3502 appello

2053 3520 2224 3573 Jacob
2258 3522 2314 3572 et
2365 3519 2556 3580 Israel,
2618 3523 2677 3569 ut
2723 3517 3015 3570 ostendam
3049 3522 3105 3568 et
3135 3532 3371 3584 arguam
3407 3526 3748 3586 peccatores.

2119 3609 2278 3661 Vens.
2334 3611 2422 3660 26.
2453 3638 2521 3646 —-
2555 3607 2739 3659 Reduc
2797 3622 2893 3660 me.
2934 3607 3083 3658 Bona
3116 3621 3245 3675 quae
3303 3605 3409 3658 feci
3439 3605 3563 3660 tibi.
3610 3607 3753 3670 Quid

2054 3697 2201 3749 ultra
2231 3696 2394 3748 debui
2418 3697 2598 3759 facere
2643 3697 2743 3746 tibi
2773 3701 2822 3746 et
2849 3710 2954 3747 non
2983 3693 3138 3760 feci?
3180 3694 3312 3746 Vel:
3349 3694 3405 3747 Si
3452 3694 3587 3764 quid
3613 3695 3754 3764 justi

2055 3784 2249 3849 habes,
2283 3799 2390 3853 ego
2411 3783 2657 3834 libenter
2686 3781 2978 3850 recipiam.

2128 3873 2290 3926 Vens.
2335 3875 2421 3924 27.
2489 3899 2557 3910 —-
2607 3871 2763 3923 Pater
2819 3874 2960 3922 tuus.
3019 3868 3300 3922 Abraham
3359 3869 3570 3924 scilicet
3629 3872 3749 3942 qui,

2057 3961 2296 4014 Domino
2335 3965 2544 4012 terram
2593 3956 2988 4028 promissionis
3035 3958 3360 4026 pollicente,
3414 3961 3750 4028 respondit:

2053 4051 2126 4102 In
2168 4065 2270 4117 quo
2302 4051 2467 4101 sciam
2498 4050 2630 4116 quia
2675 4045 2954 4115 possidebo
3001 4044 3160 4098 eam?
3190 4047 3282 4098 Vel
3315 4046 3435 4115 ipse
3465 4047 3752 4102 Abraham

2055 4139 2150 4208 qui
2197 4152 2453 4208 peccasse
2486 4137 2692 4189 dicitur
2721 4135 2778 4188 in
2809 4133 3188 4204 promissione
3236 4134 3340 4187 lilii
3389 4135 3704 4190 dubitando
3735 4154 3748 4203 ;
3774 4127 3786 4140 ’

252 4233 552 4304 Egyptiis,
578 4240 631 4286 et
652 4233 1010 4303 Ethiopibus
1043 4235 1163 4304 (qui
1202 4250 1348 4303 pene
1371 4235 1581 4304 ultimi)
1614 4241 1670 4289 et
1690 4237 1937 4292 Sabinis:
1976 4270 2017 4323 ι)
2059 4228 2163 4291 νει,
2192 4225 2437 4323 [fol-1.0109
2487 4225 2545 4277 in
2577 4225 3030 4323 ἀθεθΝ-θιεῗηῖΐδ
3080 4224 3263 4323 Βιξυφ.
3313 4225 3749 4323 murmura-“(10,

252 4329 336 4374 est
365 4329 555 4375 autem
588 4323 734 4375 Saba
773 4321 968 4375 civitas
996 4322 1054 4374 in
1087 4323 1296 4376 tinibus
1335 4322 1637 4392 Ethiopian
1671 4324 1776 4377 sita
1807 4343 1817 4378 :
1874 4329 1946 4380 In

248 4426 449 4463 omnem
483 4417 681 4465 terram
720 4414 1069 4466 exivitsonus
1098 4427 1298 4476 eorum,
1328 4414 1451 4464 etin
1481 4411 1636 4480 fines,
1675 4418 1780 4467 etc.

322 4499 480 4552 Vens.
517 4503 566 4552 5.
601 4529 668 4537 ——
714 4500 800 4552 Ab
832 4501 1065 4554 Oriente.
1118 4501 1280 4552 Multi
1306 4502 1518 4553 venient
1547 4502 1614 4552 ab
1655 4501 1870 4555 Oriente
1895 4510 1943 4557 et

247 4586 550 4650 Occidente,
567 4591 632 4639 .et
662 4588 965 4640 recumbent
1013 4603 1130 4640 cum
1158 4589 1458 4654 Abraham,
1490 4589 1646 4643 Isaac
1679 4595 1728 4644 et
1757 4593 1939 4658 Jacob,

240 4675 312 4727 ab
333 4675 575 4728 omnibus
614 4677 815 4728 scilicet
843 4675 1035 4728 mundi
1061 4676 1329 4743 partibus.

317 4761 476 4814 Vens.
529 4766 580 4814 8.
616 4792 683 4800 —
713 4763 872 4815 Educ
923 4765 1102 4828 foras.
1139 4763 1250 4815 Vox
1311 4763 1492 4816 Patris
1525 4764 1591 4817 ad
1635 4765 1837 4819 Filium
1871 4766 1940 4820 de

239 4849 448 4902 Iudaeis
497 4857 685 4903 mente
711 4851 892 4905 cmcis.
926 4852 988 4904 Et
1020 4857 1153 4904 nota
1184 4851 1339 4920 prius
1370 4869 1488 4905 esse
1524 4853 1728 4906 factam
1768 4870 1940 4907 voca-

239 4941 457 4991 tionem
488 4939 839 5006 .Iudzeorum,
865 4938 1072 4992 deinde
1101 4939 1382 5009 gentium.

307 5026 467 5080 Vens.
517 5028 570 5080 9.
629 5057 694 5066 —
754 5027 943 5082 Omnes
1004 5032 1202 5093 gentes.
1247 5027 1528 5098 Propheta
1581 5028 1651 5082 ad
1717 5033 1936 5098 gentes,

236 5114 544 5183 increpans
596 5115 665 5168 de
694 5114 1017 5168 idololatria
1046 5120 1101 5168 et
1131 5115 1418 5168 admirans
1451 5116 1604 5185 quod
1656 5117 1848 5170 nullus
1877 5116 1938 5170 in

236 5200 510 5269 gentibus
557 5203 664 5255 hoc
694 5203 958 5272 prmscire
992 5203 1214 5273 potuit;
1259 5203 1357 5257 sed
1412 5208 1636 5256 tantum
1687 5205 1936 5274 populus

239 5289 344 5344 Dei
374 5290 472 5360 qui
500 5290 684 5360 legem
716 5290 811 5343 Dei
845 5290 1081 5360 accepit,
1113 5291 1422 5361 prophetas
1450 5290 1677 5345 habuit.

313 5376 475 5432 Vens.
524 5379 607 5432 10.
640 5407 710 5419 -
763 5379 878 5432 Non
936 5383 1015 5431 est
1067 5380 1354 5445 formatus.
1414 5379 1658 5443 Quidam
1713 5379 1936 5432 codices

235 5467 454 5520 habent
505 5467 862 5536 plasmatus;
917 5466 1015 5519 sed
1048 5483 1164 5520 non
1194 5467 1460 5522 convenit
1501 5467 1668 5534 bene,
1726 5467 1805 5520 sic
1854 5473 1934 5522 ta-

239 5571 374 5610 men
430 5560 616 5626 potest
659 5554 902 5626 exponi:
951 5557 1096 5610 Ante
1161 5572 1252 5611 me
1301 5572 1419 5611 non
1473 5560 1557 5612 est
1621 5556 1931 5613 formatum

2057 4317 2215 4386 quasi
2257 4316 2498 4368 diceret:
2533 4317 2836 4383 cognoscet
2865 4312 2934 4365 de
2966 4312 3356 4382 peccatoribus
3387 4319 3746 4381 generatum.

2130 4406 2479 4471 Interpretcs.
2548 4401 2718 4465 Quasi
2767 4401 3015 4454 diceret:
3078 4401 3228 4454 inter
3274 4407 3485 4471 partes,
3536 4402 3751 4458 scilicet

2053 4509 2248 4562 pacem
2274 4494 2537 4544 ferentes.

2676 4617 2900 4670 mem
2940 4617 3114 4671 XLIV.
3209 4687 3216 4691 _

2118 4764 2278 4815 Vens.
2317 4766 2359 4814 t.
2384 4789 2456 4800 —
2507 4763 2582 4814 Et
2609 4777 2749 4813 nunc
2793 4761 2947 4826 audi,
2986 4761 3167 4815 Jacob.
3207 4762 3426 4816 Primos
3457 4763 3653 4818 fideles
3677 4765 3745 4819 de

2047 4850 2256 4904 Jtidmis
2287 4850 2412 4902 aliis
2463 4849 2753 4903 obduratis
2785 4866 2914 4902 cum
2953 4851 3204 4919 quodam
3231 4853 3530 4921 privilegio
3561 4855 3744 4907 nomi-

2048 4939 2136 4992 nis
2157 4939 2508 5008 etdignitate
2543 4939 2774 4991 honoris
2806 4939 3154 5009 alloquitur:
3188 4941 3578 5009 apostolorum
3601 4943 3746 4995 scili-

2047 5032 2136 5081 cet
2165 5028 2424 5080 chorum.
2480 5027 2652 5091 Audi,
2688 5026 2848 5079 Jacob
2873 5043 3021 5080 serve
3049 5043 3214 5081 meus.
3261 5029 3452 5083 Prima
3483 5031 3742 5097 servitus,

2047 5117 2288 5170 secunda
2323 5115 2542 5168 electio.

2117 5205 2272 5257 Vens.
2310 5207 2362 5256 2.
2398 5232 2464 5242 —
2491 5203 2575 5256 Ab
2607 5205 2756 5255 utero
2780 5203 3088 5257 auxiliator
3117 5210 3259 5258 tuus.
3305 5205 3367 5258 In
3399 5221 3512 5276 quo
3558 5207 3745 5261 fratris

2045 5291 2296 5362 plantam
2330 5291 2644 5361 arripuisti,
2674 5292 2782 5353 vel,
2831 5291 2890 5343 in
2922 5291 3204 5361 principio
3243 5294 3500 5347 Ecclesiae
3542 5312 3743 5351 manus

2044 5385 2474 5450 persecutot‘um
2502 5378 2746 5432 evasisti.

2113 5469 2190 5520 Et
2220 5469 2512 5521 rectissime
2541 5482 2694 5535 quem
2741 5467 2894 5534 elegi.
2930 5468 3119 5529 Israel,
3155 5468 3472 5525 secundum
3507 5473 3739 5527 Hebrai-

2040 5573 2160 5610 cam
2193 5557 2506 5621 veritdem,
2557 5563 2740 5609 rectus
2770 5557 2850 5610 vel
2885 5556 3250 5610 rectissimus.
3285 5557 3444 5622 Quod
3476 5566 3628 5626 ante,
3657 5563 3746 5616 vir
