4018 6176
354 200 486 251 1287

989 194 1387 250 WALAFRIDI
1427 193 1669 249 STRABI
1711 192 1912 248 FULD.
1956 191 2116 246 ΜΟΝ.
2157 190 2306 246 ΟΡΡ.
2349 189 2545 245 PARS.
2591 190 2634 245 l.
2677 219 2745 229 -—-
2782 188 3221 246 THEOLOGICA

3722 195 3865 247 {288

349 318 551 373 videns
583 319 763 373 Deum
811 316 1048 373 dicitur:
1082 333 1196 371 non
1244 316 1673 387 aproprielate,
1722 314 1818 369 sed
1851 329 2048 368 asono
2076 316 2123 368 Α
2161 312 2543 384 virtutemque
2577 329 2764 367 meam
2816 316 2874 368 et
2931 311 3273 384 sapientiam
3327 330 3457 385 quas
3503 315 3563 369 in
3617 330 3709 369 me
3755 321 3863 381 est,

349 407 502 463 vocis
544 406 808 461 habetur.

422 497 585 550 Vens.
640 499 691 550 3.
725 526 793 534 ——
819 492 1115 561 Effundam
1167 493 1436 561 Spiritum
1494 508 1687 546 meum.
1737 490 1961 547 Scilicet
1985 490 2043 544 in

350 584 639 654 baptismo
671 598 772 654 per
803 580 1229 651 impositionem
1259 596 1556 635 manuum.

423 674 586 725 Vens.
620 671 671 723 4.
702 698 775 710 -
801 670 970 734 Quasi
995 669 1184 722 salices
1205 668 1376 736 juxta
1403 670 1820 737 praeter/luentes
1850 682 2043 736 aquas.

348 757 498 813 Salix
528 757 701 811 arbor
728 756 1101 822 infructuosa,
1142 761 1275 821 etc.,
1305 770 1474 825 usque
1515 755 1589 809 ad
1627 770 1757 827 quae
1785 755 1895 810 cito
1924 771 2044 808 cre-

350 844 495 901 didit
521 843 968 915 praadicantibus
992 844 1283 914 apostolis.

418 935 582 989 Vens.
618 937 670 988 5.
701 962 765 973 -—
798 934 912 988 Iste
957 932 1114 987 dicet.
1168 931 1538 986 Credentium
1583 930 1917 984 varietatem
1941 929 2044 984 de—

349 1022 563 1077 scribit.
1482 1075 1486 1078 ἠ

418 1113 489 1167 Et
510 1113 569 1165 in
608 1112 821 1164 nomine
849 1110 1023 1164 Israel
1050 1107 1467 1164 assimilabitur.
1523 1106 1592 1160 Ut
1644 1105 1925 1176 recipiant
1963 1106 2042 1159 le-

347 1215 500 1270 gem,
531 1204 589 1253 et
637 1196 968 1270 prophetas,
1024 1202 1081 1251 et
1132 1196 1374 1268 Spiritus
1430 1192 1610 1249 sancti
1661 1193 1875 1265 gratias
1913 1210 2040 1265 quin

349 1287 545 1343 lsraeli
575 1287 875 1357 promissae
905 1290 1056 1339 sunt.

419 1376 578 1430 Vens.
611 1378 664 1430 6.
694 1404 764 1416 —
784 1377 898 1441 Ego
922 1375 1136 1444 primus
1165 1377 1213 1428 et
1266 1387 1359 1439 ego
1396 1373 1739 1426 novissimus.
1776 1372 1911 1424 Post
1938 1386 2042 1422 vo-

346 1464 627 1519 cationem
661 1462 921 1533 gentium
980 1477 1130 1532 quae,
1163 1459 1395 1531 abjectis
1419 1459 1607 1522 idolis,
1653 1458 2040 1527 crediderunt,

344 1553 463 1622 agit
495 1557 691 1605 contra
710 1567 807 1604 eos
838 1549 937 1621 qui
969 1548 1224 1603 converti
1254 1549 1585 1602 noluerunt.

413 1640 636 1708 Absque
662 1654 745 1693 me
784 1653 888 1692 non
913 1642 991 1691 est
1046 1638 1207 1691 Deus.
1261 1638 1382 1691 Non
1414 1635 1551 1689 dicit
1579 1651 1636 1688 se
1670 1635 1850 1688 solum
1894 1649 2036 1699 esse,

344 1728 438 1783 sed
462 1734 671 1800 preter
693 1726 960 1780 virtutem
991 1730 1047 1778 et
1065 1724 1403 1795 sapientiam
1433 1739 1591 1777 suam
1623 1722 1842 1776 nullum
1866 1728 2042 1775 exter-

342 1832 479 1871 num
514 1818 693 1871 Deum
727 1830 870 1882 esse,
902 1813 1140 1867 deorum
1172 1813 1484 1867 multorum
1514 1810 1847 1882 opinionem
1880 1815 1936 1865 et
1969 1809 2039 1863 si-

341 1905 598 1960 mulacra
617 1903 1025 1957 condemnans.

414 1993 576 2046 Vsus.
605 1994 687 2045 l2.
738 2020 807 2030 ——
840 1991 1059 2044 Esuriet
1084 1993 1133 2043 et
1163 1987 1389 2056 deﬁciet.
1422 1986 1623 2057 (Πιειι.)
1656 1986 1826 2040 Fame
1854 1990 1912 2040 et
1943 1985 2035 2040 siti

341 2078 595 2145 artiﬁcis,
630 2082 763 2145 etc.,
794 2092 963 2145 usque
993 2075 1067 2130 ad
1099 2091 1344 2147 quorum
1378 2076 1527 2130 Deus
1556 2080 1750 2129 venter
1780 2079 1884 2143 est,
1918 2076 2037 2145 glo-

342 2167 428 2222 ria
460 2167 520 2221 in
549 2165 883 2222 confusione
907 2180 1125 2219 eorum.

413 2257 576 2310 Vens.
605 2257 696 2310 23.
751 2284 819 2293 —
861 2252 1121 2319 Jubilate,
1157 2256 1398 2307 extrema
1432 2256 1601 2306 terra.
1662 2252 1783 2318 (In)
1828 2251 2036 2321 Angeli

338 2343 501 2415 quasi
549 2342 964 2398 habitatoribus
1016 2346 1183 2396 terrm
1211 2345 1500 2412 praesunt:
1538 2341 1624 2395 vel
1654 2341 1915 2412 apostoli.
1947 2340 2031 2394 vel

317 2432 637 2503 prophetae
653 2447 824 2502 super
843 2445 985 2501 quos
1005 2432 1060 2483 et
1085 2428 1184 2483 alii
1213 2445 1334 2483 esse
1355 2433 1616 2483 constant
1639 2445 1653 2492 ;
1677 2428 1827 2483 unde
1860 2429 2034 2498 Ephe-

338 2523 436 2578 siis
460 2522 704 2578 dicitur:
737 2523 916 2592 Super
940 2520 1200 2589 aediﬁcati
1239 2505 1403 2589 super
1447 2518 1861 2585 fundamentum
1894 2534 2028 2587 apo-

338 2613 596 2667 stolorum
615 2614 666 2665 et
683 2611 1092 2680 prophetarum,
1119 2613 1226 2661 etc.

390 2701 571 2754 'Vsas.
607 2700 697 2754 2i.
741 2728 810 2738 —
865 2698 988 2752 Hec
1025 2697 1174 2750 dicit
1219 2697 1476 2751 Dominus
1528 2694 1864 2763 Redemptor,
1919 2698 2026 2749 etc.

338 2789 463 2859 (Ῑο.)
491 2788 673 2860 Supra
730 2787 951 2841 locutus
979 2788 1064 2839 est
1107 2784 1175 2839 de
1218 2784 1504 2839 idolorum
1534 2782 1921 2851 subversione,
1973 2787 2031 2836 et

2160 416 2275 455 non
2307 407 2392 455 est
2419 402 2564 456 alius
2592 402 2762 456 Deus.

2228 491 2389 545 Vens.
2418 494 2470 545 6.
2512 520 2565 530 —
2607 493 2674 545 Ut
2704 492 2898 545 sciant.
2955 489 3154 544 Esdras
3187 488 3326 544 dicit
3363 491 3572 560 Cyrum
3598 492 3862 562 scipsisse

2159 577 2425 631 omnibus
2455 578 2722 647 gentibus
2757 594 2873 632 non
2906 594 3025 632 esse
3060 579 3263 641 Deum,
3315 577 3423 632 nisi
3459 579 3633 633 Deum
3664 581 3859 636 Israel.

2157 666 2252 721 Vel
2303 682 2370 720 ex
2399 668 2751 736 captivorum
2785 666 3126 720 liberatione
3180 667 3277 720 Dei
3326 667 3635 722 clementia
3663 679 3721 722 et
3751 686 3858 741 po-

2154 754 2334 809 tentia
2354 754 2621 809 omnibus
2668 753 2852 825 magis
2896 758 3047 809 nota.
3078 753 3359 824 Joseplms
3398 759 3589 810 autem
3621 757 3680 811 in
3711 757 3858 813 libro

2156 843 2570 915 Antiquitatum
2628 843 2756 897 ideo
2816 843 3091 912 populum
3155 842 3325 896 fuisse
3389 842 3690 898 dimissum
3749 846 3853 913 ait,

2155 931 2289 1002 quia
2317 931 2494 1002 Cyrus
2534 931 2673 1001 legit
2702 931 2757 984 in
2792 930 2942 984 libro
2973 931 3132 985 Isaiae
3176 947 3305 1001 quae
3337 930 3407 985 de
3449 947 3517 986 eo
3577 933 3855 988 Dominus

2153 1035 2258 1090 per
2286 1019 2626 1091 prophetam
2660 1018 2881 1073 dixerat
2908 1026 3057 1074 ante.

2222 1109 2381 1163 Vsus.
2443 1113 2491 1163 7.
2554 1098 2623 1148 ἒ-
2656 1108 2938 1162 Tenebras.
2991 1109 3223 1163 Noctem
3292 1108 3379 1162 vel
3438 1107 3847 1179 captivitatem.

2153 1195 2325 1260 Quasi
2402 1194 2746 1267 poenitentes
2803 1195 3069 1250 misertus
3121 1212 3155 1250 a
3224 1195 3549 1268 captivitate
3598 1197 3850 1267 reduco;

2152 1284 2331 1338 iratus
2351 1288 2647 1353 peccantes
2673 1283 2913 1355 captivo.

2220 1373 2442 1427 Malum.
2502 1373 2635 1443 (Ιυ.)
2677 1373 2917 1439 Bellum,
2970 1372 3188 1428 scilicet
3231 1373 3598 1428 afﬂictionem
3646 1390 3847 1429 secun-

2151 1459 2289 1514 dum
2322 1460 2474 1531 quod
2493 1460 2739 1515 dicitur:
2771 1460 2990 1516 Sufﬁcit
3030 1461 3143 1515 diei
3183 1462 3406 1516 malitia
3443 1479 3563 1516 sua.
3597 1462 3850 1517 Confun-

2152 1548 2364 1603 dantur
2407 1564 2544 1619 ergo
2585 1549 2683 1618 qui
2744 1550 2920 1604 Deum
2961 1550 3245 1604 malorum
3282 1550 3637 1604 conditorem
3691 1551 3848 1605 arbi-

2149 1642 2394 1693 trantur.
2442 1638 2541 1692 llic
2569 1638 2720 1692 enim
2752 1639 2968 1692 malum
2998 1654 3113 1692 non
3144 1638 3492 1693 contrarium
3545 1639 3715 1707 bono,
3744 1640 3848 1693 sed

2149 1741 2255 1795 pro
2285 1725 2592 1780 afflictione
2618 1726 2852 1796 ponitur
2882 1730 2939 1780 et
2958 1726 3129 1780 bello.

2218 1813 2377 1868 Vens.
2412 1817 2464 1869 8.
2517 1843 2583 1856 —
2610 1815 2815 1869 Rorate
2861 1815 2996 1870 caeli.
3053 1815 3182 1885 (ln.)
3217 1816 3293 1870 De
3323 1815 3571 1870 adventu
3610 1816 3842 1884 Christi,

2146 1916 2252 1971 per
2282 1903 2489 1971 Cyrum
2520 1902 2850 1973 signiﬁcati,
2883 1903 3019 1975 quia
3044 1904 3426 1974 acaptivitate
3455 1904 3671 1959 diaboli
3701 1904 3845 1959 libe-

2148 1990 2295 2045 rabit
2350 2008 2531 2062 genus
2561 1992 2902 2054 humanum,
2933 1993 3348 2047 convenienter
3395 1993 3679 2063 adjungit.
3740 1994 3840 2048 Vel

2142 2084 2386 2149 possunt
2437 2080 2557 2133 haec
2587 2080 2804 2135 haerere
2836 2081 3249 2152 superioribus,
3276 2086 3338 2135 ut
3368 2081 3510 2152 Cyro
3538 2082 3842 2152 captivita-

2144 2172 2260 2222 tem
2308 2168 2535 2223 laxante
2565 2170 2977 2240 metonymicos
3024 2170 3229 2224 caelum
3281 2174 3338 2223 et
3367 2174 3519 2224 terra
3548 2171 3839 2225 laetentur.

2214 2259 2284 2311 Et
2337 2257 2522 2312 nubes.
2583 2258 2882 2327 Propheta
2940 2258 3112 2312 corda
3181 2273 3286 2312 nos
3353 2258 3586 2312 salutari
3643 2259 3843 2329 pluvia

2142 2343 2466 2414 irrigantes,
2525 2348 2581 2398 et
2614 2344 2821 2399 Christi
2853 2344 3210 2399 nativitatem
3247 2349 3303 2398 et
3360 2346 3838 2400 resurrectionem

2142 2437 2199 2487 et
2243 2433 2631 2487 ascensionem
2686 2433 3115 2500 annuntiantes,
3170 2433 3358 2488 unde:
3411 2433 3685 2490 Mandabo
3730 2450 3838 2488 nu-

2142 2521 2297 2575 bibus
2346 2523 2477 2575 meis
2514 2536 2580 2575 ne
2620 2522 2819 2591 pluunt
2875 2536 3039 2591 super
3081 2537 3199 2577 eam
3245 2521 3499 2588 imbrem;
3557 2527 3614 2577 et
3674 2522 3837 2589 alibi,

2147 2611 2360 2665 Veritas
2392 2614 2485 2664 tua
2506 2625 2675 2679 usque
2712 2610 2787 2664 ad
2816 2611 2998 2665 nubes.

2212 2698 2415 2751 Creavi
2442 2714 2561 2752 eum
2590 2700 2721 2767 qui:
2756 2698 2969 2752 scilicet
3027 2698 3234 2753 vermis
3266 2698 3398 2765 fuit,
3429 2703 3488 2753 et
3541 2698 3840 2770 germina-

2138 2791 2229 2840 tus
2246 2786 2315 2839 de
2339 2790 2491 2840 terra
2512 2787 2723 2856 legitur
2748 2787 3058 2841 secundum
3092 2787 3532 2842 humanitatem.

338 2879 507 2933 Israel
556 2875 885 2948 paenitentis
929 2873 1361 2945 redemptione:
1396 2887 1551 2926 nunc
1595 2876 1787 2925 autem
1827 2870 1897 2926 de
1927 2888 2028 2942 po-
2068 2869 2109 2924 C
2211 2875 2373 2929 Vens.
2430 2876 2482 2929 9.
2527 2905 2599 2917 --
2663 2877 2756 2930 Va:
2813 2876 2910 2945 qui
2955 2875 3310 2930 contradicit:
3378 2876 3542 2947 quasi
3579 2876 3835 2931 diceret:

334 2966 532 3021 tentiie
573 2981 691 3020 ευρ.
722 2962 1138 3034 magnitudine,
1190 2978 1263 3017 ne
1292 2961 1421 3033 quis
1452 2959 1677 3015 dubitet
1722 2960 1793 3015 de
1841 2961 2025 3015 salva-

335 3055 490 3112 tione
515 3070 687 3126 quam
719 3052 1019 3124 promittit.

407 3144 583 3197 Vens.
615 3144 704 3197 29.
737 3171 806 3179 —-—
840 3140 949 3205 Qui
988 3138 1127 3192 dico.
1163 3138 1240 3191 De
1271 3136 1685 3190 restauratione
1714 3151 1844 3207 qua:
1883 3135 2028 3189 facta

334 3235 421 3285 est
462 3246 494 3285 a
540 3228 846 3284 Zorobabel
874 3232 929 3281 et
958 3226 1083 3281 aliis
1132 3226 1391 3291 ducibus,
1452 3226 1593 3296 Cyro
1633 3224 2024 3296 permittente,

336 3319 619 3390 loquitur:
635 3317 776 3370 Cum
797 3321 988 3369 tamen
1008 3313 1193 3368 adhuc
1223 3313 1514 3384 implenda
1535 3317 1683 3367 esset
1710 3312 2025 3384 captivitas.

406 3407 570 3460 Vrsas.
625 3408 715 3458 27.
767 3403 1112 3455 —Flumina
1167 3405 1282 3455 tua.
1340 3400 1455 3455 Sub
1512 3400 1681 3455 Dario
1730 3400 1944 3475 scilicet
1974 3404 2030 3454 et

335 3496 478 3565 Cyro
509 3499 717 3564 nepote
766 3490 909 3561 ejus.
961 3490 1131 3544 Nocte
1161 3488 1315 3542 enim
1361 3505 1474 3559 qua
1503 3489 1574 3543 ab
1605 3489 1685 3543 eis
1736 3488 2029 3543 Balthasar

333 3583 549 3638 occisus
596 3586 699 3646 est,
731 3579 1046 3651 Euphrates
1084 3577 1313 3638 ﬂuvius.
1347 3578 1446 3649 qui
1475 3594 1577 3649 per
1614 3578 1862 3633 mediam
1892 3578 2026 3632 civi-

331 3677 509 3726 tatem
540 3669 771 3737 ﬂuebat,
804 3668 874 3722 ab
906 3683 1105 3722 eorum
1136 3667 1384 3721 exercitu
1414 3667 1474 3721 in
1500 3666 1649 3722 rivos
1682 3667 1893 3722 divisus
1919 3671 2023 3733 est,

333 3766 397 3818 ut
430 3776 534 3831 per
562 3759 684 3830 ejus
714 3758 940 3812 alveum
970 3756 1255 3811 civitatem
1280 3754 1739 3827 ingrederentur.

979 3899 1201 3954 CAPUT
1240 3898 1391 3953 XLV.

403 4029 562 4081 Vsus.
600 4030 654 4083 l.
686 4055 752 4070 —-
785 4026 923 4081 Haec
964 4022 1100 4077 dicit
1148 4024 1404 4077 Dominus
1440 4022 1670 4077 Christo.
1722 4020 1885 4092 Apud
1914 4023 2025 4076 Ro-

331 4132 525 4171 manos
553 4115 836 4181 diadema,
894 4112 1045 4184 apud
1074 4112 1298 4167 Judaaos
1344 4109 1562 4176 unctio,
1602 4113 1658 4163 et
1682 4125 1848 4180 reges
1893 4111 2025 4165 facit

331 4211 390 4259 et
421 4204 761 4272 sacerdotes,
793 4218 827 4256 a
856 4218 969 4273 qua
998 4204 1055 4254 et
1092 4198 1300 4254 Christi
1347 4198 1629 4253 dicuntur.
1663 4197 1841 4269 Cyrus
1868 4199 2023 4254 chri-

332 4299 472 4358 stus,
496 4309 610 4347 non
634 4291 921 4360 unctione,
959 4289 1053 4343 sed
1087 4287 1383 4358 dignitate.

401 4384 471 4438 Et
497 4381 659 4436 dorsa
706 4394 913 4446 regum.
942 4377 1061 4449 (lo.)
1121 4377 1256 4440 Quae
1298 4375 1491 4430 civitas
1519 4374 1605 4430 illi
1629 4392 1747 4431 non
1798 4377 2024 4447 patuit?

331 4468 468 4534 Quis
489 4484 691 4539 regnm
704 4472 863 4537 terga
876 4481 990 4520 non
1007 4465 1214 4519 vertit?
1234 4464 1334 4535 qui
1347 4464 1510 4526 muri,
1524 4470 1657 4519 ante
1673 4464 2024 4536 inexpugna-

330 4556 494 4623 biles,
530 4572 644 4611 non
687 4555 963 4625 suntejus
992 4552 1289 4608 obsidione
1327 4551 1629 4606 subversi?
1656 4553 1784 4607 Haac
1830 4559 2022 4608 autem

329 4645 610 4715 completa
627 4643 850 4716 plenius
880 4641 1133 4696 invenies
1161 4641 1221 4695 in
1251 4639 1483 4695 historia
1505 4640 1917 4711 Xenophontis,

404 4734 563 4789 Vsus.
596 4735 647 4788 3.
675 4762 744 4773 —
802 4733 1102 4787 Thesauros
1132 4728 1492 4785 absconditos.
1542 4728 1889 4783 Cunctarum
1918 4743 2023 4781 ur-

328 4822 511 4888 bium,
543 4827 607 4876 ut
655 4820 887 4892 abjectis
930 4819 1120 4886 idolis,
1174 4817 1465 4872 beneﬁciis
1516 4816 1812 4885 invitatus,
1840 4832 2023 4871 unum

330 4912 509 4967 Deum
539 4911 803 4980 sentires,
827 4908 926 4980 qui
976 4913 1110 4962 ante
1137 4905 1402 4978 praedixit
1437 4921 1647 4961 nomen
1674 4910 1838 4960 tuum
1868 4910 2024 4960 ante-

327 5016 501 5072 quam
528 5016 698 5055 83588.

401 5090 563 5144 Vsus.
605 5090 657 5143 4.
690 5117 760 5128 -
805 5088 876 5143 Et
919 5086 1108 5141 vocavi
1136 5089 1201 5139 te.
1237 5082 1365 5153 (ιο.)
1396 5082 1552 5138 Sicut
1595 5080 1788 5136 vocavi
1841 5081 2024 5136 Abra-

328 5176 485 5243 ham,
515 5178 670 5232 lsaac
690 5181 749 5231 et
765 5175 962 5241 Jacob,
983 5179 1112 5240 etc.,
1133 5187 1305 5243 usque
1333 5171 1407 5226 ad
1440 5170 1614 5225 Filius
1645 5175 1837 5225 autem
1872 5169 2029 5225 Chri.

328 5270 449 5318 stus
478 5265 606 5319 oleo
631 5264 846 5319 laetitia:
877 5267 1083 5317 unctus
1109 5276 1229 5332 prae
1257 5256 1634 5331 participibus
1659 5258 1799 5313 suis.

402 5352 561 5405 Vens.
597 5356 734 5407 5.—
782 5354 961 5407 Extra
988 5365 1090 5404 me.
1122 5348 1263 5414 Quia
1293 5347 1469 5404 Filius
1515 5350 1573 5401 et
1623 5346 1866 5418 Spiritus
1893 5361 2026 5400 san-

339 5443 462 5495 ctus
501 5438 561 5494 in
580 5439 779 5508 Patre;
809 5446 1019 5513 praeter
1037 5454 1362 5495 sermonem
1390 5437 1605 5510 quippe
1634 5441 1691 5493 et
1737 5436 2021 5493 rationem

2137 2962 2361 3018 Credite
2416 2979 2546 3034 quae
2598 2963 2868 3034 praedico,
2918 2963 3206 3019 Christum
3262 2964 3475 3019 scilicet
3503 2970 3834 3030 venturum,

2136 3050 2290 3122 quia,
2349 3053 2440 3107 Vae
2494 3053 2592 3122 qui
2618 3051 2942 3107 contradicit
2994 3055 3199 3119 [actori
3250 3067 3346 3107 suo
3400 3052 3568 3123 (Psal.
3628 3056 3832 3123 xxxv);

2134 3141 2222 3194 vel
2256 3140 2464 3211 Cyrum
2495 3140 2587 3194 cui
2642 3156 2747 3210 per
2796 3141 3200 3196 liberationem
3233 3141 3437 3213 populi
3468 3143 3581 3197 mei
3637 3144 3835 3198 omnia

2133 3240 2311 3299 regna
2340 3228 2718 3285 substernam.
3934 3216 3937 3219 ’

2208 3317 2366 3371 Vsus.
2416 3319 2499 3370 10.
2554 3346 2618 3356 -
2659 3317 2895 3384 Mulieri,
2927 3316 3065 3385 quid
3088 3317 3384 3387 parturis?
3427 3318 3522 3372 Vir
3570 3319 3832 3374 mulieris

2133 3410 2358 3476 potens,
2389 3404 2596 3458 mulier
2626 3404 2728 3458 viri
2759 3410 2982 3475 potens.

2205 3495 2365 3548 Vsus.
2407 3497 2490 3548 ll.
2535 3524 2604 3535 ——
2642 3494 2850 3548 Plastes
2879 3495 3014 3564 ejus.
3061 3494 3207 3558 Filii,
3267 3495 3583 3550 secundum
3624 3496 3831 3551 huma-

2135 3580 2370 3635 nitatem
2400 3581 2459 3635 in
2491 3586 2654 3635 utero
2674 3581 2962 3652 virginali,
3009 3583 3160 3636 unde
3184 3598 3196 3637 :
3220 3583 3468 3651 Spiritus
3489 3587 3706 3639 sanctus
3735 3599 3831 3638 su-

2130 3673 2404 3739 perveniet
2430 3670 2489 3722 in
2520 3674 2587 3736 te,
2612 3674 2663 3723 et
2689 3671 2865 3724 virtus
2894 3671 3168 3725 Altissimi
3194 3670 3536 3725 obumbrabit
3557 3671 3674 3739 tibi,
3707 3678 3822 3727 etc.

2208 3758 2367 3813 Vsus.
2402 3761 2493 3813 l2.
2527 3787 2597 3797 —
2632 3759 2706 3811 Et
2747 3758 2893 3813 omni
2921 3760 3150 3813 militia.
3205 3758 3319 3813 llac
3371 3759 3665 3815 occasione
3719 3776 3832 3830 pu-

2135 3850 2263 3900 tant
2307 3846 2540 3917 quidam
2574 3850 2724 3901 astra
2754 3862 2876 3902 esse
2910 3847 3244 3914 rationalia;
3268 3847 3430 3901 aiunt
3467 3847 3642 3916 enim,
3695 3849 3834 3920 quia

2134 3933 2437 3987 insensatis
2473 3949 2587 3988 non
2637 3934 2934 3988 mandaret
2974 3934 3209 4005 aliquid,
3245 3951 3373 4006 quae
3414 3935 3682 3990 mandata
3710 3951 3833 3991 non

2135 4022 2538 4092 intelligerent.

2210 4112 2370 4166 Vsus.
2415 4113 2505 4165 t3.
2561 4140 2631 4152 —
2684 4113 2798 4179 Ego
2825 4112 3104 4165 suscitavi.
3164 4111 3289 4183 (ln.)
3345 4111 3519 4176 Quasi
3574 4112 3828 4167 diceret:

2136 4199 2244 4264 Qui
2272 4198 2597 4269 supradicta
2622 4198 2727 4253 feci
2752 4216 2766 4265 ;
2796 4199 2933 4269 quid
2964 4200 3177 4254 mirum
3208 4200 3256 4253 si
3282 4208 3339 4254 et
3368 4199 3573 4254 Filium
3600 4200 3829 4256 mittam

2131 4286 2195 4340 in
2225 4287 2501 4341 mundum
2524 4293 2589 4341 ut
2618 4286 2860 4341 redimat
2880 4302 3062 4357 genus
3092 4285 3492 4343 humanum'et
3520 4303 3553 4342 a
3584 4288 3831 4342 mortuis

2131 4376 2397 4430 suscitem
2429 4391 2559 4429 eum
2582 4374 2610 4428 ‘P

2209 4465 2340 4520 Vias
2369 4464 2486 4534 ejus
2516 4463 2775 4530 dirigam.
2808 4463 2913 4529 Qui
2935 4467 3213 4532 peccatum
3241 4479 3349 4517 non
3400 4464 3563 4531 fecit;
3603 4478 3695 4518 nec
3732 4464 3829 4517 in-

2130 4558 2318 4607 ventus
2348 4557 2426 4605 est
2446 4551 2600 4605 dolus
2631 4553 2691 4605 in
2718 4566 2807 4605 ore
2832 4551 2948 4620 ejus
2979 4551 3025 4621 (ι
3055 4550 3203 4605 Petr.
3229 4554 3313 4621 ιι).

2205 4641 2332 4708 Ipse
2358 4637 2672 4706 edi/icabit.
2707 4636 2829 4704 (lo.)
2866 4638 2941 4691 De
2990 4653 3105 4708 quo
3144 4638 3357 4692 dictum
3391 4642 3510 4693 est:
3567 4641 3685 4695 Non
3732 4654 3831 4693 co-

2132 4727 2371 4793 gnovisti
2421 4741 2522 4779 me.
2584 4727 2695 4780 Nec
2722 4725 2843 4796 ipse
2874 4725 3173 4780 aediﬁcavit
3205 4726 3490 4781 civitatem
3538 4727 3628 4780 vel
3676 4729 3829 4780 tem-

2132 4815 2316 4886 plum,
2372 4814 2468 4867 sed
2500 4812 2764 4884 permisit
2793 4813 3101 4868 aediﬁcari.-
3148 4830 3251 4868 nec
3301 4814 3364 4868 in
3406 4816 3531 4886 ejus
3571 4820 3834 4885 tempore

2132 4904 2242 4958 hoc
2256 4906 2717 4957 consummatum
2740 4905 2842 4968 est,
2871 4900 2966 4956 sed
2998 4904 3255 4957 Assueri.

2207 4991 2371 5046 Vnus.
2441 4990 2653 5044 14.’-
2714 4991 2894 5044 Labor
2946 4992 3190 5060 Egypti.
3251 4989 3448 5046 Cultus
3520 4990 3833 5047 idolorum.

2136 5079 2373 5135 Multum
2427 5077 2602 5132 enim-
2642 5077 2938 5132 laborabat
2993 5078 3055 5132 in
3125 5079 3500 5150 exsequendis
3544 5080 3838 5135 idolorum

2135 5165 2447 5221 sacriﬁciis.
2529 5164 2676 5221 Sedl
2717 5166 2991 5236 apostolis
3073 5167 3514 5237 praedicantibus
3573 5168 3845 5223 conversi

2136 5259 2291 5322 sunt,
2356 5259 2412 5309 et
2457 5270 2574 5326 prae
2633 5254 2902 5310 omnibus
2956 5254 3152 5325 regnis
3215 5255 3514 5310 abundant
3558 5256 3639 5310 ibi
3699 5256 3849 5311 reli-

2138 5349 2335 5420 giones
2383 5349 2822 5415 monachorum,
2866 5355 2927 5405 ut
2966 5350 3063 5404 ubi
3108 5350 3411 5407 abundavit
3439 5350 3719 5418 delictum,
3745 5368 3846 5410 su-

2137 5436 2474 5509 perabundet
2503 5440 2555 5494 et
2584 5439 2769 5505 gratia
2799 5437 2979 5508 (Rom.
3008 5436 3082 5508 v).
