4018 6176
109 250 239 303 1289

1246 244 1497 299 GLOSSA
1536 244 1937 300 ORDINABIA.
1979 273 2046 282 —
2086 245 2214 299 LIB.
2259 246 2478 301 lSAI/E.

3463 254 3597 309 i290

174 374 341 427 Vens.
391 373 475 426 19.
518 399 586 410 -
620 371 739 426 Νοη
770 370 828 422 in
857 367 1188 433 abscondito,
1218 371 1321 421 etc.
1361 367 1484 436 tio.)
1526 366 1671 421 Olim
1730 366 1788 419 in
1829 367 1871 420 A
1969 367 2137 421 Vens.
2183 369 2267 421 t0.
2300 396 2371 408 —
2428 368 2801 424 Annuntians.
2838 371 2941 424 Per
2969 371 3302 443 prophetas,
3357 378 3421 428 ut
3466 391 3597 431 cum

110 465 299 515 monte
349 458 506 513 Sinai
557 457 657 511 uni
686 462 909 510 tantum
972 456 1189 527 populo
1233 456 1376 510 dixit
1403 472 1415 509 :
1479 458 1595 512 Non
1644 459 1800 509 erunt
1907 455 2178 525 praedicta
2207 455 2520 527 implevero
2552 472 2655 526 per
2682 457 3113 526 divinationem,
3145 459 3201 514 id
3233 465 3316 515 est
3345 464 3599 533 prophe-

106 550 204 603 tibi
246 548 334 603 dii
377 548 547 602 alieni
601 545 804 616 (Exod.
843 544 961 615 xx).
1028 544 1398 615 Evangelium
1452 549 1641 597 autem
1698 557 1802 613 per
1908 547 2024 596 tam
2056 543 2460 613 praedicentem
2489 544 2702 605 futura,
2726 546 2961 615 probem
2990 547 3345 604 divinitatem
3387 566 3598 606 meam.

106 637 394 707 apostolos
445 634 713 689 omnibus
761 632 1030 703 gentibus
1082 631 1428 702 praedicavit,
1495 631 1685 685 unde:
1729 632 1802 684 In

107 741 307 781 omnem
340 730 546 779 terram
576 724 750 777 exivit
770 736 930 777 sonus
957 737 1137 775 eorum
1170 721 1331 790 (Psal.
1356 720 1527 789 xvm).

170 817 293 870 Non
323 814 473 867 dixi.
507 813 732 883 (Hien.)
760 809 1016 865 Primum
1042 808 1271 879 quidem
1295 809 1365 862 ad
1386 808 1609 861 Judmos
1643 806 1797 860 veni:

1981 633 2366 688 Nouissimam.
2414 635 2523 690 Nos
2550 649 2734 688 sumus
2763 637 2822 687 in
2851 650 2982 703 quos
3010 635 3145 705 fines
3173 640 3486 694 saeculorum
3517 640 3604 693 de-

1908 724 2171 774 venerunt
2199 723 2253 789 (Ι
2280 721 2397 777 Cor.
2447 721 2498 792 x)
2535 738 2546 774 :
2598 723 2663 775 Et
2701 722 2837 776 alibi
2870 740 2881 776 :
2918 724 2994 777 At
3018 724 3114 777 ubi
3141 728 3287 779 venit
3322 726 3603 793 plenitudo

1912 811 2165 877 temporis
2195 811 2346 863 misit
2375 812 2511 863 Deus
2533 811 2730 863 Filium
2786 825 2940 863 suum
2985 811 3109 880 (Gal
3163 814 3255 882 IV).
3308 814 3388 867 Et
3426 813 3605 868 Joan—

107 908 158 956 et
204 908 272 956 ut
346 901 612 956 umbram
670 899 814 969 legis
872 899 1280 968 relinquentes,
1347 896 1642 951 veritatem
1710 912 1802 950 se-
1908 911 2000 950 nes
2026 913 2038 949 :
2064 897 2265 964 Filioli,
2300 896 2508 967 inquit,
2542 900 2837 951 novissima
2876 898 3007 952 liora
3036 902 3113 952 est
3141 900 3196 969 (Ι
3221 902 3377 953 Joan.
3412 900 3496 969 ιι).

109 997 428 1061 querentur
448 986 746 1042 admonui.

176 1080 533 1133 Annuntians
562 1081 727 1130 recta.
785 1076 855 1128 Ut
915 1078 1173 1128 creatura
1230 1073 1554 1126 Creatorem
1590 1072 1801 1138 adoret,

107 1173 168 1220 ut
198 1165 417 1220 relictis
438 1164 638 1236 ﬁguris
661 1166 934 1233 sequatur
956 1162 1250 1216 veritatem
1307 1160 1623 1231 Evangelii.

172 1257 349 1310 Vens.
383 1256 478 1307 20.
514 1254 938 1308 --Nescierunt.
1007 1251 1324 1303 Noluerunt
1372 1249 1513 1325 scire
1571 1249 1805 1320 quidam

104 1346 467 1398 remanentes
508 1341 567 1394 in
597 1357 810 1407 errore,
871 1339 1307 1393 simulacrorum
1367 1337 1577 1391 scilicet
1633 1353 1807 1391 onere

104 1431 348 1503 gravati,
370 1435 424 1484 et
453 1434 747 1501 sperantes
772 1428 830 1481 in
861 1428 1069 1498 quibus
1101 1442 1217 1480 non
1246 1430 1332 1480 est
1366 1425 1543 1480 salus.

174 1522 345 1575 Vens.
381 1521 475 1575 2t.
513 1550 578 1558 —
609 1518 1007 1574 Consiliamini.
1046 1516 1115 1569 Ut
1144 1530 1343 1569 omnes
1368 1530 1472 1585 per
1523 1514 1808 1568 mundum

106 1616 309 1663 euntes
364 1608 516 1661 idem
566 1605 938 1660 annuntietis.
999 1604 1097 1658 llic
1142 1604 1296 1657 enim
1342 1604 1513 1657 simul
1578 1603 1805 1673 symbo—

103 1700 228 1752 lum
277 1698 728 1766 composuerunt
758 1693 827 1747 de
856 1691 1132 1747 Trinitate
1164 1696 1219 1745 et
1237 1692 1474 1757 unitate,
1518 1691 1587 1746 de
1643 1707 1800 1745 com-

105 1787 387 1842 munione
422 1783 705 1848 Ecclesim,
737 1782 806 1835 de
838 1780 1091 1852 generali
1122 1780 1551 1835 resurrectione.

179 1874 427 1931 Praedixi
456 1872 616 1927 illud.
641 1872 845 1925 Gentes
874 1885 995 1923 esse
1054 1870 1372 1937 salvandas,
1423 1869 1520 1923 sed
1586 1868 1800 1923 idolum

106 1965 254 2020 nihil
289 1979 409 2017 esse
438 1977 452 2015 :
484 1960 713 2032 quando
743 1959 967 2013 locutus
998 1974 1125 2013 sum
1156 1959 1419 2023 Abrahae,
1453 1958 1540 2012 vel
1571 1956 1803 2027 quando

103 2058 297 2124 legem
316 2052 465 2106 dedi.

182 2144 354 2196 Vens.
405 2143 499 2194 23.
559 2166 621 2177 —
677 2134 1021 2203 Egreditur:
1067 2132 1126 2189 in
1173 2133 1456 2188 mundum
1504 2130 1805 2186 visibiliter

104 2234 172 2288 in
205 2245 393 2285 carne.
436 2280 445 2293 η

186 2319 421 2373 Iustitia
449 2314 688 2379 verbum,
753 2312 905 2367 ﬁlius
932 2312 1114 2367 donec
1167 2309 1553 2365 obedientiam
1594 2308 1807 2378 imple-

106 2408 281 2473 verit,
331 2411 459 2471 etc.,
492 2419 661 2473 usque
716 2403 789 2456 ad
840 2402 993 2472 quod
1047 2400 1228 2455 Judaai
1284 2398 1552 2469 superbia
1599 2396 1808 2451 mentis

107 2498 574 2553 demonstrantes
605 2491 843 2546 omnino
876 2506 989 2543 non
1018 2488 1251 2543 faciunt.

186 2587 348 2639 Vens.
426 2583 516 2636 25.
578 2612 645 2620 —
704 2582 775 2634 In
797 2582 1019 2633 Domino
1077 2578 1236 2631 dicet.
1320 2576 1530 2630 Omnes
1609 2578 1809 2645 gentes

109 2676 291 2732 etiam
343 2672 628 2738 Barbarie,
682 2668 893 2723 nonin
951 2665 1272 2737 synagogis,
1308 2664 1405 2720 sed
1440 2664 1499 2718 in
1549 2661 1809 2719 Ecclesiis

106 2763 473 2821 conﬁtentes.

747 2826 971 2881 CAPUT
1010 2825 1185 2879 XLVI.

1984 985 2278 1039 Consilium
2310 1001 2323 1039 :
2359 984 2680 1038 redimendi
2734 985 3016 1039 mundum
3046 1002 3149 1057 per
3203 987 3428 1054 Filium,
3461 1004 3606 1059 qua-

1913 1072 1981 1137 si,
2014 1071 2315 1126 consilium
2348 1088 2540 1126 meum
2581 1077 2855 1126 statutum
2901 1090 3053 1128 nunc
3084 1075 3232 1141 dico,
3268 1081 3331 1131 ut
3358 1093 3488 1131 cum
3519 1078 3604 1132 vi-

1915 1160 2110 1214 deritis
2138 1161 2425 1227 effectum,
2457 1160 2643 1215 sciatis
2674 1162 2897 1216 nullum
2949 1178 3069 1218 esse
3116 1164 3295 1219 Deum
3345 1165 3457 1219 nisi
3503 1166 3603 1237 qui

1916 1248 2103 1302 futura
2135 1249 2404 1316 cognovit
2433 1254 2487 1303 et
2507 1250 2633 1303 ﬁeri
2663 1250 2953 1322 praecepit.

1985 1338 2148 1391 Vens.
2184 1342 2267 1393 11.
2304 1368 2369 1380 -
2406 1340 2615 1393 Vocans
2642 1339 2710 1392 ab
2741 1341 2944 1394 oriente
2962 1356 3113 1395 avem
3149 1357 3161 1396 :
3215 1342 3293 1413 (In
3322 1342 3337 1411 )
3386 1342 3605 1397 Secun-

1916 1425 2055 1480 dum
2087 1426 2356 1480 Hebraeos
2386 1428 2591 1497 Cyrum
2614 1444 2805 1497 regem
2832 1429 3155 1494 Persarum,
3187 1434 3316 1496 etc.,
3337 1446 3504 1499 usque
3532 1432 3607 1486 ad

1917 1519 1973 1569 et
2004 1531 2177 1586 quem
2230 1516 2375 1585 Magi
2407 1516 2476 1569 ab
2512 1516 2732 1570 oriente
2764 1516 3056 1571 venientes
3086 1519 3486 1575 adoravernnt.

1989 1604 2152 1657 Vens.
2194 1607 2275 1658 t2.
2310 1636 2370 1645 —-
2408 1606 2557 1659 Dura
2588 1606 2762 1660 corde.
2787 1606 2895 1670 Qui
2930 1623 3158 1678 semper
3195 1608 3455 1664 resistitis
3508 1627 3606 1665 ve-

1919 1691 2095 1759 ritati,
2124 1692 2314 1763 primo
2346 1694 2659 1764 prophetis,
2690 1695 2942 1761 tandem,
2977 1700 3033 1750 et
3061 1696 3223 1751 Filio.

2518 1781 2746 1837 CAPUT
2785 1782 2995 1837 XLVII.

1988 1870 2146 1923 Vens.
2212 1873 2257 1924 l.
2318 1898 2386 1907 —
2446 1871 2726 1937 Descende,
2812 1872 2954 1938 sede,
3010 1860 3115 1927 etc.
3194 1873 3406 1943 (litem)
3465 1876 3607 1941 Quia

1916 1974 2116 2012 omnes
2169 1963 2445 2012 creaturae
2512 1959 2612 2012 Dei
2647 1976 2871 2027 sumus;
2922 1977 3027 2015 nec
3069 1962 3233 2033 juxta
3286 1964 3605 2033 haereticos,

1916 2051 2121 2101 natura
2155 2045 2456 2116 Babylonis
2512 2047 2880 2112 damnabilis;
2942 2049 3030 2103 vel
3088 2050 3160 2104 ob
3220 2052 3506 2108 luxuriam
3554 2057 3612 2108 et

1917 2140 2185 2190 ornatum
2222 2134 2639 2206 potentissimas
2672 2136 2849 2205 urbis,
2890 2152 3017 2207 quae
3036 2139 3159 2209 jam
3191 2156 3360 2195 senex
3411 2147 3466 2197 et
3517 2143 3609 2197 vi-

1917 2222 2046 2277 cina
2064 2221 2287 2276 occasui
2318 2221 2711 2292 virgunculam
2741 2238 2799 2276 se
2830 2227 2888 2277 et
2910 2224 3162 2290 puellam
3195 2226 3390 2294 jactat.

1987 2312 2149 2365 Vens.
2177 2313 2229 2364 2.
2262 2340 2330 2352 —
2362 2311 2647 2375 Farinam,
2680 2310 2769 2363 vel
2800 2310 3009 2364 coitum
3067 2312 3260 2381 praebe
3317 2314 3492 2368 Medis
3554 2320 3611 2370 et

1921 2398 2131 2462 Persis,
2158 2398 2259 2469 qui
2291 2398 2350 2452 in
2384 2398 2489 2452 hoc
2519 2397 2925 2453 ferventissimi
2954 2405 3107 2454 sunt.
3135 2400 3461 2456 Secundum
3496 2404 3604 2458 hoc

1918 2486 2117 2542 dicunt
2164 2485 2403 2554 Hebraei,
2459 2486 2609 2556 quod
2672 2486 2984 2540 Philisthaei
3038 2488 3368 2543 Samsonem
3432 2491 3610 2546 erutis

1921 2575 2099 2629 oculis
2146 2574 2362 2628 molere
2414 2578 2747 2645 coegerunt,
2816 2574 2873 2628 id
2942 2579 3027 2629 est
3079 2593 3209 2631 cum
3268 2578 3606 2635 mulieribus

1920 2663 2037 2717 suis
2065 2662 2248 2728 coire,‘
2276 2667 2340 2716 ut
2368 2679 2437 2717 ex
2465 2679 2532 2717 eo
2580 2663 2933 2734 susciperent
2961 2663 3222 2719 homines
3284 2682 3507 2738 magnae
3560 2672 3617 2721 et

1920 2750 2265 2805 invincibilis
2292 2754 2544 2806 staturas.

1996 2841 2152 2893 Vens.
2213 2842 2270 2895 3.
2308 2867 2378 2880 —
2425 2840 2506 2893 Et
2549 2856 2656 2894 non
2705 2842 2936 2909 resistet,
2999 2842 3166 2905 sicut,
3225 2843 3442 2914 Moyses
3498 2845 3615 2900 Deo

188 2944 351 2995 Vens.
390 2943 440 2993 1.
487 2966 550 2977 -
612 2936 934 3001 Confractus
965 2938 1042 2987 est
1086 2933 1194 2987 Bel.
1228 2930 1460 2997 (lin-1n.)
1534 2930 1667 2983 Post
1712 2945 1808 2983 vo-
1840 2931 1881 2984 C
1917 2928 2131 2982 volenti
2159 2928 2347 2982 delere
2368 2927 2517 2981 ﬁlios
2548 2929 2744 2983 Israel.
2775 2929 3072 3000 Signiﬁcat
3118 2935 3309 2985 autem
3344 2932 3614 3001 angelum

112 3032 405 3088 cationem
428 3024 690 3097 gentium
724 3021 1027 3091 subjicitur
1056 3019 1363 3074 destructio
1396 3018 1702 3072 idolorum.

189 3116 362 3173 Nubo.
412 3112 569 3166 Nabo
622 3113 708 3163 est
769 3124 993 3173 aurum,
1050 3111 1178 3171 etc.,
1229 3120 1397 3173 usque
1456 3104 1528 3157 ad
1586 3108 1642 3156 et
1687 3120 1815 3173 pro-

114 3205 318 3278 phetia
374 3201 731 3263 daemonum,
805 3201 860 3249 et
911 3194 1187 3250 divinatio
1263 3208 1563 3263 magorum
1612 3191 1682 3246 ad
1722 3191 1815 3244 ni-

114 3296 304 3349 hilum
338 3290 713 3344 devenerunt.

194 3382 400 3435 Bestiis
425 3382 473 3431 et
496 3376 779 3445 jumentis.
820 3370 940 3441 (11).)
992 3370 1204 3425 Bestias
1251 3369 1407 3424 enim
1459 3374 1515 3423 et
1557 3369 1818 3439 jumenta

120 3467 458 3529 adorabant,
482 3469 539 3519 et
568 3462 726 3532 regio
746 3476 947 3515 eorum
976 3459 1262 3530 plerisque
1278 3457 1507 3528 oppidis
1534 3474 1598 3511 ex
1625 3456 1819 3511 bestiis

119 3564 180 3614 et
206 3548 1052 3626 jumentis,qute-adorabant,
1105 3547 1346 3601 nomina
1402 3546 1700 3616 imposuit,
1758 3551 1824 3599 ut

119 3646 361 3709 scilicet,
394 3644 639 3696 Leonata
670 3656 699 3693 a
733 3639 935 3703 Leone,
958 3642 1014 3690 et
1043 3636 1150 3689 alia
1178 3635 1526 3704 hujusmodi.

195 3736 369 3789 Vens.
402 3735 454 3785 2.
496 3760 564 3770 —
594 3730 673 3783 Et
706 3729 891 3781 anima
921 3741 1120 3779 eorum.
1156 3725 1279 3777 Non
1310 3723 1463 3793 quod
1519 3720 1824 3774 simulacra

120 3825 380 3881 habeant
399 3819 672 3882 animam,
707 3820 840 3882 etc.,
870 3829 1037 3883 usque
1057 3812 1131 3867 ad
1186 3827 1328 3882 quas
1360 3809 1590 3864 diabolo
1621 3813 1679 3862 et
1702 3808 1820 3863 da:-

125 3911 398 3968 monibus
428 3905 768 3975 subjugavit.

204 4002 362 4053 Vens.
437 3999 488 4051 3.
568 4024 636 4034 —
695 3995 890 4047 Domus
972 3989 1152 4044 Jacob.
1215 3989 1341 4042 Non
1398 3986 1535 4041 dicit
1628 3985 1821 4052 Jacob,

122 4088 280 4144 servi
354 4085 489 4152 mei,
569 4081 729 4136 electi
790 4080 904 4133 mei
961 4094 1089 4131 cum
1171 4075 1487 4147 adjectione
1564 4075 1820 4139 honoris,

124 4176 229 4231 sed
286 4171 659 4243 simpliciter:
723 4173 779 4222 et
843 4166 1156 4237 alloquitur
1220 4169 1495 4236 tanquam
1572 4164 1826 4218 carnales

123 4271 187 4319 et
218 4262 546 4316 recedentes
568 4275 598 4311 a
629 4256 915 4311 mandatis
944 4254 1076 4310 suis.

205 4353 315 4416 Qui
380 4348 700 4417 portamini.
779 4343 889 4408 Qui
971 4340 1275 4412 gestamini
1332 4344 1607 4410 tanquam
1684 4341 1832 4394 fetus

125 4442 443 4508 conceptus
500 4451 603 4506 per
671 4433 960 4487 desertum
1037 4446 1217 4501 usque
1279 4429 1349 4483 ad
1418 4434 1627 4483 terram
1695 4445 1831 4498 pro-

122 4526 441 4584 missionis.
516 4524 620 4577 Diu
696 4521 850 4575 enim
933 4518 1219 4590 patienter
1297 4534 1393 4571 eos
1467 4517 1828 4587 exspectavit,

124 4623 189 4671 et
248 4616 309 4668 in
370 4620 524 4667 terra
576 4607 993 4682 promissionis,
1067 4610 1123 4661 et
1178 4610 1304 4676 post
1358 4604 1682 4676 passionem
1732 4623 1834 4677 per

121 4706 278 4759 duos
299 4706 356 4755 et
381 4698 757 4770 quadraginta
790 4712 989 4749 annos.

208 4792 371 4844 Vens.
400 4791 450 4842 5.
474 4818 543 4827 —
567 4788 668 4842 Cui
690 4784 1089 4839 assimilastis?
1122 4783 1183 4836 In
1214 4797 1311 4835 eos
1344 4781 1631 4851 praecipue
1674 4782 1834 4837 inve-

124 4882 317 4944 hitur,
343 4876 444 4948 qui
465 4882 727 4945 tempore
753 4873 937 4927 Achaz
969 4876 1024 4925 et
1045 4858 1521 4925 Ezechielisidola
1537 4870 1838 4925 coluerunt

129 4972 195 5023 in
219 4966 452 5037 angulis
482 4965 831 5035 platearum,
865 4960 923 5013 in
947 4958 1147 5025 hortis,
1170 4958 1230 5011 in
1254 4956 1396 5010 lucis
1425 4957 1831 5026 superdomos.

204 5056 377 5108 Vens.
444 5055 496 5107 8.
553 5052 956 5105 —Mementote
986 5046 1154 5101 istud.
1212 5045 1352 5109 Quia
1410 5061 1508 5097 vos
1548 5045 1723 5115 genui
1781 5050 1838 5100 et

126 5158 322 5213 usque
372 5139 443 5194 ad
500 5142 789 5192 senectam
850 5133 1093 5204 portavi,
1185 5132 1428 5186 deserite
1486 5131 1641 5186 idola
1705 5148 1836 5204 qum

128 5229 372 5295 fecistis,
401 5232 455 5281 et
487 5226 558 5281 ad
584 5224 754 5279 unius
784 5222 879 5279 Dei
905 5222 1122 5276 cultum
1140 5218 1513 5274 rever.imini.

210 5317 311 5373 Ad
357 5332 465 5371 cor.
527 5313 910 5378 Intellectum,
973 5308 1074 5381 qui
1133 5307 1297 5380 quasi
1351 5307 1547 5362 bestiae
1596 5308 1835 5376 vixistis,

131 5404 449 5461 simulacra
474 5404 829 5467 venerantes,
867 5402 931 5452 ut
985 5395 1184 5452 furiosi
1214 5401 1273 5451 et
1326 5394 1483 5465 ligna
1521 5395 1581 5449 in
1622 5376 1875 5467 lapides'

133 5491 559 5565 impingentes.

498 5594 771 5661 PATROL.
825 5590 979 5657 CXII
987 5591 1035 5654 Ι.
1076 5561 1101 5584 ⁸

1925 3015 2196 3085 Babyloni
2230 3016 2647 3085 praepositum:
2703 3016 2802 3087 qui
2848 3033 2977 3071 cum
3012 3017 3140 3071 aliis
3199 3018 3320 3074 ait:
3382 3020 3614 3077 Curavi-

1922 3119 2040 3158 mus
2070 3105 2413 3172 Babylonem,
2447 3109 2496 3157 et
2524 3120 2629 3158 non
2659 3109 2736 3159 est
2764 3110 2981 3160 sanata.

1993 3194 2155 3248 Vens.
2182 3194 2232 3245 5.
2268 3222 2335 3232 —
2375 3194 2526 3248 Sede.
2578 3192 2777 3247 Sermo
2812 3194 2883 3247 ad
2941 3194 3289 3266 Babylonem
3349 3198 3615 3266 refertur,

1926 3284 1983 3334 et
2010 3280 2173 3351 quasi
2203 3280 2490 3351 quondam
2520 3280 2801 3351 reginam,
2830 3283 3001 3338 modo
3045 3284 3313 3340 ancillam
3363 3287 3619 3360 alloqui-

1925 3372 2037 3423 tur.
2071 3368 2211 3423 Sede
2256 3368 2490 3422 humilis
2539 3373 2596 3423 et
2648 3370 2795 3424 vilis.
2854 3373 2995 3426 Tace
3038 3378 3103 3427 ut
3134 3374 3313 3429 tristis
3358 3378 3618 3433 conside-

1930 3473 2061 3512 rans
2082 3456 2375 3512 miseriam
2406 3462 2593 3512 tuam.

2003 3547 2167 3602 Vens.
2201 3548 2252 3601 6.
2280 3577 2344 3586 —
2375 3547 2565 3602 Iratus
2590 3562 2727 3602 sum.
2753 3548 2991 3603 Causam
3025 3550 3213 3604 reddit
3235 3567 3412 3622 quare
3465 3553 3627 3609 Chal-

1932 3634 2086 3688 daeos
2115 3634 2192 3688 ita
2225 3634 2510 3702 afﬂixerit,
2539 3652 2610 3689 ne
2632 3636 2753 3689 sine
2784 3653 2952 3691 causa
2974 3637 3170 3693 fecisse
3202 3640 3506 3709 videretur,
3528 3644 3626 3714 qui

1929 3723 2075 3776 nihil
2130 3723 2253 3776 sine
2293 3738 2461 3776 causa
2521 3727 2819 3792 operatur;
2854 3730 2910 3777 et
2961 3732 3307 3794 cognoscant
3354 3730 3623 3798 Chaldaei,

1931 3810 2067 3881 quia
2096 3825 2211 3863 non
2238 3809 2295 3863 in
2348 3809 2564 3863 viribus
2590 3810 2707 3863 suis
2730 3817 3143 3879 superaverunt
3194 3817 3473 3885 populum
3504 3818 3624 3872 Dei.

2004 3899 2164 3953 Vens.
2196 3900 2253 3951 9.
2320 3926 2388 3938 --
2423 3898 2633 3954 Subito.
2668 3900 2741 3953 Ex
2795 3900 3107 3970 improviso
3175 3902 3429 3958 irruente
3482 3906 3627 3976 Cyro

1933 3992 1990 4042 et
2020 3988 2209 4041 Dario.
2246 3988 2368 4041 Non
2404 3986 2557 4041 enim
2616 3988 2908 4043 metuebat
2948 3994 3009 4043 ut
3055 4006 3087 4043 a
3129 3991 3300 4045 Medis
3339 3996 3393 4047 et
3446 3994 3630 4047 Persis

1934 4076 1989 4146 (q
2002 4075 2059 4130 ui
2086 4074 2241 4129 illius
2263 4075 2692 4145 comparatione
2726 4076 2941 4131 nullius
2962 4082 3127 4132 erant
3163 4079 3533 4148 fortitudinis,
3576 4091 3632 4137 et

1934 4162 2043 4235 ipsi
2066 4163 2326 4236 subjecti)
2357 4169 2550 4235 posset
2570 4164 2848 4235 superari.

2008 4254 2171 4308 Vens.
2212 4257 2392 4307 tl.—
2450 4254 2666 4309 Nescies
2722 4258 2919 4309 ortum.
2972 4256 3045 4309 Ex
3096 4255 3387 4328 insperato
3446 4258 3636 4314 veniet

1942 4341 2257 4410 calamitas,
2305 4357 2408 4396 nec
2461 4359 2491 4394 a
2543 4342 2725 4413 magis
2780 4359 2885 4399 nec
2934 4344 3143 4399 divinis
3198 4346 3490 4416 praedicta,
3542 4349 3634 4403 de-

1943 4436 2200 4502 spectum
2253 4430 2402 4485 enim
2435 4434 2491 4484 et
2517 4431 2835 4501 subjectum
2867 4433 3148 4505 populum
3192 4450 3307 4489 non
3333 4435 3631 4491 timebant.

2015 4521 2171 4573 Vens.
2208 4522 2291 4574 13.
2333 4549 2400 4559 -
2459 4523 2717 4589 Augures
2767 4523 2902 4576 coeti.
2959 4523 3265 4593 Astrologi,
3353 4524 3453 4594 qui
3534 4540 3638 4595 per

1943 4609 2132 4661 stellas
2182 4608 2568 4662 arbritrantur
2595 4610 2790 4663 omnia
2824 4610 2969 4680 regi.
3002 4611 3172 4675 Quasi
3214 4611 3403 4666 dicat:
3464 4612 3637 4676 Quasi

1945 4712 2058 4750 non
2093 4696 2469 4766 providerunt
2501 4698 2692 4752 omnia
2734 4698 2881 4752 tibi?
2925 4698 2989 4751 Hi
3046 4700 3216 4769 vulgo
3276 4701 3641 4771 appellantur

1945 4783 2355 4853 mathematici,
2441 4785 2542 4855 qui
2591 4802 2759 4839 cursu
2808 4792 3092 4841 astrorum
3152 4804 3240 4841 res
3319 4790 3639 4844 mundanas

1944 4877 2152 4942 putant
2181 4873 2327 4942 regi,
2361 4874 2512 4928 unde
2547 4890 2559 4927 :
2597 4874 2682 4929 Ab
2714 4876 2914 4928 oriente
2972 4878 3231 4929 venerunt
3275 4879 3429 4944 magi
3457 4877 3641 4932 dicen-

1948 4964 2064 5013 tes:
2133 4960 2385 5016 Vidimus
2446 4963 2659 5016 stellam
2708 4963 2826 5032 ejus
2873 4966 2933 5016 in
2979 4967 3180 5018 orimte
3246 4964 3488 5033 (Matth.)
3524 4967 3639 5032 Vel,

1949 5063 1981 5100 a
2012 5046 2281 5102 vaticinio
2319 5048 2544 5102 Balaam
2578 5050 2895 5119 provocati,
2933 5050 3032 5121 qui
3060 5051 3136 5105 ait
3169 5068 3183 5105 :
3217 5052 3434 5107 Orietur
3490 5055 3646 5109 stella

1946 5151 2012 5189 em
2041 5137 2203 5190 Iacob
2236 5137 2420 5207 (Num.
2455 5143 2625 5205 xxrv).

2018 5224 2179 5278 Vens.
2230 5226 2317 5279 lvi.
2346 5254 2415 5265 —
2461 5227 2619 5281 Facti
2664 5232 2791 5281 sunt
2834 5229 2997 5297 quasi
3037 5227 3263 5296 stipula,
3311 5232 3418 5281 etc.
3474 5228 3643 5285 LXX:

1948 5311 2173 5366 Habens
2210 5312 2483 5368 carbones
2521 5314 2694 5385 ignis,
2729 5315 2951 5370 sedebis
2985 5331 3156 5386 super
3204 5330 3322 5381 eos,
3355 5314 3416 5369 hi
3478 5320 3651 5369 erunt

1946 5398 2054 5453 tibi
2086 5399 2145 5453 in
2178 5399 2548 5468 adjutorium.
2585 5402 2777 5469 Quasi,
2804 5402 3075 5457 Gazareni
3102 5405 3157 5455 et
3211 5401 3364 5471 magi
3398 5418 3503 5473 per
3559 5418 3649 5457 er-

1946 5502 2137 5542 rorem
2204 5486 2429 5543 ducunt
2472 5494 2522 5543 te
2565 5492 2631 5545 ad
2674 5490 3021 5560 superbiam.
3069 5488 3405 5544 Incendium
3456 5493 3650 5545 autem

3266 5600 3339 5655 41
