4018 6176
0 2452 4 2542 Ι

0 2867 2 2976 ἱ

419 215 542 268 1291

1036 209 1433 265 \VALAFRIDI
1473 205 1719 262 STRABI
1758 206 1954 264 FULD.
1997 205 2160 262 NON.
2203 204 2363 261 ΟΡΡ.
2399 205 2574 261 PARS
2612 202 2655 259 ῐ.
2684 232 2752 244 -
2791 203 3244 258 THEOLOGICA.

3778 201 3911 254 1292

416 329 720 402 Babylonis
780 344 883 401 per
955 328 1234 399 supplicia
1299 333 1460 382 vocat
1534 327 1603 381 ad
1679 325 2100 398 paenitentiam.
2131 333 2177 382 Α
2289 327 2450 381 Vens.
2488 330 2570 381 17.
2605 355 2672 364 -
2711 327 2824 392 Ego
2854 326 3131 380 Dominus.
3163 324 3272 388 Qui
3302 325 3475 379 Israel
3533 324 3726 379 futura
3782 340 3912 394 pro-

1017 417 1243 471 CAPUT
1275 416 1500 470 XLVIII.
2125 477 2128 480 ,

487 507 645 561 Vens.
683 510 730 561 1.
758 535 826 544 —-
855 505 1057 560 Audite
1081 506 1206 558 hac.
1246 505 1448 575 (Hii-3n.)
1492 504 1854 558 Consuetudo
1915 506 1999 556 est
2048 507 2110 556 ut

413 595 644 666 quando
676 594 868 664 agitur
895 593 964 646 de
1012 593 1225 646 carnali
1253 594 1444 657 Israel,
1491 591 1827 662 simpliciter
1877 596 1932 644 et
1985 590 2108 644 sine

415 681 665 738 nominis
695 681 1014 750 adjectione
1049 681 1220 736 Jacob
1251 682 1334 734 vel
1367 681 1536 735 lsrael
1569 680 1810 748 dicatur,
1856 679 2002 733 sicut
2049 679 2106 732 in

417 773 522 825 hoc
551 771 693 835 loco,
727 768 824 822 ubi
855 783 952 822 eos
983 769 1318 840 alloquitur,
1345 769 1448 841 qui
1476 767 1710 823 nomine
1743 772 1907 822 tenus
1939 766 2108 821 Jacob

417 859 500 911 vel
525 857 694 911 Israel
725 856 1112 926 appellantur.

487 948 557 999 Et
605 944 672 998 de
730 946 891 1012 aquis
949 945 1114 999 Juda.
1171 945 1328 999 Judze
1388 944 1519 998 facit
1569 943 1940 1008 mentionem,
1973 941 2108 1013 quia

418 1032 615 1086 decem
686 1031 948 1086 tribubus
1013 1033 1331 1104 captivalis,
1389 1032 1531 1087 Juda
1587 1037 1644 1087 et
1714 1029 2010 1102 Benjamin
2053 1034 2109 1084 et

420 1120 623 1174 Levita;
647 1120 705 1173 in
737 1125 888 1174 terra
920 1120 1314 1192 promissionis
1345 1120 1671 1186 manebant,
1698 1125 1754 1174 et
1785 1134 1980 1188 regem
2039 1120 2108 1174 de

415 1208 559 1263 Juda
589 1209 892 1264 habebant.

489 1298 644 1349 Vens.
675 1298 727 1349 2.
761 1326 827 1336 -
861 1299 933 1350 De
956 1298 1176 1350 civitate
1201 1300 1338 1351 enim
1362 1302 1579 1351 sancta.
1636 1296 1760 1366 (lo.)
1809 1297 1885 1350 Ac
1917 1295 1964 1349 si
2021 1294 2107 1349 di-

415 1391 496 1437 cat
535 1401 548 1438 :
576 1384 931 1438 Habitatores
959 1385 1272 1439 Jerusalem
1297 1400 1395 1439 vos
1420 1401 1543 1439 esse
1585 1384 1825 1454 jactatis,
1881 1393 1936 1437 et
1993 1384 2105 1437 Do-

417 1473 555 1526 mini
603 1471 852 1526 Sabaoth
879 1473 1089 1526 habere
1129 1473 1518 1543 privilegium,
1563 1488 1690 1526 cum
1724 1487 1879 1526 cassa
1931 1471 2104 1537 vobis,

413 1559 604 1625 Jacob,
636 1560 825 1623 Israel,
853 1565 910 1614 et
939 1566 1144 1614 sanctte
1190 1561 1362 1627 urbis,
1408 1561 1507 1614 Dei
1558 1560 1968 1630 omnipotentis
2024 1575 2106 1611 as-

414 1649 652 1702 sumatis
683 1649 976 1702 vocabula.

488 1741 642 1794 Vens.
703 1743 754 1794 3.
809 1771 876 1778 -—
935 1742 1124 1794 Priora
1186 1743 1400 1794 emtunc.
1461 1739 1702 1794 Prmdixi
1768 1739 2105 1810 Babylonios

302 1846 315 1858 ·
411 1828 786 1900 superandos,
817 1832 873 1881 et
931 1834 1167 1898 repente
1193 1828 1394 1882 faciam
1437 1828 1590 1898 quod
1640 1828 1890 1881 minatus
1928 1843 2054 1880 sum
2089 1843 2102 1880 :

414 1923 475 1969 ut
503 1932 632 1970 cum
666 1916 927 1970 venerint
959 1931 1086 1986 quae
1118 1915 1388 1985 prmdicta
1442 1920 1591 1980 sunt,
1628 1916 1768 1970 scias
1824 1932 1926 1970 nec
1985 1915 2102 1969 for-

413 2005 556 2058 tuito
590 2021 691 2057 nec
711 2003 950 2057 deorum
979 2009 1210 2057 tuorum
1245 2009 1389 2057 nutu
1411 2003 1700 2057 accidisse.

486 2095 676 2146 Priora
700 2092 986 2158 miracula,
1019 2090 1231 2144 scilicet
1256 2107 1384 2162 quae
1416 2091 1521 2144 feci
1569 2091 1627 2144 in
1687 2092 1873 2146 medio
1904 2108 2102 2146 eorum

411 2197 474 2232 ex
525 2197 638 2250 quo
670 2178 739 2232 ab
789 2179 1028 2248 Algypto
1061 2178 1340 2245 exierunt,
1371 2183 1429 2232 et
1486 2178 1827 2233 imminente
1874 2180 2104 2249 captivi-

406 2272 519 2320 tate
587 2285 618 2321 a
686 2267 1246 2320 Nabuchodonosor:
1326 2281 1477 2320 nunc
1527 2272 1719 2321 autem
1791 2271 2101 2336 antequam

408 2355 765 2424 captiventur
797 2353 1056 2425 praedicit
1118 2369 1318 2408 eorum
1364 2354 1762 2408 liberationem
1825 2360 1880 2408 et
1937 2355 2100 2408 Chal-

409 2445 662 2497 daeorum
720 2443 1126 2507 vastationem;
1192 2443 1343 2497 unde
1410 2448 1644 2514 repente
1712 2443 1921 2497 scilicet
1971 2459 2100 2515 qute

408 2538 646 2584 ventura
678 2530 928 2601 praedico
962 2534 1227 2600 operatus
1259 2547 1405 2584 sum.

478 2619 644 2673 Vens.
682 2620 733 2672 4.
769 2649 836 2659 -
863 2619 1068 2674 Nervus
1089 2621 1326 2686 ferreus.
1364 2618 1504 2672 llinc
1531 2618 1852 2688 Stephanus
1885 2636 1897 2673 :
1959 2620 2099 2675 dura

403 2711 603 2762 cervice
627 2714 675 2761 et
701 2709 1067 2762 incircumcisi
1082 2707 1336 2762 cordibus
1377 2708 1531 2775 (Act.
1563 2707 1719 2775 xvn.)

476 2794 649 2848 Frons
702 2800 792 2848 tua
839 2809 1022 2847 aerea:
1089 2793 1238 2846 unde
1298 2793 1552 2847 Ezechiel
1600 2811 1612 2847 :
1662 2795 1844 2848 Omnis
1899 2797 2098 2865 quippe

404 2882 590 2936 domus
623 2882 789 2936 Israel
850 2884 1046 2935 attrita
1089 2885 1268 2948 fronte
1316 2887 1394 2935 est
1444 2883 1656 2952 (Ezech.
1713 2884 1810 2951 ιιι).
1863 2889 1970 2937 etc.
2034 2885 2099 2938 Et
2128 2891 2168 2945 C

402 2967 673 3022 Jeremias
703 2983 715 3020 :
751 2968 924 3021 Frons
948 2968 1192 3020 mulieris
1215 2969 1508 3022 meretricis
1537 2970 1690 3035 facta.
1712 2975 1787 3023 est
1835 2970 1953 3036 tibi,
2003 2985 2098 3024 no-

404 3058 557 3110 luisti
581 3056 884 3110 erubescere
907 3057 1036 3120 (Jer.
1081 3057 1176 3124 ml.

474 3145 634 3198 Vens.
670 3148 721 3196 6.
757 3175 819 3183 ——
872 3147 938 3198 Et
975 3148 1287 3198 conservata
1313 3149 1458 3198 sunt.
1491 3143 1660 3208 Quasi
1714 3145 1864 3199 dicat
1904 3163 1916 3198 :
1969 3145 2098 3199 Plu-

404 3233 547 3286 rima
579 3233 1022 3286 annuntiaturus
1079 3249 1258 3299 eram,
1293 3233 1387 3287 sed
1446 3232 1580 3302 quia
1610 3249 1728 3288 non
1782 3234 2100 3288 recordaris

403 3336 532 3390 qua:
565 3320 710 3387 dico,
741 3337 868 3390 quae
896 3321 1152 3374 dicturus
1185 3337 1339 3374 eram
1367 3337 1610 3374 reservo.

478 3407 630 3461 Vens.
668 3410 720 3460 9.
751 3436 823 3447 —
854 3409 1085 3475 Propter
1109 3423 1296 3462 nomen
1327 3424 1521 3462 meum.
1565 3409 1791 3463 Scilicet
1849 3426 1921 3463 ne
1978 3412 2096 3464 vio-

405 3497 617 3549 laretur
650 3511 662 3549 :
697 3496 849 3562 longe
875 3497 1114 3562 faciam;
1135 3498 1279 3563 feci:
1323 3496 1537 3550 scilicet
1583 3495 1836 3550 furorem
1903 3514 2096 3553 meum

405 3599 476 3636 ne
505 3583 896 3654 disperderem
925 3589 1140 3655 tc,qua
1183 3583 1430 3638 adorasti
1491 3585 1775 3639 vitulum:
1837 3591 1887 3640 et
1935 3586 2099 3640 laude

403 3687 519 3725 mea
551 3672 632 3740 (ut
662 3687 752 3725 me
779 3673 992 3726 scilicet
1026 3673 1310 3742 laudares)
1349 3690 1361 3727 :
1400 3674 1697 3740 Infrenabo
1720 3678 1768 3728 te
1789 3673 1913 3744 lege
1946 3691 2093 3728 mea.

474 3760 632 3814 Vens.
669 3763 754 3814 10.
789 3789 856 3800 -
885 3761 946 3814 In
979 3763 1196 3816 camino
1249 3763 1614 3830 paupertatis.
1649 3761 1780 3830 (Ιυ.)
1829 3763 2091 3831 Purgan-

401 3847 473 3901 do
531 3864 634 3917 per
688 3853 1107 3918 paupertatem,
1150 3848 1372 3902 divitias
1422 3854 1547 3902 tuas
1591 3848 1780 3903 dando
1801 3848 2094 3916 hostibus;

400 3937 487 3990 vel
519 3937 575 3990 in
601 3937 857 4007 Egypto,
893 3937 991 3990 ubi
1023 3937 1340 3990 ostenditur
1397 3937 1608 3990 divitiis
1655 3943 1712 3991 et
1754 3944 2094 4008 paupertate

401 4025 706 4095 plerosque
733 4025 962 4078 tentari.

472 4113 640 4165 Vens.
714 4116 793 4166 1'2.
843 4141 912 4152 —
965 4112 1120 4166 Audi
1165 4129 1266 4179 me,
1343 4113 1538 4166 Jacob.
1602 4113 1810 4181 (Hien.)
1869 4113 2090 4168 Eisdem

399 4201 581 4255 adhuc
604 4201 876 4271 loquitur,
900 4204 1029 4268 etc.,
1060 4216 1228 4268 usque
1253 4201 1326 4254 ad
1347 4201 1440 4254 sed
1463 4206 1688 4255 vocatos
1707 4202 1978 4272 appellat.

473 4290 636 4343 Vens.
694 4291 876 4342 14.-
924 4291 1338 4356 Cougregamini
1367 4304 1543 4343 omnes
1573 4305 1685 4344 vos.
1745 4290 1894 4354 Quid
1952 4307 2088 4361 ergo

397 4377 677 4445 gloriatur
703 4381 856 4430 terra
881 4381 936 4430 et
955 4376 1098 4430 cinis
1119 4381 1174 4430 et
1208 4377 1479 4446 ignorans
1500 4378 1865 4450 fragilitatem
1890 4395 2049 4434 suam
2063 4381 2091 4433 ‘l

466 4465 834 4518 Annuntiavil
865 4465 992 4518 haec.
1034 4463 1194 4528 Quod
1229 4466 1406 4534 Cyrus
1445 4466 1790 4536 Babylonem
1827 4468 2084 4523 destrue-

397 4556 501 4614 ret,
547 4551 632 4603 vel
655 4551 791 4622 quia
818 4551 989 4605 Filius
1030 4568 1190 4605 meus
1207 4551 1277 4606 de
1302 4551 1522 4621 virgine
1557 4555 1876 4609 nasciturus
1915 4560 2082 4610 esset.

465 4641 726 4692 Dominus
777 4639 972 4692 dilexit
1009 4655 1148 4694 eum.
1212 4641 1339 4694 Haec
1389 4641 1620 4711 proprie
1677 4643 1744 4695 ad
1797 4643 2084 4698 Christum

392 4723 702 4794 pertinent.
760 4725 1004 4777 Possunt
1056 4729 1248 4779 tamen
1283 4726 1354 4780 ad
1388 4727 1597 4796 Cyrum
1657 4727 1856 4782 referri
1910 4734 1966 4783 et
2011 4731 2080 4784 ad

392 4811 623 4864 Darium
656 4827 836 4881 usque
867 4811 938 4865 ad
977 4811 1163 4867 locum
1199 4813 1361 4867 illum
1406 4829 1420 4868 :
1456 4816 1664 4869 Directa
1693 4819 1770 4869 est
1794 4818 1888 4869 via
1940 4818 2077 4884 ejus.

460 4900 625 4955 Suam
662 4916 675 4954 :
709 4899 845 4970 quia
875 4899 1060 4971 capiet
1107 4916 1253 4956 eam.
1292 4901 1406 4967 Vel,
1443 4901 1615 4956 Filius
1655 4902 1711 4956 in
1736 4904 1950 4957 mundo
1998 4921 2082 4958 re-

387 4989 662 5044 dimendo
693 5004 850 5056 eum,
904 4988 1092 5060 quiet
1135 4989 1430 5044 Chaldaeos
1475 4990 1714 5059 (scilicet
1766 4991 2078 5063 dwmoncs)

385 5079 570 5150 ejecit,
624 5079 796 5148 unde,
824 5080 1077 5148 princeps
1117 5077 1280 5146 hujus
1312 5077 1504 5131 mundi
1527 5080 1772 5147 ejiciatur
1797 5083 1971 5146 foras.

455 5168 727 5222 Venutii.
761 5196 828 5206 -—
893 5166 1095 5222 Vocavi
1139 5182 1275 5219 eum.
1334 5165 1540 5236 Cyrum
1573 5167 1658 5221 vel
1715 5167 1916 5235 lilium,
1975 5185 2078 5240 per

385 5252 706 5309 Gabrielem
731 5253 926 5309 dicens
957 5269 970 5308 :
1001 5255 1071 5310 Et
1099 5255 1316 5309 vocabis
1345 5269 1535 5308 nomen
1563 5257 1680 5325 ejus
1699 5257 1896 5311 Iesum.

454 5348 616 5401 Vens.
668 5354 746 5404 t6.
798 5381 865 5390 ο-
935 5352 1089 5406 Misit
1161 5367 1263 5406 me.
1315 5351 1440 5422 (lo.)
1496 5353 1692 5407 Totam
1739 5353 2074 5410 Trinitatem

379 5433 651 5498 breviter,
677 5437 844 5505 plene
865 5443 920 5494 et
959 5444 1154 5508 aperte
1183 5438 1506 5512 distinguit.

2119 4165 2162 4219 Π

2219 414 2408 468 mitto.
2433 414 2638 469 Reddit
2657 429 2885 468 causam
2918 429 3095 484 quare
3126 428 3224 467 eos
3251 412 3413 484 prius
3443 412 3733 467 afﬂixerit.

2295 503 2456 555 Vens.
2484 504 2570 555 2t.
2599 531 2666 541 —
2689 501 2803 556 Non
2824 503 3096 556 sitierunt.
3132 501 3262 572 (11).)
3296 502 3374 556 De
3402 503 3640 573 Egypto
3670 502 3910 555 venien-

2217 589 2372 644 tibus
2387 589 2454 644 ad
2470 590 2740 655 litteram,
2767 594 2897 660 etc.,
2917 605 3086 659 usque
3106 591 3181 644 ad
3203 591 3389 644 satiati
3417 605 3567 661 aqua
3585 589 3904 660 sapientiae.

2289 678 2464 734 Scidit
2517 683 2750 749 petram.
2787 680 2952 734 Petra
2989 684 3113 733 erat
3166 677 3444 734 Christus.
3496 678 3788 733 Scinditur
3848 678 3910 731 in

2217 771 2408 836 partes
2439 782 2626 820 sermo
2654 767 2899 833 divinus,
2930 772 2991 820 ut
3013 783 3186 838 quem
3227 773 3412 822 totum
3463 769 3747 839 suscipere
3793 783 3908 821 non

2216 869 2544 925 possumus,
2575 870 2679 925 per
2704 858 2894 925 partes
2916 871 3231 909 sumamus.

2287 945 2367 996 Et
2391 943 2672 1002 ﬂuxerunt
2701 959 2873 1012 aquae.
2940 945 3084 997 Unus
3107 945 3341 998 militum
3372 945 3556 997 lancea
3590 945 3734 998 latus
3788 945 3912 1012 ejus

2216 1035 2448 1099 aperuit,
2480 1035 2531 1085 et
2558 1034 2808 1084 continuo
2848 1033 3021 1084 exivit
3067 1033 3291 1097 sanguis
3340 1037 3536 1086 nostra
3588 1031 3909 1100 redemptio-

2215 1121 2320 1183 nis,
2355 1124 2404 1173 et
2430 1135 2576 1188 aqua
2623 1120 2902 1189 baptismi,
2933 1118 3284 1190 baptismum
3334 1123 3389 1172 et
3419 1119 3756 1189 martyrium
3803 1119 3907 1173 de-

2219 1206 2414 1261 dicans
2435 1208 2621 1262 nobis.

2491 1307 2494 1313 -
2847 1279 3070 1331 CAPUT
3109 1278 3282 1332 XLIX.

2291 1385 2445 1439 Vens.
2478 1389 2525 1439 l.
2561 1415 2626 1425 --
2674 1384 2879 1439 Audite
2929 1385 3137 1437 msulae.
3190 1386 3400 1453 (HIER.)
3469 1387 3595 1438 Post
3640 1384 3909 1455 reliquia-

2219 1473 2532 1526 rumlsrael
2553 1474 2906 1526 vocationem
2941 1476 2997 1524 et
3025 1471 3346 1525 intidelium
3381 1472 3759 1540 ohjectionem
3815 1472 3910 1538 (de

2219 1561 2448 1632 quibus,
2470 1562 2588 1616 Non
2618 1565 2696 1613 est
2731 1575 2847 1628 pax
2873 1562 3080 1627 impiis,
3104 1561 3239 1613 dicit
3260 1562 3565 1625 Dominus),
3597 1560 3700 1613 sub
3749 1559 3910 1614 insu-

2219 1651 2400 1702 larum
2423 1649 2652 1703 nomine
2677 1647 2986 1718 alloquitur
3011 1649 3066 1701 in
3105 1664 3346 1719 persona
3377 1649 3501 1702 Filii
3536 1648 3808 1702 Ecclesiae
3836 1649 3907 1701 de

2216 1737 2503 1804 gentibus.

2287 1827 2447 1880 Vens.
2503 1829 2556 1880 2.
2616 1855 2688 1867 —
2749 1827 3011 1881 Gladium
3075 1832 3312 1880 acutum.
3365 1828 3481 1881 Non
3539 1829 3662 1878 cmii
3717 1841 3905 1895 pacem

2214 1917 2442 1982 mittere,
2467 1915 2560 1969 sed
2579 1915 2824 1983 gladium
2851 1915 3072 1986 (Matth.
3127 1919 3202 1982 Χ),
3252 1915 3432 1968 malos
3476 1915 3687 1968 scilicet
3715 1930 3746 1967 a
3800 1914 3904 1967 ho-

2216 2002 2304 2056 nis
2339 2018 2626 2073 separans.

2285 2091 2445 2145 Vens.
2482 2095 2531 2146 3.
2564 2121 2635 2131 —
2688 2092 2997 2145 Gloriabor.
3033 2090 3190 2154 Quod
3221 2106 3337 2144 non
3400 2090 3457 2142 in
3507 2089 3631 2144 aliis
3680 2091 3855 2143 servis
3891 2108 3904 2144 :

2214 2182 2374 2234 Pater
2448 2180 2757 2250 gloriﬁcavi
2846 2195 3035 2234 nomen
3097 2182 3274 2249 (Joan.
3358 2179 3518 2248 xvii.)
3580 2179 3646 2233 Et
3717 2178 3903 2232 alibi:

2217 2269 2478 2336 Exsurge,
2513 2269 2690 2335 gloria
2711 2284 2827 2322 mea
2859 2269 3026 2332 (Psal.
3057 2267 3188 2338 va),
3219 2274 3326 2322 etc.

2282 2358 2441 2410 Vens.
2468 2357 2520 2410 4.
2546 2387 2613 2395 —
2633 2359 2703 2410 Et
2730 2371 2824 2423 ego
2853 2356 2977 2410 dimi
3005 2357 3130 2426 (10.)
3160 2355 3334 2419 Quasi
3365 2355 3510 2409 dicat
3539 2371 3552 2408 :
3600 2354 3907 2419 Quomodo

2210 2449 2265 2498 te
2287 2444 2618 2515 gloriﬁcavi,
2655 2445 2755 2516 qui
2785 2460 3053 2514 magnam
3085 2451 3308 2514 partem
3332 2445 3663 2499 Judmorum
3726 2444 3794 2498 ad
3847 2451 3903 2497 te

2210 2548 2475 2587 revocare
2535 2549 2650 2587 non
2712 2533 2908 2602 potui?
2966 2533 3065 2587 llic
3113 2537 3304 2586 autem
3378 2532 3589 2586 librum
3653 2531 3908 2586 hominis

2209 2626 2563 2676 monstratur
2621 2620 2969 2675 arbitrium:
3037 2621 3135 2675 Dei
3192 2621 3347 2675 enim
3387 2626 3470 2675 est
3516 2637 3739 2687 vocare,
3796 2637 3904 2674 no-

2209 2715 2387 2764 strum
2420 2710 2672 2775 credere,
2706 2710 2829 2780 ipso
2861 2715 3052 2764 tamen
3075 2709 3400 2780 adjuvantc,
3425 2713 3509 2775 ut,
3535 2709 3676 2779 justi
3709 2710 3908 2762 volun-

2208 2799 2335 2852 tatis
2365 2799 2674 2869 praémium
2706 2802 3154 2868 consequantur.

2279 2890 2423 2956 Ergo
2480 2887 2778 2955 judicium,
2835 2892 2939 2941 etc.
2986 2889 3113 2957 (ιο.)
3154 2887 3437 2942 Judicabit
3486 2889 3652 2942 Pater
3711 2891 3905 2942 utrum

2210 2977 2405 3030 omnia
2460 2976 2690 3030 fecerim
2732 2975 2811 3029 eis
2863 2991 2993 3047 quae
3057 2975 3228 3028 debui
3264 2990 3277 3028 :
3310 2976 3667 3041 Manifestavi
3712 2991 3904 3029 nomen

2211 3068 2360 3118 tuum
2421 3064 2726 3118 hominibus
2749 3078 2880 3132 quos
2933 3062 3136 3116 dedisti
3191 3063 3346 3118 mihi.
3394 3063 3458 3116 Et
3490 3061 3660 3117 alibi:
3699 3065 3808 3129 Ego
3855 3070 3903 3116 te

2207 3153 2512 3222 gloriﬁcavi
2538 3167 2702 3222 super
2723 3156 2924 3206 terram
2945 3150 3102 3220 (Joan
3151 3154 3302 3217 xm).

2280 3241 2426 3310 Opus
2457 3256 2651 3294 meum.
2676 3239 2789 3293 Alii
2825 3255 2837 3292 :
2875 3238 3060 3292 Labor
3090 3243 3147 3292 et
3169 3239 3328 3293 dolor
3349 3253 3511 3292 meus
3538 3255 3551 3292 :
3579 3239 3717 3310 quia
3743 3239 3906 3292 ﬂevit

2207 3327 2517 3394 civitatem,
2551 3333 2609 3382 et
2637 3327 2717 3381 ait
2737 3327 2796 3381 in
2833 3328 3058 3381 Psalmo
3091 3344 3105 3381 :
3139 3326 3266 3392 Quae
3291 3329 3501 3381 utilitas
3541 3331 3597 3381 in
3628 3331 3906 3394 sanguine

2207 3416 2356 3469 meo?
2377 3417 2544 3480 (Psal.
2572 3418 2745 3482 xxxx.)
2776 3417 2943 3468 Juxta
2974 3415 3334 3480 llebraicum,
3366 3416 3622 3486 pendens
3648 3417 3704 3469 in
3727 3433 3900 3470 cruce

2210 3496 2374 3574 longe
2404 3519 2436 3556 a
2465 3505 2645 3556 salute
2677 3519 2802 3557 mea
2838 3503 3315 3558 lamentationum
3348 3519 3627 3558 mearum.

2282 3593 2440 3646 Vens.
2458 3595 2584 3646 5.—
2607 3593 2976 3660 Glorifleatus.
3003 3592 3171 3656 Quasi
3195 3592 3371 3646 dicat:
3388 3593 3504 3663 Ego
3521 3593 3750 3647 Judazos
3772 3609 3902 3664 per-

2206 3680 2347 3744 didi,
2377 3681 2471 3735 sed
2511 3681 2864 3751 gloriﬁcatus
2891 3697 3016 3734 sum
3050 3681 3106 3734 in
3135 3681 3426 3750 gentibus,
3452 3681 3624 3747 unde,
3649 3685 3787 3736 Data
3818 3688 3898 3736 est

2206 3771 2342 3823 mihi
2365 3773 2536 3824 omnis
2563 3775 2806 3840 potestas
2827 3773 2885 3823 in
2916 3771 3040 3824 cozlo
3069 3774 3118 3822 et
3145 3773 3199 3823 in
3233 3775 3398 3825 terra.
3431 3770 3645 3838 (Matth.
3680 3773 3894 3841 xxvm).

2277 3861 2434 3912 Vens.
2469 3889 2535 3897 ——
2574 3864 2624 3912 7.
2687 3859 3089 3912 Abominatam.
3145 3859 3432 3912 Christum
3489 3863 3546 3911 et
3598 3859 3901 3913 Nazaramos

2204 3947 2348 4016 ejus,
2374 3963 2519 4016 quos
2557 3947 2812 4016 quotidie
2855 3946 3034 4000 Judaei
3061 3946 3122 3999 in
3163 3947 3470 4016 synagogis
3521 3947 3892 4013 maledicunt,

2204 4036 2338 4105 quia
2360 4043 2594 4106 propter
2608 4051 2702 4088 eos
2732 4051 2996 4104 regnum,
3017 4035 3204 4088 locum
3229 4041 3283 4088 et
3307 4039 3536 4105 gentem
3555 4037 3898 4090 amiserunt-

2274 4123 2468 4190 Reges.
2502 4123 2786 4193 Propheta
2817 4123 2886 4176 ad
2930 4123 3156 4177 Filium.
3192 4126 3356 4191 Reges
3394 4124 3654 4180 videbunt
3710 4130 3765 4178 te
3801 4141 3897 4177 ve-

2202 4210 2455 4264 nientem
2487 4211 2555 4264 ad
2583 4211 2862 4281 judicium
2890 4228 2903 4265 :
2935 4213 3121 4278 Reges,
3154 4211 3367 4266 scilicet
3410 4213 3649 4283 apostoli
3698 4219 3757 4267 ct
3801 4213 3901 4267 alii

2200 4299 2298 4369 qui
2326 4315 2454 4352 cum
2483 4299 2721 4353 Domino
2751 4299 3108 4369 judicabant.

2273 4387 2433 4440 Vens.
2465 4389 2516 4440 8.
2541 4415 2607 4427 —
2631 4387 2702 4439 In
2735 4392 2965 4456 tempore
2992 4388 3214 4455 placito.
3277 4387 3582 4453 Passionis,
3635 4404 3896 4442 resurre-

2197 4475 2420 4540 ctionis,
2447 4474 2504 4527 in
2529 4491 2644 4545 quo
2666 4474 2881 4544 placuit
2903 4476 3016 4528 Deo
3039 4475 3320 4529 redimere
3343 4491 3524 4544 genus
3547 4475 3895 4530 humanum.

2260 4563 2419 4617 Vens.
2459 4565 2542 4616 16.
2595 4591 2664 4602 -
2712 4564 2852 4617 Ecce
2902 4565 2958 4616 in
2996 4564 3265 4627 manibus,
3326 4569 3432 4618 etc.
3490 4565 3614 4632 llo.)
3662 4565 3736 4618 Ex
3789 4565 3898 4618 hoc

2196 4651 2468 4706 discimus
2487 4652 2796 4706 Jerusalem
2828 4651 2887 4705 in
2941 4651 3175 4721 regione
3226 4653 3544 4706 Palaestinae
3600 4669 3712 4707 non
3769 4669 3896 4706 esse

2195 4740 2565 4810 quaerendam
2600 4756 2612 4794 :
2642 4755 2771 4810 qua:
2796 4740 2967 4794 totius
2987 4739 3297 4810 provincim
3319 4741 3628 4796 deterrima
3649 4747 3704 4795 et
3727 4757 3897 4795 saxo-

2194 4828 2270 4881 sis
2301 4829 2591 4883 montibus
2621 4833 2953 4900 exasperata
2999 4830 3302 4899 penuriam
3353 4830 3600 4885 fontium
3646 4830 3888 4900 patitur.

2266 4917 2424 4971 Vens.
2463 4921 2548 4972 l7.
2575 4948 2640 4958 -—
2666 4917 2990 4974 Structores.
3023 4919 3280 4988 Apostoli
3312 4923 3369 4973 et
3399 4919 3494 4973 alii
3525 4935 3538 4972 :
3564 4919 3738 4987 Culpa
3790 4919 3891 4972 Ju-

2193 5005 2470 5073 daaorum,
2504 5005 2560 5060 id
2590 5010 2692 5071 est,
2727 5005 3053 5061 Scribarum
3076 5011 3130 5060 et
3153 5006 3574 5062 Pharismorum
3599 5007 3895 5061 destructa

2190 5109 2248 5145 es
2267 5093 2666 5162 praedicatione
2690 5095 3072 5165 quorumdam
3103 5095 3456 5163 Judasorum,
3478 5095 3534 5150 id
3553 5101 3637 5150 est
3659 5100 3894 5165 aposto-

2192 5180 2375 5234 lorum
2399 5185 2514 5236 tam
2535 5181 2604 5237 de
2624 5182 2834 5237 Judaeis
2855 5199 3030 5255 quam
3053 5183 3122 5238 de
3145 5185 3410 5253 gentibus
3432 5188 3780 5254 congregata
3801 5198 3892 5239 es.

2254 5269 2414 5325 Vens.
2451 5273 2534 5324 l8.
2569 5271 2849 5327 —0mnes
2880 5275 2976 5327 isti
3011 5275 3342 5340 congregati.
3375 5273 3557 5326 Judaei
3597 5288 3664 5326 ex
3725 5273 3890 5326 omni

2188 5357 2442 5423 natione,
2477 5364 2562 5413 etc
2594 5401 2607 5426 ,
2629 5376 2798 5432 usque
2815 5361 2889 5415 ad
2899 5361 3155 5434 quotidie
3181 5361 3683 5433 congreganturad
3708 5361 3886 5416 ﬁdem

2189 5445 2465 5500 ECCICSJE.
2625 5445 2631 5450 ⁵
