4074 6186
182 291 313 341 1293

1310 289 1566 344 crosss
1605 270 2012 344 onomanu.
2053 317 2124 328 —
2166 289 2294 343 me.
2340 289 2556 345 ISAM-I.

3543 300 3677 351 129's

245 410 586 463 Ornamento.
638 406 818 459 Variis
876 406 1120 476 Spiritus
1171 408 1349 461 sancti
1398 407 1615 477 gratiis,
1666 408 1943 478 quibusA
2054 408 2210 462 Vens.
2270 410 2320 463 4,
2373 438 2443 450 -
2518 413 2772 464 Dominus
2848 412 3017 479 dedit,
3074 418 3180 467 etc.
3236 414 3361 484 (10.)
3412 416 3678 480 Quamvis

175 501 414 550 ornatur
474 510 697 566 sponsa:
747 495 1006 563 ambitio,
1065 496 1135 550 de
1208 512 1319 567 qua
1373 496 1579 550 dicitur
1618 537 1630 550 .
1676 498 1873 551 Astitit

171 588 423 651 reginaa
453 584 665 638 dextris
693 586 807 639 tuis
854 586 913 639 in
968 587 1166 639 vestitu
1205 585 1484 650 deaurato,
1537 586 1875 639 circumdata

172 677 437 727 rarietate
463 673 623 741 (Psal.
659 672 828 743 xuv.)

249 764 406 816 Vens.
440 764 529 815 2t.
564 793 632 802 -—
682 762 806 827 Ego
856 763 1079 817 sterilis.
1114 761 1258 825 Quia
1314 766 1445 832 post
1494 765 1789 831 Aggaeum,
1820 768 1876 816 et

174 851 523 918 Zachariam,
549 855 606 904 et
632 849 986 915 Malachiam,
1022 850 1121 920 qui
1157 854 1211 904 et
1242 850 1465 917 Esdras,
1506 866 1622 904 non
1651 851 1874 904 habue-

178 944 314 993 runt
342 939 649 1010 prophetas
710 938 808 1009 qui
856 954 953 991 eos
1000 939 1059 992 in
1089 938 1215 1009 lege
1258 939 1565 1005 nutrirent,
1598 956 1779 1011 usque
1807 940 1875 995 ad

169 1032 447 1082 Joannem
474 1027 800 1098 Baptistam.

252 1119 411 1171 Vens.
435 1119 524 1170 23.
566 1145 640 1158 —
671 1118 904 1184 Regina.
966 1116 1141 1183 Idem,
1193 1117 1285 1171 sed
1323 1117 1504 1187 magis
1550 1118 1871 1172 affectuose.

178 1206 375 1260 Unde:
446 1206 639 1259 Astitit
694 1208 907 1272 regina,
975 1210 1080 1259 etc.
1158 1205 1296 1269 Qua:
1355 1206 1569 1260 scilicet
1616 1207 1874 1277 quotidie

174 1294 383 1348 Christi
415 1294 680 1363 parvulos
700 1293 883 1347 nutrit
913 1296 967 1346 et
993 1293 1065 1347 ad
1094 1293 1403 1364 perfectam
1438 1299 1666 1348 aetatem
1697 1295 1869 1349 ducit.

245 1382 590 1437 Adorabunt.
637 1381 1077 1436 Venerabuntur
1126 1383 1444 1437 secundum
1504 1384 1644 1437 illud
1678 1401 1690 1437 :
1722 1384 1872 1438 Ado-

171 1470 383 1524 iabunt
432 1470 720 1524 scabellum
767 1470 967 1538 pedum
1015 1471 1131 1539 ejus
1175 1471 1340 1541 (Psal.
1400 1472 1604 1541 xcvul),
1656 1471 1716 1525 in
1759 1488 1873 1543 quo

172 1560 320 1629 pede
352 1558 618 1626 majestas
647 1557 952 1612 indicatur.

1984 496 2201 566 possint
2223 497 2345 550 haec
2375 499 2572 551 referri
2628 499 2694 552 ad
2734 499 2956 567 Isaiam,
3010 503 3243 572 proprie
3306 506 3497 557 tamen
3528 506 3678 558 refe-

1985 590 2189 639 runtur
2227 585 2295 639 ad
2351 585 2654 647 Christum,
2711 588 2873 659 quasi
2927 590 3142 645 diceret
3172 608 3184 645 :
3214 591 3321 656 Qui
3375 594 3511 646 olim
3544 594 3679 647 talia

1982 678 2248 744 operatus
2269 690 2417 742 sum,
2450 680 2507 730 et
2537 676 2709 730 modo
2758 676 2966 731 similia
2992 680 3217 749 operari
3247 695 3502 750 possum,
3565 699 3679 736 nou

1983 766 2065 816 est
2084 763 2337 832 potentia
2367 764 2691 819 imminuta.

2055 852 2212 906 Vens.
2249 854 2297 905 9.
2326 881 2391 893 —
2422 853 2590 918 Quasi
2634 855 3023 909 vestimentum.
3085 856 3208 927 (10.)
3269 857 3677 912 Vestimentum

1983 944 2262 993 vetustate
2293 945 2348 993 et
2375 940 2528 994 tinea
2550 942 2920 997 consumitur.
2946 944 3125 998 Judzei
3165 961 3396 1016 quoque
3431 946 3677 1016 quadra-

1984 1028 2143 1097 ginta
2176 1029 2399 1083 duobus
2428 1030 2589 1083 annis
2622 1035 2752 1100 post
2799 1032 3123 1101 passionem
3154 1033 3225 1087 ad
3282 1034 3679 1105 paenitentiam

1983 1118 2162 1171 vocati
2196 1122 2330 1171 sunt
2361 1134 2375 1172 :
2409 1119 2639 1173 tandem
2668 1120 3024 1191 negligentes
3050 1122 3280 1176 contriti
3332 1128 3465 1176 sunt
3517 1125 3680 1177 adve-

1982 1206 2273 1260 nientibus
2286 1207 2582 1271 Romanis,
2608 1214 2662 1261 et
2674 1209 2836 1263 mala:
2858 1210 3220 1264 conscientiae
3235 1212 3387 1265 tinea
3402 1212 3676 1266 devorati.

2054 1296 2211 1349 Vens.
2246 1296 2328 1349 lO.
2372 1326 2423 1336 -
2463 1299 2596 1366 Quis
2617 1313 2683 1350 ea:
2711 1298 2878 1352 vobis.
2913 1298 3019 1362 Qui
3070 1298 3232 1353 timet
3261 1315 3378 1353 non
3436 1306 3520 1352 est
3549 1316 3678 1371 per-

1983 1382 2180 1450 fectus,
2215 1387 2344 1452 etc.,
2376 1400 2547 1453 usque
2575 1386 2649 1438 ad
2676 1385 2765 1439 hic
2800 1386 3050 1441 custodit
3081 1387 3301 1442 animas
3354 1394 3679 1442 sanctorum

1981 1472 2232 1542 integras
2263 1478 2320 1526 et
2341 1474 2575 1542 pudicas
2609 1479 2666 1529 et
2689 1491 2881 1545 puras.

2054 1561 2159 1629 Qui
2191 1560 2487 1615 ambulavit
2533 1564 2591 1615 in
2623 1563 2870 1617 tenebris.
2935 1563 3171 1617 Gentilis
3223 1563 3470 1634 populus
3509 1564 3566 1618 in
3598 1569 3680 1618 te-

244 1649 518 1702 Pulverem
554 1646 752 1714 pedum
804 1651 1035 1700 tuorum.
1094 1648 1298 1715 (HIER.)
1359 1647 1602 1703 Omnem
1661 1650 1873 1703 scilicet
1907 1687 1946 1739 Β
1988 1648 2198 1713 nebris,
2255 1654 2341 1702 etc
2372 1690 2385 1715 ,
2430 1666 2600 1718 usque
2647 1651 2719 1704 ad
2765 1652 2833 1704 ad
2873 1651 3269 1721 paenitentiam
3325 1670 3505 1719 voco;
3562 1655 3682 1705 nolo

170 1736 565 1790 terrenitatem
581 1735 753 1788 verbo
784 1738 841 1789 et
868 1735 1127 1805 exemplo
1144 1737 1522 1803 mundabunt,
1560 1738 1869 1792 secundum

170 1825 329 1897 quod
360 1824 576 1878 dictum
630 1827 732 1892 est,
764 1823 1125 1893 Quodcunque
1171 1826 1392 1879 solverit
1445 1840 1608 1894 super
1648 1830 1870 1892 terram,

167 1917 275 1967 erit
304 1913 539 1967 solutum
568 1912 788 1981 (Matth.
822 1911 953 1982 xvx),
1003 1918 1134 1981 etc.,
1183 1913 1371 1967 unde:
1406 1916 1657 1968 Eaccutite
1682 1916 1871 1984 pulve—

168 2016 283 2054 rem
308 2001 506 2069 pedum
535 2005 833 2054 vestrorum
857 2000 1073 2070 (Matth.
1108 2002 1185 2069 x).

274 2089 431 2142 Vens.
490 2091 586 2145 25.
650 2118 722 2129 —
779 2089 916 2154 Quia
974 2089 1082 2142 haec
1162 2087 1299 2142 dicit
1402 2089 1682 2144 Dominus.
1747 2092 1872 2161 (10.)

177 2177 506 2247 Respondet
549 2176 871 2248 quiestioni,
926 2177 1062 2247 quia
1095 2177 1216 2231 haec
1268 2176 1483 2232 scilicet
1539 2177 1597 2231 in
1629 2178 1875 2234 adventu

176 2281 281 2318 suo
310 2267 727 2335 compleantur.

251 2353 408 2406 Vens.
442 2353 528 2405 26.
558 2383 629 2391 —
659 2352 926 2408 Carnibus
967 2355 1100 2407 suis.
1139 2353 1264 2406 Non
1311 2351 1496 2406 aliena
1538 2358 1745 2422 morte,
1779 2354 1875 2408 sed

174 2440 428 2509 propria,
475 2445 605 2509 etc.,
660 2456 831 2511 usque
877 2441 951 2495 ad
1000 2441 1276 2496 ferocium
1315 2441 1628 2496 bestiarum
1676 2447 1879 2513 patens

175 2526 483 2581 morsibus.

248 2615 616 2669 FortisJacob.
658 2615 763 2679 Qui
811 2616 941 2669 dedi
974 2616 1364 2671 fortitudinem
1413 2618 1581 2671 Jacob
1629 2619 1879 2673 luctandi

181 2712 312 2771 etc.,
343 2721 512 2774 usque
558 2705 632 2758 ad
663 2705 825 2774 quasi
869 2711 924 2759 et
981 2706 1235 2760 oratione
1266 2711 1463 2761 contra
1521 2708 1658 2762 Esau
1707 2724 1878 2780 quem

180 2795 412 2857 metuis,
434 2794 792 2864 praavalebis.

888 2885 1124 2939 CAPUT
1154 2885 1210 2939 L.

1985 1740 2124 1791 enim
2166 1743 2387 1791 mortem
2442 1742 2756 1807 peccatoris,
2812 1740 2906 1793 sed
2954 1742 3127 1811 magis
3173 1746 3232 1793 ut
3262 1745 3602 1794 convertatur
3634 1745 3683 1793 et

1980 1826 2132 1879 vivat
2163 1824 2377 1895 (Ezech.
2402 1831 2580 1893 xvnn).

2057 1914 2217 1968 Vens.
2246 1917 2329 1967 lt.
2357 1941 2424 1953 -
2484 1917 2607 1968 Ecce
2638 1929 2834 1979 omnes,
2869 1914 3029 1985 quasi
3058 1915 3268 1969 diceret
3299 1932 3310 1969 :
3362 1916 3510 1970 Nihil
3547 1933 3682 1986 pro-

1986 2001 2110 2055 dest
2136 2000 2475 2069 exhortatio,
2509 2018 2613 2056 nec
2644 2008 2729 2057 est
2750 2019 2876 2073 spes
2890 2003 3088 2057 salutis
3117 2009 3239 2073 post
3273 2004 3483 2057 scelera
3517 2021 3529 2059 :
3561 2005 3685 2059 0m-

1984 2105 2076 2143 nes
2122 2089 2526 2143 declinaverunt
2552 2092 2715 2144 simul
2753 2093 2973 2144 inutiles
2994 2093 3136 2156 facti
3164 2096 3291 2146 sunt
3317 2093 3497 2162 (Psal.
3540 2096 3683 2160 xm).

2056 2178 2419 2235 Accendentes
2457 2181 2651 2245 ignem.
2703 2178 2955 2233 Civitatis
3002 2180 3195 2249 ignem
3256 2197 3369 2251 quo
3401 2197 3434 2234 a
3488 2183 3689 2235 Roma-

1988 2267 2076 2320 nis
2108 2282 2376 2320 succensa
2406 2271 2492 2320 est
2522 2266 2919 2334 accenderunt,
2956 2272 3087 2333 etc.,
3146 2283 3316 2335 usque
3347 2268 3422 2321 ad
3459 2269 3535 2321 sic
3566 2285 3690 2339 pec-

1988 2354 2274 2408 catoribus
2323 2354 2542 2408 diversa
2595 2354 2810 2425 peccati
2861 2355 3098 2409 materia
3155 2356 3284 2425 plus
3353 2356 3439 2409 vel
3500 2356 3689 2410 minus

1988 2441 2368 2497 succenditur.

2060 2533 2132 2585 In
2186 2531 2461 2585 doloribus
2514 2532 2813 2587 dormietis.
2873 2531 3017 2596 Quia
3067 2548 3171 2585 nec
3224 2531 3534 2599 beneﬁciis,
3587 2548 3691 2585 nec

1991 2620 2311 2686 tormentis,
2344 2619 2443 2673 Dei
2477 2620 2679 2674 Filium
2714 2620 3000 2690 suscipere
3031 2620 3358 2688 voluerunt,
3385 2622 3558 2689 unde,
3593 2623 3687 2688 Ite,

1990 2708 2287 2774 maledicti,
2310 2710 2369 2762 in
2398 2710 2571 2775 ignem
2604 2714 2858 2763 aeternum
2884 2708 3100 2778 (Matth.
3152 2710 3306 2778 xxv).

2703 2798 2929 2852 CAPUT
2962 2798 3043 2852 L1.

2062 2886 2219 2938 Vens.
2264 2888 2306 2938 t.
2348 2914 2417 2926 —
2466 2884 2663 2938 Audite
2693 2900 2774 2938 me
2803 2887 2900 2953 qui
2943 2887 3235 2953 sequimini
3265 2886 3427 2954 quod.
3483 2887 3687 2953 (Hien)

245 2972 405 3026 Vens.
458 2977 503 3026 t.
538 3001 610 3013 -—
639 2974 759 3026 Haec
803 2972 947 3026 didit
999 2974 1291 3027 Dominus:
1326 2974 1461 3039 Quis
1503 2980 1580 3030 est
1608 2975 1635 3029 i
1676 2976 1879 3045 (Ηιειι.)
1916 2964 1955 3018 C
1993 2974 2270 3029 Attendite
2314 2972 2389 3026 ad
2431 2978 2662 3042 petram.
2723 2973 3029 3027 Christum.
3077 2975 3153 3027 De
3183 2990 3317 3044 qua,
3372 2976 3529 3028 Petra.
3589 2992 3691 3029 au-

178 3063 311 3114 Post
364 3061 723 3115 vocationem
772 3060 1051 3130 gentium,
1107 3066 1236 3131 post
1314 3062 1638 3132 captionem
1699 3064 1880 3130 fortis,

174 3150 339 3218 cujus
370 3149 563 3220 praeda
597 3148 777 3203 divisa
834 3154 917 3203 est
946 3150 1243 3220 apostolis,
1301 3150 1557 3221 loquitur
1613 3151 1681 3205 ad
1714 3168 1885 3223 popu-

176 3240 293 3290 lum
344 3238 677 3291 Judaeorum
718 3254 889 3308 super
934 3238 1071 3292 Sion
1103 3254 1230 3309 quae
1265 3239 1527 3309 superius
1560 3240 1637 3294 ait
1669 3255 1683 3293 :
1717 3241 1879 3295 Dere-

173 3328 340 3393 quuit
364 3340 447 3378 me
472 3328 747 3390 Dominus,
781 3333 889 3380 etc.

252 3413 502 3467 Vendidi.
549 3416 661 3481 Ego
709 3419 887 3468 autem
960 3415 1199 3469 comatis
1247 3430 1364 3469 sum
1418 3418 1758 3471 venundatus
1786 3417 1885 3472 sub

174 3507 395 3572 peccato
442 3504 617 3573 (Rom.
665 3504 781 3569 vn).
816 3503 921 3568 Qui
954 3506 1092 3569 facit
1146 3509 1395 3573 peratum
1435 3520 1620 3559 servus
1675 3508 1889 3574 peccati

177 3596 259 3643 est
291 3590 469 3659 (Joan.
530 3591 668 3661 vm).
723 3592 917 3646 Unde:
982 3595 1101 3649 Non
1146 3599 1329 3660 regnet
1356 3598 1636 3663 peccatum
1690 3597 1748 3648 in
1778 3610 1889 3649 cor-

179 3695 313 3749 pore
340 3686 516 3733 vestro
540 3663 709 3748 (Rom.
742 3682 844 3750 γι).

257 3768 415 3821 Vnns.
472 3771 524 3821 2.
585 3798 653 3808 —
695 3768 839 3833 Quia
897 3771 1037 3821 veni.
1102 3769 1224 3838 (11).)
1278 3771 1393 3824 Hoc
1441 3774 1529 3824 est
1590 3775 1652 3825 ut
1701 3770 1891 3825 sciatis

187 3872 280 3910 me
314 3860 558 3910 matrem
597 3862 843 3910 vestram
895 3872 1011 3909 non
1069 3857 1421 3927 repudiasse,
1477 3858 1573 3911 sed
1635 3875 1759 3913 eam
1794 3876 1889 3913 vo-

184 3948 410 3999 luntate
451 3945 685 4016 propria
715 3945 1048 3999 recessisse:
1082 3950 1211 4015 post
1263 3946 1444 3999 multa
1476 3946 1751 4000 beneiicia
1782 3964 1893 4002 car.

183 4048 318 4087 nem
354 4033 658 4104 assumpsi,
691 4049 794 4087 nec
841 4034 961 4103 jam
990 4049 1091 4104 per
1136 4033 1462 4105 prophetas,
1510 4035 1603 4089 sed
1638 4052 1892 4107 praesens

184 4122 309 4192 ipse
341 4122 564 4175 locutus
583 4138 729 4175 sum.

1994 3066 2095 3114 tem
2122 3066 2239 3114 erat
2270 3061 2547 3127 Christus,
2571 3060 2714 3114 unde
2742 3063 2912 3114 emcisi
2937 3063 3062 3115 estis
3086 3063 3139 3130 (Ι
3167 3063 3284 3117 Cor.
3309 3063 3384 3130 x),
3414 3079 3443 3115 ει
3476 3064 3695 3118 Christo

1994 3147 2299 3204 Christiani
2329 3147 2482 3202 dicti.

2064 3240 2133 3293 Et
2163 3238 2236 3291 ad
2261 3252 2542 3292 cavernam
2575 3238 2698 3291 laci.
2725 3237 3278 3306 Propterfossionem
3311 3238 3505 3292 lateris
3539 3238 3697 3292 Chri-

1996 3325 2089 3393 sti,
2123 3331 2251 3389 etc.,
2293 3340 2463 3394 usque
2482 3325 2556 3378 ad
2596 3325 2885 3379 nascimur
2944 3341 3046 3395 per
3084 3326 3370 3379 lavacrum
3403 3320 3693 3397 baptismi.

2068 3416 2230 3469 Vens.
2264 3417 2314 3468 3.
2350 3443 2419 3455 —
2449 3413 2725 3469 Gaudium
2767 3419 2816 3467 et
2847 3415 3056 3468 laatitia.
3114 3415 3255 3468 Nota
3311 3416 3371 3468 in
3404 3415 3537 3469 Sion
3571 3433 3698 3487 qua)

1997 3502 2645 3573 comparaturparadiso
2672 3501 2791 3567 Dei,
2830 3506 3052 3555 tantum
3079 3501 3248 3555 debet
3269 3518 3389 3557 esse
3420 3505 3697 3573 gaudium

1999 3597 2053 3646 et
2086 3591 2281 3645 laetitia
2321 3595 2376 3645 et
2406 3590 2686 3644 confessio
2726 3594 2781 3643 et
2810 3606 2917 3643 vox
2949 3590 3152 3656 laudis,
3181 3596 3246 3644 ut
3292 3594 3445 3661 quod
3472 3594 3529 3647 in
3563 3596 3704 3649 ccelo

1999 3681 2203 3735 facturi
2235 3683 2369 3733 sunt
2391 3695 2519 3732 cum
2542 3677 2780 3748 angelis,
2813 3677 2873 3730 in
2907 3683 3059 3731 terra
3082 3677 3301 3748 jugiter
3332 3680 3701 3736 meditentur.

2072 3770 2237 3824 Vens.
2277 3772 2328 3822 5.
2386 3796 2458 3808 -
2516 3770 2701 3821 Justus
2757 3783 2923 3823 meus.
2980 3768 3190 3823 Omnes
3243 3768 3584 3837 justiticans,
3618 3774 3705 3825 vel

1998 3856 2223 3927 justitia
2254 3857 2546 3927 eleganter
2575 3871 2727 3909 :non
2748 3860 2814 3910 ut
2854 3872 2968 3910 una
3020 3871 3179 3925 gens,
3241 3857 3338 3909 sed
3370 3862 3523 3911 totus
3553 3859 3707 3912 orbis

2004 3945 2271 3998 salvetur.

2072 4032 2232 4086 Vens.
2293 4033 2341 4084 6.
2404 4061 2472 4070 —
2546 4031 2674 4086 Cwli
2737 4034 2876 4085 sicut
2918 4034 3125 4097 fumus.
3189 4031 3309 4100 (10.)
3364 4033 3441 4085 De
3497 4032 3707 4086 sanctis

2003 4119 2282 4191 scriptum
2316 4123 2418 4183 est,
2454 4123 2584 4185 etc.,
2617 4134 2785 4188 usque
2827 4119 2900 4171 ad
2928 4120 3163 4189 quidam
3214 4123 3407 4173 tamen
3439 4122 3624 4191 perire
3652 4125 3708 4175 et

259 4212 376 4266 Non
407 4214 524 4264 erat
550 4212 657 4266 vir.
695 4211 903 4265 Herodi
961 4215 1198 4283 propter
1225 4211 1522 4278 malitiam,
1562 4218 1693 4277 etc.,
1725 4230 1894 4284 usque
1929 4237 1967 4291 ι)
2006 4208 2416 4262 inveterascere
2443 4224 2547 4278 pro
2568 4207 2878 4261 abolitione
2901 4213 2954 4260 et
2980 4213 3161 4261 morte
3188 4208 3491 4278 accipiunt.

191 4300 269 4355 ad
298 4300 367 4355 de
400 4299 669 4354 omnibus
697 4300 753 4353 in
782 4316 1122 4354 commune:
1167 4301 1320 4355 Visio
1378 4300 1794 4371 quadrupedum
1840 4306 1897 4360 in

193 4389 403 4443 deserto
432 4388 568 4459 (Isa.
597 4394 749 4453 xxx.)

270 4479 488 4532 Vocavi.
520 4476 691 4540 Quasi
718 4477 933 4531 diceret
965 4492 977 4530 :
1034 4475 1380 4543 Rationales,
1416 4477 1684 4530 Inclinato
1713 4494 1897 4532 aurem

192 4570 428 4619 vestram
474 4568 529 4618 in
579 4566 736 4619 verbo
792 4567 902 4619 oris
934 4566 1039 4618 mei
1094 4565 1263 4634 (Psal.
1318 4566 1553 4623 Lxxvu).
1608 4567 1713 4635 Qui
1757 4568 1896 4633 sitit,

190 4656 377 4709 veniat
407 4658 457 4707 et
488 4653 639 4707 bibat
670 4654 842 4723 (Joan.
878 4653 1017 4720 vni),
1052 4658 1108 4706 et
1131 4652 1477 4724 hujusmodi.

266 4739 556 4809 Nunquid.
622 4741 756 4806 (10.)
818 4737 1112 4792 Invehitur
1176 4742 1371 4791 contra
1424 4754 1519 4791 eos
1587 4736 1685 4808 qui
1742 4741 1901 4808 puta-

194 4829 356 4892 bant,
398 4832 529 4893 etc.,
560 4843 729 4896 usque
760 4827 834 4880 ad
863 4830 923 4879 ut
960 4825 1213 4879 exhibeat
1255 4826 1394 4878 mihi
1438 4826 1564 4893 plus
1587 4841 1749 4893 quam
1781 4825 1902 4879 duo-

195 4917 367 4969 decim
393 4917 621 4981 legiones
647 4916 961 4981 angelorum
990 4913 1016 4966 ?
1037 4914 1253 4983 (Matth.
1302 4913 1469 4983 χχιιι).

268 5005 431 5057 Vens.
493 5006 543 5057 3.
590 5032 659 5041 —
701 5002 940 5056 Induam
993 5002 1150 5055 ccelos
1202 5001 1448 5055 tenebris.
1499 5000 1678 5055 Aiunt
1726 5000 1908 5072 philo-

200 5090 368 5162 sophi
413 5106 527 5144 non
584 5090 831 5160 amplius
880 5089 1073 5143 decem
1134 5089 1330 5142 stadiis
1364 5106 1393 5142 a
1436 5093 1589 5142 terra
1636 5089 1816 5144 nubes
1848 5090 1907 5143 iu

2079 4298 2242 4352 Vens.
2267 4298 2319 4350 9.
2360 4326 2419 4336 —~
2458 4297 2743 4363 Consurgo.
2799 4298 2909 4349 Vox
2962 4296 3259 4366 prophetas
3289 4301 3347 4350 et
3401 4296 3584 4350 ﬁdelis
3607 4312 3709 4367 po-

2004 4386 2129 4457 puli
2155 4385 2463 4440 adventum
2518 4385 2724 4439 Christi
2781 4384 3158 4455 deprecantis,
3190 4384 3251 4439 in
3308 4401 3421 4456 quo
3461 4386 3705 4456 promis-

2008 4488 2135 4527 sum
2162 4476 2283 4526 erat
2303 4472 2603 4526 auxilium.

2077 4562 2237 4615 Vens.
2295 4563 2377 4614 l2.
2432 4591 2499 4599 —
2557 4563 2687 4627 Quis
2738 4566 2885 4615 tuut
2929 4563 3116 4615 timeas
3174 4561 3240 4614 ab
3290 4562 3518 4628 homine,
3575 4566 3705 4628 etc.,

2010 4664 2177 4717 usque
2205 4648 2280 4702 ad
2310 4652 2371 4701 ut
2400 4646 2735 4702 erubescant
2765 4653 2819 4701 et
2851 4649 3248 4718 paenitentiam
3283 4653 3470 4718 agant.

2080 4738 2238 4791 Vens.
2306 4740 2388 4790 l7.
2426 4765 2491 4778 --
2522 4736 2775 4805 Elevare,
2839 4738 3063 4793 elevare.
3112 4738 3235 4806 (10.)
3290 4738 3395 4791 Eos
3448 4738 3711 4793 hortatur

2011 4824 2079 4878 ad
2111 4823 2505 4895 paenitentiam
2536 4825 2636 4895 qni
2692 4824 2751 4878 in
2800 4825 3063 4895 passione
3114 4830 3502 4896 negaverunt;
3534 4826 3619 4879 vel
3651 4824 3709 4879 in

2012 4911 2349 4966 inﬁdelitate
2381 4912 2768 4982 perstiterunt,
2809 4914 3135 4979 clamantes,
3199 4915 3492 4984 Cruci/Ege,
3542 4917 3710 4969 cruci-

2012 5001 2121 5067 ﬁge
2149 5001 2326 5068 (Joan.
2360 5000 2505 5068 XIX),
2538 5003 2645 5053 etc.

2087 5090 2317 5145 Calicem
2346 5091 2459 5142 irae.
2492 5089 2603 5157 (In.)
2658 5088 2853 5142 Solent
2885 5090 3088 5144 medici
3139 5090 3562 5145 amarissimum
3611 5106 3715 5144 an-

200 5177 448 5233 snblime
504 5176 701 5241 levari,
760 5181 817 5229 et
876 5176 1008 5229 solis
1065 5175 1428 5244 splendorem
1482 5175 1751 5230 abscondi
1784 5197 1798 5230 :
1831 5177 1910 5231 sic
2017 5177 2284 5244 tidotum,
2350 5182 2481 5242 etc.,
2532 5192 2701 5246 usque
2752 5177 2826 5230 ad
2883 5178 3035 5232 unde
3086 5194 3202 5233 non
3234 5183 3392 5249 patet
3444 5179 3598 5251 quod
3643 5178 3714 5234 de

202 5264 432 5317 excluso
491 5263 617 5318 cceli
666 5263 902 5329 lumine,
959 5278 1056 5315 aer
1128 5262 1364 5317 inferior
1391 5264 1748 5319 obscuratur.
1808 5267 1908 5319 In-

205 5353 391 5407 duam.
425 5352 677 5412 Sanctos.
712 5351 925 5404 scilicet
955 5354 1016 5403 ut
1072 5366 1129 5403 se
1186 5358 1529 5422 cognoscant
1561 5358 1907 5423 peccatores.

283 5441 358 5492 Et
382 5455 593 5495 saccum
620 5456 835 5511 ponam.
875 5440 941 5493 Ut
975 5443 1147 5507 agant
1170 5440 1561 5510 paenitentiam
1614 5442 1672 5496 in
1703 5442 1909 5497 timore

213 5532 270 5579 et
297 5526 499 5583 cilicio.

2017 5266 2222 5321 ultima
2242 5265 2567 5336 captivitate
2598 5264 2706 5317 hoc
2731 5263 2957 5318 dicitur.

2091 5355 2258 5409 Vnns.
2302 5357 2396 5414 22.
2439 5382 2508 5394 -—
2550 5354 2681 5408 Ecce
2733 5353 2951 5423 (HIER.)
3001 5352 3268 5407 Prsedixit
3321 5354 3713 5424 captivitatem

2020 5444 2294 5506 futuram,
2330 5458 2480 5496 nunc
2514 5442 2774 5495 hortatur
2799 5441 2866 5494 ad
2901 5440 3317 5510 pmnitentiam,
3360 5447 3425 5496 ut
3452 5442 3712 5497 evadant.

2093 5531 2251 5585 Vens.
2280 5534 2364 5585 23.
2400 5561 2467 5571 -
2514 5533 2728 5584 Ponam.
2761 5528 3081 5584 Secundum
3140 5528 3388 5585 litteram
3446 5531 3712 5587 humilia-
