4018 6176
352 225 487 279 1295
577 200 584 202 “

971 222 1360 277 WALAFRIDI
1398 221 1645 276 STRABI
1685 219 1882 276 FULD.
1925 218 2088 275 MON.
2131 219 2283 274 OPP.
2327 219 2500 274 PARS
2550 219 2593 273 l.
2634 247 2702 257 -
2741 218 3200 277 THEOLOGICA.

3718 229 3738 280 1
3751 228 3860 282 296

345 351 571 414 verunt,
593 350 726 415 etc.,
758 361 926 416 usque
952 344 1026 398 ad
1057 347 1112 397 et
1139 343 1198 396 in
1240 342 1455 412 judicio
1487 342 1724 398 omnino
1771 341 2042 398 bumilia-
2070 344 2117 398 Α
2155 342 2382 408 tabitur,
2415 346 2520 396 etc.
2551 341 2880 412 Respondet
2924 359 3059 412 ergo
3107 345 3521 415 prophetarum
3559 347 3768 403 chorus
3796 367 3862 404 se

345 436 580 492 buntur.

999 502 1224 557 CAPUT
1258 503 1366 556 LII.

321 635 328 640 ε
413 613 575 666 Vens.
611 615 659 666 1.
707 640 778 652 —
806 612 1093 676 Consurge,
1145 623 1420 676 consurge.
1465 608 1574 661 Eos
1620 608 1884 662 hortatur
1913 623 2044 679 pro-

342 701 535 770 pheta.
568 699 667 770 qui
699 704 826 768 post
879 697 1266 752 ascensionem
1298 697 1738 768 praedicantibus
1769 697 2042 768 apostolis

342 788 726 842 crediderunt.

412 876 553 941 Quia
606 891 712 930 non
755 875 1000 943 adjiciet.
1058 875 1188 928 Haec
1252 873 1320 928 ad
1396 874 1683 928 caelestem
1727 873 2040 929 Jerusalem

341 980 513 1034 quam
541 964 728 1018 nullus
755 962 1088 1017 immundus
1117 962 1461 1033 ingreditur.

411 1053 572 1106 Vens.
605 1053 664 1108 2.
699 1082 767 1093 —
799 1054 1081 1106 Excutere.
1117 1053 1324 1105 Anima
1345 1051 1562 1121 polluta
1609 1051 1874 1105 sordibus
1910 1067 2040 1105 can-

341 1142 538 1196 dorem
559 1140 865 1212 pristinum
896 1140 1128 1209 amittit,
1158 1145 1291 1208 etc.,
1316 1139 1572 1210 usquead
1601 1156 1711 1194 non
1741 1141 2036 1210 corrupti-

339 1230 550 1285 bilibus
579 1235 813 1300 argento
827 1230 884 1283 et
902 1245 1062 1292 auro,
1092 1228 1188 1281 sed
1206 1228 1483 1297 sanguine
1503 1227 1637 1297 agni
1661 1227 2035 1282 immaculati.

411 1319 568 1372 Vens.
605 1320 656 1372 3.
697 1347 766 1358 -—
796 1319 1008 1371 Gratis.
1046 1318 1158 1371 Nec
1187 1315 1552 1371 commodum
1587 1315 1884 1376 habuistis,
1933 1331 2036 1370 nec

340 1406 767 1461 incommodum
801 1405 1095 1476 etfugistis,
1149 1420 1277 1458 cum
1314 1403 1516 1458 Filium
1571 1404 1670 1457 Dei
1701 1403 2035 1458 tradidistis.

417 1496 571 1549 Vens.
603 1495 655 1549 4.
703 1525 771 1533 --
802 1496 867 1548 In
908 1497 1220 1562 zEgyptum.
1283 1493 1486 1562 (111811.)
1544 1492 1747 1562 Arguit
1791 1492 2033 1559 Iudaeos,

339 1589 396 1638 et
421 1589 659 1637 ventura
695 1581 978 1654 praedicit,
1023 1588 1150 1646 etc.,
1183 1596 1352 1650 usque
1390 1580 1464 1634 ad
1503 1587 1566 1634 ut
1593 1580 1764 1634 etiam
1796 1581 1855 1634 in
1885 1585 2037 1634 terra
2070 1617 2108 1670 Β

337 1687 439 1724 sua
478 1670 767 1740 opprimat
795 1669 982 1735 ilium,
1009 1674 1066 1722 et
1085 1669 1466 1722 calumnietur
1495 1667 1548 1721 ei
1573 1667 1601 1722 ‘l

411 1759 574 1813 Vens.
607 1761 657 1812 5.
720 1757 862 1825 Quid
928 1759 1067 1811 mihi
1119 1760 1197 1810 est
1245 1757 1380 1810 hic?
1437 1755 1564 1825 (Ιυ.)
1615 1756 1760 1809 Nihil
1813 1755 1923 1822 hic,
1957 1755 2038 1809 ait

336 1847 488 1918 apud
520 1863 618 1901 eos
650 1845 895 1916 reperio,
926 1851 1056 1913 etc.,
1093 1859 1261 1914 usque
1289 1844 1363 1898 ad
1392 1845 1544 1916 quod
1571 1844 2033 1916 LRedemptorem

336 1952 504 1991 suum
533 1935 686 1990 cruci
711 1934 1019 1989 altixerint.

407 2025 566 2078 Vens.
600 2028 630 2077 7
648 2065 661 2080 .
702 2053 768 2062 -
791 2029 961 2093 Quam
979 2023 1216 2092 pulchri.
1235 2023 1361 2089 (lo.)
1377 2022 1454 2076 De
1481 2037 1548 2075 eo
1566 2021 1664 2092 qui
1687 2038 1859 2091 supra
1875 2022 2033 2077 dixe-

333 2117 425 2167 rat
454 2129 467 2167 :
501 2115 614 2180 Ego
639 2115 755 2181 ipse
786 2114 880 2180 qui
910 2111 1166 2180 loquebar
1190 2126 1302 2164 ecce
1346 2111 1558 2171 adsum,
1618 2114 1864 2164 testatur
1893 2128 2032 2182 pro-

333 2201 508 2272 pheta
536 2201 686 2271 quod
701 2201 822 2270 ipse
853 2215 1027 2270 supra
1049 2205 1272 2253 montes
1298 2199 1667 2268 Evangelium
1684 2200 2028 2270 praedicavit.

403 2290 824 2357 Annuntiantis,
851 2287 1077 2354 Christi,
1113 2303 1217 2357 per
1245 2288 1635 2358 semetipsum,
1673 2304 1776 2358 per
1797 2293 2032 2359 aposto-

333 2379 438 2441 los,
501 2379 708 2449 quibus
738 2376 816 2431 ait
848 2392 861 2430 :
917 2378 1105 2431 Pacem
1132 2377 1378 2444 relinquo
1405 2377 1576 2443 vobis,
1625 2393 1811 2445 pacem
1861 2393 2032 2431 meam

332 2466 402 2522 do
453 2467 603 2520 vobis
642 2465 830 2536 (Joan.
889 2465 1019 2530 xiv).
1073 2464 1255 2534 Super
1299 2481 1442 2535 quos
1504 2465 1780 2519 Dominus
1831 2467 2033 2520 sedens

267 2549 270 2552 ’
331 2555 676 2626 praedicabat
702 2571 716 2608 :
752 2552 866 2624 Ipsi
894 2553 1067 2607 etiam
1095 2553 1266 2620 pedes
1311 2552 1538 2614 Christi,
1567 2553 2030 2624 praedicationem

333 2641 768 2712 ejusportando.

402 2731 560 2786 Vens.
593 2733 644 2785 8.
704 2760 769 2769 —
823 2731 943 2785 Vox
986 2729 1382 2798 speculatorum
1417 2746 1429 2783 :
1487 2729 1609 2799 (lo.)
1642 2731 2029 2800 apostolorum

329 2827 386 2876 et
425 2821 671 2876 aliorum
701 2820 800 2892 qui
831 2821 888 2873 in
911 2819 1142 2890 specula
1167 2823 1536 2890 suntsemper
1567 2822 1628 2872 ut
1658 2820 1853 2875 omnia
1886 2836 2028 2891 pra:-

331 2910 562 2964 videant
589 2912 646 2962 et
675 2907 961 2977 subjectos
993 2911 1391 2976 promoveant.

400 2999 568 3057 Vens.
623 3001 673 3052 9.
730 3027 794 3039 -—
839 2997 1094 3053 Gaudete.
1148 2996 1504 3050 Primitivam
1545 2997 1848 3051 Ecclesiam
1903 3014 2033 3051 con-

331 3089 548 3141 solatur
600 3091 731 3152 etc.,
771 3101 940 3154 usque
982 3085 1056 3138 ad
1088 3085 1455 3139 multitudine
1495 3085 1755 3156 gentium
1782 3091 2030 3156 etsrcpa-

329 3178 454 3230 rata
480 3181 566 3229 est
594 3179 651 3228 et
678 3173 1055 3244 multiplicata
1086 3178 1189 3228 est.

399 3266 682 3319 Vens.'l0.
716 3293 784 3304 —
855 3265 1146 3318 Brachium
1175 3265 1232 3316 in
1290 3263 1508 3317 brachio
1536 3279 1647 3318 meo
1697 3269 1877 3332 gentes
1911 3280 2032 3334 Spe-

2153 431 2405 485 oflicium
2438 430 2701 501 implesse
2758 433 2814 483 et
2859 431 3155 485 brachium
3202 433 3430 488 Domini
3461 437 3856 493 annuntiasse.

2214 519 2372 574 Vens.
2414 522 2466 573 2.
2522 548 2591 559 —
2651 519 2981 586 Virgultum.
3043 519 3436 588 Symmachus,
3495 527 3860 591 ramus;bo—

2152 608 2365 662 minem
2399 607 2746 678 signiﬁcans,
2806 607 2904 677 qui
2954 608 3231 676 processit
3279 609 3348 662 de
3392 615 3556 664 utero
3591 613 3854 682 virginis.

2220 697 2457 752 Sitienti.
2490 695 2717 766 Aquila,
2773 698 2946 760 invia,
2969 695 3068 749 ubi
3107 696 3452 766 virginitatis
3481 699 3856 770 privilegium

2149 785 2592 851 demonstratur,
2623 782 2758 852 quia
2784 782 2905 836 sine
2957 783 3174 837 semine
3214 784 3284 838 de
3332 790 3485 838 terra
3511 788 3667 857 prius
3697 789 3856 842 invia

2149 883 2372 932 creatus
2398 883 2502 932 est.

2226 967 2381 1020 Vens.
2495 994 2562 1004 —
2593 966 2801 1019 Livore.
2837 965 2963 1034 (lo.)
2998 966 3371 1035 Perspicuum
3395 973 3496 1035 est,
3539 969 3678 1039 quia
3708 970 3856 1025 sicut

2148 1071 2354 1125 corpus
2399 1056 2708 1108 laceratum
2747 1057 2804 1106 et
2843 1052 3215 1122 flagellatam,
3259 1055 3335 1108 ita
3361 1054 3553 1109 anima
3581 1072 3713 1110 vere
3746 1057 3852 1111 do-

2147 1143 2255 1197 luit
2283 1158 2387 1213 pro
2419 1141 2605 1207 nobis,
2641 1157 2710 1194 ne
2743 1156 2806 1194 ex
2847 1145 3009 1209 parte
3040 1140 3269 1212 veritas,
3298 1157 3366 1196 ex
3411 1148 3573 1213 parte
3606 1145 3851 1199 menda-

2147 1232 2297 1286 cium
2323 1231 2383 1284 in
2416 1230 2638 1285 Christo
2669 1229 2958 1284 credatur.

2221 1321 2381 1374 Vens.
2441 1323 2495 1372 7.
2561 1345 2634 1358 —
2693 1320 2811 1372 Non
2866 1319 3102 1386 aperuit,
3162 1322 3266 1372 etc.
3351 1318 3529 1372 Pilato
3594 1320 3680 1373 vel
3747 1321 3853 1375 He-

2147 1407 2291 1461 rodi.
2325 1408 2510 1460 Pauca
2539 1405 2694 1458 enim
2725 1404 3022 1476 respondit
3073 1421 3146 1460 ne
3195 1405 3522 1462 differretur
3563 1408 3716 1471 salus
3746 1409 3854 1463 hu-

2148 1497 2304 1551 mani
2342 1495 2588 1566 generis.
3339 1549 3346 1553 _

2216 1588 2287 1640 Et
2316 1587 2478 1654 quasi
2520 1599 2714 1651 agnus.
2743 1584 2886 1654 l(ln.)
2930 1583 2992 1637 In
3029 1585 3191 1654 cujus
3240 1584 3424 1654 ﬁgura
3474 1586 3718 1655 populus
3768 1588 3850 1640 Is.

2147 1674 2261 1727 rael
2298 1688 2511 1742 agnum
2543 1673 2603 1726 in
2651 1673 2890 1742 Aigypto
2939 1672 3190 1726 comedit
3239 1673 3443 1742 (Exod.
3480 1674 3602 1742 xu).
3638 1675 3736 1728 llic
3764 1679 3851 1728 est

2145 1777 2328 1825 agnus
2359 1763 2455 1828 qui
2508 1761 2648 1814 tollit
2685 1765 2907 1829 peccata
2943 1759 3136 1814 mundi
3157 1759 3334 1830 (Joan.
3393 1764 3455 1832 ι),
3506 1765 3604 1830 qui
3644 1766 3850 1817 occisus

2143 1856 2222 1905 est
2250 1850 2317 1904 ab
2337 1852 2544 1917 origine
2563 1849 2755 1902 mundi
2766 1849 2963 1917 (Apoc.
3001 1849 3146 1919 xm),
3167 1849 3266 1921 qui
3287 1866 3455 1904 carne
3474 1855 3529 1905 et
3560 1853 3844 1922 sanguine

2143 1953 2246 1990 suo
2277 1953 2381 1990 nos
2411 1937 2612 2006 pascit,
2647 1943 2703 1990 et
2734 1938 2939 1991 vellere
2966 1939 3342 2008 protectionis
3386 1956 3488 1993 nos
3518 1941 3700 1994 vestit.

2217 2027 2374 2080 Vens.
2409 2028 2460 2079 8.
2490 2054 2559 2066 —
2587 2027 2660 2079 De
2706 2025 2938 2093 judicio.
2982 2027 3157 2080 Judex
3212 2027 3469 2082 omnium
3496 2028 3704 2098 judicii
3729 2044 3851 2083 non

2141 2113 2355 2184 reperit
2381 2113 2697 2181 veritatem,
2734 2115 2832 2168 sed
2892 2115 3014 2168 sine
3047 2117 3211 2186 culpa
3243 2116 3550 2170 damnatus
3577 2123 3682 2172 est.
3731 2118 3850 2172 Un-

2142 2201 2210 2254 de
2244 2201 2560 2255 admiratur
2591 2202 2868 2273 propheta
2910 2204 3065 2274 quod
3097 2204 3355 2258 omnium
3393 2206 3538 2259 Deus
3590 2206 3848 2277 passioni

2141 2307 2200 2344 se
2230 2291 2546 2344 tradiderit.

2213 2379 2379 2433 Vens.
2415 2382 2465 2432 9.
2496 2409 2568 2418 —-
2602 2380 2769 2432 Dabit
2824 2381 3039 2449 impios.
3075 2381 3208 2450 (In)
3240 2382 3298 2435 ld
3327 2386 3410 2436 est
3464 2387 3682 2452 gentes,
3717 2399 3850 2454 qum

2141 2467 2261 2521 sine
2293 2469 2524 2538 pietate,
2561 2469 2672 2521 Deo
2704 2468 3054 2538 Patris,quia
3077 2473 3335 2523 mortuus
3379 2475 3435 2523 et
3462 2471 3720 2540 sepultus
3751 2487 3852 2526 eos

2141 2554 2461 2626 acquisivit,
2495 2562 2550 2608 et
2576 2554 3044 2621 divites,Judaaos
3089 2555 3304 2611 scilicet
3351 2556 3566 2612 divitiis
3615 2558 3758 2629 legis
3789 2567 3852 2615 et

2140 2643 2557 2714 prophetarum
2583 2643 2911 2713 gloriantes.

2210 2733 2432 2786 Divites.
2466 2731 2687 2786 Scribas
2741 2737 2796 2786 et
2835 2733 3148 2787 Pharisaeos
3207 2732 3481 2788 doctrinae
3529 2735 3671 2804 legis
3699 2735 3845 2790 divi-

2138 2819 2234 2875 tiis
2267 2819 2598 2891 gloriantes.

2065 2899 2105 2953 C
2215 2908 2377 2963 Vens.
2407 2909 2490 2961 10.
2524 2937 2592 2948 -·
2657 2907 2842 2962 Semen
2893 2910 3209 2976 longzvum.
3265 2910 3512 2965 Verbum
3550 2912 3847 2983 Evangelii

2142 2995 2355 3050 scilicet
2383 2996 2536 3066 quod
2569 3012 2687 3050 non
2718 3002 3046 3065 veterascet,
3089 2997 3237 3052 sicut
3287 2999 3457 3052 Vetus
3503 3001 3846 3056 Testamen-

2141 3089 2287 3150 tum,
2319 3084 2468 3138 unde
2494 3100 2506 3138 :
2531 3085 2685 3139 Exiit
2705 3087 2801 3153 qui
2820 3086 3312 3157 seminavitlsemen
3347 3103 3503 3143 suum
3522 3089 3675 3159 (Luc.
3700 3093 3843 3160 vui.)

2215 3173 2370 3226 Vens.
2411 3176 2494 3226 11.
2529 3174 3001 3229 —Saturabitur.
3027 3174 3160 3228 Fide
3202 3176 3484 3245 gentium,
3522 3177 3673 3231 unde
3703 3192 3840 3230 esu-

2139 3260 2292 3312 riens
2323 3264 2375 3312 et
2413 3258 2610 3313 sitiens
2657 3275 2829 3330 supra
2864 3265 3105 3330 puteum
3146 3261 3318 3316 Jacob
3349 3263 3554 3331 emptis
3584 3261 3724 3315 cibis
3753 3263 3843 3316 uti

329 3355 529 3409 rabunt
571 3353 735 3421 (Psal.
795 3355 987 3416 xcvu).
1040 3352 1104 3404 Et
1153 3351 1326 3406 alibi:
1387 3353 1678 3406 Brachium
1729 3358 1880 3408 tuum
1911 3369 2031 3408 cum
2139 3348 2345 3414 noluit,
2378 3348 2514 3418 quia
2555 3348 2673 3418 jam
2705 3348 3075 3403 Samaritana:
3108 3353 3161 3402 et
3210 3365 3409 3403 eorum
3444 3349 3545 3418 qui
3583 3349 3654 3403 de
3693 3349 3838 3403 civi-

325 3443 571 3512 potentia
599 3440 767 3509 (Psal.
801 3440 1088 3508 Lxxxviu).

401 3529 572 3584 Vens.
612 3531 697 3582 11.
727 3557 799 3566 -
831 3527 1098 3580 Recedite.
1132 3525 1253 3596 (lo.)
1305 3526 1418 3579 Hoc
1446 3525 1629 3580 Judaei
1661 3526 1738 3580 ad.
1790 3544 1848 3582 se
1881 3529 2026 3583 refe-

327 3622 482 3683 runt,
513 3622 643 3682 etc.,
674 3631 843 3684 usque
864 3615 937 3669 ad
976 3631 1008 3667 a
1037 3614 1251 3683 Spiritu
1299 3619 1494 3668 sancto
1524 3615 1820 3670 admoniti.

399 3708 582 3773 Exite,
616 3705 673 3758 in
713 3709 831 3758 toto
876 3703 1014 3757 orbe
1065 3701 1432 3772 Evangelium
1491 3703 1883 3773 praedicantes,
1925 3707 2021 3774 Ite,

325 3793 502 3849 docete
530 3808 707 3848 omnes
736 3797 915 3859 gentes
943 3791 1161 3858 (Matth.
1190 3792 1367 3860 xviii).

400 3885 548 3938 Vasa
579 3882 810 3936 Domini.
854 3879 978 3950 (lo.)
1007 3879 1304 3948 Templum
1348 3877 1573 3932 Domini
1619 3883 1875 3932 sanctum
1915 3883 2020 3945 est,

324 3971 475 4045 quod
530 3970 665 4025 estis
736 3985 849 4034 vos,
914 3983 1044 4020 vasa
1091 3966 1304 4019 scilicet
1386 3981 1559 4019 aurea
1614 3972 1672 4020 et
1725 3973 2017 4036 argentea,

322 4061 474 4115 unde
504 4059 714 4114 Paulus
742 4073 838 4110 vas
867 4055 1158 4110 electionis
1201 4054 1444 4120 dicitur;
1488 4054 1573 4107 vel
1602 4070 1734 4108 vasa
1769 4055 2016 4122 Domini,

2136 3440 2252 3488 tate
2283 3435 2353 3489 ad
2385 3451 2515 3489 eum
2541 3437 2791 3503 exibant,
2826 3436 2937 3490 ﬁde
2966 3438 3200 3490 satiatus
3228 3442 3365 3491 erat.

2207 3524 2364 3578 Vens.
2429 3527 2512 3578 12.
2568 3553 2639 3566 -
2690 3528 2759 3580 Et
2809 3540 2928 3578 cum
2986 3525 3280 3580 sceleratis.
3344 3526 3413 3580 Ut
3448 3524 3750 3580 sceleratos
3809 3543 3841 3581 a

2133 3617 2366 3682 peccato
2413 3612 2739 3680 redimeret,
2792 3612 2983 3666 omnia
3036 3613 3303 3667 omnibus
3351 3613 3577 3667 factus:
3615 3615 3838 3668 Peccata

2133 3702 2283 3756 enim
2326 3705 2515 3755 nostra
2537 3703 2781 3770 portavit
2827 3703 2888 3755 in
2935 3717 3154 3770 corpore
3195 3716 3291 3756 suo
3322 3703 3374 3770 (Ι
3400 3704 3543 3756 Petr.
3597 3700 3684 3772 ιι).
3726 3702 3837 3756 Cu-

2124 3789 2220 3858 jus
2251 3789 2510 3844 imitator
2565 3791 2767 3843 Paulus
2819 3791 2932 3843 ait:
2967 3790 3226 3845 Omnibus
3270 3793 3452 3844 omnia
3479 3791 3662 3857 factus
3691 3805 3832 3854 sum,

2131 3882 2192 3932 ut
2216 3893 2394 3932 omnes
2421 3879 2776 3946 lucriﬁcarcm
2806 3878 2850 3946 (1
2880 3881 3001 3934 Cor.
3032 3878 3130 3947 1x).

2201 3965 2458 4034 Rogavit.
2491 3967 2677 4036 Pater,
2714 3965 2946 4037 ignosce
3002 3967 3135 4020 illis.
3170 3966 3250 4021 Ad
3309 3965 3458 4020 hanc
3517 3981 3711 4020 vocem
3743 3982 3832 4020 se-

2129 4053 2378 4108 cundum
2413 4053 2784 4124 Evangelium
2818 4055 3198 4109 Nazareorum
3217 4055 3398 4108 multa
3415 4054 3594 4108 millia
3612 4056 3837 4110 Judteo-

323 4153 611 4202 armatura
646 4146 767 4212 Dei,
819 4144 995 4198 lorica
1036 4141 1298 4213 justitias,
1363 4141 1596 4212 clypeus
1639 4143 1796 4209 lidei,
1856 4143 2019 4213 galea
2051 4179 2093 4233 θ
2134 4158 2261 4196 rum
2293 4142 2600 4197 astantium
2632 4143 2782 4198 circa
2809 4159 3033 4197 crucem
3062 4143 3446 4198 crediderunt.

321 4235 540 4302 salutis,
570 4239 626 4289 et
655 4233 879 4305 gladius
909 4231 1163 4301 spiritus,
1196 4231 1350 4300 quod
1383 4236 1469 4284 est
1499 4231 1734 4284 verbum
1767 4231 1886 4285 Dei.

392 4324 551 4378 Vens.
598 4325 682 4377 l3.
706 4351 774 4360 —
809 4323 935 4375 Ecce
981 4318 1284 4385 intelliget:
1325 4334 1398 4371 ne
1433 4318 1725 4372 dubitetur
1775 4319 1902 4389 quis
1933 4320 2016 4375 di-

319 4412 483 4479 xerit,
508 4413 604 4478 qui
629 4409 886 4478 loquebar
909 4424 1025 4462 ecce
1062 4406 1256 4460 adsum
1286 4422 1298 4460 :
1333 4411 1388 4460 et
1416 4406 1570 4476 quod
1621 4406 1696 4460 sit
1715 4406 2011 4462 brachium

321 4500 571 4569 Domini,
604 4502 770 4553 Pater
798 4496 1098 4569 perspicue
1128 4495 1314 4548 docet.

390 4590 548 4642 Vens.
596 4589 680 4642 l-i.
752 4615 820 4627 —
867 4587 1022 4638 Sicut
1088 4583 1496 4650 obstupuerunt.
1579 4582 1701 4636 Non
1760 4587 2016 4637 servatur

317 4678 457 4732 ordo
489 4677 760 4731 historim.
789 4675 1063 4747 Superius
1088 4674 1238 4728 enim
1273 4673 1615 4743 loquebatur
1644 4672 1922 4743 propheta
1954 4673 2013 4727 in

313 4781 558 4837 persona
590 4765 770 4820 Patris
799 4764 867 4819 de
899 4763 1226 4818 ascensione
1254 4761 1403 4829 Filii,
1437 4766 1493 4815 et
1545 4762 1734 4816 subito
1777 4763 1846 4816 ad
1878 4778 2014 4834 pas~

314 4854 535 4909 sionem
563 4853 746 4908 rediit.

992 4922 1216 4976 CAPUT
1268 4921 1407 4975 Llll.

383 5034 544 5087 Vens.
599 5033 645 5085 1.
701 5059 770 5070 -
818 5030 952 5094 Quis
1003 5026 1298 5081 credidit?
1359 5028 1566 5095 (Hien)
1620 5025 1902 5096 PrOpheta
1950 5025 2010 5079 in

311 5136 556 5192 persona
582 5118 994 5189 prophetaram
1019 5114 1393 5186 conqueritur
1420 5115 1572 5186 quod
1625 5113 1792 5184 pauci
1820 5131 1885 5167 ex
1910 5115 2008 5168 Ju-

311 5209 448 5262 daeis
476 5206 716 5262 credunt
731 5204 883 5276 quod
917 5205 985 5258 de
1024 5203 1273 5258 adventu
1306 5202 1430 5256 Filii
1479 5202 1549 5256 ab
1605 5202 1719 5255 illis
1749 5201 2006 5257 audiunt.

378 5299 451 5352 Et
499 5294 779 5348 brachium
836 5293 1087 5348 Domini.
1152 5291 1274 5362 (ln.)
1342 5292 1508 5345 Pater
1567 5290 1772 5344 Filium
1841 5305 2009 5343 suum

305 5382 528 5437 mundo
557 5379 843 5434 nuntiavit
866 5385 1170 5437 venturum
1205 5394 1219 5448 ;
1253 5383 1311 5434 et
1334 5383 1464 5434 ante
1509 5379 1840 5434 scandalum
1874 5395 2010 5432 cru-

296 5472 389 5543 cis,
415 5467 713 5543 praemisit
736 5467 975 5532 gloriam
1014 5468 1390 5537 resurgentis.
1430 5467 1744 5521 Elevabitur
1791 5475 1839 5521 et
1863 5466 2011 5520 exal-

2782 4285 3008 4340 CAPUT
3041 4285 3170 4338 LIV.

2194 4407 2356 4460 Vens.
2411 4410 2458 4460 1.
2519 4435 2588 4446 —
2638 4407 2851 4475 Lauda,
2897 4409 3121 4462 sterilis.
3187 4409 3394 4478 (Hien.)
3421 4409 3702 4462 Hactenus
3758 4410 3829 4464 de

2123 4494 2436 4561 nativitate,
2495 4494 2784 4564 passione,
2847 4495 3284 4561 resurrectione,
3340 4503 3471 4563 etc.,
3528 4498 3831 4566 usquead

2123 4589 2239 4638 tam
2262 4583 2332 4636 de
2360 4582 2569 4636 Iudaeis
2598 4599 2769 4654 quam
2797 4583 2867 4638 de
2894 4584 3205 4654 gentilibus
3248 4589 3678 4654 congregatam.

2191 4670 2406 4740 Lauda,
2461 4673 2686 4725 sterilis.
2767 4672 3090 4742 Apostolus,
3140 4672 3303 4742 juxta
3370 4673 3533 4728 LXX:
3594 4673 3828 4741 Laetare,

2120 4760 2342 4825 sterilis,
2384 4775 2502 4827 quae
2524 4774 2630 4813 non
2647 4763 2824 4830 paris,
2848 4775 3064 4829 erumpe
3079 4764 3127 4814 et
3159 4761 3332 4814 clama
3346 4776 3464 4829 quae
3498 4775 3608 4813 non
3634 4765 3832 4829 partu-

2118 4850 2219 4915 ris,
2244 4850 2378 4916 quia
2405 4848 2566 4901 multi
2595 4848 2702 4916 ﬁlii
2749 4847 2970 4902 desertae
3025 4847 3168 4918 (Gal.
3217 4847 3312 4917 Iv),
3349 4855 3453 4903 etc.
3491 4849 3600 4901 Nos
3630 4852 3828 4902 autem

2119 4937 2321 4991 fratres
2352 4936 2668 4990 secundum
2723 4936 2897 5003 Isaac,
2949 4935 3414 5006 repromissionis
3464 4935 3569 4988 ﬁlii
3602 4951 3822 4990 sumus.

2191 5025 2350 5080 Vens.
2405 5027 2454 5079 3.
2507 5055 2576 5064 —
2615 5025 2708 5080 Ad
2761 5024 3040 5079 dexteram
3095 5026 3238 5078 enim
3272 5040 3286 5090 ;
3318 5024 3390 5078 ad
3451 5025 3648 5078 omnia
3701 5025 3830 5080 loca

2122 5113 2341 5168 mundi.
2375 5113 2494 5179 Vel,
2546 5128 2652 5167 nec
2676 5112 2825 5166 elata
2869 5111 3182 5182 prosperis,
3243 5127 3346 5166 nec
3405 5111 3585 5166 fracta
3617 5111 3826 5166 adver-

2119 5202 2213 5256 sis.
2247 5202 2368 5269 Vel,
2407 5201 2478 5256 ad
2510 5201 2663 5255 bona
2691 5200 2897 5255 futurae
2923 5206 2980 5254 et
3006 5199 3325 5271 praesentis.

2179 5291 2337 5344 Vens.
2381 5290 2432 5342 4.
2483 5317 2551 5329 --
2608 5290 2736 5345 Noli
2795 5290 2997 5342 timere.
3049 5288 3174 5356 (10.)
3233 5287 3374 5342 Cum
3428 5286 3601 5341 turris
3651 5286 3824 5342 Babel

2118 5379 2515 5444 aediﬁcaretur,
2549 5381 2681 5442 etc.,
2710 5391 2881 5446 usque
2907 5377 2982 5431 ad
3011 5375 3110 5448 qui
3139 5375 3448 5430 funiculus.

2187 5466 2347 5519 Vens.
2383 5467 2434 5519 6.
2500 5495 2568 5505 —
2606 5465 2748 5532 Quia
2808 5469 2867 5520 ut
2903 5465 3201 5520 mulierem.
3263 5464 3387 5536 (11).)
3427 5462 3533 5528 Qui
3562 5479 3823 5536 sequun-
