4018 6176
280 213 414 265 1297

273 340 368 390 tur
425 334 809 407 tropologiam
842 338 899 389 et
947 334 1007 388 in
1045 334 1185 389 locis
1233 333 1610 402 difﬁcillimis,
1645 341 1774 403 etc.,
1804 351 1972 406 usque
2000 338 2045 389 Α

271 426 345 479 ad
374 426 585 479 stolam
613 426 992 495 osculumque
1023 424 1285 495 porrigit.

345 515 508 567 Vens.
545 517 595 567 9.
634 544 702 553 ——
742 514 901 567 Sicut
934 516 989 566 in
1006 513 1191 566 diebus
1220 514 1347 578 Noe,
1373 516 1479 565 etc.
1519 513 1587 566 Ut
1608 513 1803 567 credat
1846 529 1975 567 san-

274 605 500 656 ctorum
523 600 895 671 congregatio
929 600 1384 654 misericordiam
1415 600 1644 654 Domini
1678 602 1973 670 sempiter-

277 706 435 755 nam,
470 694 528 743 et
557 690 623 744 ad
658 694 938 759 punctum
966 706 1087 742 esse
1137 688 1411 753 desertos,
1442 694 1506 741 ut
1544 689 1710 742 amici
1746 688 1843 742 Dei
1881 689 1977 743 fae-

278 778 413 832 dere
439 783 655 832 aeterno
687 778 864 832 ﬁant:
898 779 1184 848 majorum
1215 778 1376 848 ponit
1399 780 1678 849 exempla.

350 868 508 921 Vens.
547 868 724 921 lii.—
753 867 951 922 Recede
995 869 1206 937 procul.
1262 868 1463 935 (Hien)
1516 868 1851 922 Consolatus
1891 871 1978 921 est

279 955 588 1009 Ecclesium
607 955 676 1008 de
693 954 981 1023 gentibus,
1016 954 1359 1024 promittens
1391 956 1471 1007 eis
1499 955 1823 1023 spirituales
1844 971 1972 1025 gra-

278 1043 424 1096 tias:
486 1059 638 1096 nunc
669 1042 835 1096 docet
872 1042 1024 1113 quod
1056 1048 1207 1112 agat,
1244 1059 1315 1095 ne
1347 1042 1700 1096 adversarios
1752 1044 1970 1097 timeat.

351 1131 513 1184 Vens.
554 1133 635 1184 l5.
666 1162 731 1169 —
765 1132 895 1184 Ecce
916 1132 1114 1184 accola.
1152 1132 1265 1183 Hoc
1287 1130 1355 1184 ad
1388 1136 1442 1184 te
1473 1148 1531 1185 se
1556 1132 1851 1185 invertunt
1877 1134 1973 1186 Ju-

276 1217 407 1283 daei,
440 1221 716 1287 tanquam
745 1216 859 1271 sint
886 1217 1063 1271 futuri
1094 1218 1364 1288 prcselyti
1396 1234 1463 1271 ex
1494 1219 1763 1287 gentibus
1830 1225 1973 1273 tem-

280 1321 419 1377 pore
449 1304 655 1359 Christi
686 1304 791 1357 sui.
1292 1321 1307 1333 ·

351 1393 510 1445 Vens.
552 1395 636 1447 16.
673 1421 740 1431 —-
772 1394 906 1447 Ecce
934 1407 1045 1460 ego.
1102 1393 1223 1446 Non
1256 1393 1410 1463 quod
1467 1392 1573 1446 sim
1629 1409 1798 1447 causa
1850 1410 1973 1463 per-

277 1479 514 1533 ditionis
544 1494 765 1543 eorum,
800 1480 895 1533 sed
954 1480 1309 1535 adversarius
1340 1497 1625 1552 pugnans,
1663 1482 1821 1536 victis
1841 1499 1973 1553 per-

273 1566 528 1633 ditionis,
561 1566 871 1620 victoribus
891 1582 1061 1620 causa
1090 1572 1168 1621 est
1194 1568 1435 1637 praemii.

346 1657 507 1709 Vens.
542 1660 626 1709 l7.
665 1682 729 1694 —
756 1658 879 1709 Hac
927 1659 1005 1709 est
1057 1656 1363 1709 hereditas.
1423 1656 1499 1709 Ne
1535 1654 1725 1724 justus
1788 1655 1967 1710 tribu-

273 1745 421 1797 latus
453 1743 697 1810 deﬁciat,
719 1744 873 1798 addit
891 1742 1147 1814 praemia.

937 1832 1157 1885 CAPUT
1199 1832 1300 1884 LV.

344 1918 503 1971 Vens.
544 1921 590 1971 l.
651 1948 720 1958 —-
779 1920 968 1975 Omnes
1010 1921 1268 1982 sitientes,
1327 1922 1523 1973 venite.
1582 1921 1781 1990 (HIER.)
1826 1921 1971 1985 Quia

270 2021 365 2059 vas
396 2006 595 2059 ﬁctum
623 2012 821 2061 contra
864 2006 1168 2061 Ecclesiam
1236 2006 1459 2061 dixerat
1530 2011 1965 2075 conterendum,

271 2099 328 2148 et
362 2110 591 2150 omnem
641 2096 897 2165 linguam
954 2103 1232 2150 armatam
1273 2102 1472 2150 contra
1517 2096 1817 2153 scientiam
1870 2099 1969 2152 Dei

277 2182 683 2251 superandum,
717 2188 989 2252 provocat
1016 2183 1308 2237 credentes
1330 2184 1401 2237 ad
1426 2184 1665 2238 ﬂuvium
1698 2184 1816 2251 Dei,
1868 2185 1967 2257 qui

272 2270 527 2339 repletus
549 2277 635 2324 est
664 2271 846 2341 aquis.

345 2359 633 2413 Comedite.
703 2360 1025 2425 Audienda»,
1075 2362 1388 2431 loquendo,
1454 2361 1717 2430 legendo,
1779 2360 1964 2415 medi-

272 2446 470 2511 tando,
516 2448 825 2516 operando,
870 2448 1040 2501 corde
1069 2449 1392 2502 retinendo.
1430 2449 1631 2502 Divina
1681 2448 1965 2518 siquidem

270 2534 582 2605 Scriptura,
646 2541 701 2590 et
751 2541 919 2607 potus
958 2542 1059 2601 est,
1123 2543 1320 2607 aperta
1358 2554 1369 2590 :
1432 2542 1487 2590 et
1517 2537 1690 2599 cibus,
1724 2538 1963 2591 occulta.

275 2625 402 2693 Ipsa
425 2624 596 2677 etiam
628 2630 684 2677 et
712 2642 859 2695 aqua
890 2630 975 2679 est
1019 2630 1074 2679 et
1101 2626 1262 2696 panis
1284 2626 1384 2696 qui
1404 2626 1473 2679 de
1500 2626 1640 2681 caelo
1658 2626 1963 2680 descendit.

343 2713 519 2777 Quare
576 2714 887 2782 appenditis
962 2720 1269 2781 argentum.
1323 2715 1577 2769 Pensatis
1640 2730 1796 2767 sacra
1853 2715 1965 2768 elo-

271 2800 428 2870 quia,
463 2800 560 2853 sed
594 2818 706 2854 non
738 2802 1125 2856 refectionem.
1185 2802 1292 2866 Qui
1344 2804 1523 2855 solam
1575 2802 1821 2872 speciem
1873 2802 1966 2856 lit-

1406 211 1662 268 GLOSSA
1702 213 2104 269 0RDINARIA.
2144 240 2217 254 —
2258 213 2385 268 LIB.
2427 212 2646 268 ΙΒΑΙᾹΞ.

3642 214 3777 269 1298

2156 337 2314 390 Vens.
2377 338 2458 389 11.
2489 365 2557 374 -—
2582 337 2701 391 Non
2727 336 3041 388 revertetur.
3103 333 3210 389 Sed
3238 336 3537 404 postquam
3588 350 3775 389 meam

2083 423 2406 495 impleverit
2427 425 2779 477 voluntatem
2804 423 2863 476 in
2891 422 3079 490 terris,
3125 422 3335 476 redibit
3386 426 3441 475 et
3500 423 3717 477 sedebit
3745 440 3777 476 a

2084 512 2297 566 dextris
2318 512 2480 577 meis,
2502 512 2817 565 secundum
2842 511 3009 577 illud,
3042 511 3177 566 Sede
3203 527 3237 564 a
3254 510 3466 564 dextris
3495 514 3649 579 meis,
3672 516 3775 565 etc.

2155 602 2327 655 Vens.
2359 604 2409 654 2.
2440 630 2513 641 —
2540 603 2762 665 Montes,
2797 599 3009 652 scilicet
3039 598 3247 652 anima:
3281 604 3612 653 sanctorum
3650 616 3779 670 qua:

2082 705 2187 759 pro
2218 690 2487 742 varietate
2520 689 2793 741 virtutum
2825 693 3048 741 montes
3096 688 3463 757 appellantur
3499 692 3555 740 et
3584 688 3777 742 colles.

2161 778 2319 830 Vens.
2363 780 2443 831 l3.
2484 806 2553 816 —
2606 778 2706 829 Pro
2753 776 3079 829 saliuncula.
3155 774 3502 841 Saliuncula,
3570 776 3780 829 aculeis

2085 870 2142 919 et
2166 864 2573 935 punctionibus
2614 865 2800 934 plena.
2860 863 3048 927 Ahies,
3084 864 3218 929 alta,
3278 879 3536 933 procera,
3597 863 3779 917 fabri-

2086 954 2283 1007 candis
2315 953 2582 1006 domibus
2616 958 2767 1022 apta,
2801 953 2925 1021 pice
2945 952 3203 1006 fecunda.

2156 1045 2223 1095 Et
2267 1045 2371 1094 erit
2429 1044 2706 1095 Dominus.
2748 1042 2875 1095 Alii.
2934 1042 2997 1094 Et
3052 1042 3161 1093 erit
3228 1040 3503 1094 Dominus
3557 1040 3616 1093 in
3676 1057 3775 1095 no-

2084 1146 2217 1183 men
2246 1135 2303 1183 et
2328 1130 2387 1183 in
2410 1130 2639 1200 signum
2662 1130 3079 1199 sempiternum
3104 1130 3255 1200 quod
3287 1146 3399 1183 non
3422 1129 3666 1183 deﬁciet.

2735 1219 2959 1273 CAPUT
3000 1220 3131 1271 LVI.

2153 1306 2313 1359 Vens.
2354 1310 2397 1359 1.
2455 1336 2522 1344 ——-
2566 1306 2703 1359 Haec
2758 1306 2893 1360 dicit
2949 1308 3233 1359 Dominus.
3298 1306 3568 1363 Custodite
3617 1308 3776 1375 judi-

2082 1397 2242 1447 cium.
2279 1394 2834 1462 (liien.)Terminato
2888 1394 3147 1464 gentium
3196 1394 3467 1447 vaticinio
3526 1410 3656 1465 qum
3714 1395 3775 1449 in

2082 1483 2330 1536 adventu
2361 1483 2566 1536 Christi
2599 1484 2667 1535 de
2706 1482 3021 1537 saliuncula
3074 1488 3131 1536 et
3191 1484 3373 1536 urtica
3412 1484 3472 1536 in
3528 1484 3775 1538 abietem

2084 1576 2449 1642 myrtumque
2473 1576 2803 1625 mutantur:
2849 1572 3108 1641 loquitur
3164 1572 3233 1625 ad
3285 1571 3571 1625 auditores
3620 1572 3774 1626 illius

2081 1659 2380 1729 temporis,
2413 1664 2474 1713 ut
2505 1676 2562 1713 se
2594 1666 2797 1728 parent
2844 1660 2911 1713 ad
2943 1660 3251 1713 adventum
3291 1660 3616 1727 Salvatoris,
3673 1662 3774 1731 qui

2078 1752 2163 1801 est
2190 1746 2578 1801 misericordia
2610 1747 2920 1815 etjustitia.

2146 1836 2418 1891 Custodite
2457 1834 2753 1902 judicium.
2806 1836 2932 1903 (10.)
2998 1835 3122 1888 Non
3189 1834 3531 1906 accipientes
3585 1852 3773 1906 perso-

2078 1923 2282 1977 namin
2308 1922 2549 1991 judicio.
2584 1922 2812 1976 Domini
2857 1923 3014 1976 enim
3041 1922 3328 1993 judicium
3386 1928 3489 1986 est,
3527 1924 3625 1995 qui
3675 1925 3769 1995 ju—

2078 2012 2226 2065 dicat
2254 2011 2565 2081 iudicantes
2586 2011 2755 2064 bona.

2148 2101 2307 2154 Vens.
2342 2099 2817 2156 2.—Custodiens
2863 2099 3173 2153 sabbatum.
3204 2098 3339 2170 (10.)
3391 2101 3469 2154 Ne
3520 2100 3611 2166 sit,
3662 2100 3774 2155 sci—

2076 2188 2206 2243 licet
2233 2188 2301 2243 de
2323 2204 2418 2241 sex
2451 2188 2650 2241 diebus
2673 2188 2881 2257 quibus
2912 2187 3092 2240 factus
3124 2192 3209 2240 est
3237 2188 3507 2241 mundus.
3535 2190 3613 2242 De
3644 2190 3771 2259 qui-

2074 2277 2181 2331 bus
2213 2276 2449 2347 apostoli
2469 2293 2586 2329 non
2614 2280 2797 2343 erant,
2831 2276 3041 2346 quibus
3063 2275 3275 2329 dicitur
3308 2291 3321 2328 :
3354 2277 3416 2331 Si
3465 2277 3531 2330 de
3572 2279 3771 2332 mundo

2074 2368 2279 2430 essetis,
2332 2366 2563 2419 mundus
2618 2365 2761 2433 quod
2806 2380 2961 2418 suum
3008 2368 3125 2418 erat
3173 2363 3441 2430 diligeret,
3492 2368 3596 2418 etc.
3656 2368 3770 2433 Ego

2073 2455 2210 2520 elegi
2236 2468 2326 2507 vos
2353 2454 2417 2506 de
2436 2452 2654 2517 mundo,
2679 2453 2883 2506 idcirco
2922 2451 3037 2506 odit
3066 2466 3157 2505 vos
3187 2452 3422 2505 mundus
3446 2451 3621 2520 (Joan.
3651 2454 3769 2521 xv.)

2146 2543 2306 2595 Vens.
2342 2546 2394 2596 3.
2430 2571 2493 2581 να
2520 2544 2589 2596 Et
2621 2557 2723 2595 non
2751 2541 2917 2594 dicat.
2954 2541 3078 2607 (10.)
3116 2541 3228 2593 Hoc
3276 2544 3471 2593 contra
3515 2541 3761 2608 Judeeos,

2074 2628 2173 2699 qui
2195 2629 2303 2682 sibi
2334 2634 2558 2682 tantum
2587 2629 2893 2682 adventum
2917 2627 3121 2682 Christi
3141 2628 3532 2692 vendicabant,
3552 2633 3607 2681 et
3628 2629 3768 2682 alios

2072 2718 2377 2787 desperare
2428 2716 2724 2787 cogebant.
2758 2717 2864 2772 Sed
2914 2732 3020 2771 non
3050 2722 3128 2771 est
3158 2716 3436 2770 distinctio
3482 2717 3659 2771 Judaei
3716 2723 3767 2771 et

2075 2807 2244 2862 Graeci
2272 2809 2441 2871 (Rom.
2475 2811 2547 2871 χ).
3546 2818 3551 2823 ‘

270 2894 407 2943 term
438 2889 751 2955 custoditis,
780 2890 848 2944 de
893 2891 1178 2960 spirituali
1230 2890 1607 2961 intelligentia
1653 2890 1957 2960 pinguedi-
1994 2890 2033 2944 C
2142 2896 2455 2949 Eunuchus.
2515 2894 2637 2962 (10.)
2696 2895 2934 2964 Pr0pter
3001 2909 3245 2963 regnum
3300 2893 3599 2958 caelorum,
3664 2894 3763 2963 qui

271 2993 401 3030 nem
434 2978 674 3033 internae
705 2979 1033 3033 refectionis
1064 2980 1341 3033 emittitis.

344 3067 503 3119 Vens.
563 3068 616 3120 4.
675 3097 744 3106 —-
805 3071 931 3121 Ecce
976 3073 1176 3123 testem.
1238 3068 1563 3123 Provocavit
1614 3068 1839 3122 Judmos
1889 3070 1960 3125 ad

271 3153 641 3221 credendum,
675 3154 773 3208 sed
834 3156 972 3225 quia
1003 3157 1215 3211 sciebat
1274 3156 1382 3210 illis
1432 3173 1546 3210 non
1601 3155 1961 3210 credentibus

244 3240 516 3309 gentiles
547 3257 668 3295 esse
705 3243 1044 3308 credituros,
1073 3244 1210 3297 dicit
1264 3260 1321 3296 se
1369 3243 1554 3297 ﬁlium
1584 3244 1805 3297 misisse
1862 3243 1962 3314 qui

270 3334 557 3399 praecepta
582 3329 762 3399 ipsius
792 3332 1021 3400 populis
1043 3332 1347 3385 nuntiaret.

344 3417 505 3471 Vens.
563 3422 613 3471 5.
684 3450 753 3458 —
804 3424 1084 3474 Dominum
1123 3424 1287 3475 Deum
1334 3425 1504 3474 tuum.
1565 3420 1683 3490 (10).
1729 3420 1964 3483 Quando

272 3505 704 3560 Pater-dicitur.
756 3509 923 3561 Pater
980 3508 1188 3563 Christi
1238 3508 1553 3563 secundum
1610 3508 1964 3563 divinitatem

272 3592 483 3646 dicitur
518 3595 682 3647 Pater
712 3596 949 3664 gloriae:
1003 3598 1317 3650 secundum
1366 3596 1805 3662 humanitatem,
1864 3599 1963 3651 Pa-

272 3685 359 3735 ter
391 3682 617 3735 Domini
648 3684 824 3736 nostri
855 3686 987 3738 Jesu
1024 3684 1250 3738 Christi.

342 3770 502 3824 Vens.
538 3773 589 3824 6.
617 3802 685 3811 ——
717 3772 949 3837 Quaerite
984 3774 1292 3827 Dominum.
1354 3773 1488 3827 Haec
1545 3776 1835 3843 pertinent
1891 3772 1960 3825 ad

268 3859 499 3913 Judieos
526 3860 612 3913 vel
637 3860 705 3913 ad
730 3866 926 3929 gentes
948 3861 1287 3931 specialiter,
1321 3866 1377 3914 et
1396 3862 1463 3915 ad
1489 3876 1962 3930 unumquemque

270 3946 635 4015 generaliter.
699 3950 984 4019 Propheta
1031 3950 1102 4003 ad
1158 3950 1382 4003 Judteos
1424 3966 1437 4003 :
1500 3950 1734 4014 Quaerite
1780 3949 1961 4002 Domi-

268 4049 419 4094 num.
455 4035 617 4103 quasi
646 4035 898 4089 diceret:
950 4039 1156 4091 Gentes
1190 4036 1511 4106 suscipiunt
1544 4034 1962 4089 misericordias

274 4121 470 4185 David,
505 4127 561 4175 et
605 4139 703 4176 vos
733 4124 1147 4194 dedignamini,
1200 4125 1297 4179 sed
1352 4125 1501 4194 agite
1545 4122 1957 4193 paenitentiam,

272 4213 328 4261 et
356 4210 753 4265 convertimini
781 4212 916 4265 dum
942 4219 1167 4282 tempus
1193 4213 1431 4267 habetis.

342 4299 480 4351 Dum
537 4314 722 4368 prope.
777 4301 900 4370 (10.)
955 4301 1034 4355 Ne
1082 4301 1283 4354 vestris
1337 4300 1489 4354 vitiis
1539 4300 1787 4366 recedat,
1866 4299 1967 4369 qui

273 4385 704 4457 appropinquat
755 4388 1353 4459 appropinquantibus
1384 4389 1513 4454 sibi,
1545 4394 1600 4442 et
1638 4388 1755 4441 tilio
1778 4403 1965 4441 rever-

273 4472 417 4525 tenti
446 4474 610 4528 laetus
636 4477 899 4531 occurrit.

354 4560 518 4615 Vens.
557 4566 608 4617 8.
647 4594 706 4605 -—
757 4567 874 4619 Non
927 4567 1087 4619 enim.
1164 4566 1243 4618 Ne
1295 4564 1510 4634 putetis
1557 4562 1789 4618 difﬁcile
1845 4578 1966 4617 esse

274 4653 426 4724 quod
458 4651 713 4721 spondeo
756 4667 769 4705 :
804 4651 1158 4705 considerate
1188 4650 1338 4721 quod
1378 4650 1530 4704 inter
1576 4667 1704 4705 mea
1752 4655 1809 4704 et
1872 4666 1967 4704 ve-

274 4746 390 4795 stra
435 4739 672 4794 consilia
728 4740 909 4794 multa
967 4740 1040 4793 sit
1087 4738 1446 4794 differentia:
1496 4743 1551 4792 et
1609 4742 1821 4809 quanta
1866 4755 1966 4792 na-

273 4835 439 4889 tura-3.
473 4833 633 4882 tanta
662 4828 969 4883 voluntatis
999 4828 1312 4882 diversitas.

346 4918 508 4971 Vens.
540 4919 628 4970 10.
666 4946 739 4958 -
770 4920 841 4972 Et
898 4917 1177 4987 quomodo.
1239 4917 1360 4986 (10.)
1418 4916 1543 4970 Alia
1595 4916 1968 4971 similitudine

276 5005 531 5061 ostendit
563 5005 699 5076 quia
723 5006 938 5059 multus
963 5010 1049 5059 est
1078 5005 1146 5060 ad
1177 5005 1612 5075 ignoscendum.

346 5097 548 5150 Panem
605 5094 919 5149 comedenti.
1002 5094 1162 5149 Unde
1224 5093 1532 5149 Salomon:
1598 5096 1751 5147 Mitte
1775 5109 1969 5161 panem

276 5188 430 5238 tuum
483 5199 646 5251 super
700 5198 894 5251 aquas,
956 5186 1087 5253 quia
1127 5185 1186 5236 in
1224 5183 1573 5237 multitudine
1604 5183 1815 5236 dierum
1880 5184 1969 5235 in-

274 5275 455 5327 venies
505 5288 645 5338 eum,
700 5273 806 5326 hoc
857 5276 963 5338 est,
1025 5288 1233 5340 panem
1291 5271 1563 5326 doctrina:
1598 5276 1712 5324 tua:
1755 5274 1811 5324 et
1839 5285 1966 5338 gra-

277 5361 417 5417 tiam
448 5362 803 5432 spiritualem
825 5362 1043 5416 cunctis
1099 5361 1355 5429 infunde,
1397 5361 1531 5434 quia
1557 5361 1615 5415 in
1662 5359 1969 5415 novissimo

280 5450 514 5521 praemia
547 5450 806 5521 recipies.

2068 2982 2417 3036 mortiﬁcant
2447 2982 2702 3036 membra
2730 2998 2830 3034 sua
2863 2998 3033 3051 super
3062 2987 3298 3049 terram,
3330 2986 3459 3046 etc.,
3493 2997 3661 3050 usque
3690 2983 3763 3035 ad

2069 3071 2223 3142 quod
2249 3071 2317 3125 de
2350 3066 2568 3124 semine
2599 3070 2911 3139 spiritualis
2940 3068 3129 3141 operis
3160 3069 3387 3136 dicitur,
3421 3085 3538 3123 non
3563 3071 3757 3139 prolis.

2143 3160 2297 3213 Vens.
2334 3162 2387 3213 4.
2416 3189 2485 3198 -
2509 3160 2654 3223 Quia
2695 3160 2804 3212 haec
2834 3160 2969 3212 dicit
2996 3160 3282 3212 Dominus.
3316 3159 3440 3226 (10.)
3480 3158 3602 3211 Duo
3636 3174 3763 3227 pro-

2072 3248 2279 3317 posuit,
2313 3247 2630 3317 proselytos
2661 3246 2872 3300 scilicet
2902 3250 2958 3300 et
2986 3246 3297 3313 eunuchos,
3333 3251 3461 3311 etc.,
3494 3261 3661 3315 usque
3689 3247 3763 3300 ad

2070 3353 2141 3389 ne
2167 3353 2225 3389 se
2257 3340 2460 3406 putent
2489 3335 2782 3404 subjacere
2814 3333 3203 3388 maledictioni
3230 3334 3394 3403 legis.

2140 3425 2318 3477 Vens.
2344 3425 2395 3476 6.
2431 3453 2497 3461 —
2525 3424 2588 3476 Et
2614 3423 2755 3490 filios
2776 3422 2995 3476 advena
3022 3439 3035 3476 ε
3069 3426 3198 3492 post
3227 3422 3521 3476 eunuchos
3552 3422 3623 3477 ad
3664 3422 3765 3477 ad-

2072 3528 2242 3566 venas
2264 3511 2468 3565 transit
2496 3515 2552 3563 et
2576 3510 2816 3579 priemia
2840 3509 3146 3580 promittit.

2143 3602 2203 3654 In
2252 3615 2449 3654 servos.
2494 3599 2686 3662 Qualis
2746 3599 2954 3652 Paulus
3002 3597 3100 3668 qui
3161 3598 3231 3652 de
3266 3614 3323 3652 se
3371 3597 3492 3652 ait:
3556 3600 3767 3654 Paulus

2072 3705 2265 3743 servus
2296 3687 2502 3741 Christi
2530 3688 2684 3751 Jesu,
2718 3690 2773 3739 et
2802 3687 3014 3756 Moyses
3046 3686 3294 3739 famulus
3324 3685 3442 3739 Dei.

2140 3777 2380 3828 Vens.7.
2422 3774 2846 3827 —-Holocausta
2900 3788 3099 3826 eorum.
3159 3774 3477 3840 Mortiﬁcate
3529 3773 3770 3826 membra

2069 3869 2268 3928 vestra,
2326 3878 2445 3930 qua
2500 3866 2626 3916 sunt
2653 3876 2815 3931 super
2841 3866 3041 3915 terram
3078 3861 3271 3928 (Colos.
3306 3862 3408 3928 ιιι).
3464 3861 3527 3913 Et
3577 3861 3765 3914 Exhi-

2072 3952 2239 4005 beatis
2262 3966 2486 4018 corpora
2513 3955 2695 4002 vestra
2727 3949 2957 4002 hostiam
2990 3951 3089 4002 Deo
3144 3950 3425 4002 viventem.
3489 3947 3766 4001 Holocau-

2069 4044 2221 4092 stum
2244 4042 2429 4091 totum
2454 4037 2690 4090 olfertur
2717 4037 2850 4097 Deo,
2876 4041 2933 4089 et
2962 4035 3312 4089 incenditur.
3346 4035 3599 4089 Victimee
3630 4051 3762 4106 pars

2074 4126 2462 4180 sacerdotibus
2478 4124 2663 4178 datur.
2686 4124 3091 4177 Holocaustum
3112 4125 3227 4178 Deo
3246 4123 3465 4186 tribuit,
3484 4124 3582 4193 qui
3598 4139 3765 4178 mun-

2076 4215 2210 4269 dum
2245 4213 2539 4282 relinquit,
2584 4217 2648 4266 ut
2695 4228 2922 4282 semper
2953 4216 3114 4266 vacet
3144 4211 3410 4265 orationi.
3446 4212 3765 4278 Victimam,

2076 4303 2173 4374 qui
2205 4304 2319 4355 Deo
2350 4302 2521 4354 servit
2546 4306 2602 4354 et
2627 4318 2757 4371 quae
2791 4300 2992 4353 mundi
3017 4305 3149 4353 sunt
3171 4300 3425 4369 disponit
3448 4300 3622 4370 juste.

2146 4391 2319 4458 Super
2369 4389 2537 4442 altari
2595 4404 2725 4441 meo.
2783 4387 2976 4441 Fidem
3014 4403 3185 4457 super
3215 4404 3386 4457 quam
3418 4387 3609 4441 omnia
3638 4388 3770 4443 oﬁ'e-

2077 4480 2299 4539 runtur,
2333 4476 2453 4529 sine
2486 4492 2599 4545 qua
2629 4474 2981 4545 impossibile
3004 4480 3089 4529 est
3142 4477 3254 4529 Deo
3282 4476 3523 4546 placere.
3562 4476 3718 4530 Unde
3755 4493 3767 4529 :

2075 4568 2257 4620 Justus
2279 4569 2457 4617 autem
2494 4565 2552 4616 in
2578 4562 2689 4632 ﬁde
2713 4579 2813 4617 sua
2833 4565 2994 4617 vivet.

2148 4654 2305 4706 Vens.
2340 4656 2391 4706 9.
2414 4680 2486 4692 —
2515 4652 2704 4707 Omnes
2736 4652 2935 4705 bestia.
2997 4653 3109 4706 Vox
3148 4652 3463 4723 prophetae,
3528 4652 3629 4723 qui
3680 4652 3772 4706 ad—

2076 4746 2239 4794 vocat
2318 4741 2604 4794 Romanos
2661 4739 2732 4791 ad
2790 4738 3077 4791 excidium
3139 4740 3478 4805 Jerusalem,
3560 4740 3769 4809 quibus

2078 4846 2222 4900 pene
2254 4834 2404 4882 totus
2444 4827 2595 4881 orbis
2649 4826 2951 4880 serviebat.
2998 4828 3096 4881 Vel
3128 4844 3232 4897 per
3259 4828 3488 4894 bestias,
3550 4829 3770 4883 daemo-

2078 4934 2177 4973 nes
2202 4934 2213 4971 :
2241 4916 2447 4988 quibus
2478 4915 2544 4969 ad
2580 4915 2970 4969 devorandum
2995 4915 3174 4970 Judaei
3204 4916 3398 4969 traditi
3429 4920 3581 4970 sunt.

2148 5006 2323 5063 Vens.
2362 5007 2447 5059 10.
2478 5033 2549 5044 —
2580 5006 2731 5059 Caeci.
2771 5004 2893 5057 Non
2917 5002 3191 5057 habentes
3231 5003 3517 5057 Chrisium
3571 5020 3771 5059 verum

2078 5096 2296 5161 lumen,
2329 5094 2417 5147 vel
2443 5093 2613 5147 ﬁdem
2638 5095 2694 5144 et
2722 5090 2861 5144 alias
2890 5091 3143 5145 virtutes.

2151 5184 2338 5239 Canes.
2373 5182 2500 5253 (10.)
2532 5180 2687 5235 Sicut
2720 5195 2887 5233 canes
2914 5195 3169 5250 gregem,
3194 5180 3273 5233 sic
3300 5178 3522 5249 praelati
3565 5178 3775 5234 debent

2079 5270 2359 5325 custodire
2389 5270 2639 5340 plebem.
2703 5270 2870 5325 Canes
2902 5267 3376 5337 impudentissimi.
3431 5267 3594 5331 Quod
3647 5271 3770 5321 est:

2079 5359 2238 5413 Sicut
2266 5374 2432 5413 canes
2481 5357 2602 5411 sine
2636 5356 2975 5411 discretione
2996 5355 3167 5410 etiam
3224 5356 3401 5410 bonos
3458 5372 3610 5427 saepe
3651 5370 3774 5426 per-

2080 5450 2423 5517 sequuntur,
2455 5446 2533 5499 sic
2578 5450 2635 5499 et
2681 5445 2865 5500 Judaei
2914 5445 3279 5517 impudenter
3358 5446 3768 5508 clamaverunt,
