4074 6186
329 258 469 310 1299
800 241 802 244 ’
975 224 1368 308 WALAFRIDI
1410 251 1657 307 S'I'RABI
1698 252 1899 309 FULD.
1945 253 2106 307 ΜΟΝ.
2146 252 2296 307 OPP.
2341 251 2517 306 PARS
2555 250 2592 303 Ι.
2635 279 2704 288 -—
2743 249 3192 305 TllEOLOUlCA.
3719 251 3862 303 1300

327 379 590 446 Cruciﬁge
637 377 887 445 cruciﬁge
924 390 1043 430 eum
1081 375 1232 445 (Luc.
1275 375 1452 444 mu),
1513 391 1615 429 nec
1647 374 1878 429 Domini
1935 392 2024 428 sa-
2051 380 2097 428 Α
2135 374 2412 429 causabor
2439 389 2570 428 cum
2606 377 2868 429 creatura
2900 390 3048 440 mea,
3087 374 3184 428 sed
3213 373 3528 446 percutiam
3567 374 3625 428 in
3691 391 3858 446 pra:-

327 465 502 520 turati
532 471 667 518 sunt
691 464 1029 535 opprobriis.
2140 463 2308 528 senti,
2345 467 2405 516 ut
2434 478 2630 516 sanem
2660 461 2720 515 in
2742 462 2951 517 futuro.

403 556 563 609 Vens.
610 557 684 608 t2.
745 583 811 594 —
882 553 1082 620 Venite,
1109 568 1410 608 sumamus.
1484 553 1576 608 Sic
1627 553 2033 624 pervertebant
2214 554 2356 618 Quia
2385 553 2635 621 spiritus.
2673 553 2804 615 Pax,
2831 550 3128 622 gaudium,
3172 551 3285 606 vita
3348 551 3636 614 omnium,
3703 555 3852 612 etc,

336 643 437 715 qui
463 643 747 713 corrigere
775 641 1117 696 debuerant.
1145 641 1207 694 Et
1235 641 1368 711 quia
1398 657 1599 695 omnes
1629 648 2027 712 peccaverunt,
2140 657 2309 709 usque
2335 641 2408 694 ad
2447 640 2768 710 specialiter
2799 641 2862 692 ;ι.1
2895 641 3140 694 Judaeos.

335 730 531 785 traditi
555 733 688 783 sunt
718 729 776 782 in
809 744 1013 782 manus
1055 729 1470 784 Romanorum.
2215 729 2376 782 Vens.
2413 731 2503 781 17.
2545 757 2605 768 -
2643 729 2918 783 Abscondi
2947 745 2982 781 a
3013 734 3079 794 te,
3125 733 3253 792 etc.,
3295 729 3508 783 scilicet
3556 727 3844 782 auxilium

978 817 1204 871 CAPUT
1239 817 1393 870 LVII.
2143 831 2358 880 meum,
2389 821 2454 869 ut
2479 815 2727 885 amplius
2760 815 3045 870 desideres
3077 816 3268 870 dicens
3305 832 3319 870 :
3353 817 3581 873 Ostende
3636 819 3850 883 faciem

405 906 561 960 Vens.
597 909 644 960 t.
680 933 741 945 —
768 904 958 959 Justus
998 908 1157 974 perit.
1195 907 1391 974 (Ηιειι.)
1432 907 1561 959 Haec
1615 905 1874 960 referunt
1935 906 2036 960 lu-
2145 908 2314 970 tuam,
2349 908 2399 956 et
2424 904 2567 957 salvi
2587 903 2987 974 erimusU’sai.
3019 909 3225 969 Lxxix).

335 993 441 1048 dmi
472 995 543 1049 ad
595 995 821 1059 Isaiam,
873 994 972 1066 qui
1004 1011 1161 1048 serra
1207 996 1394 1065 lignea
1455 1000 1638 1049 sectus
1693 1001 1778 1050 est
1835 1013 1866 1050 a
1923 997 2037 1051 Ma-
2217 993 2370 1046 Abit.
2407 991 2527 1062 (10.)
2567 992 2731 1056 Quod
2761 993 2996 1064 quidam
3023 993 3349 1064 intelligens
3380 993 3502 1048 ait:
3563 997 3700 1048 Tota
3755 995 3846 1048 die

337 1099 502 1137 nasse
531 1083 872 1153 impiissimo
903 1099 1058 1154 rege,
1101 1088 1155 1137 et
1194 1084 1336 1136 alios
1358 1085 1682 1154 prophetas,
1743 1101 1884 1155 quos
1915 1084 2038 1154 ipse
2146 1081 2496 1133 contristatus
2523 1080 2870 1147 ingrediebar
2899 1081 3063 1151 (Psat.
3097 1084 3330 1149 xxxvii).

341 1171 569 1233 occidit,
604 1171 897 1242 appellant
926 1171 1078 1226 viros
1128 1171 1554 1225 misericordiae.
1587 1173 1693 1227 Sed
1726 1172 1911 1226 verius
1934 1173 2038 1226 hoc
2219 1169 2381 1220 Vens.
2446 1170 2527 1221 19.
2583 1198 2651 1206 ——
2695 1170 2886 1225 (ἶνεαυί
2927 1185 2940 1223 :
2991 1169 3154 1240 quasi
3205 1170 3461 1224 diceret:
3519 1170 3848 1225 Liberatio-

339 1260 410 1315 de
443 1259 541 1313 illo
580 1259 808 1326 dicitur,
842 1259 942 1330 qui
975 1264 1057 1314 est
1087 1276 1311 1314 summe
1338 1261 1548 1329 justus.
2151 1271 2281 1308 nem
2318 1273 2349 1309 a
2379 1255 2703 1326 captivitate
2744 1272 2915 1326 quam
2950 1273 3051 1326 per
3094 1257 3402 1311 Jeremiam
3439 1263 3568 1328 post
3606 1265 3846 1330 septua—

418 1352 485 1403 Et
512 1364 662 1404 nemo
687 1353 782 1404 est.
810 1350 1048 1419 Propter
1095 1348 1480 1419 speculatores
1537 1364 1715 1403 caecos
1771 1354 1829 1404 et
1873 1365 2040 1403 canes
2151 1345 2311 1414 ginta
2337 1360 2517 1397 annos
2547 1343 2812 1413 promisi,
2835 1360 3004 1414 opere
3046 1346 3343 1416 complevi.

347 1442 556 1492 mutos.
727 1440 734 1446 ’
2221 1434 2415 1488 Creavi
2433 1435 2676 1499 fructum
2708 1435 2975 1487 Iubiorum
2999 1449 3207 1502 pacem.

415 1527 520 1591 Qui
539 1529 830 1594 recogitet:
894 1525 1029 1597 quia
1070 1524 1203 1579 eieci
1259 1529 1313 1578 et
1377 1524 1522 1578 muti
1572 1525 1904 1596 ignorantes
1955 1541 2041 1579 sa-
2229 1522 2390 1576 Vens.
2446 1525 2532 1576 20.
2602 1553 2665 1560 —
2719 1523 2885 1592 Impii
2913 1527 3108 1577 autem.
3145 1522 3329 1593 Supra
3385 1523 3454 1578 de
3508 1522 3624 1577 illis
3657 1523 3848 1594 quiin

346 1613 649 1686 pientiam,
683 1631 795 1667 non
816 1614 1068 1684 cogitant
1097 1629 1162 1666 ea
1201 1629 1330 1683 quae
1359 1613 1457 1667 Dei
1485 1619 1637 1666 sunt.

425 1703 576 1756 Vens.
620 1705 672 1758 εὶ.
726 1732 794 1743 -—-
840 1704 1028 1757 Veniat
1051 1718 1188 1771 pum,
1240 1703 1539 1770 requiescat
1590 1704 1649 1756 in
1704 1702 1872 1756 cubili
1924 1717 2042 1770 suo,

2152 1610 2477 1681 captivitate
2566 1610 2962 1680 paenitentiam
3009 1617 3270 1681 egerunt,
3327 1617 3386 1667 et
3440 1612 3568 1666 ideo
3617 1613 3842 1668 liberati

2153 1702 2305 1764 sunt,
2365 1703 2420 1752 et
2462 1698 2532 1753 de
2581 1699 2694 1752 illis
2725 1699 2826 1770 qui
2876 1704 3006 1770 post
3033 1699 3424 1755 ascensionem
3453 1701 3839 1756 crediderunt.

351 1793 450 1860 qui
481 1793 780 1846 amtulavit
810 1793 887 1847 in.
918 1792 1046 1860 (In.)
1074 1789 1360 1860 PrOpheta
1386 1794 1651 1858 precatur
1690 1795 1755 1843 ut
1785 1789 2043 1844 Christus
2154 1780 2252 1840 llic
2297 1786 2365 1840 de
2395 1787 2508 1840 illis
2564 1788 2888 1857 specialiter
2934 1788 3210 1859 loquitur,
3245 1789 3343 1861 qui
3399 1789 3458 1844 in
3506 1790 3843 1845 inﬁdelitate

351 1880 560 1947 veniat,
613 1895 917 1950 resurgens
947 1896 980 1932 a
1023 1878 1264 1931 mortuis
1298 1878 1616 1948 requiescat
1655 1877 1715 1931 in
1762 1877 1935 1932 cubili
1985 1880 2042 1932 in
2154 1892 2254 1928 sua
2283 1882 2698 1931 remanserunt.

355 1969 556 2039 gloria,
597 1968 811 2021 scilicet
840 1971 1092 2038 paternae
1127 1966 1459 2036 majestatis,
1513 1968 1598 2020 vel
1655 1965 1714 2020 in
1777 1967 2039 2034 Ecclesia,

356 2057 418 2110 in
439 2072 553 2125 qua
607 2055 920 2110 directione
968 2055 1298 2109 ambulavit.

2075 1662 2115 1714 Β

2771 2016 2996 2072 CAPUT
3037 2018 3220 2073 LVIII.

433 2146 591 2199 Vens.
648 2143 1112 2198 6.—Libamen.
1144 2143 1376 2205 Vinum,
1407 2142 1598 2198 oleum
1628 2147 1683 2198 et
1714 2143 2048 2214 hujusmodi
2229 2140 2393 2196 Vens.
2463 2145 2516 2196 l.
2575 2170 2643 2181 —
2699 2142 2904 2198 Clama.
2979 2141 3174 2213 (Ηειι.)
3235 2141 3508 2197 Dominus
3567 2143 3640 2196 ad
3726 2159 3850 2214 pro-

359 2232 608 2303 liquores
636 2247 649 2286 :
684 2231 1020 2285 sacriﬁcium
1043 2230 1230 2301 panis,
1263 2230 1492 2286 victima
1511 2235 1565 2285 et
1586 2231 1937 2301 hujusmodi.
2158 2230 2359 2300 phetas
2390 2232 2476 2286 vel
2501 2231 2571 2286 ad
2603 2233 2886 2302 apostolos
2918 2248 2930 2286 :
2963 2231 3128 2286 ﬁnito
3157 2232 3370 2287 scilicet
3427 2232 3609 2303 priori
3661 2233 3850 2303 capite

433 2311 590 2374 Vens.
651 2325 702 2374 7.
754 2349 822 2359 —
905 2321 1079 2389 Super
1134 2326 1362 2375 montem
1425 2320 1709 2374 excelsum.
1789 2320 2049 2374 Haeretici
2158 2319 2350 2389 inquo
2380 2319 2698 2390 paxjustis,
2730 2324 2786 2374 et
2816 2321 2973 2374 nulla
3023 2321 3252 2391 requies
3281 2321 3579 2376 nuntiatur
3621 2322 3849 2392 ,impiis.

360 2424 611 2481 quoque,
643 2413 773 2475 etc.,
799 2424 965 2478 usque
985 2409 1058 2462 ad
1081 2414 1141 2463 ut
1159 2409 1564 2471 conculcentur
1592 2407 1662 2462 ab
1694 2408 2047 2463 hominibus.
2232 2408 2399 2472 Quasi
2426 2407 2580 2464 tuba.
2611 2407 2736 2479 (10.)
2790 2408 2896 2462 Ubi
2925 2409 3220 2479 apostolis,
3267 2414 3399 2478 etc.,
3431 2425 3598 2478 usque
3651 2410 3730 2464 ad
3778 2410 3856 2464 sic

432 2498 590 2551 Vens.
625 2499 676 2551 8.
710 2528 778 2537 —
802 2500 873 2552 Et
900 2503 1021 2566 post
1041 2499 1236 2551 ostium
1262 2512 1274 2550 :
1310 2496 1482 2562 Quasi
1513 2497 1725 2551 diceret
1752 2497 1936 2552 (Non
1968 2513 2052 2550 so-
2163 2496 2333 2550 Israel
2365 2501 2593 2568 peccato
2619 2500 2878 2550 mortuus
2897 2497 3096 2552 audiat
3126 2498 3342 2552 scelera
3375 2515 3494 2553 sua.

361 2585 482 2641 lum
512 2585 574 2638 in
602 2585 891 2639 montibus
918 2585 1072 2639 idola
1088 2585 1355 2654 adorasti,
1379 2585 1474 2640 sed
1500 2585 1670 2639 etiam
1693 2590 1819 2656 post
1841 2587 2051 2640 ostium
2237 2586 2440 2654 Populo
2466 2602 2594 2639 meo.
2629 2587 2707 2638 Ac
2739 2585 2786 2638 si
2813 2584 2963 2640 dicat
2995 2602 3007 2640 :
3042 2585 3280 2640 Videant
3338 2587 3568 2657 qualem
3629 2588 3855 2642 Patrem

362 2673 624 2744 posuisti,
657 2679 720 2728 ut
747 2673 1080 2744 ingrediens
1110 2674 1329 2728 videres
1387 2679 1444 2727 et
1486 2691 1714 2745 semper
1762 2675 2048 2729 adorares.
2163 2673 2539 2744 perdiderunt
2595 2674 2694 2744 qui
2751 2673 2923 2728 etiam
2977 2677 3301 2745 peccatores
3357 2676 3638 2746 populum
3683 2693 3852 2731 suum

434 2763 576 2828 Quia
621 2762 793 2830 juxta
844 2778 926 2816 me
955 2762 1385 2831 discooperuisti.
1421 2763 1749 2834 Metaphora
1779 2764 2053 2818 adulterae
2165 2767 2342 2816 vocat.

366 2850 512 2904 sicut
541 2866 711 2920 supra
755 2849 1091 2916 meretricis,
1152 2856 1281 2920 etc.,
1319 2866 1486 2920 usque
1535 2851 1610 2905 ad
1658 2852 1929 2906 omnibus
1960 2868 2053 2905 ex-
2239 2851 2400 2905 Vens.
2435 2853 2486 2905 2.
2527 2880 2596 2891 —
2629 2853 2813 2919 Quasi.
2844 2853 2959 2906 Hoc
2989 2857 3095 2919 est,
3124 2867 3300 2923 quare
3348 2868 3485 2923 ergo
3529 2868 3647 2907 non
3679 2870 3858 2908 exau-

366 2939 550 3010 posita
579 2938 942 2992 intrantibus.
2091 2943 2132 2999 C
2171 2938 2324 2994 diam
2357 2956 2456 2994 eos
2483 2939 2629 2992 sicut
2659 2940 2787 2993 illos
2807 2940 2907 3010 qui
2935 2940 2994 2993 in
3027 2941 3270 2995 Ecclesia
3309 2940 3585 3011 justitiam
3616 2941 3858 3009 faciunt,

439 3028 600 3082 Vens.
636 3030 692 3082 9.
731 3057 800 3066 —
827 3029 1030 3082 Misisti
1059 3028 1283 3095 legatos.
1328 3028 1394 3081 Ut
1424 3027 1692 3081 atierrent
1738 3027 2059 3099 longinqua
2161 3027 2312 3097 juste
2341 3031 2397 3081 et
2425 3026 2518 3098 pic
2541 3026 2812 3092 viventes,
2837 3027 3123 3083 Christum
3145 3045 3341 3084 verum
3365 3030 3544 3083 Deum
3573 3033 3630 3083 et
3661 3045 3862 3084 verum

368 3113 536 3182 idola,
573 3113 736 3185 quasi
767 3131 887 3168 non
915 3114 1200 3168 sufficiant
1230 3114 1428 3168 vicina.
1475 3117 1536 3168 Et
1563 3115 1624 3168 in
1658 3115 1763 3169 hoc
1821 3117 2058 3186 Babylo-
2166 3115 2428 3170 homines
2453 3116 2810 3171 conﬁtentes.

369 3202 496 3256 nios
525 3207 582 3256 et
609 3203 896 3274 Egyptios
928 3203 1061 3257 deos
1089 3203 1391 3273 signiﬁcat.
2238 3207 2474 3274 Rogant.
2559 3207 2685 3272 (10.)
2739 3206 2863 3261 Alia
2913 3205 3204 3261 temeritas
3283 3206 3636 3272 Judaeorum,
3698 3207 3866 3279 quasi

443 3292 604 3345 Vens.
668 3294 752 3347 10.
814 3319 886 3332 -
939 3294 1002 3346 In
1059 3293 1407 3346 multitudine
1460 3295 1562 3347 viae
1615 3296 1718 3346 tua
1775 3293 2056 3348 luborasti.
2166 3294 2516 3348 conﬁdentes
2547 3293 2605 3347 in
2647 3294 2994 3349 conscientia
3026 3295 3176 3349 bona
3192 3295 3472 3365 judicium
3505 3296 3728 3365 justum
3765 3302 3863 3366 pe:

371 3379 480 3444 Qui
505 3380 764 3433 ambulat
787 3380 878 3433 via
907 3381 1065 3449 regia
1082 3397 1193 3434 non
1223 3381 1460 3434 laborat.
1509 3381 1626 3435 Una
1655 3386 1740 3436 est
1765 3381 1854 3434 via
1915 3383 2058 3436 veri-
2097 3401 2100 3404 '
2169 3383 2401 3449 stulant,
2429 3381 2743 3436 secundum
2783 3382 2926 3437 illud
2960 3400 2972 3436 :
3034 3383 3245 3437 Judica
3288 3401 3388 3450 me,
3449 3384 3678 3438 Domine
3737 3401 3867 3453 quo—

374 3468 503 3520 tatis
525 3483 654 3537 quae
680 3467 850 3520 dicit:
880 3471 994 3535 Ego
1020 3484 1138 3522 sum
1156 3472 1268 3536 via,
1292 3471 1492 3524 veritas
1514 3475 1564 3524 et
1584 3473 1698 3524 vita
1723 3472 1883 3538 (Joan
1910 3476 2018 3536 xxv)
2046 3487 2058 3523 :
2167 3475 2318 3526 niam
2339 3486 2432 3539 ego
2460 3473 2518 3524 in
2549 3473 2854 3526 innocentia
2877 3487 2994 3526 mea
3025 3475 3300 3541 ingressus
3329 3487 3468 3526 sum.

373 3556 558 3609 Multa:
591 3559 724 3608 sunt
763 3555 866 3609 vite
905 3557 1344 3623 mundanorum,
1382 3558 1553 3624 unde,
1609 3560 1727 3615 Non
1769 3561 1909 3613 sicut
1963 3562 2063 3612 viae
2239 3560 2399 3615 Vens.
2452 3562 2504 3614 3.
2560 3561 2736 3626 Quare
2773 3559 3176 3629 jejunavimus.
3239 3559 3411 3615 Obliti
3465 3563 3597 3614 sunt
3660 3559 3866 3614 veteris

373 3659 499 3698 meae
518 3648 643 3698 sunt
664 3645 765 3698 viae
792 3649 982 3698 vestrae
1019 3645 1146 3714 (lsa.
1184 3648 1288 3714 XL).
2171 3647 2443 3714 historiae,
2494 3649 2646 3719 quod
2689 3648 2964 3703 Dominus
3011 3664 3129 3702 non
3186 3647 3436 3719 respexit
3485 3649 3559 3702 ad
3619 3663 3865 3703 munera

448 3734 605 3786 Vnns.
649 3735 731 3786 13.
769 3760 826 3772 --
879 3734 987 3798 Qui
1043 3739 1220 3787 autem
1251 3735 1507 3802 fiduciam
1549 3735 1706 3789 habet
1757 3737 1899 3789 mei.-
1938 3735 2062 3806 (Io.)
2172 3737 2328 3804 Cain,
2359 3753 2425 3791 eo
2453 3737 2602 3808 quod
2637 3753 2748 3791 non
2799 3741 2950 3791 recte
2980 3736 3270 3791 dividebat
3308 3753 3439 3791 cum
3499 3737 3676 3792 fratre
3734 3754 3865 3806 suo,

375 3822 481 3886 Qui
508 3821 680 3888 idola,
704 3837 821 3876 non
868 3823 1195 3889 coluerunt,
1241 3825 1327 3877 vel
1358 3824 1416 3878 in
1467 3824 1855 3896 captivitatem
1910 3823 2063 3878 ducti
2171 3824 2262 3879 cui
2289 3825 2627 3880 charitatem
2680 3825 2790 3879 Deo
2822 3824 3132 3879 invidebat.

372 3911 785 3980 pmnituerunt,
820 3910 922 3964 sub
949 3911 1254 3966 Zorobabel
1287 3915 1342 3965 et
1368 3911 1496 3965 aliis
1555 3912 1798 3967 ducibus
1827 3912 2062 3977 reversi,
2242 3916 2375 3968 Ecce
2400 3916 2456 3967 in
2481 3913 2594 3968 die.
2627 3913 2920 3984 Jejunium
2950 3915 3064 3968 Deo
3124 3917 3424 3983 acceptum
3455 3917 3561 3978 est,
3594 3929 3715 3968 non
3763 3931 3862 3967 so-

375 3999 554 4054 Deum
578 4015 745 4053 suum
775 3998 835 4052 in
864 3999 988 4053 loco
1019 4015 1122 4053 suo
1158 4000 1543 4054 adoraverunt
1593 4000 1906 4056 secundum
1956 4002 2062 4056 He-
2174 4000 2292 4054 lum
2322 4017 2355 4054 a
2383 3999 2541 4067 cibis,
2565 4000 2664 4054 sed
2695 3999 2762 4054 ab
2809 3998 3078 4054 omnibus
3109 4001 3280 4054 rebus
3301 3999 3518 4054 illicitis
3547 4000 3864 4056 abstinere.

375 4088 609 4141 brutum.
2244 4091 2521 4159 Repetitis.
2578 4089 2686 4154 Qui
2723 4089 2932 4160 repetit
2981 4105 3100 4144 non
3166 4089 3496 4153 habentem,
3561 4091 3674 4144 Deo
3733 4091 3867 4145 facit

448 4175 744 4230 Possidebit
797 4179 1026 4229 montem
1091 4179 1338 4229 sanctum
1417 4181 1585 4244 tuum,
1640 4176 1855 4232 scilicet
1877 4179 2058 4249 legem
2091 4225 2132 4279 D
2175 4177 2522 4232 violentiam.
3049 4191 3053 4194 '

376 4263 588 4317 Veteris
617 4268 674 4317 et
701 4261 839 4316 Novi
869 4263 1226 4330 testamenti;
1258 4268 1569 4337 utrumque
1597 4266 1752 4324 enim
1783 4265 1842 4320 in
1869 4270 2060 4323 monte
2091 4261 2131 4279 υ
2244 4267 2402 4320 Vens.
2465 4267 2517 4319 4.
2551 4295 2619 4305 -
2670 4267 2842 4321 Nolite
2887 4265 3145 4334 jejunare
3195 4267 3336 4319 sicut
3365 4280 3532 4335 usque
3595 4265 3673 4319 ad
3730 4266 3870 4321 hanc

375 4351 591 4407 datum.
626 4352 692 4405 Et
734 4350 805 4404 ad
856 4350 1228 4421 praemiorum
1282 4353 1645 4408 altitudinem
1699 4353 1924 4422 invitat,
1977 4357 2063 4411 vel
2173 4352 2334 4407 diem.
2364 4353 3035 4423 Nevideaturreprobare
3050 4353 3361 4424 jejunium,
3389 4355 3872 4426 docetquomodo

377 4438 663 4492 Christum
675 4478 688 4492 .
2175 4441 2250 4496 sit
2257 4441 2638 4511 jejunandum
2649 4483 2662 4496 .

446 4527 611 4581 Vens.
664 4528 742 4581 14.
782 4556 852 4566 -
910 4530 980 4582 Et
1026 4528 1207 4583 dicam
1238 4544 1344 4599 ego
1375 4529 1629 4583 Christus
1683 4529 1898 4587 scilicet
1919 4531 2066 4602 ’δρο-
2247 4530 2407 4584 Vens.
2509 4558 2577 4568 —
2599 4530 2863 4599 Nunquid
2893 4531 2998 4585 tale
3026 4534 3103 4584 est
3125 4529 3423 4598 jejunium.

378 4613 558 4679 stolis,
592 4616 752 4670 Viam
773 4617 898 4681 feci,
936 4616 1078 4670 bene
1108 4616 1496 4687 praedicando,
1557 4617 1805 4687 prazbete
1854 4619 1963 4673 iter
2007 4619 2068 4674 in
2248 4617 2419 4672 Vens.
2447 4621 2499 4673 6.
2552 4648 2621 4657 —-
2679 4619 3078 4687 Colligationes.
3142 4619 3267 4683 (Ιο.)
3320 4619 3552 4672 Peccata
3594 4617 3875 4689 intelligi-

378 4703 705 4774 exemplum
762 4703 844 4758 eis
900 4704 1045 4758 bene
1095 4705 1418 4775 operando;
1451 4706 1671 4760 auferte
1728 4707 2069 4762 oti'eudicula
2177 4722 2324 4774 mus,
2356 4711 2486 4776 etc.,
2517 4723 2687 4778 usque
2727 4707 2802 4762 ad
2829 4707 3168 4762 domesticos
3221 4706 3454 4760 seminis
3495 4705 3579 4759 tui
3641 4722 3718 4760 ne
3775 4707 3872 4760 de-

378 4807 480 4863 per
535 4792 886 4862 baptismum
939 4798 1172 4862 peccata
1236 4794 1518 4847 abluendo
1587 4793 1870 4848 idolorum
1950 4797 2068 4849 cul-
2179 4795 2451 4864 spexeris.

377 4883 498 4934 tum
529 4879 934 4950 praedicatione
955 4881 1290 4936 amovendo.
2254 4883 2418 4937 Vens.
2474 4887 2526 4936 7.
2571 4913 2640 4923 ——
2686 4885 2905 4952 Frange
2933 4875 3192 4937 esurienti
3224 4897 3442 4952 panem.
3480 4882 3599 4946 (In.)
3658 4883 3872 4937 Panem

449 4971 611 5025 Vens.
644 4972 726 5023 15.
761 4999 830 5008 ——
862 4970 1006 5034 Quia
1060 4971 1169 5023 hch
1216 4970 1370 5026 dicit.
1421 4970 1816 5041 Increpatione
1871 4976 2068 5024 contra
2180 4967 2454 5022 esurienti
2483 4968 2821 5040 frangimus,
2854 4974 2984 5038 etc.,
3012 4985 3178 5038 usque
3206 4969 3279 5022 ad
3311 4969 3406 5023 sed
3439 4969 3646 5022 animae
3717 4976 3872 5023 satu-

376 5058 692 5114 Jerusalem
751 5056 932 5124 ﬁnita,
963 5058 1120 5111 venit
1149 5058 1218 5112 ad
1250 5074 1351 5112 eos
1393 5058 1493 5129 qui
1523 5059 1818 5113 conﬁdunt
1865 5059 1925 5112 in
1956 5061 2070 5115 Do-
2182 5056 2337 5111 ritas.

381 5148 557 5212 mino,
618 5163 864 5217 quorum
921 5146 1231 5201 reversioni
1289 5147 1398 5200 iter
1436 5148 1685 5216 jusserat
1737 5149 2063 5218 praeparari.
2251 5148 2571 5200 Etcarnem.
2626 5151 2794 5200 tuam.
2855 5145 2974 5216 (Ιυ.)
3035 5145 3363 5200 Proximum
3431 5145 3489 5198 in
3540 5146 3878 5199 necessitate

379 5237 534 5292 Unde
561 5240 616 5289 et
645 5253 677 5290 a
718 5235 980 5290 laudibus
1013 5234 1114 5290 Dei
1144 5234 1362 5304 incipit,
1396 5240 1610 5305 etquae
1641 5234 1904 5290 redeunti
1961 5253 2070 5306 po-
2183 5234 2437 5306 qualibet
2488 5249 2831 5305 recognosce
2907 5234 3155 5289 similem
3209 5234 3338 5301 tibi,
3399 5233 3774 5288 considerans
3827 5239 3881 5286 te

380 5326 514 5394 pulo
540 5325 868 5396 promiserit
897 5329 1316 5395 consequenter
1341 5323 1605 5378 ostendit.
2185 5323 2483 5377 mortalem
2517 5326 2573 5376 et
2597 5323 2954 5393 passibilem.

451 5412 608 5466 Vens.
658 5416 740 5466 16.
798 5442 866 5452 -
911 5414 1029 5469 Non
1081 5413 1222 5465 enim
1275 5414 1334 5465 in
1379 5413 1761 5480 sempiternum
1820 5412 2065 5480 litigabo.
2255 5413 2416 5465 Vens.
2483 5415 2534 5466 8.
2586 5442 2651 5450 —
2723 5411 2926 5465 Lumen
2983 5416 3152 5465 tuum.
3228 5410 3384 5465 Sicut
3440 5409 3727 5464 matutina
3786 5411 3880 5465 lux

365 5489 505 5566 ’(Ιυ.)
540 5498 661 5552 Νοιι
692 5499 751 5552 in
772 5500 1184 5570 sempiternum
1218 5499 1453 5552 servabo
1483 5499 1626 5552 iram
1655 5515 1864 5564 meam,
1888 5515 2074 5570 neque
2184 5499 2344 5554 solvit
2369 5499 2652 5566 tenebras,
2682 5499 2763 5554 ita
2781 5501 2977 5557 lumen
3001 5499 3252 5553 veritatis
3281 5500 3442 5569 fugat
3460 5513 3702 5552 errores.
