4018 6176
223 277 352 330 1301

1360 274 1614 330 GLOSSA
1653 272 2056 330 ORDINARIA.
2099 301 2165 314 -—
2206 275 2333 330 LIB.
2376 272 2594 330 ISAItE.

3594 278 3727 333 t302

286 397 533 450 Iustitia.
571 394 824 449 Christus
854 393 954 465 qui
1013 410 1213 449 omnes
1232 394 1525 464 justiticat,
1582 397 1824 451 anteibit
1851 398 1919 453 ad
1946 401 1996 452 A
2035 414 2176 454 sona
2196 397 2397 470 populi
2415 396 2746 468 paenitentis
2777 398 3104 469 respondet,
3136 403 3265 470 post
3286 401 3724 458 accusationem.

215 486 485 555 gloriam.

290 576 360 628 Et
384 574 561 639 gloria
592 574 809 627 Domini
853 572 1063 640 colliget
1094 576 1161 636 te,
1212 570 1268 626 id
1300 577 1385 626 est
1443 572 1711 644 suscipiet
1739 574 1806 627 ad
1839 590 1919 639 se,

216 660 324 730 qui
376 659 557 713 dixit:
630 661 731 713 Ubi
787 674 880 725 ego
912 674 1052 724 sum,
1086 660 1201 713 illic
1251 664 1302 713 et
1355 661 1603 713 minister
1647 677 1790 714 meus
1820 664 1922 714 erit

218 750 400 815 (Joan.
437 748 553 815 xu).

291 839 454 891 Vens.
489 840 540 890 9.
575 868 641 876 —
712 838 963 903 Digitum
995 836 1297 889 extendere.
1361 836 1652 891 Proximos
1699 842 1917 904 notare,

218 926 554 979 detrahere.
594 924 653 978 1d
705 930 790 978 est
834 940 949 977 non
1010 924 1195 977 solum
1230 940 1346 977 non
1403 925 1637 995 cogites,
1690 930 1746 978 et
1806 942 1920 979 non

214 1015 391 1068 facias
420 1014 561 1076 haec,
597 1012 695 1066 sed
730 1028 799 1065 ne
831 1012 1115 1065 detrahas.

292 1103 450 1155 Vens.
492 1105 573 1155 11.
608 1130 674 1139 ——
733 1101 932 1153 Hortus
992 1101 1258 1164 irriguus,
1337 1098 1643 1168 voluptatis
1701 1100 1919 1168 paradi-

216 1207 335 1255 sus,
365 1206 538 1260 quem
594 1190 951 1259 plantaverat
1005 1188 1275 1241 Dominus
1328 1189 1472 1241 Deus
1529 1205 1560 1240 a
1609 1187 1914 1257 principio,

212 1280 428 1332 scilicet
472 1277 798 1331 Ecclesiam.
837 1278 983 1330 Fons
1013 1276 1071 1329 in
1104 1276 1291 1329 medio
1322 1276 1577 1331 Christus
1623 1281 1725 1341 est,
1758 1278 1918 1347 cujus

214 1384 330 1421 nou
362 1367 632 1421 deliciunt
682 1381 844 1435 aqum
877 1365 1150 1419 doctrinae
1199 1364 1534 1434 spiritualis,
1568 1383 1695 1435 qua:
1729 1366 1916 1418 Eccle-

213 1457 357 1511 siam
383 1455 644 1525 irrigant.
681 1455 744 1507 Et
770 1454 874 1508 hoc
896 1459 1000 1519 est,
1031 1456 1097 1508 Et
1119 1456 1222 1507 erit
1252 1455 1413 1521 quasi
1433 1455 1618 1508 hortus
1652 1456 1912 1519 irriguus,

211 1561 244 1598 ο
274 1544 461 1598 tidelis
493 1545 577 1597 vel
612 1543 874 1597 Ecclesia.
1208 1586 1211 1589 .

280 1637 437 1689 Sicut
456 1636 599 1700 fons.
632 1631 1051 1687 Assimilaberis
1082 1631 1323 1697 Christo,
1367 1630 1535 1700 capiti
1568 1636 1687 1686 tuo.

285 1724 445 1775 Vens.
482 1726 565 1776 1'2.
613 1752 679 1761 --
723 1720 1159 1788 zEdi/icabuntur
1196 1720 1401 1788 (HlElL)
1434 1720 1617 1773 Judaei
1664 1721 1920 1774 referunt

212 1812 324 1866 hoc
356 1812 428 1865 ad
478 1808 952 1865 restaurationem
983 1823 1110 1877 quae
1154 1808 1301 1861 facta
1340 1813 1425 1861 est
1453 1808 1556 1861 sub
1608 1808 1919 1862 Zorobabel

207 1906 266 1952 et
285 1902 421 1954 .Iesu
477 1898 776 1952 Sacerdote
830 1912 1074 1966 magno;
1118 1896 1203 1949 vel
1247 1896 1315 1949 ad
1370 1896 1525 1949 illam
1560 1913 1730 1967 quam
1778 1897 1919 1950 deli-

205 1994 342 2043 rant
372 1989 623 2041 futuram
672 1986 729 2039 in
782 1985 1004 2039 ultimo.
1067 1984 1264 2037 Melius
1323 1984 1392 2037 ad
1451 1984 1752 2038 Ecclesium
1802 1985 1921 2038 ha'c

204 2075 409 2130 referri
439 2079 705 2146 possunt.

278 2164 651 2217 Fundamenta
708 2163 833 2231 (10.)
891 2163 1210 2233 Apostolus,
1268 2163 1582 2233 prophetas
1648 2166 1705 2215 et
1760 2161 1915 2215 simi-

204 2251 328 2304 les:
391 2249 569 2315 Unde,
631 2249 1059 2303 Fundamentum
1117 2250 1233 2317 ejus
1288 2252 1344 2303 in
1394 2250 1663 2303 montibus
1712 2251 1915 2303 sanctis

203 2341 371 2403 (Psal.
430 2338 665 2405 LXXXVI).
730 2337 1187 2391 Fundamentum
1238 2343 1428 2391 autem
1488 2337 1765 2408 singulari
1808 2354 1913 2390 uu-

203 2442 369 2481 mero
415 2425 673 2481 Christus
730 2429 831 2490 est,
867 2425 1040 2489 unde,
1096 2425 1530 2479 Fundamentum
1576 2426 1731 2480 aliud
1760 2442 1912 2479 nemo

204 2519 383 2584 potest
426 2528 641 2583 ponere,
694 2518 891 2581 praeter
924 2513 984 2566 id
1032 2513 1177 2580 quod
1223 2516 1463 2583 positum
1504 2518 1602 2581 est,
1649 2515 1793 2583 quod
1834 2519 1909 2568 est

206 2604 459 2660 Christus
484 2603 649 2655 Jesus
682 2602 736 2669 (I
758 2605 876 2656 (for.
904 2604 1008 2667 ui).

281 2693 666 2760 Iniquitatum,
744 2689 883 2742 alias
929 2691 986 2743 in
1064 2692 1311 2758 quietem,
1384 2690 1599 2745 scilicet
1677 2691 1908 2745 semitas

210 2779 425 2835 erroris
459 2779 516 2832 in
534 2779 783 2848 quietem
816 2779 901 2831 vel
935 2794 1123 2831 veram
1153 2795 1373 2849 pacem.

286 2870 447 2921 Vens.
510 2868 591 2921 14.
622 2896 691 2907 -
726 2870 921 2921 Terrae.
984 2868 1302 2921 Viventium
1341 2885 1470 2938 qua:
1532 2883 1758 2921 sursum
1791 2884 1905 2921 non

209 2958 501 3020 deorsum,
535 2956 687 3010 unde
722 2956 863 3010 Loth
893 2956 1135 3011 dicitur:
1168 2958 1231 3010 1n
1263 2962 1435 3010 monte
1460 2957 1671 3011 salvum
1719 2962 1766 3009 te
1792 2958 1903 3022 fac.
1939 2964 1978 3015 C

287 3045 630 3099 Hazreditate.
664 3044 911 3110 Caelesti,
961 3060 1134 3115 quam
1188 3044 1314 3099 dedi
1354 3045 1521 3099 Iacob
1562 3045 1723 3115 cujus
1755 3045 1908 3098 illius

213 3153 272 3188 es
335 3150 436 3204 per
491 3132 661 3187 tidem
711 3138 767 3186 et
813 3132 1226 3202 Operationem,
1276 3132 1409 3187 vitia
1459 3137 1631 3203 atque
1680 3137 1908 3205 peccata

213 3222 653 3291 supplantando.
689 3221 861 3291 Cujus
884 3220 1038 3275 enim
1080 3220 1208 3291 quis
1250 3221 1502 3275 imitator
1550 3222 1741 3286 fuerit,
1787 3222 1907 3291 ejus

174 3310 183 3317 “
216 3309 370 3363 ιίιὶιιδ
392 3309 612 3364 dicitur.

863 3380 1089 3435 CAPUT
1133 3380 1258 3435 LIX.

286 3488 451 3541 Vens.
486 3489 537 3540 2.
569 3515 638 3526 —
678 3486 784 3543 Sed
812 3484 1129 3555 iniquitates
1182 3490 1391 3541 vestrae.
1440 3484 1701 3541 Ostendit
1732 3502 1909 3557 quare

213 3590 330 3629 non
363 3573 611 3628 exauditi
642 3579 699 3628 et
727 3574 786 3627 in
809 3574 1192 3645 captivitatem
1224 3573 1399 3628 ducti.

286 3664 445 3716 Vens.
504 3666 556 3716 3.
613 3692 679 3701 -—
740 3664 943 3715 Manus
1000 3677 1136 3730 ejus.
1191 3663 1372 3729 Hum.)
1432 3660 1768 3732 lniquitates
1808 3678 1910 3731 per

208 3754 402 3822 partes
428 3749 680 3819 exponit,
724 3754 853 3815 etc.,
882 3765 1049 3820 usque
1077 3750 1151 3803 ad
1198 3755 1255 3803 et
1301 3749 1533 3803 tandem
1584 3748 1644 3802 in
1701 3749 1907 3803 Filium

210 3838 315 3894 Dei
340 3838 743 3893 inclamantes:
796 3840 1033 3905 Sanguis
1082 3838 1199 3907 ejus
1219 3852 1383 3907 super
1401 3852 1495 3892 nos
1517 3841 1565 3891 et
1590 3851 1752 3904 super
1770 3837 1908 3905 ﬁlios

208 3932 440 3982 nostros.

284 4016 451 4069 Vens.
503 4015 555 4069 4.
616 4045 682 4055 -—
752 4016 1141 4083 Conceperunt.
1203 4013 1325 4083 (10.)
1404 4013 1511 4078 Qui
1585 4015 1912 4081 exspectant

212 4102 645 4157 Antichristum.
702 4104 882 4167 Quem
913 4102 1068 4157 enim
1120 4103 1302 4156 multo
1336 4102 1533 4156 labore
1572 4100 1913 4173 perquirunt

216 4192 278 4246 in
306 4191 608 4262 iniquitate
638 4190 965 4260 suscipient.

294 4281 452 4333 Vens.
613 4308 674 4321 —-
724 4279 857 4334 Ova.
928 4280 1052 4349 (10.)
1107 4280 1182 4332 Ex
1244 4295 1349 4334 ovo
1397 4279 1563 4344 fetus,
1616 4293 1684 4331 ex
1740 4276 1907 4330 corde

215 4368 543 4433 consilium,
578 4385 641 4422 ex
699 4384 812 4438 quo
864 4372 1043 4423 actus.
1084 4368 1198 4423 Ova
1244 4383 1379 4437 ergo
1431 4371 1732 4437 ruperunt,
1774 4365 1911 4419 dum

212 4457 386 4510 corda
442 4456 643 4527 iniqua
675 4461 729 4511 et
786 4473 1067 4510 venenosa
1120 4456 1359 4510 consilia
1412 4455 1598 4509 verbis
1643 4452 1911 4509 ostende-

212 4550 371 4611 runt,
405 4547 693 4601 dicentes:
726 4550 863 4602 Reus
883 4552 958 4601 est
990 4550 1177 4600 mortis
1200 4546 1422 4616 (Matth.
1452 4545 1626 4615 xxvx).

289 4635 581 4704 Aspidum.
630 4635 797 4705 Aspis
866 4636 938 4689 ad
982 4635 1228 4704 primam
1293 4650 1489 4688 vocem
1545 4631 1914 4687 incantatoris

213 4723 451 4777 alteram
482 4739 681 4777 aurem
713 4730 879 4777 terra:
910 4723 1118 4793 inﬁgit,
1170 4723 1411 4777 alteram
1442 4721 1623 4775 cauda
1666 4721 1909 4782 obturat,

216 4826 292 4864 ne
338 4812 520 4880 possit
561 4810 878 4865 incantari:
921 4812 1001 4865 sic
1051 4811 1231 4866 Judaei
1273 4810 1617 4865 inhaerentes
1649 4808 1911 4873 terrenis,

216 4916 289 4952 ne
340 4900 525 4953 locum
579 4904 636 4953 et
687 4904 917 4970 gentem
976 4900 1282 4971 perderent
1332 4902 1669 4965 metuentes,
1705 4899 1915 4953 Christi

216 4987 688 5057 praedicationem
704 4988 1058 5058 repulerunt,
1078 4986 1343 5041 venenati
1356 4990 1764 5040 venenatorum
1788 4986 1910 5040 ﬁlii.

287 5079 546 5145 Erumpet
593 5079 651 5129 in
697 5077 961 5144 regulum.
1002 5078 1073 5130 Ex
1133 5074 1253 5128 ovis
1285 5073 1498 5144 aspidis
1529 5074 1782 5144 regulus,
1816 5073 1914 5144 qui

211 5170 273 5219 et
303 5165 614 5231 basiliscus,
646 5180 709 5217 ex
758 5163 969 5217 .ludesis
1027 5162 1427 5217 Antichristus.
1498 5162 1574 5214 Ex
1623 5160 1704 5214 eis
1760 5161 1915 5216 enim

214 5257 494 5316 nascetur,
558 5252 693 5305 tlatu
724 5268 850 5317 suo,
880 5250 935 5305 id
968 5256 1051 5303 est
1080 5266 1340 5304 sermone
1389 5264 1675 5302 venenoso
1705 5250 1915 5303 multos

213 5341 479 5395 occidens
565 5341 819 5393 volantes
878 5339 948 5393 ad
1000 5339 1247 5409 patriam
1317 5339 1623 5392 ccelestem.
1699 5337 1915 5393 Oczidit

214 5428 370 5484 enim
404 5428 697 5483 basiliscus
718 5430 853 5483 ﬂatu
884 5444 987 5482 suo
1019 5444 1147 5480 aves
1187 5427 1440 5480 volantes
1462 5442 1563 5497 per
1591 5442 1742 5480 aera.

290 5515 450 5568 Vens.
490 5520 540 5567 9.
598 5546 661 5554 —
722 5517 945 5583 PrOpter
1002 5515 1095 5567 hoc
1145 5513 1266 5581 (10.)
1316 5514 1596 5581 Propheta
1664 5512 1722 5565 in
1782 5528 1912 5581 per-

2033 487 2172 559 quid
2196 487 2357 558 loqui
2389 487 2635 541 debeant
2664 487 3027 556 pmnitentes.

2103 578 2263 630 Vens.
2321 580 2399 631 11.
2433 606 2499 615 -
2530 578 2819 643 Rugiemus
2871 578 3033 645 quasi
3086 579 3205 630 ursi
3261 593 3457 633 omnes.
3500 580 3723 634 Iudaeo-

2033 681 2160 718 rum
2194 664 2489 719 meditatio
2523 670 2580 718 et
2606 664 2863 717 doctrina
2890 666 2948 717 in
2971 680 3129 717 sacra
3175 665 3466 733 Scriptura
3512 666 3728 735 rugitui

2032 754 2151 808 ursi
2190 758 2245 807 et
2295 753 2539 822 gemitui
2567 752 2846 805 columbas
2877 758 3259 822 comparatur,
3311 752 3475 822 quasi
3506 753 3727 808 inutilis

2030 849 2085 897 et
2113 859 2275 907 vana,
2337 842 2483 895 sicut
2513 847 2567 895 et
2616 840 2731 895 illa.
2777 842 2985 895 Contra
3044 842 3323 911 subjectos
3364 857 3591 912 quoque
3624 858 3722 894 sas-

2028 930 2191 983 viunt
2222 934 2285 983 ut
2314 928 2471 995 ursi;
2510 933 2707 983 contra
2758 928 3001 999 majores
3048 929 3132 982 vel
3163 928 3432 999 aequales,
3484 932 3726 997 gemunt

2028 1024 2093 1073 ut
2120 1019 2417 1073 columbae.
2940 1061 2947 1065 .

2101 1109 2256 1161 Vens.
2316 1110 2393 1160 lii.
2458 1135 2519 1146 —
2566 1108 2775 1160 Veritas
2830 1107 2904 1173 in.
2955 1106 3089 1174 (10.)
3149 1104 3419 1167 Christus,
3485 1104 3583 1174 qui
3640 1108 3724 1157 est

2028 1196 2136 1263 via,
2190 1200 2320 1262 etc,
2382 1210 2547 1263 usque
2598 1194 2672 1248 ad
2711 1198 2775 1247 ut
2817 1193 3023 1248 Christi
3055 1209 3297 1264 persona
3351 1198 3719 1258 monstretur,

2029 1300 2201 1356 quam
2234 1285 2581 1347 deserentes,
2614 1282 2793 1336 secuti
2817 1287 2950 1335 sunt
2982 1282 3364 1335 mendacium.

2100 1374 2264 1426 Vens.
2310 1376 2391 1425 16.
2425 1401 2493 1411 -
2516 1374 2582 1427 Et
2613 1372 2773 1424 vidit.
2807 1371 2935 1439 (10.)
2963 1372 3219 1435 Ostenso,
3268 1369 3403 1440 quia
3431 1369 3719 1439 pumilae-

2026 1464 2178 1525 runt,
2236 1459 2479 1513 ostendit
2520 1475 2636 1511 non
2694 1458 2972 1529 placuisse
3030 1458 3266 1511 Domino
3328 1457 3719 1527 paenitentiam

2026 1564 2245 1611 eorum,
2279 1546 2413 1617 quia
2435 1564 2546 1599 non
2580 1563 2720 1617 puro
2750 1546 2917 1599 corde
2949 1546 3141 1615 plures
3171 1544 3575 1614 poenitueruut.

2102 1638 2246 1701 Quia
2294 1652 2397 1689 non
2453 1640 2530 1687 est
2578 1638 2681 1688 vir.
2746 1636 2926 1688 Mente
2958 1650 3157 1686 omnes
3216 1632 3526 1686 effeminati
3565 1635 3721 1699 sunt,

2034 1725 2179 1778 sicut
2200 1730 2255 1778 et
2279 1725 2440 1789 illud,
2484 1726 2675 1779 l'ocavi
2701 1728 2750 1778 et
2780 1739 2883 1776 non
2922 1728 3037 1775 erat
3059 1724 3154 1790 qui
3182 1722 3418 1775 audiret.

2102 1816 2171 1867 Et
2212 1814 2451 1866 saltavit
2487 1813 2611 1866 sibi.
2651 1815 2831 1871 Pater,
2865 1811 3074 1864 scilicet
3108 1825 3206 1879 per
3244 1809 3444 1863 Filium
3501 1812 3718 1877 gentes,

2030 1904 2099 1957 Et
2145 1902 2372 1970 justi/ia
2419 1902 2557 1970 ejus,
2620 1901 2701 1954 vel
2766 1899 3160 1954 misericordia
3214 1897 3524 1953 secundum
3599 1898 3720 1951 LXX

2028 1990 2391 2045 conﬁrmabit
2428 2006 2558 2043 eum
2591 1990 2690 2060 qui
2724 1989 2966 2044 voluerit
3015 1987 3307 2043 converti:
3342 2004 3455 2040 non
3493 1985 3719 2052 merito,

2027 2080 2123 2135 sed
2157 2078 2549 2133 misericordia
2600 2083 2655 2131 et
2676 2078 2918 2147 justitia.
2953 2080 3175 2133 Justum
3216 2075 3367 2129 enim
3399 2078 3483 2128 est
3512 2078 3573 2127 ut
3602 2090 3719 2144 pm-

2028 2167 2232 2221 nitenti
2263 2172 2538 2220 creaturae
2594 2166 2826 2220 Creator
2872 2168 3085 2235 parcat,
3146 2180 3275 2234 quae
3331 2161 3548 2217 meritis
3606 2161 3722 2216 suis

2024 2256 2226 2309 salvari
2246 2272 2365 2309 non
2392 2258 2634 2325 poterat.

2096 2344 2270 2399 Vens.
2318 2347 2399 2397 19.
2446 2374 2510 2382 -
2564 2343 2643 2397 Et
2674 2342 2932 2396 timebunt
2968 2342 3086 2409 qui.
3130 2340 3565 2393 Prazmonstrala
3598 2336 3721 2389 vin-

2021 2431 2165 2486 dicta
2200 2432 2298 2485 Dei
2355 2432 2415 2487 in
2442 2432 2667 2487 Iudaeos
2702 2446 2803 2501 per
2858 2430 3164 2495 Romanos,
3223 2426 3491 2481 describit
3547 2425 3721 2478 tidem

2020 2520 2301 2588 gentium,
2333 2522 2402 2575 de
2429 2526 2676 2592 quatuor
2698 2518 2954 2590 partibus
2984 2516 3184 2572 mundi
3214 2514 3589 2577 venientium,
3614 2528 3714 2565 au-

2019 2608 2135 2662 dita
2158 2609 2560 2678 praedicatione
2600 2608 3007 2678 apostolorum.

2088 2699 2257 2763 Quasi
2297 2700 2512 2765 ﬂuvius.
2570 2698 2713 2762 Quia
2766 2696 3035 2751 citissime
3064 2694 3345 2750 mundum
3376 2708 3480 2746 sua
3511 2688 3712 2761 praedi-

2017 2786 2241 2839 catione
2274 2792 2329 2839 et
2361 2786 2467 2839 lide
2491 2786 2768 2856 implevit.

2085 2875 2247 2940 Quem
2275 2876 2518 2944 Spiritus
2580 2875 2811 2928 Domini.
2845 2873 2997 2943 (10.).
3051 2872 3133 2925 Ad
3190 2870 3587 2928 redimendum
3620 2890 3718 2944 ge—

2018 2978 2125 3016 nus
2182 2963 2501 3016 humanum
2551 2962 2797 3031 Spiritus
2828 2966 3055 3014 sanctus
3104 2959 3331 3013 scilicet.
3370 2962 3559 3015 Unde:
3605 2964 3711 3028 Qui

2016 3056 2294 3119 conceptus
2348 3051 2528 3106 estde
2581 3052 2798 3119 Spiritu
2829 3054 3032 3103 sancto.
3086 3050 3168 3112 Et,
3207 3050 3510 3117 Requiescit
3560 3066 3719 3119 super

2016 3156 2133 3193 eum
2161 3142 2404 3209 Spiritus
2433 3141 2647 3193 Domini
2678 3140 2805 3207 (lsa.
2832 3143 2932 3204 xi),
2958 3142 3062 3190 etc.

2090 3228 2248 3281 Vens.
2303 3231 2390 3281 2|.
2429 3257 2497 3267 —-
2526 3230 2629 3281 Hoc
2656 3226 2861 3293 foedus,
2924 3230 2982 3279 ut
3033 3225 3244 3279 scilicet
3299 3241 3397 3278 eos
3440 3224 3717 3295 sanguine

2021 3313 2140 3369 Filii
2175 3314 2474 3374 redimam.
2503 3318 2558 3367 et
2596 3312 2706 3383 ipsi
2747 3316 3030 3382 praecepta
3081 3328 3201 3365 mea
3236 3311 3465 3377 faciant,
3515 3317 3572 3366 et
3598 3329 3715 3366 me-

2020 3403 2256 3456 moriter
2283 3408 2507 3457 teneant
2533 3408 2591 3455 et
2611 3403 2716 3455 hoc
2735 3406 2838 3464 est,
2864 3403 3102 3470 Spiritus
3124 3416 3290 3467 meus,
3321 3403 3417 3469 qui
3444 3406 3522 3454 est
3554 3404 3611 3454 in
3644 3406 3709 3453 te.

2715 3490 2939 3545 CAPUT
2969 3490 3069 3545 LX.

2090 3580 2245 3633 Vens.
2290 3583 2333 3632 1.
2396 3608 2463 3618 -ο
2494 3579 2682 3646 Surge,
2742 3580 3071 3632 illuminare.
3134 3576 3357 3645 (Ηιειι.)
3393 3578 3522 3631 11ωο
3572 3576 3717 3631 refe-

2018 3671 2157 3720 runt
2182 3666 2365 3721 Judaai
2410 3666 2481 3719 ad
2516 3672 2741 3735 tempus
2796 3665 3008 3720 Christi
3070 3665 3180 3727 sui,
3251 3670 3382 3729 etc.,
3431 3680 3599 3734 usque
3644 3666 3717 3719 ad

2018 3760 2082 3808 ut
2104 3755 2191 3808 vel
2221 3770 2324 3823 pro
2356 3754 2443 3807 his
2468 3754 2784 3821 suscipiant
2817 3753 2914 3805 Dei
2948 3752 3172 3805 Filium.

2089 3841 2282 3907 Surge.
2314 3840 2441 3908 (10.)
2490 3840 2552 3893 In
2604 3838 2885 3905 Ecclesiis,
2944 3854 3073 3908 qua:
3128 3838 3385 3893 occidisti
3443 3838 3503 3893 in
3558 3856 3715 3909 syna-

2020 3927 2217 3997 gogis:
2252 3943 2422 3998 surge
2480 3926 2539 3980 in
2570 3926 2857 3997 gentibus,
2907 3943 3036 3996 quia
3087 3925 3340 3980 cecidisti
3396 3926 3455 3980 in
3484 3926 3715 3981 Iudaeis.

2019 4016 2198 4086 Surge
2241 4031 2344 4085 per
2382 4014 2817 4082 confessionem,
2872 4030 2973 4084 per
3022 4014 3257 4068 virtutes
3292 4030 3422 4085 quas
3468 4012 3720 4068 cecidisti

2022 4119 2124 4173 per
2153 4101 2621 4173 negotiationem,
2675 4118 2775 4173 per
2825 4101 2978 4168 vitia,
3014 4106 3071 4156 et
3119 4118 3249 4157 cum
3288 4102 3619 4169 surrexeris,
3651 4102 3719 4156 il-

2024 4191 2325 4257 luminare,
2360 4191 2417 4245 id
2448 4194 2532 4246 est
2562 4191 2753 4261 accipe
2781 4190 2990 4246 Christi
3022 4190 3216 4245 tidem.

2091 4281 2318 4334 Lumen.
2356 4280 2479 4333 Tibi
2507 4280 2675 4349 longe
2703 4284 2835 4333 ante
2866 4279 3213 4349 promissum
3243 4279 3314 4332 ad
3363 4279 3719 4348 redemptio-

2025 4385 2154 4423 nem
2181 4375 2336 4423 tuam
2374 4373 2697 4434 venturum,
2732 4369 2885 4439 quod
2912 4369 3192 4425 illuminat
3220 4386 3426 4425 omnem
3457 4370 3718 4424 hominem

2019 4460 2312 4511 venientem
2367 4459 2424 4511 in
2471 4458 2611 4511 hunc
2671 4457 2950 4523 mundum,
3000 4457 3212 4511 scilicet
3266 4458 3367 4529 qui
3411 4457 3575 4511 dicit:
3608 4460 3721 4525 Ego

2023 4561 2140 4599 sum
2175 4547 2271 4599 tua:
2328 4545 2519 4599 mundi
2570 4548 2739 4612 (Joan.
2772 4562 2811 4613 1,
2846 4547 2982 4613 vui),
3043 4562 3077 4598 a
3132 4562 3246 4616 quo
3302 4545 3719 4600 illuminaberis

2023 4634 2068 4686 si
2095 4634 2265 4687 fidem
2287 4633 2492 4687 Christi
2525 4634 2862 4704 susceperis.

2094 4723 2280 4778 Gloria
2329 4724 2557 4776 Domini.
2619 4722 2702 4776 Ad
2742 4721 3209 4779 illuminandum.
3261 4723 3456 4790 Filius,
3507 4722 3722 4777 scilicet

2024 4810 2169 4863 sicut
2198 4809 2279 4863 sol
2334 4814 2492 4864 ortus
2539 4808 2831 4863 illuminat
2875 4810 3180 4876 mundum,
3239 4810 3300 4864 in
3330 4811 3490 4880 cujus
3536 4809 3723 4881 ﬁgura

2026 4896 2198 4967 Moysi
2228 4902 2285 4951 et
2328 4897 2639 4962 Salomoni,
2693 4897 2858 4952 alteri
2909 4899 3362 4962 tabernaculum,
3393 4898 3557 4952 alteri
3588 4902 3722 4951 tem-

1990 4986 2182 5056 'plum
2234 4986 2539 5040 aediﬁcanti
2591 4986 2910 5041 ostenditur
2974 4987 3159 5057 gloria
3225 4986 3471 5041 Domini.
3532 4986 3721 5041 Gloria

2024 5089 2252 5144 quoque
2327 5075 2554 5129 Domini
2612 5075 2720 5129 fuit
2786 5076 3000 5130 mortui
3069 5074 3443 5141 resuscitatio,
3505 5074 3718 5145 leprosi

2026 5162 2343 5228 mundatio,
2373 5168 2429 5216 et
2459 5163 2808 5233 hujusmodi.

2094 5248 2252 5302 Vens.
2276 5252 2325 5301 2.
2356 5279 2425 5289 —
2460 5253 2697 5304 Terram.
2742 5252 2862 5321 (10.)
2892 5251 3118 5306 ludesos
3168 5254 3394 5304 terrena
3441 5251 3718 5313 amantes,

2024 5336 2232 5407 quibus
2261 5336 2509 5392 dicitur:
2571 5340 2719 5393 Bona
2769 5344 2924 5393 terra:
2954 5340 3257 5407 comedetis,
3284 5338 3439 5409 quod
3480 5337 3719 5392 carnali-

2022 5429 2110 5479 ter
2139 5424 2441 5495 accipiunt.

2096 5514 2260 5566 Vens.
2310 5515 2358 5564 3.
2396 5544 2460 5552 —-
2506 5515 2666 5568 Ortus
2718 5514 2817 5567 tui.
2872 5516 2993 5580 (10.)
3051 5514 3326 5577 Quoniam
3384 5514 3596 5568 scilicet
3652 5530 3715 5569 ex
