4018 6176
250 262 381 316 1303

856 263 1248 320 WALAFRIDI
1287 265 1529 322 STRABI
1575 267 1771 324 FULD.
1815 268 1975 323 ΜΟΝ.
2015 267 2166 325 OPP.
2212 269 2387 324 PARS
2426 269 2469 325 l.
2510 298 2578 308 —-
2617 267 3071 325 THEOLOGIGA.

3604 273 3620 324 l
3635 270 3742 326 305

241 398 391 454 aqua
419 385 475 438 et
503 383 719 454 Spiritu
733 390 925 440 sancto
942 390 1074 440 nata
1093 402 1174 454 es,
1203 403 1402 441 omnes
1431 388 1490 442 in
1511 390 1811 460 splendore
1836 407 1927 445 or-
1963 393 2007 446 Α
2117 396 2306 447 Locum
2334 392 2553 462 pedum.
2615 392 2938 459 Ecclesiam,
3011 392 3071 446 in
3127 409 3243 464 qua
3289 393 3556 464 apostoli,
3607 398 3738 458 etc.,

242 476 332 526 tus
385 472 692 542 primitivaa
733 475 991 528 Ecclesiae
1045 475 1426 544 ambulamus,
1475 480 1613 549 quia
1667 481 1929 534 eamdem

242 560 417 614 ﬁdem
447 560 742 629 habemus,
768 563 967 616 eodem
993 562 1277 634 baptismo
1306 568 1679 624 renascimur.

314 649 475 702 Vens.
508 649 561 702 4.
613 678 682 688 ——
729 651 871 704 Leva
897 653 956 704 in
1007 654 1238 706 circuitu
1301 656 1496 710 oculos.
1545 657 1646 711 Cui
1702 657 1928 712 simile:

242 737 440 790 Levate
486 738 660 792 oculos
684 743 886 794 vestros
917 745 967 794 et
990 741 1165 796 videte
1192 745 1456 810 regiones,
1490 747 1624 815 quia
1648 747 1772 815 jam
1797 748 1934 801 albae

243 831 368 879 sunt
387 825 463 878 ad
485 841 702 880 messem
734 827 922 894 (Joan.
956 828 1048 899 1v).

311 915 448 968 Filii
479 917 576 967 tui.
609 913 812 986 (linem)
843 917 994 980 Quos
1041 917 1100 971 in
1131 917 1243 973 ﬁde
1290 921 1568 990 genuisti:
1607 923 1764 978 Unde
1796 926 1934 979 Pau-

241 1001 362 1055 lus:
408 1003 514 1056 Per
547 1006 898 1070 Evangelium
927 1022 1020 1074 ego
1044 1023 1135 1061 vos
1163 1012 1326 1074 genui
1355 1010 1415 1081 (Ι
1458 1012 1585 1065 Cor.
1629 1013 1721 1078 1v).
1758 1013 1934 1066 Primi

241 1090 437 1143 tideles
466 1090 534 1143 de
560 1092 772 1145 Judaeis
802 1094 1028 1163 quando
1073 1095 1315 1164 Spiritus
1360 1105 1586 1152 sanctus
1629 1100 1794 1153 datus
1827 1106 1933 1168 est,

241 1184 397 1233 erant
427 1181 486 1232 in
529 1178 828 1234 Jerusalem
876 1184 986 1235 viri
1007 1183 1252 1250 religiosi
1293 1201 1360 1239 ea:
1389 1190 1535 1240 omni
1571 1191 1790 1243 natione
1818 1206 1936 1257 quae

240 1267 338 1320 sub
364 1267 487 1325 coelo
515 1273 593 1322 est
619 1271 758 1339 (Act.
792 1273 880 1341 ιι),
927 1271 1014 1325 vel
1041 1278 1242 1341 gentes
1271 1289 1338 1326 ex
1370 1276 1638 1329 omnibus
1677 1278 1935 1347 partibus

241 1355 471 1410 mundi.

313 1447 386 1498 De
415 1446 567 1513 longe
585 1448 814 1500 venient.
839 1447 983 1512 Quia
1029 1449 1196 1520 longe
1245 1456 1458 1505 eranta
1519 1453 1632 1506 Deo
1679 1469 1782 1524 per
1811 1454 1936 1507 ido-

243 1532 550 1601 lolatriam,
584 1535 736 1588 unde
760 1552 772 1588 :
805 1538 907 1590 Vos
939 1540 1036 1604 qui
1061 1540 1226 1592 eratis
1245 1540 1415 1606 longe,
1439 1543 1581 1607 facti
1607 1544 1736 1596 estis
1765 1557 1940 1614 prope

243 1622 456 1690 (Ephes.
481 1623 565 1688 ιι).

313 1711 389 1762 De
415 1711 598 1766 latere.
653 1711 778 1782 (ln.)
835 1712 1078 1777 Quidam
1117 1715 1335 1769 codices
1382 1716 1614 1785 habent,
1667 1723 1796 1786 etc.,
1847 1734 1939 1774 us-

243 1811 346 1864 que
393 1798 487 1860 ad,
523 1815 708 1870 neque
739 1801 1065 1871 Hieronymi
1096 1819 1294 1857 sensus
1337 1805 1410 1858 ad
1454 1805 1560 1860 hoc
1611 1807 1937 1861 inclinatur.

317 1885 468 1940 Vens
501 1889 551 1940 6.
592 1917 660 1926 —
710 1891 1071 1944 Camelorum.
1136 1892 1397 1946 Camelus
1450 1894 1662 1948 animal
1716 1901 1802 1950 est
1825 1897 1943 1963 gib-

248 1973 453 2028 bosum
485 1981 542 2028 et
589 1975 957 2032 oneriferum.
1016 1979 1084 2032 Hi
1109 1985 1241 2033 sunt
1271 1981 1474 2035 divites
1521 1999 1664 2036 onus
1717 1984 1941 2038 divitia-

250 2077 379 2116 rum
403 2067 457 2116 et
483 2069 843 2133 peccatorum
867 2066 1102 2135 gibbum
1133 2073 1450 2143 portantes.

329 2150 693 2204 Dromedarii.
746 2154 1148 2209 Dromedarius
1204 2158 1290 2211 vel
1338 2158 1582 2226 dromas,
1633 2165 1942 2232 utrumque

252 2236 405 2291 enim
461 2239 693 2294 dicitur:
739 2247 824 2296 est
853 2243 1006 2296 enim
1063 2244 1279 2299 animal
1326 2249 1544 2301 camelo
1601 2249 1810 2317 minus,
1844 2251 1943 2305 sed

251 2326 520 2394 velocius,
547 2327 606 2380 in
633 2345 745 2399 quo
774 2330 1096 2402 ligurantur
1124 2339 1320 2404 gentes
1368 2336 1634 2392 velociter
1661 2339 1729 2392 ad
1771 2340 1943 2394 ﬁdem

251 2421 559 2469 currentes.

322 2505 550 2559 Madian
578 2510 628 2560 et
652 2509 829 2576 Epha.
885 2508 1168 2579 Regiones
1217 2516 1374 2565 trans
1403 2513 1669 2568 Arabiam
1712 2517 1946 2570 camelis

253 2597 310 2646 et
339 2593 713 2648 dromedariis
744 2596 1122 2667 abundantes,
1191 2603 1318 2667 etc.,
1351 2616 1520 2671 usque
1566 2604 1641 2657 ad
1686 2620 1813 2675 quae
1843 2621 1946 2677 per

253 2681 386 2735 thus
410 2682 706 2752 ﬁguratur,
743 2684 982 2740 Domino
1013 2687 1362 2744 obtulerunt.

330 2771 499 2825 Vens.
525 2777 577 2825 7.
617 2800 686 2812 —
717 2774 880 2828 Omne
919 2790 1082 2844 pecus
1135 2777 1309 2832 Cedar
1360 2780 1793 2846 congregabitur.
1825 2783 1943 2851 (ln.)

256 2858 551 2928 Simplices
568 2860 810 2929 quiante
841 2865 1265 2919 eranttenebrm
1288 2871 1344 2919 et
1367 2883 1596 2936 mazror,
1617 2874 1745 2938 etc.,
1778 2886 1946 2940 usque

2041 496 2208 550 usque
2257 482 2331 535 ad
2371 480 2697 547 Ecclesiam,
2746 482 3028 534 sustinent
3073 480 3372 549 institutis,
3443 481 3740 536 miraculis

2043 575 2099 623 et
2118 569 2412 639 exemplis.

2113 656 2271 710 Vens.
2330 657 2410 710 14.
2478 685 2546 695 —-
2593 661 2875 711 Civitatem
2926 659 3170 711 Domini.
3205 655 3414 711 Civitas
3487 658 3646 712 enim
3707 674 3741 711 a

2043 744 2445 798 communione
2501 745 2729 812 dicitur,
2781 750 2909 812 etc.,
2983 761 3151 814 usque
3216 745 3292 799 ad
3338 762 3440 818 qui
3499 746 3746 801 sollicite

2043 832 2367 887 circumiret
2396 839 2451 887 et
2476 833 2750 888 auxilium
2782 833 3082 903 prmberet.

2115 923 2274 976 Vens.
2314 925 2395 975 15.
2427 922 2652 977 —Odio
2684 922 2892 976 habita.
2929 922 3157 985 Judaeis,
3193 921 3328 993 quia
3374 922 3546 976 ﬁdem
3586 921 3747 978 Chri-

2043 1010 2115 1064 sti
2135 1010 2501 1080 praedicabat,
2517 1009 2659 1079 legis
2679 1011 3418 1080 observantiasdestruebat
3442 1031 3456 1077 ;
3474 1012 3746 1080 gentibus

2045 1099 2181 1169 quia
2203 1114 2381 1152 unum
2416 1100 2594 1152 Deum
2612 1099 2905 1167 aﬁ‘erebat,
2933 1099 3086 1153 idola
3114 1099 3258 1152 nihil
3287 1116 3407 1153 esse
3432 1099 3742 1152 astruebat.

2116 1190 2232 1243 Non
2260 1193 2376 1241 erat
2397 1190 2494 1256 qui
2518 1203 2617 1256 per
2648 1193 2696 1241 te
2720 1189 2999 1242 transiret.
3033 1187 3325 1241 Transiret
3345 1193 3400 1241 et
3437 1187 3745 1241 benedice-

2045 1282 2132 1330 ret
2151 1276 2276 1342 tibi,
2331 1282 2462 1344 etc,
2509 1292 2675 1344 usque
2732 1275 2806 1329 ad
2857 1275 3092 1346 insuper
3136 1276 3400 1346 superbia
3433 1276 3746 1347 aliquando

2047 1366 2216 1430 mala,
2241 1364 2550 1435 aliquando
2581 1365 2765 1418 bona:

2116 1455 2290 1508 Vens.
2326 1457 2407 1507 l7.
2450 1483 2518 1492 ——-
2570 1455 2667 1507 Pro
2688 1455 2852 1520 lignis
2899 1468 2989 1507 ws.
3024 1453 3168 1521 (ln.)
3199 1454 3304 1506 Per
3353 1451 3510 1524 ligna
3565 1456 3622 1506 et
3659 1453 3746 1506 la-

2046 1542 2227 1611 pides,
2285 1547 2413 1605 etc.,
2448 1557 2616 1609 usque
2671 1542 2745 1595 ad
2801 1541 2894 1594 alii
2945 1542 3120 1595 fortes
3149 1541 3282 1607 ﬁde,
3309 1547 3374 1595 ut
3403 1540 3744 1611 Cyprianus,

2051 1632 2105 1679 et
2131 1626 2226 1678 alii
2259 1632 2557 1696 martyres,
2592 1627 2736 1682 sicut
2761 1629 2997 1683 ferrum.

2129 1715 2503 1769 Visitationem
2561 1721 2727 1771 tuam.
2788 1719 2908 1785 (ln.)
2961 1716 3271 1784 Christum,
3327 1715 3412 1770 vel
3453 1715 3745 1785 apostolos

2050 1802 2335 1872 paciﬁcos,
2378 1809 2433 1856 et
2470 1803 2807 1875 praepositos
2845 1801 3049 1875 justOs,
3101 1810 3162 1859 ut
3216 1809 3367 1858 recte
3422 1804 3661 1857 doceant
3685 1807 3746 1856 et

2046 1891 2327 1962 judicent.

2123 1981 2284 2035 Vens.
2325 1983 2407 2035 l9.
2435 1983 2645 2037 —Non
2696 1983 2818 2036 erit.
2854 1983 2969 2036 Hoc
3014 1981 3083 2035 de
3132 1980 3222 2035 die
3260 1978 3482 2050 judicii.
3513 1979 3624 2032 Hoc
3653 1994 3749 2031 ca-

2051 2069 2233 2139 pitulo
2264 2069 2526 2139 cogimur
2551 2086 2910 2141 quascunque
2937 2069 3085 2124 dicta
3109 2074 3245 2122 sunt
3279 2069 3367 2121 vel
3387 2065 3646 2132 dicenda,
3679 2064 3749 2119 ad

2051 2157 2321 2211 ultimum
2365 2163 2591 2229 tempus
2657 2160 2887 2225 referre,
2933 2158 3208 2228 quoniam
3256 2156 3385 2211 caali
3437 2160 3749 2224 terraique,

2053 2250 2188 2303 solis
2228 2250 2400 2318 atque
2432 2247 2583 2301 lunae
2635 2248 2797 2300 nobis
2825 2246 3064 2300 cessabit
3092 2247 3366 2313 ofﬁcium,
3412 2249 3470 2299 et
3496 2243 3602 2297 erit
3626 2243 3752 2312 ipse

2055 2337 2544 2390 Dominuslumen
2577 2335 2634 2388 in
2669 2340 3030 2405 perpetuum.

2124 2427 2284 2480 Vens.
2331 2427 2420 2478 2t.
2482 2455 2545 2463 —
2598 2425 2838 2478 Germen.
2890 2421 3268 2494 (ln.)Angeli,
3319 2435 3518 2475 omnes
3567 2417 3756 2485 electi,

2053 2514 2152 2584 qui
2186 2513 2358 2567 ﬁdem
2389 2529 2562 2583 quam
2609 2512 2822 2566 habent
2866 2511 3132 2582 operibus
3171 2510 3433 2580 implent.
3475 2507 3589 2578 Ipsi
3629 2522 3758 2576 ger-

2052 2619 2186 2656 men
2216 2600 2584 2671 plantationis
2623 2599 2846 2654 Domini
2877 2605 2933 2653 et
2961 2616 3104 2669 opus
3139 2613 3414 2652 manuum
3444 2597 3588 2667 ejus,
3619 2594 3757 2666 quia

2050 2689 2123 2742 ab
2154 2689 2276 2759 ipso
2328 2689 2523 2755 creati,
2577 2695 2632 2742 et
2659 2689 2718 2742 in
2766 2688 3008 2742 Ecclesia
3046 2703 3149 2758 per
3192 2686 3364 2741 ﬁdem
3408 2685 3650 2756 plantati
3683 2684 3757 2738 ad

2055 2777 2495 2847 gloriﬁcandum
2518 2783 2832 2831 creatorem
2864 2792 3055 2831 suum.

2123 2867 2291 2920 Vens.
2361 2869 2449 2921 22.
2503 2897 2572 2905 -
2610 2869 2671 2920 In
2717 2872 2977 2935 tempore:
3031 2866 3307 2919 adventus
3365 2862 3592 2918 Christi.
3655 2862 3752 2915 Vel

256 2947 331 3001 ad
356 2947 455 3001 ubi
485 2947 820 3004 habitabant
848 2950 1111 3006 Saraceni
1143 2953 1212 3007 de
1250 2953 1403 3008 illius
1434 2955 1608 3026 stirpe
1638 2958 1947 3027 progeniti.
1985 2959 2025 3014 C
2062 2953 2118 3007 in
2160 2959 2418 3024 tempore
2467 2960 2793 3025 opportuno
2850 2956 2938 3008 vel
2995 2953 3296 3024 przelinito.
3347 2954 3486 3007 Cum
3537 2951 3758 3004 miserit

327 3036 559 3090 Arietes.
608 3037 1030 3104 Praedicatores,
1089 3043 1278 3112 gregis
1331 3043 1522 3113 duces,
1556 3045 1662 3099 ﬁlii
1702 3047 1952 3117 prophe-

258 3131 445 3181 tarum
485 3127 586 3197 qui
632 3143 697 3181 ea
719 3144 847 3198 quas
884 3128 1181 3199 prophetae
1213 3131 1604 3201 praedixerunt
1631 3133 1700 3187 de
1731 3133 1952 3189 Christo

257 3215 497 3286 impleta
526 3216 864 3271 docuerunt.

330 3305 624 3371 Nabaioth,
639 3304 790 3358 ﬁlius
821 3306 1091 3372 Ismaelis,
1125 3311 1181 3361 et
1206 3307 1616 3378 interpretatur
1642 3314 1948 3380 praphetia.

331 3394 721 3448 Ministrabunt
763 3394 881 3447 tibi.
941 3395 1131 3449 Sancti
1181 3395 1455 3466 episcopi,
1487 3400 1805 3470 presbyteri
1848 3402 1953 3454 nii-

262 3480 428 3534 nistri
473 3480 752 3545 Ecclesiae,
784 3497 990 3551 corpus
1020 3487 1077 3535 et
1113 3483 1453 3553 sanguinem
1505 3485 1713 3540 Christi
1764 3488 1947 3542 ﬁdeli-

263 3568 368 3622 bus
392 3567 866 3622 administrando.

335 3659 492 3710 Vens.
527 3660 576 3711 8.
619 3687 688 3696 —
740 3658 848 3723 Qui
867 3664 1011 3712 sunt.
1044 3659 1375 3714 Admiratur
1427 3661 1705 3732 propheta
1759 3667 1957 3733 gentes

266 3751 383 3799 tam
423 3746 534 3799 cito
583 3745 654 3799 ad
682 3746 855 3800 ﬁdem
884 3753 1198 3815 currentes,
1231 3749 1318 3802 vel
1349 3749 1638 3819 primitiva
1669 3751 1915 3805 Ecclesia
1941 3767 1954 3806 :

335 3833 430 3888 Ad
458 3836 750 3900 fenestras.
804 3835 890 3888 Ad
928 3835 1202 3890 fenestras
1243 3853 1371 3890 suas
1419 3842 1570 3891 stant
1625 3839 1805 3893 sancti
1857 3855 1955 3892 cu-

267 3921 578 3976 stodientes
608 3921 863 3992 quinque
884 3938 1082 3976 sensus
1112 3925 1385 3994 corporis,
1429 3943 1498 3979 ne
1552 3943 1655 3997 per
1702 3943 1799 3981 eos
1839 3932 1957 3981 tan-

267 4025 440 4080 quam
469 4025 574 4079 per
601 4009 876 4062 fenestras
906 4009 1079 4063 intret
1110 4028 1262 4064 mors
1292 4012 1351 4065 in
1378 4013 1617 4068 animas.

338 4099 505 4150 Vens.
544 4099 596 4150 9.
625 4126 698 4136 —
737 4103 1040 4166 Argentum
1069 4114 1274 4155 eorum.
1337 4101 1451 4154 Hoc
1477 4105 1592 4154 est:
1636 4102 1816 4157 Corde
1844 4117 1957 4155 cre-

269 4185 422 4239 ditur
449 4187 525 4238 ad
555 4188 856 4255 justitiam,
897 4201 986 4240 ore
1023 4192 1200 4242 autem
1249 4191 1509 4256 confessio
1533 4191 1602 4256 ﬁt
1632 4189 1705 4243 ad
1729 4191 1958 4244 salutem

271 4276 436 4344 (Rom.
472 4273 545 4342 χ).

342 4364 502 4415 Vens.
529 4365 613 4416 10.
645 4391 713 4401 -
743 4363 877 4416 Filii
897 4365 1326 4432 peregrinorum.
1361 4364 1651 4436 Principes
1701 4366 1959 4435 gentium

271 4451 370 4520 qui
406 4467 506 4520 per
537 4450 733 4504 orbem
791 4451 1062 4504 Ecclesias
1106 4452 1548 4522 aediﬁcaverunt,
1600 4452 1744 4506 sicut
1817 4453 1960 4507 Con-

271 4537 556 4592 stantinus
589 4537 687 4608 qui
724 4540 918 4592 Romae
947 4539 1243 4593 duodecim
1296 4541 1557 4594 ecclesias
1585 4540 1644 4594 in
1684 4541 1962 4596 honorem

273 4627 572 4680 duodecim
597 4629 984 4697 apostolorum
1013 4628 1165 4696 fecit,
1188 4633 1243 4683 et
1273 4629 1370 4682 alii
1409 4631 1576 4684 multi
1606 4631 1706 4700 qui
1756 4631 1963 4685 multas

271 4709 671 4769 exstruxerunt
691 4715 970 4782 ecclesias,
1005 4723 1061 4769 et
1091 4717 1408 4771 necessaria
1428 4717 1817 4787 praebuerunt.

343 4794 503 4858 Vens.
555 4808 633 4859 13.
671 4833 736 4845 -
787 4804 971 4859 Gloria
995 4805 1210 4859 Libani.
1241 4806 1486 4859 Libanus
1517 4821 1681 4859 mons
1714 4813 1799 4860 est
1828 4823 1962 4861 con-

262 4885 404 4949 ﬁnis
433 4899 603 4948 terra:
633 4893 1044 4964 promissionis,
1079 4899 1165 4947 etc
1195 4936 1208 4961 ,
1236 4911 1406 4964 usque
1435 4896 1508 4949 ad
1536 4911 1698 4966 reges
1725 4900 1780 4950 et
1809 4895 1964 4967 prin-

237 4999 239 5001 ‘
272 4983 424 5055 cipes
453 4981 552 5054 qui
583 4983 652 5036 ad
679 4981 981 5036 Ecclesiam
1011 4989 1307 5036 venerunt.

343 5073 529 5127 Abies.
599 5071 730 5140 (ln.)
798 5070 1055 5140 Superbi,
1087 5071 1300 5126 scilicet
1347 5071 1567 5138 divites,
1612 5071 1960 5142 philosophi.

275 5161 509 5215 Divitias
532 5161 685 5215 enim
720 5163 776 5213 et
795 5159 1090 5214 scientiam
1111 5155 1371 5228 sequitur
1398 5159 1684 5230 superbia.
1724 5159 1963 5229 Cypria-

275 5264 384 5302 nus
408 5255 465 5303 et
487 5249 732 5304 Hilarius
771 5249 1003 5302 excelsa).
1032 5247 1090 5301 in
1123 5248 1331 5302 saeculo
1353 5248 1606 5316 arbores,
1660 5248 1962 5302 Ecclesiam

278 5335 380 5388 Dei
430 5337 872 5392 aedificaverunt.
925 5337 1208 5391 Arborum
1255 5336 1552 5390 diversitas
1606 5336 1858 5391 diversos
1903 5336 1966 5390 in

278 5421 524 5476 Ecclesia
555 5426 778 5480 ordines
809 5425 1109 5497 signiﬁcat.
1143 5425 1221 5478 Ex
1270 5425 1476 5495 quibus
1527 5424 1963 5502 omnibuscon-

280 5512 492 5563 structa
521 5516 606 5563 est
637 5515 874 5570 Ecclesia
917 5513 1060 5568 miro
1093 5513 1292 5568 decore
1321 5513 1608 5567 distincta.

2064 3042 2238 3098 Filius
2269 3042 2517 3096 hominis
2539 3044 2790 3114 angelos,
2816 3049 2870 3097 et
2890 3042 3158 3113 colligant
3189 3042 3259 3096 de
3283 3055 3460 3111 regno
3491 3039 3614 3108 ejus
3640 3055 3761 3092 om-

2063 3130 2158 3186 nia
2184 3132 2464 3185 scandala.

2715 3274 2939 3328 CAPUT
2974 3273 3104 3328 LXI.

2135 3398 2292 3451 Vens.
2332 3400 2385 3450 l.
2428 3425 2496 3438 —
2559 3397 2794 3465 Spiritus
2849 3397 3066 3450 Domini
3107 3395 3310 3466 (HIER.)
3367 3392 3616 3447 Christus
3667 3409 3756 3445 se-

2064 3485 2316 3538 cundum
2346 3485 2761 3538 humanitatem
2788 3484 2889 3554 qui
2931 3498 3103 3552 supra
3133 3482 3371 3544 dixerat,
3424 3484 3535 3549 Ego
3566 3483 3755 3535 Domi-

2063 3589 2188 3640 nus,
2217 3576 2275 3626 in
2307 3578 2537 3642 tempore
2565 3572 2894 3640 congregabo
2925 3585 3029 3636 eos,
3072 3575 3175 3623 etc.

2139 3661 2294 3724 Quod
2317 3661 2538 3714 unmerit
2564 3675 2672 3713 me:
2714 3660 2841 3713 oleo
2872 3659 3103 3723 laetitias,
3137 3656 3490 3710 abundantia
3535 3655 3752 3726 gratiae.

2066 3750 2347 3819 (ln.)Hazc
2406 3749 2595 3802 unctio
2644 3747 2704 3800 in
2743 3746 3081 3816 baptismate
3137 3747 3423 3815 completa
3472 3750 3578 3808 est,
3621 3745 3756 3815 quia

2067 3837 2312 3905 Spiritus
2345 3836 2568 3890 Domini
2589 3836 2648 3889 in
2679 3836 2867 3906 specie
2888 3832 3490 3901 columbzedescendit,
3523 3838 3580 3886 et
3602 3849 3754 3886 man-

2067 3925 2139 3978 sit
2163 3925 2223 3978 in
2252 3924 2372 3978 illo.

2136 4011 2228 4066 Ad
2280 4011 2735 4066 annuntiandum.
2791 4009 3195 4082 Septuaginta:
3254 4009 3340 4064 Ad
3375 4010 3763 4081 evangelizan-

2067 4099 2201 4153 dum
2234 4100 2604 4170 pauperibus.

2141 4191 2510 4257 Apertionem,
2545 4187 2759 4242 scilicet
2805 4187 3250 4254 resolutionem;
3299 4187 3377 4242 sic
3414 4186 3567 4241 enim
3597 4187 3762 4257 Sym-

2078 4277 2311 4330 machus
2340 4276 2592 4346 apertius
2607 4276 2916 4330 transtulit.

2141 4365 2300 4419 Vens.
2327 4367 2377 4418 ‘2.
2410 4395 2478 4403 -—
2509 4367 2653 4418 Diem
2685 4366 2938 4419 ultionis:
2989 4363 3112 4436 (ln.)
3167 4363 3572 4429 damnationis,
3629 4379 3764 4435 quas

2074 4469 2176 4522 per
2212 4454 2520 4520 Romanos,
2544 4453 2858 4506 secundum
2888 4453 3067 4506 illud:
3131 4455 3316 4507 Veniet
3356 4453 3491 4520 dies,
3533 4458 3638 4507 etc.
3673 4453 3762 4521 Et,

2073 4559 2191 4596 cum
2215 4542 2463 4596 videritis
2497 4543 2564 4594 ab
2610 4544 2850 4595 emcrcitu
2895 4541 3228 4595 circumdari
3276 4542 3588 4605 Jerusalem,
3651 4548 3756 4596 etc.

2143 4631 2309 4684 Vens.
2337 4633 2387 4684 3.
2416 4661 2482 4668 -—
2504 4631 2783 4686 Coronam.
2835 4631 2974 4684 Cum
3012 4629 3226 4684 scilicet
3267 4629 3514 4684 viderint
3559 4629 3628 4684 de
3659 4631 3761 4683 Ju-

2074 4719 2210 4773 dznis
2228 4718 2508 4788 plurimos
2555 4718 2883 4782 credidisse,
2917 4723 2973 4772 et
3020 4734 3123 4787 pro
3164 4717 3392 4788 lugubri
3419 4717 3761 4771 indumento

2073 4809 2272 4860 stolam
2309 4807 2744 4860 mundissimam
2789 4807 3062 4876 accipere.

2143 4897 2246 4949 Pro
2292 4897 2482 4949 cinere.
2507 4896 2614 4949 Pro
2663 4896 2819 4949 luctu
2873 4900 2929 4949 et
2957 4896 3154 4950 dolore
3187 4895 3476 4949 fructuum
3505 4911 3761 4962 suorum,

2073 4998 2204 5036 cum
2233 4983 2444 5037 scilicet
2497 4983 2746 5037 viderint
2791 4988 2987 5053 gentes
3026 4984 3097 5038 ad
3161 4984 3332 5038 ﬁdem
3387 4985 3764 5053 continentes,

2074 5071 2366 5126 habebunt
2403 5071 2592 5125 oleum
2618 5072 2815 5142 gaudii
2835 5087 2942 5142 pro
2970 5073 3145 5139 luctu,
3181 5073 3417 5142 pallium
3452 5073 3636 5127 laudis
3659 5089 3767 5143 pro

2075 5159 2277 5230 spiritu
2314 5159 2575 5213 maeroris
2588 5199 2601 5213 .
3495 5215 3506 5221 _

2139 5248 2300 5302 Vens.
2357 5251 2408 5302 5.
2439 5279 2508 5287 -
2554 5249 2842 5303 Vinitores.
2902 5247 3039 5318 (ln.)
3084 5248 3211 5303 Mali
3265 5250 3509 5303 cultores
3559 5248 3765 5312 vineas,

2074 5336 2306 5406 Scribat,
2343 5353 2399 5391 et
2448 5336 2742 5404 Pharisaei,
2799 5337 2868 5390 de
2901 5337 3108 5407 quibus
3145 5337 3353 5392 dicitur
3382 5354 3395 5390 :
3431 5338 3598 5392 Malos
3627 5339 3771 5392 male

2072 5425 2280 5495 perdet,
2310 5430 2360 5480 et
2379 5427 2594 5478 vineam
2623 5426 2983 5481 suamlociibit
3012 5428 3141 5482 aliis
3164 5427 3444 5492 agricolis.

2144 5515 2305 5568 Vens.
2339 5516 2391 5568 6.
2459 5544 2510 5554 —
2565 5516 2668 5570 Vos
2724 5519 2918 5568 autem.
2955 5515 3068 5568 Hoc
3121 5514 3192 5568 ad
3242 5514 3638 5584 priedicatores
3695 5515 3768 5570 de
