4018 6176
265 312 401 366 1305

1392 308 1645 364 GLOSSA
1684 306 2092 363 ORDINABIA.
2136 337 2204 347 —
2247 305 2376 361 LIB.
2419 308 2637 363 ISAI/E.

3640 313 3775 371 i306

259 425 546 496 gentibus,
581 429 718 492 ete.,
746 439 917 494 usque
944 424 1018 480 ad
1047 423 1146 496 qui
1176 429 1339 479 erant
1368 426 1681 480 sacerdotes
1700 426 1759 480 in
1789 426 1960 481 domo
1999 433 2048 489 Α
2077 431 2167 481 tus
2199 432 2284 482 est
2314 432 2371 483 et
2398 429 2497 484 Dei
2528 430 2826 501 sapientia.
2864 435 2923 487 In
2969 432 3215 489 dentem.
3277 436 3341 491 In
3373 428 3530 492 Filio.
3568 440 3727 494 Unde
3747 445 3770 493 ':

206 522 225 545 ⁸ο
260 514 516 569 Domini.

262 606 295 655 \
334 604 502 659 Vens.
552 609 603 658 7.
652 632 721 643 —
784 605 999 658 Partem
1040 618 1239 656 eorum.
1304 602 1545 656 Domini.
1610 602 1765 657 Unde
1822 605 1966 657 Psal~

260 693 468 746 mista:
521 693 775 746 Dominus
838 706 973 761 pars
1042 691 1379 745 hereditatis
1430 707 1575 757 mea,
1646 697 1747 745 etc.
1804 691 1962 755 Quod

260 796 432 834 nemo
464 780 738 833 veraciter
760 779 915 845 dicit,
960 779 1059 849 qui
1089 779 1259 832 aliam
1288 785 1505 849 partem
1540 781 1765 850 quasrit.

336 870 503 922 Vens.
557 871 608 922 8.
656 897 730 909 —
775 869 915 934 Quia
968 884 1061 934 ego
1136 870 1439 922 Dominus:
1486 869 1656 933 Quasi
1702 869 1961 924 diceret:

267 959 380 1012 Hoc
407 957 574 1010 faciet
607 957 904 1025 Dominus,
940 956 1041 1026 qui
1073 957 1254 1026 magis
1288 957 1473 1026 diligit
1502 957 1782 1028 justitiam
1816 975 1961 1028 pau-

262 1063 468 1118 perum
516 1051 573 1100 et
604 1046 887 1116 judicium
937 1062 1136 1099 verum
1192 1062 1365 1117 quam
1430 1063 1673 1100 munera
1725 1047 1965 1100 divitum

265 1152 395 1206 quas
427 1151 577 1206 saepe
608 1135 677 1187 de
734 1133 935 1204 rapina
988 1140 1143 1201 sunt,
1176 1151 1280 1188 nec
1331 1134 1514 1205 magis
1567 1152 1740 1206 quam
1799 1136 1964 1189 scorti

268 1224 589 1278 mercedem
633 1223 717 1275 vel
772 1220 1019 1291 pretium
1062 1223 1248 1276 carnis
1301 1224 1361 1277 in
1410 1222 1769 1286 sacrificium,
1802 1225 1888 1277 vel
1920 1224 1967 1278 si

266 1311 395 1382 quis
424 1310 689 1364 immolet
727 1310 913 1363 tilium
950 1310 1211 1376 Domino,
1242 1312 1487 1381 placent.

337 1402 400 1453 In
428 1402 675 1452 veritate.
732 1400 800 1452 Ut
852 1398 909 1450 in
971 1398 1206 1452 veritate
1266 1400 1570 1453 comedent
1623 1415 1858 1470 agnum,
1905 1403 1969 1453 ut

267 1488 476 1542 faciant
504 1487 998 1541 circumcisionem
1023 1487 1307 1548 cordium,
1330 1493 1387 1543 et
1413 1504 1541 1559 quas
1571 1488 1702 1543 data
1748 1494 1880 1542 sunt
1909 1487 1968 1541 in

267 1577 474 1647 figura,
508 1576 704 1630 omnia
738 1577 797 1629 in
824 1576 1060 1630 veritate
1080 1575 1309 1630 faciant.

340 1666 537 1721 deus
573 1670 915 1734 perpetuum.
973 1666 1347 1735 Evangelium
1403 1670 1704 1732 aeternum,
1760 1681 1877 1719 non
1909 1669 1973 1719 ut

269 1754 439 1807 Vetus
466 1755 919 1819 Testamentum,
953 1753 1043 1807 cui
1069 1754 1320 1809 succedit
1374 1754 1760 1824 Evangelium.

343 1843 502 1895 Vens.
536 1845 587 1897 9.
624 1871 697 1883 —
723 1842 913 1897 Semen
960 1858 1159 1896 eorum.
1199 1842 1438 1907 Fideles,
1482 1842 1690 1913 quibus
1732 1843 1976 1912 apostoli

260 1932 465 1983 'semen
497 1928 653 1983 verbi
685 1930 1308 2001 commiseruntquoda
1351 1931 1590 1984 Domino
1618 1935 1975 2000 acceperunt.

344 2019 509 2072 Vens.
554 2020 635 2071 l0.
671 2046 739 2058 —-
775 2018 1030 2073 Gaudeas
1079 2019 1321 2087 gaudebo
1352 2019 1410 2073 in
1444 2019 1707 2088 Domino,
1758 2035 1873 2073 non
1916 2019 1974 2073 in

269 2104 509 2157 mundo.

354 2193 690 2247 Vestimenlis
756 2192 988 2247 salutis:
1044 2192 1370 2257 virtutibus,
1418 2192 1526 2263 ipsi
1566 2193 1811 2261 Christo,
1841 2197 1975 2263 etc.,

270 2281 526 2351 usquead
546 2285 737 2334 tamen
753 2297 865 2333 una
890 2281 948 2334 in
969 2281 1153 2351 capite
1166 2282 1291 2336 etin
1313 2281 1586 2335 membris
1616 2284 1977 2339 estEcclesia.

344 2373 414 2425 Et
461 2373 624 2439 quasi
690 2384 959 2438 sponsam.
1017 2370 1266 2424 Alterius
1323 2371 1766 2440 comparationis
1816 2372 1981 2442 ponit

274 2458 554 2528 exempla,
604 2473 853 2530 quorum
900 2458 1062 2529 prius
1105 2459 1177 2513 ad
1208 2475 1504 2529 sponsum,
1538 2476 1784 2532 sequens
1810 2460 1980 2514 refer-

276 2552 373 2600 tur
403 2548 470 2600 ad
503 2562 791 2617 sponsam.

350 2613 663 2691 Vens—ll.
726 2664 789 2675 —
841 2638 911 2691 Et
962 2635 1216 2691 laudem:
1258 2652 1441 2703 suam,
1498 2613 1628 2704 etc.,
1694 2653 1860 2706 usque
1907 2637 1983 2691 ad

278 2724 477 2777 reddet
501 2724 742 2779 Domino
770 2724 1021 2779 fructum
1068 2724 1255 2778 laudis
1286 2729 1340 2778 et
1391 2724 1559 2779 bonae
1610 2726 1977 2795 operationis.

990 2813 1213 2868 CAPUT
1242 2814 1393 2867 LXII.

352 2901 515 2953 Vens.
580 2903 628 2953 l.
692 2929 754 2940 —
821 2903 1046 2970 Propter
1104 2902 1250 2957 Sion.
1326 2902 1535 2973 (HM-3R.)
1592 2904 1880 2974 Propheta
1919 2903 1980 2957 in

277 3005 528 3061 persona
578 2988 685 3055 sui,
744 2989 1040 3059 impendio
1098 2991 1444 3045 exhilaratus
1471 3008 1541 3045 ex
1596 2992 1686 3046 bis
1715 2992 2052 3057 omnibusc
2161 2993 2232 3045 Et
2274 2992 2540 3046 vocabunt
2596 3009 2732 3060 eum,

284 3094 414 3149 qua
461 3077 680 3131 mundo
741 3078 963 3132 confert
1010 3078 1184 3133 Filius
1232 3079 1580 3135 incarnatus.
1626 3082 1691 3135 Et
1744 3082 1849 3136 hoc
1876 3087 1981 3149 est,

278 3169 506 3236 Propter
556 3168 684 3222 Sion
745 3183 852 3221 non
905 3168 1102 3234 tacebo,
1160 3169 1417 3239 quamvis
1467 3169 1628 3241 loqui
1659 3170 1980 3241 prohibeat,

284 3254 545 3325 quamvis
576 3258 821 3308 mortem
861 3254 1130 3309 minetur.

369 3344 597 3412 Lampas
648 3343 991 3397 accendatur.
1056 3345 1295 3414 Lampas
1344 3345 1553 3413 Greece,
1592 3346 1825 3400 flamma
1875 3348 1983 3400 La—

287 3431 429 3500 tine,
477 3432 663 3485 unde:
702 3433 889 3498 Ignem
949 3435 1069 3485 veni
1123 3437 1335 3487 mittere
1391 3437 1449 3487 in
1504 3441 1728 3503 terram,
1757 3440 1807 3489 et
1851 3436 1985 3504 quid

284 3521 403 3574 υοιο
424 3522 537 3574 nisi
586 3524 647 3573 ut
676 3519 921 3573 ardeat?
954 3521 1067 3575 Hoc
1097 3522 1354 3576 succensi
1403 3523 1647 3593 apostoli
1678 3523 1987 3595 loqueban-

285 3612 382 3661 tur
411 3606 580 3661 variis
610 3606 825 3678 linguis
838 3647 853 3661 .

358 3694 521 3749 Vens.
569 3699 622 3749 2.
671 3724 738 3737 —
786 3698 983 3753 Nomen
1030 3712 1242 3751 novum.
1303 3696 1429 3768 (In)
1468 3700 1583 3753 Mos
1621 3703 1706 3753 est
1737 3700 1987 3755 Hebraeis

285 3799 353 3837 ex
386 3783 546 3837 novis
584 3784 753 3837 rebus
784 3800 931 3837 nova
968 3784 1207 3838 nomina
1258 3784 1576 3857 imponere,
1630 3791 1761 3853 etc.,
1818 3803 1988 3857 usque

285 3872 360 3926 ad
389 3872 656 3926 similiter
679 3873 839 3943 prius
870 3874 1087 3939 Simon,
1118 3879 1313 3944 postea
1338 3876 1553 3929 Petrus.

353 3961 520 4015 Vens.
559 3964 609 4016 3.
649 3990 710 4001 —
768 3963 985 4016 Corona
1037 3964 1240 4030 gloriae.
1301 3964 1377 4016 De
1432 3962 1701 4017 omnibus
1730 3961 1988 4033 partibus

287 4048 510 4117 mundi,
541 4048 704 4119 quasi
736 4065 947 4103 corona
979 4051 1339 4104 venientibus
1366 4051 1649 4105 ﬁdelibus.

350 4138 508 4191 Vens.
556 4139 607 4191 4.
665 4168 727 4178 -
776 4140 893 4194 Non
932 4140 1232 4193 vocaberis.
1286 4140 1590 4193 Ecclesiam
1639 4140 1709 4194 de
1749 4144 1989 4211 utroque

286 4226 499 4296 populo
527 4226 862 4297 alloquitur,
910 4228 1100 4298 quasi,
1134 4244 1248 4281 non
1301 4228 1410 4282 hoc
1440 4228 1847 4283 vocabulorum
1875 4230 1989 4283 line

286 4319 557 4368 contenta
582 4315 707 4370 erit.

360 4402 521 4457 Vens.
551 4406 608 4457 5.
647 4434 716 4444 —-
755 4407 827 4460 Et
856 4404 1130 4472 gaudebit,
1181 4408 1287 4459 etc.
1324 4408 1547 4474 Propter
1592 4406 1687 4459 hoc
1724 4406 1992 4475 relinquet

289 4492 444 4545 homo
487 4496 701 4560 patrem
746 4496 798 4546 et
846 4499 1073 4546 matrem
1109 4494 1269 4559 (Gen.
1332 4510 1368 4546 ιι
1397 4512 1412 4558 ;
1446 4493 1640 4547 Matth.
1690 4496 1828 4561 XIX).
1896 4495 1993 4550 Sa-

287 4585 622 4633 cramentum
653 4582 749 4634 hoc
794 4596 1049 4648 magnum
1099 4587 1178 4635 est
1206 4583 1263 4634 in
1295 4582 1518 4635 Christo
1556 4588 1605 4635 et
1653 4584 1711 4635 in
1758 4584 1993 4637 Ecclesia

291 4668 513 4740 (Ephes.
547 4668 619 4737 v).

380 4756 540 4809 Vens.
600 4760 652 4810 6.
705 4786 771 4797 —
835 4752 1009 4826 Super
1060 4772 1241 4812 muros
1300 4762 1436 4811 tuos.
1490 4756 1615 4827 (lo.)
1673 4760 1992 4828 Apostolos,

286 4844 714 4916 praedicatores,
745 4845 843 4915 qui
894 4844 1200 4899 Ecclesiam
1250 4846 1536 4913 muniunt,
1594 4862 1837 4917 quorum
1889 4863 1992 4902 cu-

289 4932 482 4987 stodes
550 4933 741 5003 angeli
790 4938 948 4989 sunt.
1034 4934 1234 4989 Unde:
1294 4936 1484 4991 Omnes
1533 4934 1997 4991 administratorii

290 5023 521 5090 spiritus
545 5027 692 5088 sunt,
746 5027 974 5093 propter
1024 5039 1109 5078 eos
1155 5025 1328 5091 missi,
1363 5026 1462 5093 qui
1515 5023 1882 5079 hereditatem
1911 5042 1997 5081 ca-

282 5111 449 5180 piunt
492 5112 688 5164 salutis
732 5111 915 5177 (Hebr.
968 5110 1025 5180 1).
1088 5112 1188 5165 Vel
1222 5111 1374 5166 muri
1433 5111 1809 5166 Ecclesiarum
1864 5129 1997 5184 apo-

290 5200 567 5253 stolorum
594 5198 881 5270 discipuli,
913 5200 1163 5271 quorum
1196 5204 1459 5254 custodes
1490 5200 1597 5270 ipsi
1624 5201 1886 5270 apostoli.

331 5288 570 5343 Vens.7.
606 5316 676 5329 —
721 5290 892 5343 Donec
944 5294 1116 5358 ponat
1168 5289 1483 5343 Jerusalem.
1545 5287 1705 5352 Quod
1762 5294 1867 5357 est,
1910 5289 1997 5342 vel

290 5377 420 5448 ipsa
450 5378 621 5448 longe
648 5378 876 5448 lateque
906 5378 1135 5447 diffusa,
1183 5377 1394 5449 ubique
1425 5377 1708 5446 laudetur,
1749 5378 1838 5433 vel
1869 5377 1997 5432 ubi-

293 5482 408 5536 que
438 5466 634 5520 laudet
667 5482 893 5537 semper
918 5460 1234 5521 Creatorem
1265 5482 1453 5521 suum.
1920 5512 1921 5515 η

328 5554 489 5609 Vens.
525 5558 576 5609 8.
605 5585 674 5596 -
704 5558 925 5613 Iuravit
954 5572 1057 5628 per
1107 5556 1313 5611 Filium
1354 5555 1583 5621 scilicet,
1617 5556 1717 5628 qui
1756 5554 1855 5610 Dei
1882 5554 1995 5609 vir-

2072 517 2267 572 Omnia
2320 519 2378 572 in
2428 521 2701 587 sapientia
2742 520 2925 586 fecisti
2978 522 3147 590 (Psal.
3183 524 3317 592 cm),
3375 524 3475 594 qui
3533 530 3588 579 et
3639 527 3768 580 bra-

2073 605 2267 659 chium
2301 612 2357 661 et
2405 607 2676 661 fortitudo
2734 609 2915 663 Patris
2953 626 2965 663 :
3003 611 3178 677 Unde,
3237 613 3431 667 Omnia
3472 630 3571 683 per
3597 618 3776 684 ipsum

2072 696 2225 759 facta
2250 701 2377 749 sunt
2426 695 2599 765 (Joan.
2651 699 2714 767 ι).
2757 699 2819 753 Si
2867 699 3061 753 dedero
3095 703 3337 755 triticum
3389 707 3556 757 tuum.
3613 703 3777 759 Triti-

2074 796 2204 835 cum
2230 781 2558 836 Judazorum
2591 789 2643 836 et
2675 784 2873 838 vinum
2921 802 3071 855 saepe
3101 788 3232 841 dedi
3262 788 3514 843 inimicis
3545 806 3767 856 eorum,

2076 867 2220 921 sicut
2248 869 2307 922 in
2340 869 2486 924 libro
2534 871 2797 926 Iudicum
2860 873 3070 944 legitur
3123 875 3322 944 (Judic.
3378 880 3489 942 v1):
3528 878 3775 947 quodin

2074 960 2334 1026 tempore
2366 958 2566 1012 messis
2598 960 2912 1015 Madianitae
2945 962 3238 1017 irruebant
3267 970 3323 1018 et
3352 980 3554 1018 eorum
3584 965 3778 1034 fruges

2075 1045 2437 1116 colligebant.
2475 1048 2537 1101 Et
2567 1049 2797 1118 quando
2847 1052 3054 1119 captivi
3092 1051 3247 1105 ducti
3302 1058 3456 1117 sunt,
3520 1053 3777 1107 Samari-

2076 1132 2196 1186 tani
2218 1133 2316 1204 qui
2347 1151 2543 1189 eorum
2596 1151 2804 1190 messes
2857 1139 3241 1204 couiederent,
3303 1140 3593 1195 substituti
3623 1142 3774 1193 sunt.

2076 1222 2182 1276 Sed
2214 1221 2275 1275 in
2305 1223 2413 1277 hoc
2440 1224 2565 1278 loco
2600 1224 2872 1295 intelligit
2926 1227 3117 1281 cibum
3170 1228 3453 1291 Ecclesiae,
3512 1228 3769 1294 virtutes,

2076 1315 2133 1364 et.
2162 1311 2310 1365 bona
2337 1328 2531 1383 opera,
2585 1328 2790 1384 corpus
2845 1314 3051 1368 Christi
3092 1318 3149 1368 et
3199 1316 3559 1388 sanguinem.
3599 1317 3658 1370 Id
3693 1323 3779 1370 est

2080 1400 2296 1466 laudes,
2327 1416 2519 1472 opera,
2556 1418 2682 1470 quae
2712 1418 2840 1455 cum
2866 1402 3028 1457 idolis
3069 1402 3452 1474 impenderas,
3485 1404 3777 1458 daemones

2080 1489 2474 1544 comedebant.
2529 1490 2636 1545 Sed
2685 1495 2813 1562 post
2861 1492 3167 1547 adventum
3202 1493 3328 1548 Filii
3383 1495 3659 1548 Dominus
3687 1495 3781 1548 de-

2082 1576 2317 1629 lectatus
2348 1582 2433 1631 est
2490 1578 2549 1631 in
2601 1578 2700 1632 eis.
2765 1579 3040 1634 Triticum
3092 1598 3230 1652 ergo
3287 1587 3343 1636 et
3374 1584 3590 1650 vinum,
3620 1583 3781 1636 cibus

2086 1662 2321 1732 (scilicet
2350 1666 2703 1737 Judamrum)
2759 1684 2966 1739 corpus
3000 1670 3209 1724 Christi
3254 1686 3310 1724 et
3342 1672 3679 1742 sanguinem
3712 1671 3782 1723 si-

2085 1752 2454 1823 gniﬁcabant.
2492 1756 2674 1823 Unde,
2710 1759 2855 1811 Caro
2874 1774 2991 1811 mea
3010 1775 3129 1813 vere
3162 1766 3239 1814 est
3272 1761 3442 1825 cibus,
3474 1765 3524 1814 et
3555 1762 3781 1826 sanguis

2086 1857 2232 1895 meus
2263 1858 2383 1896 vere
2412 1850 2488 1897 est
2513 1848 2669 1913 potus
2697 1845 2884 1912 (Joan.
2921 1846 3013 1917 vn).
3048 1848 3162 1901 Hoc
3193 1847 3361 1902 hodie
3392 1864 3505 1901 non
3537 1849 3784 1901 sumitur

2087 1928 2157 1981 ab
2179 1928 2472 1992 haereticis,
2504 1932 2765 2001 paganis,
2795 1934 3028 1999 Judasis,
3058 1933 3305 1989 inimicis
3329 1936 3609 1990 Ecclesiae.

2161 2017 2327 2071 Vens.
2369 2020 2447 2070 lO.
2510 2048 2566 2057 —-
2636 2021 2736 2073 Per
2787 2027 2994 2088 portas.
3047 2022 3328 2077 Ministros
3376 2023 3651 2085 Ecclesiae,
3687 2022 3785 2094 qui

2089 2104 2231 2157 alios
2258 2105 2647 2159 introducunt.
2674 2108 3043 2175 Velvirtutes,
3071 2127 3200 2181 quae
3231 2112 3447 2165 ducunt
3474 2111 3535 2165 in
3556 2113 3784 2176 caelum,

2089 2192 2252 2263 quasi
2312 2194 2381 2248 de
2433 2193 2641 2248 virtute
2712 2196 2772 2249 in
2819 2197 3109 2253 virtutem.
3172 2201 3406 2254 Planum
3455 2204 3624 2267 facite
3664 2204 3785 2256 iter.

2088 2281 2411 2335 Auferendo
2460 2284 2760 2351 scandala;
2794 2284 2855 2339 in
2908 2286 3196 2356 baptismo
3255 2289 3603 2344 remittendo
3653 2306 3788 2359 pec-

2089 2373 2231 2422 cata.
2274 2371 2490 2437 Eligite.
2540 2372 2660 2437 Vel,
2710 2372 2975 2442 projicite
3034 2377 3348 2429 secundum
3395 2378 3788 2447 Septuaginta,

2090 2458 2240 2528 quod
2265 2463 2366 2524 est,
2404 2460 2618 2514 auferte
2650 2460 2920 2516 duritiam
2954 2462 3304 2517 inﬁdelitatis
3343 2482 3374 2518 a
3400 2465 3663 2519 cordibus
3693 2466 3792 2519 ho-

2090 2547 2312 2600 minum
2340 2548 2484 2615 ;vel,
2518 2552 2793 2619 reprobos
2823 2556 2878 2603 et
2922 2551 3092 2605 duros
3115 2569 3147 2605 a
3199 2554 3483 2608 consortio
3512 2555 3785 2617 fidelium,

2162 2637 2319 2690 Vens.
2358 2640 2438 2691 lt.
2486 2667 2553 2677 —
2586 2639 2765 2692 Dicite
2805 2641 2931 2708 ﬁliae
2988 2643 3140 2697 Sion.
3201 2642 3427 2696 Scilicet
3484 2642 3790 2712 primitivae

2093 2724 2372 2791 Ecclesiae,
2397 2740 2524 2796 quas
2548 2743 2611 2780 ex
2638 2728 2848 2782 Judaeis
2887 2729 3142 2799 primum
3173 2748 3185 2784 :
3236 2732 3407 2799 unde,
3444 2730 3575 2785 Filii
3598 2735 3792 2786 matris

2091 2829 2218 2868 meae
2242 2821 2621 2882 pugnaverunt
2651 2821 2839 2870 contra
2875 2833 2957 2871 me
3005 2819 3182 2884 (Cant.
3240 2819 3302 2886 ι).
3357 2821 3449 2873 Vel
3479 2820 3791 2873 secundum

2093 2901 2282 2956 illud:
2330 2905 2601 2972 Quotquot
2650 2911 2827 2960 autem
2860 2912 3172 2976 receperunt
3227 2923 3345 2961 eum
3391 2909 3561 2978 (Joan.
3588 2908 3648 2978 ι),
3682 2912 3787 2960 etc.

2826 2993 3111 3048 dicentes:
3174 2996 3281 3049 Vos
3354 2995 3489 3049 estis
3545 2995 3793 3066 pOpulus

2090 3084 2334 3146 sanctus,
2375 3097 2475 3134 vos
2501 3081 2634 3135 estis
2661 3082 2945 3153 redempti
2985 3100 3016 3137 a
3051 3083 3289 3137 Domino
3334 3085 3466 3138 Deo.
3520 3084 3606 3138 Sic
3637 3083 3791 3137 enim

2091 3169 2329 3240 quidam
2359 3169 2580 3225 codices
2609 3169 2842 3225 habent.

2764 3259 2989 3313 CAPUT
3017 3259 3197 3313 LXIII.

2163 3348 2322 3401 Vens.
2360 3351 2408 3400 l.
2465 3376 2535 3385 --
2566 3348 2694 3414 Quis
2722 3351 2800 3400 est
2831 3349 2950 3401 iste.
2987 3347 3230 3411 Quidam
3257 3346 3448 3419 angeli
3472 3364 3583 3401 non
3616 3347 3785 3418 plene

2092 3438 2500 3505 cognoscentes
2529 3434 2863 3503 mysterium
2898 3435 3330 3504 incarnationis,
3368 3436 3669 3506 passionis,
3702 3454 3790 3491 re-

2092 3522 2482 3590 surrectionis,
2523 3523 2781 3576 videntes
2838 3523 2911 3578 ad
2954 3525 3126 3580 caelos
3157 3526 3460 3581 ascendere
3490 3526 3794 3581 Dominum

2094 3628 2222 3667 cum
2256 3612 2623 3666 multitudine
2652 3613 2993 3683 angelorum
3024 3620 3079 3669 et
3132 3622 3459 3670 sanctorum
3497 3615 3799 3669 hominum

2092 3701 2323 3771 propria
2355 3701 2582 3766 virtute,
2627 3717 2743 3754 non
2774 3702 2982 3755 auxi’io
3029 3706 3388 3772 angelorum,
3442 3704 3800 3758 admirantur

2094 3789 2529 3853 incarnationis,
2575 3794 2630 3841 et
2674 3790 2974 3857 passionis,
3032 3797 3089 3844 et
3134 3792 3591 3859 resurrectionis,
3625 3798 3681 3845 et
3704 3808 3795 3845 as-

2093 3876 2379 3929 censionis
2446 3876 2820 3944 mysterium:
2880 3878 3173 3946 quomodo
3225 3878 3333 3932 sibi
3391 3885 3446 3931 et
3492 3878 3619 3932 aliis
3662 3894 3798 3947 ape-

2093 3963 2204 4017 riat
2247 3979 2489 4034 regnum
2550 3965 2820 4018 caelorum
2854 3980 2868 4030 ;
2902 3965 3057 4019 unde
3106 3970 3163 4019 et
3217 3965 3435 4036 angelis
3479 3966 3788 4019 Dominum

2096 4051 2498 4105 comitantibus
2529 4052 2725 4106 dicunt
2750 4068 2763 4106 :
2797 4056 2928 4122 Quis
2950 4059 3029 4107 est
3058 4054 3195 4121 iste?
3212 4056 3274 4108 Et
3295 4053 3471 4108 David
3486 4053 3750 4107 similiter
3777 4070 3789 4107 :

2097 4141 2226 4206 Quis
2258 4145 2337 4194 est
2365 4143 2465 4195 iste
2490 4157 2589 4194 rem
2618 4142 2805 4210 gloria
2826 4142 2855 4195 ’ἲ
2885 4142 3050 4211 (Psal.
3111 4144 3288 4213 χχιιι).
3348 4142 3580 4195 Videtur
3606 4146 3800 4195 tamen

2102 4232 2385 4300 Augustus
2415 4227 2602 4281 dicere
2657 4244 2832 4298 super
2878 4227 3142 4283 Genesim
3199 4228 3351 4299 quod
3386 4244 3583 4281 omnes
3613 4228 3802 4297 angeli

2104 4319 2172 4372 ab
2194 4318 2319 4387 ipsa
2371 4316 2659 4371 creatione
2715 4332 2835 4385 sua,
2877 4317 3069 4370 statim
3124 4322 3514 4387 cognoverunt
3560 4317 3618 4371 in
3670 4334 3803 4372 con-

2100 4406 2472 4477 templatione
2493 4406 2582 4460 sui
2610 4406 2901 4471 creatoris,
2926 4405 3203 4477 quidquid
3238 4406 3359 4475 ipse
3372 4410 3495 4459 erat
3522 4405 3799 4471 facturus,

2104 4494 2484 4565 Hieronymus
2518 4498 2708 4547 autem
2740 4499 2935 4563 aperte
2969 4494 3218 4548 declarat
3268 4492 3404 4563 quia
3435 4493 3672 4564 quidam
3698 4509 3800 4547 au-

2104 4583 2238 4654 geli,
2270 4583 2452 4637 donec
2482 4584 2851 4655 perficeretur
2900 4582 3235 4654 mysterium
3266 4582 3696 4650 incarnationis,
3729 4582 3800 4637 ad

2103 4672 2341 4742 plenum
2380 4688 2495 4725 non
2527 4676 2934 4743 cognoverunt.

2177 4763 2259 4815 De
2303 4762 2492 4817 Edam.
2550 4762 2726 4815 Edom
2778 4761 2865 4828 (ex
2927 4760 3108 4829 Hii-3R.)
3164 4759 3235 4813 ab
3279 4758 3470 4813 edulio
3522 4758 3662 4813 rufa:
3693 4759 3805 4811 len-

2109 4850 2196 4912 tis,
2232 4850 2369 4919 etc.,‘
2412 4865 2578 4918 usque
2607 4849 2681 4902 ad
2708 4849 2793 4902 vel
2819 4849 2887 4903 de
2926 4847 3147 4901 inferno
3178 4848 3420 4918 spoliato
3465 4848 3644 4901 victor
3676 4862 3805 4900 cum

2107 4939 2371 4993 ﬁdelibus
2407 4938 2542 4992 suis.

2178 5029 2465 5082 Formosus
2517 5029 2575 5080 in
2599 5027 2755 5080 stola.
2823 5027 3156 5080 Formosum
3194 5023 3460 5078 calidum.
3499 5023 3657 5077 Unde
3687 5022 3805 5076 for-

2110 5132 2300 5170 mosus
2332 5114 2492 5186 quasi
2525 5114 2761 5181 calidus,
2821 5113 2953 5183 quia
2999 5129 3063 5166 ex
3128 5112 3317 5166 colore
3367 5110 3575 5163 rubens
3626 5114 3681 5164 et
3710 5126 3800 5163 ro-

2108 5220 2236 5258 seus
2266 5204 2509 5258 efficitur
2539 5205 2749 5271 vultus,
2780 5208 2835 5255 et
2865 5200 2997 5255 inde
3016 5201 3326 5271 speciosus.

2160 5293 2340 5347 ‘Vens.
2409 5286 2461 5346 ἓξ
2507 5320 2576 5332 -
2634 5293 2810 5358 Quare
2855 5305 2998 5357 ergo.
3078 5288 3205 5358 ([o.)
3254 5288 3547 5356 Tanquam
3615 5286 3804 5341 dicant

2107 5379 2338 5450 angeli:
2399 5379 2727 5445 Didicimus,
2780 5383 2909 5441 etc.,
2962 5392 3130 5445 usque
3170 5376 3244 5428 ad
3310 5374 3491 5445 magis
3544 5374 3646 5428 tibi
3694 5375 3807 5428 cle-

2107 5468 2326 5522 mentia
2352 5467 2619 5522 convenit
2650 5482 2821 5537 quam
2851 5464 3172 5519 crudelitas.

2180 5557 2343 5613 Vens.
2396 5560 2446 5610 3.
2488 5583 2559 5596 —
2616 5556 2790 5610 Solus.
2852 5554 3015 5608 Solus
3053 5552 3289 5607 Samson
3330 5550 3578 5624 pramisis
3622 5550 3799 5606 crini-
