4018 6176
199 301 332 353 1307

891 283 1278 342 WALAFRIDI
1320 280 1564 339 STllABl
1608 277 1811 336 FULD.
1855 274 2018 331 NON.
2060 275 2209 334 OPP.
2253 275 2427 332 PARS
2465 277 2504 332 Ι.
2547 307 2615 316 -
2653 278 3108 334 TllEOLOGlCA.

3576 288 3591 340 Ι
3607 287 3708 340 308

193 419 298 474 bus
328 413 669 474 Philisthmis
717 408 1041 483 exponitur,
1095 422 1199 462 nec
1227 404 1465 476 angelus
1513 418 1618 457 nec
1646 401 1884 456 archan-
1926 397 1964 450 A
2071 399 2231 454 Vens.
2285 402 2370 454 16.
2418 427 2480 440 -
2533 399 2811 454 Abraham
2858 403 3101 456 nescivit.
3154 403 3369 473 _(Hu.a.)
3408 406 3580 471 Quasi
3629 407 3711 464 di-

191 509 354 579 gelus
384 505 471 560 vel
519 502 764 575 quilibet
787 497 1027 554 caelestis
1059 495 1312 567 spiritus.
1368 491 1624 564 Denique
1655 487 1896 545 humani

192 593 419 667 generis
475 592 666 648 nullus
704 589 789 643 vel
845 587 1076 642 Judaaus
1129 585 1219 638 vel
1279 581 1511 639 Gentilis
1555 579 1889 634 auxiliator:

193 682 348 735 solus
402 683 643 752 pugnat,
689 675 844 729 solus
892 675 1143 744 superat.
1201 673 1475 740 Aspersus
1523 667 1636 736 fest.
1693 667 1892 736 (HlElL)

190 769 433 840 Sanguis
485 781 648 821 meus
693 779 894 818 eorum
944 776 1200 829 rancore,
1258 764 1389 826 etc.,
1433 773 1599 826 usque
1626 756 1700 810 ad
1732 756 1892 826 cujus

191 873 343 926 saepe
373 853 604 925 sanguis
634 869 806 922 super
848 851 1186 905 vestimenta
1226 847 1454 901 victoris
1483 845 1820 915 aspergitur.

262 947 422 1000 Vens.
459 948 511 997 5.
540 973 608 983 —
645 945 712 996 Lt
742 957 848 996 non
875 943 1009 1008 fuit,
1062 945 1170 994 etc.
1230 939 1386 993 Unde
1419 955 1435 991 :
1481 936 1670 992 Omnes
1729 934 1892 988 amici

190 1039 295 1092 mei
347 1036 756 1104 dereliquerunt
796 1048 902 1098 me,
958 1032 1074 1084 noti
1129 1031 1233 1083 mei
1283 1029 1445 1097 quasi
1499 1025 1671 1078 τιἰὶεηὶ
1722 1037 1890 1077 reces-

191 1130 377 1180 serunt
404 1139 548 1178 ame
602 1122 754 1189 (Job.
811 1120 943 1189 xux).
996 1123 1065 1174 Et
1106 1119 1363 1173 salvavit.
1412 1115 1791 1183 Hieronymus
1820 1111 1890 1165 ad

191 1212 579 1282 Augustinum
627 1214 684 1263 et
730 1207 1006 1278 Alipium,
1063 1206 1417 1276 impietatem
1463 1201 1694 1257 Sabellii
1724 1199 1892 1254 decli-

194 1305 418 1367 nantes,
459 1305 574 1354 tres
626 1313 898 1368 personas
940 1310 1237 1365 expressas
1281 1293 1385 1347 sub
1433 1290 1782 1362 proprietate
1803 1287 1889 1342 di-

193 1387 560 1459 stinguimus,
592 1402 710 1440 non
738 1385 928 1456 ipsum
979 1383 1088 1437 sibi
1118 1384 1365 1447 Patrem,
1400 1395 1517 1433 non
1560 1377 1606 1448 ἱ[
1624 1393 1750 1431 sum
1782 1374 1892 1430 sibi

194 1477 421 1545 Filium,
457 1492 574 1531 non
607 1475 795 1546 ipsum
845 1471 954 1526 sibi
1012 1471 1289 1542 Spiritum
1333 1473 1592 1522 sanctum
1648 1482 1768 1520 esse
1800 1464 1891 1518 di-

191 1571 420 1621 centes:
447 1565 544 1620 sed
575 1565 747 1619 aliam
791 1561 991 1626 Patris,
1026 1561 1193 1616 aliam
1231 1557 1377 1619 Filii,
1429 1557 1596 1611 aliam
1649 1553 1891 1624 Spiritus

192 1653 374 1708 sancti
401 1667 709 1723 personam
739 1666 880 1704 esse.
925 1649 1045 1702 Non
1072 1647 1225 1701 enim
1267 1645 1504 1700 nomina
1541 1648 1892 1696 tantummo-

193 1738 286 1801 do,
318 1739 415 1794 sed
447 1737 829 1810 proprietates
859 1735 1218 1788 contitemur.

265 1829 423 1882 Vens.
479 1832 529 1882 7.
598 1854 669 1867 —
737 1825 1165 1880 Miseralionum.
1218 1820 1426 1890 (Illam)
1497 1817 1778 1889 Propheta
1832 1815 1891 1869 in

195 1932 441 1986 persona
469 1913 689 1968 Iudaici
720 1912 922 1984 populi
981 1909 1314 1981 pmnitentis
1342 1913 1400 1962 et
1443 1904 1891 1962 misericordiam

195 2004 426 2059 Domini
458 2001 936 2073 recognoscentis.

265 2093 427 2146 Vsus.
463 2096 514 2145 9.
546 2119 620 2132 —
646 2093 764 2146 Non
814 2094 892 2144 est
953 2087 1264 2142 tribulatus.
1309 2085 1434 2154 (ῐυ.)
1467 2084 1573 2138 Vos
1627 2099 1756 2154 quae
1786 2087 1891 2146 est,

195 2186 326 2246 etc.,
365 2195 536 2250 usque
576 2179 651 2233 ad
695 2193 845 2232 nemo
872 2180 949 2230 est
990 2175 1214 2243 adjutor
1248 2174 1358 2227 nisi
1386 2171 1612 2226 Michael
1637 2171 1894 2239 princeps

193 2273 383 2335 vester,
417 2269 515 2337 qui
540 2271 685 2321 astat
712 2281 810 2334 pro
839 2265 971 2333 ﬁliis
997 2263 1187 2332 populi
1215 2261 1319 2315 mei
1345 2261 1505 2326 (Dan.
1539 2259 1616 2327 χ).

266 2360 336 2412 Et
359 2357 603 2424 angelus.
629 2355 756 2425 (ln.)
792 2351 1183 2422 Septuaginta.
1220 2350 1343 2404 Non
1373 2349 1595 2419 legatus
1643 2362 1746 2400 nec
1773 2345 1894 2417 ipse

198 2447 460 2517 angelus.
495 2444 591 2498 sed
623 2443 902 2498 Dominus
930 2439 1162 2495 salvavit
1188 2454 1300 2492 eos.

265 2535 425 2589 Vsus.
485 2535 570 2587 l0.
601 2561 671 2572 --
717 2532 984 2600 Spiritum
1039 2529 1216 2583 sancti
1263 2527 1398 2595 ejus.
1453 2525 1516 2580 Id
1557 2527 1641 2580 est
1670 2523 1892 2595 Moysi:

201 2623 369 2690 unde,
429 2621 918 2676 Emacerbaverunt
968 2619 1187 2688 Moysen
1242 2618 1301 2670 in
1347 2616 1564 2680 castris,
1616 2618 1666 2668 et
1707 2615 1898 2669 Aaron

198 2712 446 2764 sanctum
485 2707 701 2763 Domini
732 2707 898 2772 (Psal.
957 2704 1078 2774 εν.)
1108 2704 1203 2758 Vel
1253 2702 1432 2756 sancti
1486 2701 1629 2770 eius,
1669 2701 1893 2765 Christi,

196 2797 290 2852 cui
339 2796 570 2851 credere
619 2795 947 2849 noluerunt.
1002 2792 1174 2846 Filius
1226 2790 1382 2845 enim
1411 2789 1510 2844 Dei
1541 2789 1641 2860 qui
1674 2806 1775 2843 nos
1807 2805 1894 2843 re-

202 2884 401 2949 demit,
433 2884 585 2956 ipsos
644 2883 714 2938 de
767 2884 1006 2953 Egypto
1061 2884 1118 2934 et
1167 2878 1310 2933 mari
1368 2878 1560 2934 Rubro
1614 2877 1894 2932 liberavit.

2002 494 2090 542 cat
2118 503 2131 541 :
2171 486 2314 552 Quia
2346 492 2403 542 te
2460 488 2827 556 olfendimus,
2882 496 3014 556 etc.,
3042 505 3214 561 usque
3263 493 3338 546 ad
3367 510 3482 549 non
3511 495 3713 551 oblivi-

2001 581 2190 631 scatur
2237 576 2490 632 ﬁliorum
2543 595 2800 650 suorum,
2856 595 2928 633 ne
2984 595 3086 650 per
3138 581 3291 652 ipsos
3342 597 3557 640 nomen
3608 585 3709 640 Dei

2001 665 2435 736 blasphemetur
2471 665 2531 720 in
2563 666 2850 738 gentibus.

2073 753 2232 808 Vens.
2282 757 2363 809 l7.
2412 786 2479 794 —
2537 755 2715 821 Quare
2759 771 2960 811 errare.
3021 757 3229 811 Paulus
3259 757 3327 812 ad
3387 757 3709 814 Corinthios

2000 842 2272 908 scribens,
2295 844 2362 898 ad
2397 843 2567 898 unius
2605 843 2821 899 scilicet
2875 845 3155 915 populum
3197 845 3440 902 civitatis
3490 865 3592 918 pro
3613 865 3705 900 va-

2001 930 2202 985 rietate
2242 931 2628 986 habitantium
2648 938 2975 987 sanctorum
2998 933 3215 989 scilicet
3234 940 3289 989 et
3320 940 3704 1006 peccatorum,

2001 1036 2152 1073 nunc
2182 1020 2394 1087 laudat,
2430 1037 2580 1074 nunc
2622 1022 2990 1092 reprehendit
3019 1039 3032 1075 :
3067 1023 3146 1076 sic
3198 1040 3449 1095 praesens
3479 1024 3705 1095 capitu—

2001 1100 2140 1173 lum,
2185 1107 2339 1178 quod
2407 1125 2474 1162 ex
2547 1109 2804 1164 oratione
2864 1111 3065 1180 populi
3109 1112 3286 1166 Deum
3346 1113 3707 1184 deprecantis

2001 1197 2346 1279 contexitur,
2397 1213 2550 1251 nunc
2611 1197 2803 1252 laudat
2854 1199 3184 1264 Dominum,
3269 1215 3420 1254 nunc
3461 1205 3710 1268 accusat,

1994 1286 2159 1340 Juxta
2215 1286 2524 1340 secundam
2574 1287 2832 1357 regulam
2885 1287 3125 1357 Ticonii,
3182 1305 3314 1359 quae
3344 1294 3430 1344 est
3479 1290 3549 1344 de
3577 1306 3710 1344 cor-

2003 1391 2140 1444 pore
2181 1375 2427 1429 Domini.

2074 1465 2233 1518 Vens.
2268 1468 2348 1518 l9.
2378 1495 2443 1502 —
2475 1465 2649 1530 Quasi
2694 1467 2754 1518 in
2794 1466 3088 1534 principio.
3150 1466 3357 1535 (Hum)
3384 1468 3708 1537 Antequam

2003 1569 2231 1605 vocares
2265 1569 2389 1618 nos,
2423 1557 2554 1616 etc.,
2589 1568 2758 1622 usque
2784 1553 2859 1606 ad
2913 1569 3028 1607 non
3063 1554 3414 1608 vocabuntur
3462 1555 3712 1625 populus

2011 1641 2130 1709 Dei,
2163 1658 2194 1694 a
2221 1640 2445 1695 Christo
2476 1640 2693 1695 scilicet
2723 1641 3052 1696 Christiani.

2678 1729 2904 1784 CAPUT
2941 1730 3113 1784 LXIV.

2077 1818 2234 1871 Vens.
2276 1819 2323 1870 1.
2387 1845 2456 1856 -—
2493 1818 2710 1871 Utinam
2739 1818 3095 1886 dirumperes.
3127 1819 3329 1885 (Ηιειι.)
3365 1821 3430 1874 In
3468 1833 3709 1890 persona

2004 1920 2127 1970 sua,
2157 1909 2288 1970 etc.,
2344 1920 2514 1974 usque
2545 1905 2618 1958 ad
2682 1905 2819 1960 item
2865 1905 3038 1960 David
3081 1925 3098 1960 :
3133 1909 3424 1962 Inclinavit
3453 1909 3625 1974 catos,
3657 1910 3708 1960 et

2002 1993 2277 2048 descendit
2307 1993 2473 2064 (l'sat.
2488 1994 2642 2064 xvu).

2077 2083 2237 2140 Yans.
2281 2086 2334 2137 '2.
2369 2112 2437 2120 —-
2494 2084 2668 2151 Aqua
2705 2083 2978 2137 arderent.
3013 2083 3186 2153 (SYLL)
3213 2085 3388 2154 Aqua:
3416 2086 3583 2139 maris
3612 2099 3703 2138 ar-

2004 2170 2192 2225 derent
2218 2172 2353 2238 igni.
2387 2171 2548 2234 Quod
2580 2175 2684 2237 est,
2707 2170 2908 2241 populi
2958 2172 3157 2227 mundi
3186 2173 3702 2227 inﬂammarentur.

2004 2249 2138 2328 igne
2168 2257 2480 2312 charitatis.
2518 2259 2715 2314 Unde:
2770 2260 2957 2326 Ignem
2985 2262 3106 2314 veni
3141 2262 3352 2314 mittere
3380 2264 3437 2314 in
3484 2265 3705 2325 terram,

2004 2351 2054 2401 et
2083 2347 2220 2417 quid
2240 2349 2358 2402 volo
2388 2349 2500 2402 nisi
2545 2353 2604 2402 ut
2651 2348 2844 2403 ardeat
2872 2352 2901 2403 7
2942 2351 3088 2416 (Luc.
3151 2350 3278 2419 xu.)
3335 2354 3390 2402 et
3419 2349 3498 2403 sic
3524 2353 3710 2403 notum

2007 2436 2162 2507 ﬁeret
2189 2453 2378 2492 nomen
2437 2442 2609 2502 tuum,
2670 2437 2827 2509 quod
2874 2442 2960 2492 est
3012 2438 3268 2492 Christus
3311 2440 3496 2507 Jesus,
3527 2439 3709 2491 inimi-

2007 2528 2084 2581 cis
2112 2527 2241 2591 tuis,
2271 2524 2482 2580 scilicet
2504 2525 2736 2580 Iudaeis.

2015 2669 2024 2676 _
2107 2613 2264 2669 Vens.
2321 2607 2502 2669 3.‘—
2551 2616 2668 2670 Non
2741 2615 3144 2670 sustinebimus.
3196 2615 3309 2669 Nos
3354 2614 3562 2680 Judaei,
3613 2613 3706 2668 sed

2009 2702 2535 2773 blasphemabimus
2564 2702 2863 2757 dicentes:
2917 2705 2980 2758 1n
3025 2706 3276 2774 principe
3326 2703 3710 2758 daemoniorum

2009 2791 2296 2846 Beelzebub
2315 2792 2466 2860 ejicit
2477 2791 2861 2846 daemoniorum
2875 2791 3095 2862 (Matth.
3123 2791 3243 2861 xu).
3264 2794 3376 2845 lloc
3404 2790 3555 2845 enim
3574 2790 3710 2845 dicit

2013 2879 2297 2950 propheta
2352 2879 2411 2933 in
2464 2895 2712 2950 persona
2765 2879 3107 2934 inﬁdelium.
3159 2880 3511 2935 Descendisti.
3566 2879 3710 2934 Tan-

193 2976 472 3044 Spiritum
517 2975 784 3035 sanctum,
845 2970 954 3036 vel,
999 2971 1178 3024 sancti
1213 2969 1348 3038 ejus.
1398 2967 1641 3032 Quidam
1677 2965 1898 3020 codices
1931 2975 1971 3030 C
2010 2984 2182 3038 quam
2215 2968 2477 3040 precibus
2500 2967 2618 3022 suis
2639 2967 2918 3024 exauditis
2939 2968 3129 3039 inquit
3162 2984 3175 3022 :
3206 2967 3562 3035 Descendisti,
3597 2972 3703 3022 etc.

195 3062 429 3128 habent,
453 3061 664 3116 scilicet
715 3058 992 3130 Spiritum
1038 3061 1319 3121 sanctum,
1355 3071 1528 3128 quem
1581 3055 1894 3121 contristat,

196 3151 299 3222 qui
363 3149 550 3204 virum
607 3148 965 3220 spiritualem
1017 3144 1351 3200 contristat:
1411 3143 1583 3204 unde,
1645 3146 1754 3210 Qui
1806 3158 1896 3198 vos

197 3241 398 3309 tangit,
433 3241 593 3309 quasi
633 3240 732 3307 qui
758 3239 936 3304 tangit
981 3235 1252 3305 pupillam
1284 3234 1426 3288 oculi
1444 3235 1568 3288 mei.
1603 3233 1777 3303 (Zach.
1814 3235 1897 3300 ιι.)

199 3330 316 3397 Vel,
345 3329 618 3400 angelum
644 3327 704 3382 in
725 3325 1042 3382 custodiam
1075 3323 1333 3390 missum,
1377 3340 1549 3394 quem
1579 3338 1729 3393 saepe
1752 3323 1899 3377 male

198 3417 462 3473 faciendo
492 3417 868 3472 otfenderunt.

279 3506 440 3560 Vens.
496 3508 580 3559 11.
614 3532 683 3543 -
715 3503 911 3572 Moysi.
949 3500 1095 3565 Quia
1148 3515 1266 3554 non
1307 3503 1392 3553 est
1446 3499 1588 3553 alius
1633 3498 1733 3569 qui
1776 3503 1904 3554 orat

195 3609 302 3664 pro
334 3592 438 3648 eis.
476 3594 578 3648 Ubi
607 3595 704 3655 est,
749 3594 855 3646 etc.
889 3588 1172 3659 Propheta
1227 3587 1427 3642 videns
1454 3587 1653 3659 populi
1681 3588 1768 3642 sui
1797 3589 1901 3644 ab-

191 3681 527 3753 jectionem,
549 3679 842 3734 miseriam
868 3682 922 3732 et
952 3677 1317 3732 afﬂictionem
1349 3676 1472 3746 jam
1500 3677 1900 3732 imminentem

197 3774 437 3842 propter
469 3768 596 3824 Filii
627 3767 730 3822 Dei
781 3767 1173 3838 negationem,
1206 3765 1563 3820 condolendo
1601 3766 1897 3833 exclamat,

154 3857 164 3862 ’
199 3859 433 3913 dicens:
471 3857 572 3912 Ubi
599 3861 676 3911 est
699 3855 1064 3926 ?quasidicat
1085 3872 1096 3909 :
1115 3854 1428 3911 Clementia
1452 3853 1896 3925 Omnipotentis.

203 3945 307 4000 Ubi
334 3947 413 3998 est
441 3944 537 4013 qui
551 3943 781 4012 posuit?
811 3941 986 4012 Moysi
1014 3941 1248 4010 scilicet,
1280 3940 1415 4012 quia
1444 3945 1645 3995 orante
1690 3940 1899 4011 Moyse,

199 4033 332 4087 tulit
348 4031 621 4086 Daminus
641 4031 710 4086 de
737 4030 942 4101 spiritu
965 4030 1087 4100 ejus
1109 4035 1165 4084 et
1192 4027 1722 4100 deditseptuaginta
1741 4028 1896 4082 viris.

264 4121 432 4174 Vsus.
476 4122 558 4174 l2.
609 4147 678 4158 —
737 4118 846 4182 Qui
892 4117 1055 4172 scidit
1105 4133 1278 4186 aquas
1308 4123 1432 4171 ante
1461 4132 1565 4171 eos.
1617 4116 1712 4170 Vel
1753 4115 1901 4170 dici-

201 4213 312 4264 tur.
348 4210 488 4264 Cum
521 4208 736 4277 Moyses
789 4222 945 4260 mare
987 4204 1372 4275 percussisset,
1423 4205 1562 4260 etin
1600 4203 1898 4258 duodecim

200 4295 319 4348 vias
348 4294 680 4349 scidissetet
701 4293 826 4348 aliis
860 4292 1624 4359 haesitantibus,tribusJuda
1647 4292 1898 4363 ingressa

203 4388 309 4449 est,
343 4387 400 4437 et
419 4382 492 4437 ob
521 4382 630 4436 hoc
659 4381 820 4452 regni
849 4380 1190 4451 dignitatem
1237 4381 1442 4453 adepta
1461 4386 1564 4436 est.

262 4471 431 4524 Vsus.
481 4473 562 4523 14.
597 4498 667 4511 -
723 4471 964 4538 Spiritus
1022 4471 1254 4524 Domini.
1316 4469 1590 4539 Angelus,
1644 4468 1898 4534 scilicet;

204 4559 386 4613 unde:
442 4561 512 4612 Et
581 4558 844 4626 praecedet
903 4562 950 4611 te
1009 4559 1232 4624 angelus
1288 4573 1434 4611 meus
1495 4558 1688 4627 (Emod.
1765 4558 1897 4627 xlv).

200 4647 444 4717 Spiritus
474 4645 652 4711 enim,
685 4651 905 4700 natura;
933 4661 1146 4699 nomen
1167 4648 1269 4711 est,
1301 4646 1536 4714 angelus
1565 4644 1757 4699 ollicii.

278 4735 444 4792 Vsus.
487 4738 570 4789 15.
602 4763 675 4776 -
702 4733 938 4788 Attende
963 4733 1030 4786 de
1057 4735 1181 4788 calo
1210 4738 1259 4786 et
1287 4733 1436 4789 vide.
1477 4733 1750 4787 Dominus
1785 4733 1906 4788 ubi-

206 4839 320 4894 que
357 4828 509 4877 totus
534 4828 590 4877 et
621 4838 848 4895 semper
887 4827 991 4888 est,
1023 4822 1208 4876 unde:
1242 4822 1438 4878 C(elum
1485 4827 1535 4875 et
1586 4826 1791 4876 terram
1809 4837 1904 4890 ego

203 4913 396 4982 impleo
446 4911 575 4981 (Jer.
621 4915 797 4979 xvul).
851 4910 1064 4965 Dicitur
1129 4916 1322 4966 tamen
1370 4910 1558 4964 sedem
1605 4911 1818 4965 habere
1844 4910 1904 4964 in

202 5003 364 5069 caelo,
414 4999 731 5055 secundum
815 4999 998 5054 illud:
1068 5000 1276 5053 Catum
1345 4999 1481 5053 mihi
1556 4999 1705 5053 sedes
1771 5001 1900 5066 (Isa.

204 5089 369 5159 vai),
405 5089 544 5160 quia
579 5088 794 5142 scilicet
825 5087 885 5142 in
931 5087 1256 5142 caelestibus
1302 5087 1519 5158 angelis
1571 5092 1628 5142 et
1655 5086 1904 5141 homini-

204 5178 310 5231 bus
329 5177 500 5248 justis
539 5179 803 5246 (quorum
859 5175 1071 5230 scilicet
1123 5175 1475 5231 conversatio
1514 5179 1598 5229 est
1642 5175 1702 5231 in
1725 5175 1903 5245 caelis)

205 5266 326 5333 eius
369 5267 630 5320 voluntas
673 5264 963 5335 praecipue
1012 5265 1097 5320 lit.
1167 5266 1268 5320 Ubi
1311 5269 1391 5320 est
1447 5266 1589 5319 zelus
1620 5269 1763 5331 tuus,
1796 5269 1900 5320 etc.

209 5351 382 5412 Quasi
433 5353 619 5408 dicat:
671 5353 817 5419 Quia
882 5354 1259 5426 peccavimus,
1313 5358 1370 5408 et
1419 5369 1525 5408 nos
1583 5354 1766 5409 odisse
1797 5371 1905 5410 ca:-

210 5436 369 5506 pisti,
401 5441 632 5494 recessit
663 5443 820 5497 zelus
848 5447 1019 5498 tuus:
1052 5459 1168 5514 quo
1193 5443 1494 5497 recedente
1542 5441 1774 5496 recessit
1792 5443 1904 5496 for-

210 5525 414 5588 titudo,
453 5532 509 5579 et
553 5534 920 5597 paternorum
975 5531 1257 5586 viscerum
1305 5536 1608 5602 superatur
1653 5532 1900 5586 allectus.

2008 3057 2238 3112 Montes.
2317 3055 2539 3110 Amissa
2624 3056 2922 3128 potentia:
2984 3058 3138 3113 Nunc
3220 3060 3472 3125 princeps
3544 3055 3708 3124 hujus

2005 3145 2198 3200 mundi
2224 3146 2468 3214 ejiciatur
2514 3148 2667 3212 foras
2715 3146 2892 3215 (Joan.
2943 3145 3061 3217 xu).
3096 3147 3164 3200 Et
3212 3145 3421 3200 Judaiis
3451 3144 3704 3199 dicitur:

2006 3237 2309 3301 Auferetur
2340 3251 2374 3288 a
2412 3235 2560 3289 vobis
2615 3249 2839 3302 regnum
2893 3235 2995 3289 Dei
3053 3234 3271 3304 (Matth.
3327 3233 3458 3303 xxx),
3495 3231 3712 3286 scilicet

2007 3328 2199 3377 sancta
2229 3323 2520 3394 Scriptura
2554 3326 2612 3377 et
2647 3321 2833 3376 omnis
2873 3321 3076 3393 gloria,
3111 3326 3167 3376 et
3193 3321 3380 3376 omnis
3436 3319 3705 3392 dignitas.

2079 3413 2235 3467 Vens.
2270 3413 2324 3466 4.
2384 3442 2453 3451 -
2497 3416 2539 3468 Α
2588 3413 2798 3467 seculo.
2834 3411 2974 3466 Hine
3033 3411 3242 3466 Paulus
3287 3410 3360 3465 ad
3390 3409 3710 3466 Corinthios

2010 3500 2406 3556 testimonium
2445 3499 2642 3565 sumit,
2687 3517 2806 3555 non
2833 3500 3070 3554 verbum
3101 3515 3170 3554 ex
3198 3498 3393 3567 verbo,
3449 3497 3548 3552 sed
3575 3513 3709 3552 sen-

2007 3605 2136 3644 sum
2194 3589 2540 3660 exprimens.
2602 3588 2820 3645 Oculus.
2870 3589 3015 3652 Quia
3053 3604 3170 3642 non
3227 3593 3314 3644 est
3369 3603 3576 3658 corpus
3607 3586 3707 3640 vel

2007 3680 2183 3735 color.
2238 3678 2397 3743 Quod
2441 3679 2758 3749 Aposto;,.'-i
2798 3677 2966 3748 ponit
3018 3677 3078 3732 in
3133 3693 3232 3732 cor
3296 3675 3547 3732 hominis
3591 3691 3707 3730 non

2009 3767 2284 3836 ascendit,
2318 3765 2453 3837 quia
2477 3765 2682 3836 majus,
2711 3782 2767 3820 ας
2797 3782 2897 3820 cor
2925 3765 3093 3830 debet
3121 3765 3256 3821 illuc
3302 3763 3493 3835 dirigi.
3544 3765 3709 3819 Para-

2010 3857 2090 3910 vit
2109 3856 2264 3911 enim
2292 3856 2540 3926 seipsum
2570 3853 2958 3924 cognitionem
3004 3855 3113 3922 sui,
3148 3853 3537 3924 cognitionem
3575 3868 3704 3906 san-

2008 3950 2112 4000 cta:
2158 3943 2478 4010 Trinitatis;
2533 3945 2734 3998 unde:
2791 3945 2928 3998 Hec
2978 3948 3057 3998 est
3086 3945 3203 3998 vita
3255 3941 3585 4006 aeterna,{ut
3612 3956 3704 3994 co-

2009 4037 2269 4103 gnoscant
2289 4038 2336 4087 te
2363 4047 2546 4087 verum
2580 4035 2750 4087 Deum
2779 4036 2830 4086 et
2859 4047 3014 4101 quem
3063 4033 3266 4085 misisti
3301 4031 3494 4084 Jesum
3545 4030 3704 4085 Chri-

2007 4123 2362 4183 stum(Joan.
2413 4123 2564 4186 xvu).
2631 4121 2793 4174 Hunc
2849 4135 3018 4174 nemo
3076 4122 3266 4190 potest
3334 4117 3461 4171 vide
3503 4132 3516 4183 ;
3551 4116 3702 4170 unde

2012 4211 2182 4264 illud:
2208 4214 2370 4266 Deum
2396 4225 2547 4263 nemo
2574 4209 2718 4263 vidit
2738 4224 3016 4279 nunquam
3038 4209 3213 4277 (Joan.
3248 4207 3310 4277 ι).

2085 4300 2242 4354 Vnus.
2268 4302 2320 4352 ὅ.
2347 4326 2417 4338 —
2445 4300 2580 4352 Ecce
2601 4302 2679 4363 tu,
2712 4303 2818 4352 etc.
2845 4297 2907 4351 In
2929 4311 3174 4367 persona
3204 4294 3452 4350 inﬁdelis
3482 4291 3706 4365 populi,

2013 4384 2113 4456 qui
2142 4385 2337 4438 volens
2361 4383 2603 4438 transire
2631 4384 2704 4439 ad
2748 4383 3046 4438 veritatem
3082 4381 3391 4453 Evangelii,
3423 4380 3710 4452 paeniten—

2013 4475 2151 4528 tiam
2183 4472 2528 4543 praeferebat
2569 4489 2688 4539 ore,
2720 4488 2894 4543 quam
2922 4488 3038 4526 non
3066 4471 3311 4526 habebat
3338 4469 3396 4524 in
3416 4469 3605 4524 corde.

2087 4564 2244 4617 Vens.
2280 4569 2331 4616 6.
2355 4590 2428 4603 —
2458 4564 2822 4626 Menstruatz,
2875 4563 2983 4614 etc.
3016 4561 3174 4614 Mene
3229 4558 3521 4623 Hebraice,
3553 4557 3713 4612 Luna

2016 4651 2248 4718 Latine;
2301 4650 2450 4704 unde
2506 4652 2872 4704 menstruales
2923 4663 3053 4718 quae
3109 4645 3352 4717 singulis
3419 4643 3711 4698 mensibus

2013 4740 2197 4793 solent
2225 4737 2520 4808 sanguinis
2577 4737 2796 4791 ﬂuxum
2854 4735 3155 4790 sustinere.
3217 4735 3284 4788 Et
3313 4737 3445 4787 tunc
3477 4730 3584 4786 viri
3612 4729 3712 4785 ab-

2014 4827 2224 4882 stinere
2253 4827 2464 4881 debent
2492 4826 2563 4880 ab
2591 4825 2696 4882 eis.
2735 4825 2891 4879 Tunc
2923 4824 3076 4878 enim
3107 4821 3508 4890 concipiuntur
3534 4836 3713 4874 mem-

2013 4915 2130 4971 bris
2159 4913 2435 4980 damnati,
2488 4912 2644 4980 caeci,
2697 4912 2904 4977 claudi,
2960 4910 3173 4983 leprosi
3227 4913 3282 4963 et
3329 4909 3711 4978 hnjusmodi:

2017 5007 2079 5055 ut
2129 5000 2264 5072 quia
2303 5005 2574 5072 parentes
2627 5016 2740 5056 non
2789 5001 3146 5056 erubuerunt
3194 4997 3422 5051 misceri
3476 4995 3534 5050 in
3577 5011 3712 5050 con-

2013 5090 2177 5151 clavi,
2211 5105 2409 5144 eorum
2471 5095 2704 5161 peccata
2759 5093 2990 5160 pateant
3035 5087 3272 5153 cunctis,
3324 5091 3381 5140 et
3408 5088 3601 5155 aperte
3629 5099 3716 5138 re-

2015 5177 2372 5247 darguantur
2416 5177 2475 5231 in
2521 5177 2790 5248 parvulis.
2846 5178 3063 5230 Ventus.
3101 5173 3417 5228 Commotio
3455 5172 3624 5239 aeris,
3655 5176 3718 5225 ut

2015 5264 2117 5333 ibi,
2175 5267 2472 5336 Imperavit
2518 5269 2690 5321 vent-is
2741 5271 2793 5320 et
2843 5267 2987 5319 mari
3015 5264 3232 5332 (Matth.
3291 5265 3430 5327 vui).
3458 5261 3553 5314 Vel
3583 5261 3717 5330 Spi-

2014 5353 2158 5408 ritus
2188 5360 2414 5408 sanctus
2446 5371 2459 5408 :
2511 5354 2866 5408 Advenientis
2913 5353 3154 5422 Spiritus
3185 5351 3506 5406 vehementis
3564 5349 3714 5415 (Act.

2016 5441 2077 5513 ι).
2138 5439 2234 5495 Hic
2285 5440 2440 5494 enim
2481 5441 2725 5512 Spiritus
2776 5457 2882 5510 pro
2922 5443 3091 5494 vento
3145 5437 3382 5509 ponitur
3428 5435 3719 5506 signiﬁca-

2016 5531 2174 5584 tione
2204 5530 2448 5601 Spiritus
2476 5530 2674 5584 sancti.
2711 5530 2828 5596 Vel,
2861 5527 3101 5583 tentatio
3149 5528 3477 5581 daemonum
3509 5530 3567 5577 et
3595 5541 3716 5577 ma-
