4074 6186
316 231 447 282 1309

1428 231 1679 288 ULOSSA
1718 233 2122 290 OltDINARIA.
2165 266 2231 273 —
2276 236 2401 290 LlB.
2448 236 2666 291 lSAIAﬁ.

3679 245 3812 296 l3l0

304 348 496 402 lorum
528 348 851 414 hominum,
885 356 946 404 ut
984 351 1126 406 illud
1174 370 1185 406 :
1220 357 1493 409 Venerunt
1521 358 1770 424 ﬂumina,
1807 362 1856 411 et
1904 360 2003 425 ﬂa-
2038 363 2082 413 Α
2118 365 2373 414 caverunt
2415 376 2575 430 super
2622 366 2840 415 montes.
2874 362 3112 425 Quando
3142 362 3202 417 in
3231 363 3425 419 Bethel
3486 370 3542 420 et
3577 367 3634 421 in
3691 369 3810 423 Dan

302 441 495 491 verunt
520 440 667 492 venti
698 441 916 505 (Matth.
952 442 1045 509 vn)
1073 458 1085 495 :
1118 446 1173 495 et
1203 442 1309 496 hoc
1336 449 1421 497 est
1451 444 1613 514 quasi
1641 451 1860 499 ventus.

376 527 536 580 Vens.
571 529 621 580 8.
669 559 734 567 ——
764 531 834 583 Et
879 545 1039 595 nunc,
1068 533 1306 585 Domine.
1338 536 1417 586 Ac
1447 534 1492 586 si
1544 533 1693 588 dicat
1723 550 1734 587 :
1771 534 1829 587 Si
1861 550 2004 588 con-

305 610 621 666 sideremus
669 620 865 670 nostra
912 618 1115 671 merita
1168 619 1586 690 desperandum
1639 627 1764 676 est:
1817 622 1861 675 si
1893 624 2006 676 clc-

308 700 583 756 mentiam
634 710 809 765 tuam,
856 704 955 775 qui
1014 707 1268 776 tlagellas
1313 726 1543 764 omnem
1591 712 1775 765 ﬁlium
1835 727 2005 781 quem

309 792 532 861 recipis,
574 794 854 848 audemus
884 812 1081 865 preces
1111 797 1373 865 fundere,
1408 806 1470 852 tu
1525 800 1679 853 enim
1712 806 1873 871 pater
1907 818 2006 855 no-

308 884 420 933 ster
451 898 509 933 es
567 884 743 951 Opera
792 900 1049 938 manuum
1099 891 1336 940 tuarum.
1391 888 1560 951 Quasi
1613 889 1761 943 dicat
1820 906 1831 942 :
1900 892 2005 945 Re-

308 970 459 1038 spice
490 986 635 1039 opus
669 977 853 1036 tuum,
880 989 1007 1030 non.
1024 975 1228 1028 merita
1262 979 1471 1029 nostra.
1508 978 1757 1048 Mysterii
1816 978 2007 1033 Trini-

308 1058 435 1109 tatis
468 1063 618 1112 recta
647 1060 925 1114 confessio
958 1067 1040 1115 est
1069 1062 1393 1132 ignorantia
1424 1065 1693 1121 scientias.

382 1146 649 1214 Vsns.§9.
711 1178 770 1189 —
826 1152 903 1205 Nc
952 1152 1235 1221 irascaris,
1290 1156 1524 1208 Domine.
1578 1157 1691 1209 IIoc
1737 1160 1843 1220 est,
1891 1173 2007 1210 non

310 1233 553 1287 vitamus
586 1235 752 1302 iram,
781 1253 885 1291 nec
929 1241 1075 1293 ultra
1124 1242 1437 1312 quaerimus
1490 1244 1851 1313 patientiam,
1908 1262 2011 1316 per

309 1337 480 1391 quam
515 1324 970 1380 thesaurizamus
1030 1329 1195 1382 nobis
1250 1330 1397 1383 iram
1442 1331 1501 1384 in
1547 1333 1638 1386 die
1694 1334 2005 1387 vindictas:

309 1411 406 1463 sed
459 1427 790 1480 quaesumus
820 1430 891 1468 ne
942 1414 1200 1471 irascaris
1233 1418 1392 1472 nobis
1442 1420 1597 1488 satis,
1650 1422 1878 1489 scilicet,
1941 1439 2010 1476 ne

310 1501 569 1569 tempore
610 1502 844 1555 ultionis
878 1504 1209 1558 memineris
1241 1506 1566 1577 iniquitatis
1599 1515 1828 1563 nostrze.

385 1588 542 1643 Vens.
575 1592 657 1644 t0.
690 1621 758 1631 —
809 1594 943 1647 Sion
1000 1593 1229 1649 deserta.
1293 1595 1431 1650 Sion
1487 1603 1543 1651 et
1588 1600 1895 1653 Jerusalem
1950 1599 2010 1652 in

309 1677 419 1730 hoc
443 1678 568 1732 loco
591 1678 745 1733 idem
771 1680 1116 1751 signiﬁcant,
1151 1686 1449 1755 templum,
1500 1687 1732 1751 scilicet,
1765 1692 1822 1743 et
1868 1688 2007 1742 civi-

311 1768 509 1830 tatem,
544 1767 642 1821 ubi
671 1771 959 1839 quondam
991 1773 1221 1842 specula
1245 1774 1520 1829 virtutum
1570 1781 1627 1829 et
1658 1776 1796 1829 visio
1831 1777 2006 1848 pacis.

311 1854 419 1909 Sed
466 1861 771 1926 postquam
839 1860 1087 1930 populus
1139 1861 1470 1917 Judazorum
1536 1865 1764 1935 negavit
1814 1882 2006 1936 regem

310 1958 500 2006 suum,
531 1949 587 1997 et
612 1946 833 2000 addidit
859 1948 1000 2002 illud
1043 1966 1055 2002 :
1098 1952 1217 2006 Non
1246 1950 1501 2006 habemus
1528 1970 1703 2021 regem
1736 1957 1862 2009 misi
1905 1958 2011 2011 Ca:-

311 2045 488 2084 sarem
518 2032 694 2101 (Joan.
754 2035 889 2105 xix),
947 2037 1262 2091 Jerusalem
1331 2039 1556 2094 deserta
1607 2046 1693 2095 est
1752 2059 1785 2095 a
1843 2043 2005 2096 Deo:

313 2120 486 2182 unde,
529 2123 891 2192 Relinquetur
926 2125 1075 2179 vobis
1124 2126 1313 2181 domus
1361 2133 1541 2183 vestra
1587 2129 1797 2184 deserta
1854 2131 2004 2201 (Luc.

313 2208 464 2277 xui);
502 2215 557 2263 et
586 2210 753 2278 illud,
785 2211 1010 2280 Surgite
1039 2230 1221 2269 eamus
1270 2216 1395 2273 hinc
1420 2218 1597 2287 (Joan.
1633 2232 1763 2283 xiv).
1834 2221 1899 2274 Et
1949 2220 2009 2273 in

316 2298 551 2367 templo,
586 2300 799 2354 auditae
830 2308 963 2356 sunt
994 2319 1158 2357 voces
1219 2304 1384 2369 (sicut
1438 2306 1572 2360 dicit
1628 2308 2011 2362 ecclesiastica

314 2387 577 2457 historia)
608 2405 621 2441 :
655 2389 1033 2443 Transeamus
1064 2393 1133 2446 ab
1156 2392 1243 2446 his
1268 2394 1519 2447 sedibus.

385 2476 544 2529 Vens.
584 2480 667 2531 ll.
706 2506 771 2516 —
796 2481 1008 2533 Domus.
1043 2481 1386 2552 Allegorice.
1429 2484 1641 2537 Domus
1673 2484 1770 2539 Dei
1820 2487 2010 2541 Eccle-

310 2562 413 2629 sia,
444 2568 499 2618 et
527 2580 888 2637 unaquaeque
918 2568 1100 2621 ﬁdelis
1116 2569 1327 2635 anima,
1364 2588 1492 2642 qua:
1523 2573 1830 2644 aliquando
1860 2575 2011 2646 igni-

313 2653 417 2705 bus
447 2653 688 2707 luxurias
718 2656 1106 2726 corrumpitur
1135 2663 1191 2712 et
1207 2659 1479 2714 avaritiae.

953 2800 1179 2855 CAPUT
1233 2802 1376 2856 LXV.

386 2921 544 2973 Vens.
589 2924 631 2974 Ι.
693 2950 761 3002 ἡ
800 2924 1154 2989 Quwsierunt,
1214 2930 1320 2980 etc.
1381 2928 1591 2997 (Hum)
1648 2929 1733 2983 Ad
1769 2930 1876 2984 hoc
1926 2947 2008 2985 re-
2044 2922 2083 2975 (3

312 3009 557 3079 spondet
578 3009 753 3078 ﬁlius,
786 3014 915 3079 etc.,
956 3028 1120 3081 usque
1167 3014 1241 3068 ad
1288 3019 1342 3069 et
1393 3016 1531 3071 Filii
1576 3018 1745 3072 alieni
1800 3022 2012 3074 mentiti

312 3104 438 3154 sunt
466 3102 603 3154 mihi
635 3100 809 3171 (Psal.
837 3112 989 3168 xvn).

386 3189 549 3243 Vnus.
584 3192 636 3241 2.
672 3220 740 3229 ——
790 3192 1054 3261 Empandi
1082 3210 1272 3247 manus
1330 3211 1492 3250 meas.
1561 3198 1687 3266 llo.)
1752 3199 1814 3252 In
1845 3216 2010 3253 cruce

202 3286 215 3291 ‘
313 3292 482 3329 orans
510 3293 615 3347 pro
679 3277 780 3340 eis,
839 3283 972 3346 etc.,
1037 3297 1206 3350 usque
1248 3283 1323 3336 ad
1380 3282 1488 3355 ipsi
1544 3302 1772 3357 semper
1834 3288 2011 3343 eXsti-

312 3368 507 3419 terunt
536 3366 833 3422 increduli.

387 3454 546 3509 Vens.
589 3458 639 3509 8.
680 3486 749 3495 —
781 3457 1029 3526 Populus
1061 3460 1159 3527 qui
1212 3460 1286 3513 ad
1331 3462 1675 3517 iracundiam
1727 3465 1855 3533 (Ιυ.)
1915 3465 2009 3520 Αι-

310 3540 580 3611 legorice.
610 3543 810 3598 Omnis
840 3544 1144 3599 haereticus
1188 3549 1367 3602 Deum
1391 3549 1461 3603 ad
1486 3550 1842 3606 iracundiam
1872 3569 2009 3622 pro-

316 3633 494 3693 vocat,
529 3634 659 3695 etc.,
688 3645 857 3698 usque
879 3630 953 3684 ad
983 3636 1039 3686 et
1065 3631 1123 3686 in
1146 3636 1292 3702 quad
1398 3652 1430 3688 n
1454 3643 1766 3703 exstruere,
1788 3644 1843 3691 et
1871 3639 2009 3694 secti

312 3716 371 3769 in
404 3717 577 3770 latere
615 3718 872 3788 pulveris
905 3721 1174 3775 roborare
1205 3721 1389 3775 linus.

392 3806 552 3859 Vens.
593 3807 645 3860 4.
670 3836 736 3845 -
767 3788 831 3861 lii
862 3808 1127 3865 delubris.
1164 3809 1411 3887 Delubra
1467 3827 1497 3864 a
1547 3811 1788 3865 delendo
1840 3813 2007 3883 dicta,

318 3908 385 3946 eo
425 3894 579 3964 quod
614 3894 695 3948 ibi
733 3897 1049 3965 putabatur
1068 3898 1224 3951 ablui
1255 3899 1466 3953 anima.
1501 3900 1618 3965 Vel,
1652 3900 1786 3971 quia
1830 3918 2010 3973 prope

318 3987 484 4035 erant
512 3981 746 4052 piscinae
776 3984 873 4037 ubi
905 3990 961 4037 et
990 3986 1253 4040 sacerdos
1276 3988 1569 4042 lavabatur
1599 3989 1873 4045 ethostia.
1908 3991 2011 4045 Al-

318 4070 588 4140 legorice.
649 4072 1151 4143 (Hien.)llwretici
1216 4075 1278 4129 in
1336 4076 1625 4131 memoriis
1707 4078 2009 4149 magistro-

2116 464 2316 502 aurcos
2351 448 2558 503 vitulos
2587 449 2991 504 adoraverunt.
3049 452 3356 506 [hereticus
3384 471 3613 526 quoque
3678 474 3811 511 con-

2117 542 2378 591 temnens
2418 537 2843 608 simplicitatem
2879 539 3135 593 Ecclesiae
3168 542 3444 596 sacriﬁcat
3483 542 3543 596 in
3600 546 3811 599 monti-

2117 628 2241 687 bus,
2271 631 2327 680 et
2352 627 2659 696 exprobrat
2691 629 2800 679 Deo
2830 627 2967 680 dum
2992 627 3113 697 ejus
3155 634 3438 699 praecepta
3460 634 3802 688 contemnit.

2191 717 2344 770 Vens.
2378 718 2429 769 8.
2462 746 2529 753 ——
2590 717 2880 780 Quomodo.
2944 716 3151 786 (Ιίιιειι.)
3211 717 3381 780 Quasi
3428 719 3627 773 dicat:
3681 722 3813 775 Pro-

2117 809 2244 873 pter
2266 805 2445 857 malos
2470 821 2583 858 non
2616 804 2854 874 perdam
2913 805 3091 857 bonos
3135 820 3147 857 :
3196 804 3303 859 Sed
3353 808 3637 874 quomodo,
3697 812 3807 863 etc.

2119 893 2347 946 Dixerat
2377 893 2527 947 enim
2563 893 2879 963 periturum
2916 893 3102 946 lsrael.
3168 966 3171 967 ν

2189 980 2348 1034 Vens.
2382 984 2432 1033 9.
2469 1010 2536 1018 —-
2567 983 2635 1033 De
2657 981 2831 1033 Jacob
2856 996 3051 1034 semen.
3099 982 3304 1034 Semen
3350 982 3517 1035 Jacob
3551 983 3809 1047 etludm,

2118 1069 2376 1139 apostoli,
2413 1068 2767 1138 possidentes
2811 1076 3050 1135 montes,
3111 1070 3273 1134 alios,
3303 1071 3515 1123 scilicet
3569 1072 3810 1125 creden-

2119 1162 2200 1210 tes
2250 1156 2553 1210 \irtutibus
2592 1157 2910 1211 eminentes
2971 1158 3187 1221 :unde,
3242 1160 3362 1212 .Visi
3395 1160 3647 1212 Dominus
3716 1161 3811 1215 Sa-

2120 1247 2280 1300 baoth
2309 1247 2617 1314 reliquisset
2646 1247 2795 1299 nobis
2845 1262 3038 1313 semen,
3074 1250 3233 1316 quasi
3283 1247 3513 1301 Sodoma
3561 1246 3702 1313 facti
3728 1264 3808 1301 es-

2118 1350 2291 1388 semus
2337 1334 2508 1403 (Rom.
2543 1334 2633 1402 ix).
2678 1335 2889 1387 Montes
2920 1341 3130 1388 sanctos
3185 1352 3342 1388 meos.
3390 1335 3807 1406 Septuaginta:

2120 1425 2349 1477 Montem
2402 1438 2594 1487 meum,
2661 1423 2875 1476 scilicet
2960 1424 3265 1487 Christum,
3346 1423 3581 1493 quiest
3648 1440 3811 1479 mens

2121 1512 2431 1566 montium.
2463 1512 2677 1565 Montes
2725 1512 2877 1566 enim
2902 1518 3031 1565 sunt
3078 1511 3342 1583 apostoli,
3378 1513 3473 1583 qui
3507 1513 3572 1567 de
3602 1513 3811 1567 Iudaeis

2122 1601 2500 1671 possederunt
2527 1601 2833 1667 Christum,
2869 1602 2925 1654 in
2949 1618 3063 1670 quo
3106 1601 3330 1654 fundati
3364 1607 3515 1655 sunt.
3544 1605 3615 1656 Et
3645 1604 3809 1657 haere-

2119 1689 2389 1743 ditabunt.
2446 1690 2653 1757 (Ηιειι.)
2692 1690 2846 1742 Unde
2881 1691 3105 1745 :Semcn
3161 1690 3405 1745 Abrahae
3446 1692 3590 1744 serui
3643 1692 3759 1759 ejus
3794 1708 3809 1743 :

2117 1776 2223 1843 filii
2276 1775 2459 1837 Iacob,
2531 1776 2681 1828 electi
2755 1775 2891 1842 ejus.
2964 1774 3297 1844 Quicunque
3376 1775 3563 1828 adhuc
3611 1791 3810 1829 semen

2120 1868 2253 1916 sunt
2282 1870 2411 1930 etc.,
2467 1879 2633 1932 uSque
2654 1864 2729 1917 ad
2756 1880 2860 1917 non
2922 1865 3203 1931 accepistis
3266 1865 3521 1931 spiritum
3574 1867 3811 1919 struitu—

2122 1954 2190 2004 tis
2214 1954 2406 2004 itirum
2454 1953 2509 2003 in
2559 1954 2767 2017 timore,
2801 1951 2896 2004 sed
2925 1949 3206 2020 accepistis
3268 1953 3501 2020 spiritus
3557 1953 3812 2021 adoptio-

2119 2041 2203 2093 nis
2228 2041 2463 2109 ﬁliorum
2492 2042 2588 2094 Dei
2606 2042 2777 2102 (Rom.
2813 2040 2910 2109 ix).

2192 2130 2351 2183 Vens.
2391 2131 2565 2182 lO.—
2625 2129 2964 2198 Campestria
3022 2128 3146 2197 (Ιο.)
3177 2127 3288 2182 Alii
3342 2129 3540 2197 saltus,
3595 2129 3746 2183 unde
3799 2146 3812 2183 :

2122 2217 2385 2272 Dominus
2412 2218 2667 2271 reuelabit
2698 2216 2963 2271 condensa
2996 2218 3259 2271 silvarum
3303 2216 3477 2285 (Psal.
3537 2222 3715 2287 xviii),
3754 2222 3818 2272 ut

2123 2306 2369 2359 latrones
2418 2306 2496 2360 ibi
2526 2306 2749 2361 latitare
2800 2306 3097 2369 desistant,
3148 2310 3202 2359 et
3258 2305 3452 2359 bestias
3509 2311 3813 2359 venenata-

2123 2410 2233 2464 quc
2262 2395 2529 2449 animalia
2566 2394 2621 2448 in
2649 2394 2957 2448 Ecclesiam
3008 2394 3108 2447 Dei
3141 2398 3450 2447 transeant.
3504 2395 3567 2448 In
3624 2410 3814 2449 causas

2121 2499 2362 2551 gregum.
2396 2483 2535 2537 Alia.
2556 2483 2848 2537 translatio
2883 2481 3054 2536 habet
3083 2482 3349 2550 Saronas,
3381 2498 3509 2553 qua:
3539 2486 3625 2536 est
3654 2483 3814 2553 regio

2122 2573 2271 2626 inter
2296 2574 2558 2643 Joppem,
2589 2578 2644 2626 et
2667 2572 2918 2641 Lyddam
2949 2578 3120 2641 atque
3150 2569 3437 2624 .lamniam
3485 2570 3729 2624 fecunda
3760 2574 3818 2624 et

2125 2662 2418 2732 pabulosa,
2446 2661 2541 2714 sed
2573 2660 2889 2714 latronibus
2921 2660 3125 2713 infesta
3153 2675 3166 2712 :
3202 2658 3354 2712 unde
3405 2658 3818 2727 interpretatur

2123 2752 2281 2805 vallis
2361 2750 2638 2817 effundens
2705 2752 3041 2815 sanguinem.
3099 2749 3165 2802 Et
3230 2747 3392 2801 vallis
3443 2747 3649 2800 Achar.
3715 2745 3818 2800 Ubi

2121 2839 2306 2897 Achor
2338 2837 2493 2891 ﬁlius
2542 2836 2771 2891 Charmi
2805 2836 2872 2889 de
2913 2835 3112 2905 spoliis
3141 2833 3366 2888 Jericho
3440 2834 3662 2887 furatus
3688 2848 3816 2888 cum

2124 2926 2282 2982 omni
2309 2927 2478 2981 domo
2512 2924 2699 2995 periit.
2733 2926 2800 2977 Et
2838 2923 2974 2994 quia
3014 2924 3294 2994 populum
3344 2922 3594 2977 turbavit
3650 2925 3705 2975 et
3734 2920 3812 2975 ibi

2122 3016 2309 3086 periit,
2344 3019 2577 3068 vocatur
2610 3015 2763 3067 locus
2797 3012 2953 3066 vallis
2984 3012 3188 3076 Achor,
3244 3010 3301 3065 id
3328 3014 3430 3074 est,
3474 3009 3817 3065 turbationis

2122 3106 2207 3158 vel
2239 3104 2545 3158 tumultus.
2587 3103 2646 3155 In
2678 3117 2790 3172 quo
2822 3100 3179 3170 signiﬁcatur
3224 3100 3542 3165 Uentilitas,
3591 3099 3811 3153 sicutet

2122 3209 2225 3263 per
2254 3194 2519 3257 Saronas,
2550 3206 2678 3260 qua:
2710 3190 3118 3259 interpretatur
3140 3189 3300 3242 vatis
3328 3188 3563 3253 fundens
3594 3189 3816 3258 sangui-

2121 3296 2257 3345 nem,
2282 3297 2409 3351 qua:
2439 3278 2715 3333 etinsioue
2768 3276 3067 3348 sanguinis
3092 3277 3261 3347 plena
3285 3276 3344 3329 in
3379 3277 3628 3330 tumultu
3674 3281 3730 3329 et
3760 3275 3819 3329 in

2120 3368 2444 3422 turbatione
2469 3366 2739 3420 vitiorum
2770 3366 3057 3419 manebat.
3091 3365 3200 3420 Sed
3230 3364 3390 3419 vallis
3445 3364 3632 3418 Achor
3662 3380 3821 3418 versa

2122 3462 2208 3510 est
2230 3456 2290 3510 in
2323 3456 2513 3510 caulas
2544 3471 2787 3526 gregum
2836 3455 2952 3508 sive
2980 3454 3171 3522 ovilia,
3200 3459 3256 3507 et
3276 3453 3336 3507 in
3366 3453 3549 3507 cubile
3594 3468 3813 3506 armen-

2121 3550 2332 3611 torum,
2365 3544 2422 3599 id
2453 3549 2558 3611 est,
2610 3543 2893 3609 ecclesias,
2955 3548 3010 3596 et
3074 3542 3334 3612 requiem
3379 3542 3819 3612 praedicatorum

2120 3639 2177 3689 et
2206 3635 2451 3688 aliorum
2480 3632 2759 3700 ﬁdelium,
2794 3632 2894 3702 qui
2925 3632 3301 3701 designantur
3348 3647 3450 3701 per
3480 3634 3739 3684 armenta
3765 3632 3821 3682 et

2119 3740 2319 3793 greges
2350 3723 2561 3776 ovium.
2628 3724 3036 3774 Armentorum.
3089 3718 3557 3786 Prasdicatorum,
3590 3718 3689 3789 qui
3720 3719 3815 3773 Ec-

2120 3810 2347 3865 clesiam
2372 3814 2598 3863 armant
2626 3820 2681 3863 et
2707 3808 3044 3862 defendunt.
3070 3810 3410 3860 Armentum
3426 3806 3581 3859 enim
3614 3806 3822 3860 dicitur

2120 3900 2191 3954 ab
2222 3899 2517 3953 armando.

2195 3991 2352 4043 Vens.
2407 3992 2487 4042 ll.
2535 4017 2607 4029 —
2654 3989 2732 4042 Et
2760 4002 2849 4041 vos
2904 3988 3002 4055 qui
3043 3983 3436 4053 dereliquistis,
3463 3988 3569 4038 etc.
3602 3983 3822 4053 Allego-

2122 4078 2254 4132 rice.
2289 4078 2497 4131 Omnes
2527 4076 2627 4147 qui
2664 4074 2972 4129 Ecclesium
3002 4074 3296 4138 deserunt,
3324 4078 3380 4126 et
3410 4072 3822 4126 obliviscuntur

320 4175 466 4224 rum,
505 4165 637 4228 etc.,
666 4177 832 4229 usque
880 4162 953 4215 ad
983 4167 1046 4215 ut
1077 4162 1175 4233 qui
1206 4164 1346 4234 ipsis
1396 4182 1508 4218 non
1556 4167 1731 4220 fuerit
1784 4168 2006 4233 similis,
2043 4199 2085 4252 Β
2126 4170 2377 4219 montem
2411 4170 2669 4217 sanctum
2696 4164 2816 4229 Dei,
2868 4163 3156 4217 tradentes
3208 4178 3266 4214 se
3321 4160 3617 4232 spiritibus
3659 4176 3817 4213 erro-

318 4245 478 4315 qnasi
501 4247 789 4316 perditum
822 4248 1155 4304 detestetur.

392 4334 546 4389 Vens.
592 4339 641 4390 5.
690 4365 751 4376 —
784 4339 1050 4403 Infurore
1106 4355 1235 4393 meo.
1290 4340 1582 4408 Furorem,
1644 4341 2011 4409 oblivionem,

316 4420 482 4485 iram,
541 4424 985 4496 paenitudinem,
1019 4427 1099 4480 ita
1130 4428 1187 4481 in
1251 4430 1363 4483 Deo
1396 4430 1652 4500 accipere
1712 4431 2009 4497 debemus,

317 4513 606 4581 quomodo
659 4530 881 4579 manus,
939 4516 1130 4585 pedes,
1186 4518 1399 4584 oculos,
1460 4534 1643 4584 aures,
1706 4526 1761 4572 et
1808 4524 2013 4572 castera

320 4601 577 4655 membra
606 4618 735 4672 qua:
764 4602 974 4656 habere
1023 4604 1270 4659 dicitur:
1308 4623 1419 4660 non
1480 4607 1628 4678 quod
1679 4608 1767 4661 his
1814 4613 2014 4678 pareat

318 4690 841 4758 perturbationibus
872 4691 972 4762 qui
1021 4708 1114 4745 eas
1177 4694 1487 4764 exstinguit
1552 4695 1611 4749 in
1659 4696 1843 4762 nobis,
1912 4697 2012 4750 sed

315 4794 420 4849 per
450 4779 619 4833 verba
643 4784 861 4846 nostra;
900 4780 996 4834 Dei
1024 4781 1398 4852 intelligimus
1428 4784 1694 4838 affectum
1725 4801 1859 4855 erga
1889 4801 2010 4839 nos.

390 4868 548 4922 Vens.
582 4871 633 4921 6.
665 4898 732 4906 -—
764 4869 879 4922 Non
928 4870 1124 4923 tacebo.
1155 4870 1261 4933 Qui
1316 4870 1578 4940 superius
1632 4871 1773 4926 dixit
1820 4889 1831 4925 :
1901 4875 2009 4925 Ta-

317 4957 406 5009 cui
432 4971 636 5024 semper
650 4957 796 5020 silui,
829 4960 1045 5025 patiens
1074 4960 1183 5024 fui,
1220 4958 1385 5012 modo
1427 4958 1599 5012 dicit:
1664 4961 1780 5014 Non
1811 4961 2007 5021 tacebo,

318 5044 376 5098 id
405 5049 506 5109 est,
545 5061 616 5097 ne
644 5060 874 5113 paream
920 5046 1186 5116 amplius,
1223 5063 1408 5117 neque
1440 5048 1735 5102 sustinebo
1794 5048 2009 5120 iniqui-

317 5136 461 5185 tates
492 5148 712 5187 eorum.

390 5223 547 5276 Vens.
595 5227 647 5275 7.
700 5251 770 5262 —
822 5224 1145 5291 Iniquitates
1204 5229 1447 5293 patrum,
1505 5230 1608 5281 etc.
1678 5227 1745 5280 Ut
1800 5226 2014 5281 scilicet

315 5326 431 5363 non
458 5310 643 5363 solum
678 5327 779 5381 pro
812 5312 1055 5381 peccatis
1083 5312 1281 5366 vestris
1319 5313 1661 5382 puniamini,
1697 5316 1791 5368 sed
1837 5316 2010 5369 etiam

316 5413 421 5467 pro
450 5403 679 5467 patrum
739 5399 1136 5470 iniquitatibus
1184 5417 1329 5471 quos
1384 5402 1591 5456 imitati
1647 5403 1800 5457 estis.
1831 5404 2011 5460 Aliter

321 5486 471 5538 enim
497 5502 611 5539 non
646 5493 833 5556 portat
861 5489 1009 5542 ﬁlius
1032 5488 1392 5559 iniquitatem
1424 5491 1617 5560 patris.
1670 5493 1774 5557 Qui
1800 5496 2005 5561 sacriﬁ-

2125 4254 2218 4315 ris,
2279 4254 2361 4306 vel
2403 4252 2715 4306 immundis
2778 4250 3051 4304 doctrinis
3117 4251 3562 4315 dannoniornm,
3617 4251 3816 4318 parant

2123 4343 2368 4396 fortuna:
2419 4356 2697 4408 mensam,
2749 4345 2805 4395 et
2837 4340 2983 4393 nihil
3029 4339 3096 4393 ad
3157 4340 3333 4392 Deum
3385 4339 3668 4408 pertinere
3697 4352 3815 4390 cre-

2122 4432 2338 4496 dentes,
2371 4430 2468 4483 sed
2502 4430 2582 4483 vel
2617 4429 2908 4483 stellarum
2956 4444 3126 4481 cursu
3153 4428 3237 4480 vel
3269 4426 3539 4479 varietate
3573 4428 3819 4480 fortuna:

2124 4520 2315 4574 omnia
2346 4518 2677 4589 gubernari,
2711 4518 2769 4571 hi
2794 4518 3095 4571 tradentur
3142 4513 3374 4567 internis
3406 4512 3721 4584 suppliciis,
3756 4517 3820 4566 ut

2122 4610 2315 4664 nullus
2346 4623 2543 4661 eorum
2569 4607 2747 4677 possit
2776 4605 3035 4659 evadere.

2190 4698 2439 4749 Fortuna:
2480 4710 2734 4748 mensam.
2761 4694 2963 4763 (Ηιειι.)
3002 4694 3130 4746 Deae
3177 4690 3570 4763 [Egyptiorum
3617 4688 3707 4742 cui
3759 4689 3820 4742 in

2121 4785 2235 4838 ﬁne
2263 4783 2399 4837 anni
2427 4782 2701 4853 parabant
2732 4798 3006 4848 mensam,
3040 4780 3309 4834 omnibus
3359 4779 3500 4834 escis
3530 4778 3839 4841 refertamk

2122 4878 2177 4926 et
2208 4871 2426 4941 poculis
2464 4872 2647 4924 mulsa
2682 4870 2912 4924 mixtis:
2962 4870 3047 4923 vel
3109 4870 3272 4940 quasi
3326 4868 3551 4922 felicem
3600 4883 3815 4920 annum

2122 4959 2454 5031 praebuerit,
2488 4960 2571 5011 vel
2603 4959 2739 5029 quia
2766 4959 3023 5011 futurum
3082 4958 3305 5011 felicem
3342 4956 3652 5027 praebitura
3722 4955 3813 5008 sit.

2195 5049 2353 5103 Vens.
2420 5052 2497 5102 lit.
2560 5050 2775 5102 Vocavi.
2836 5048 2940 5100 Per
2996 5047 3304 5116 prophetas
3357 5046 3606 5100 dicens:
3676 5046 3814 5100 Con-

2120 5139 2399 5192 vertimini
2427 5136 2499 5190 ad
2529 5152 2609 5189 me
2636 5141 2687 5191 et
2706 5136 2847 5189 salvi
2897 5137 3055 5189 eritis
3086 5136 3210 5204 (lsa.
3245 5135 3401 5205 XLV).
3445 5135 3506 5187 Et
3536 5150 3639 5203 per
3696 5148 3815 5186 me-

2124 5227 2430 5296 metipsum
2464 5242 2477 5278 :
2513 5226 2892 5277 Panitentiam
2923 5226 3068 5289 agite
3100 5224 3316 5289 (Matth.
3385 5222 3487 5291 ιιι).
3524 5224 3585 5276 Et
3639 5221 3813 5276 alibi:

2127 5318 2312 5370 Venite
2364 5314 2439 5368 ad
2500 5329 2602 5379 me,
2656 5327 2834 5367 omnes
2902 5313 2993 5381 qui
3051 5311 3313 5365 laboratis
3344 5318 3395 5365 et
3442 5313 3650 5365 onerati
3688 5314 3815 5366 estis

2121 5404 2282 5473 (Ibid.
2315 5406 2414 5469 XI).

2195 5494 2354 5546 Vens.
2400 5496 2477 5545 l3.
2513 5522 2579 5530 —
2610 5492 2748 5545 Ecce
2777 5493 2918 5545 servi
2975 5492 3097 5544 mei.
3133 5490 3333 5559 (Ηιειι.)
3383 5489 3553 5554 Quasi
3590 5490 3737 5543 dicat
3796 5506 3808 5542 :
