4018 6176
233 286 361 340 1311

892 277 1293 335 WALAFBIDI
1328 277 1572 332 STRABI
1606 277 1810 333 FULD.
1836 274 2003 332 MON.
2027 275 2178 332 OPP.
2214 274 2390 330 PARS
2420 275 2460 329 l.
2502 304 2569 314 —-
2599 272 3064 331 THEOLOGICA.

3606 279 3739 332 1312

232 406 358 460 Non
388 405 575 458 solum
605 401 880 457 corruetis
910 400 1120 470 gladio,
1165 405 1297 468 etc.,
1327 413 1494 467 usque
1521 399 1596 452 ad
1625 403 1698 464 et,
1731 400 1927 455 Satia—
1955 398 2001 452 Α
2039 398 2222 453 donec
2251 397 2446 451 multis
2505 396 2793 451 laboribus
2831 396 3093 451 veniatur
3158 396 3227 451 ad
3283 397 3741 468 profunditatem

233 494 328 548 bor
360 509 479 548 cum
505 493 831 562 apparuerit
859 491 1037 555 gloria
1066 493 1179 543 tua.

303 583 464 636 Vsus.
503 585 588 635 15.
650 583 799 634 -Ει
854 578 1142 632 dimittetis
1171 592 1363 630 nomen
1392 580 1649 630 vestrum.
1710 576 1780 630 Ut
1831 575 1934 629 ali-

235 670 336 740 qui
382 668 734 722 afﬁrmantes
764 666 1002 720 dicant:
1061 665 1118 720 Si
1147 665 1311 718 aliter
1363 665 1571 729 fecero,
1641 663 1936 733 contingat

236 755 380 810 mihi
409 756 553 808 sicut
606 753 813 807 Judais
860 754 1248 807 Romanorum
1306 751 1496 820 gladio
1558 750 1778 805 occisis.
1844 751 1934 803 Vel

229 845 311 898 ita
354 844 532 897 :luro
561 857 661 912 per
691 841 977 904 Deum,in
1033 856 1202 911 quem
1247 839 1385 893 olim
1439 839 1622 893 Judai
1672 839 1934 892 credide-

235 934 389 985 runt.
414 930 534 996 Vel,
558 928 693 999 quia
725 930 892 993 Deus,
935 928 1328 997 juramentum
1363 942 1560 979 eorum
1593 930 1733 992 erat,
1782 925 1934 996 quod

234 1017 540 1073 Christiani
597 1017 767 1070 modo
819 1017 1018 1086 jurant
1048 1015 1383 1069 necessitate
1417 1013 1716 1085 compulsi,
1784 1015 1934 1069 Vivit

231 1109 490 1160 Dominus
545 1105 774 1158 scilicet.

301 1198 370 1249 Et
408 1186 691 1263 interﬁciat
716 1199 784 1248 te.
818 1194 886 1247 Ut
906 1194 990 1247 vel
1013 1193 1164 1246 hunc
1191 1208 1305 1246 non
1329 1191 1605 1258 habeatis,
1640 1191 1740 1261 qui
1770 1190 1929 1260 dicit,

230 1286 344 1350 Ego
375 1298 495 1337 sum
526 1285 640 1351 via,
697 1283 900 1336 veritas
957 1286 1008 1335 et
1057 1283 1148 1335 via
1203 1280 1378 1351 (Joan.
1431 1281 1573 1349 xxv.)
1621 1281 1732 1334 Nec
1765 1296 1927 1333 voce-

230 1370 378 1425 mini
404 1370 782 1435 circumcisio,
816 1370 911 1423 sed
944 1368 1240 1423 conscisio.

304 1460 466 1512 Vens.
506 1461 589 1512 16.
641 1487 713 1498 -
739 1459 876 1524 Quia
906 1458 1181 1511 oblivioni.
1214 1458 1418 1524 (HIER.)
1469 1456 1536 1510 Ut
1593 1470 1708 1508 non
1748 1454 1928 1509 idolo-

233 1563 360 1601 rum
382 1547 770 1614 meminerint,
794 1552 924 1612 etc.,
952 1561 1121 1614 usque
1142 1545 1215 1598 ad
1252 1545 1510 1599 Forsitan
1557 1549 1614 1598 et
1644 1543 1701 1596 in
1733 1545 1924 1596 futuro

230 1635 488 1706 pristina
520 1634 968 1706 conversationis
1019 1632 1298 1687 memoria
1328 1632 1564 1686 omnino
1620 1630 1921 1684 dclebitur.

301 1725 462 1779 Vens.
521 1726 604 1779 18.
633 1754 700 1764 -
737 1726 880 1788 Quia
936 1739 1064 1777 ecce.
1105 1723 1182 1776 Ex
1220 1720 1441 1791 angelis
1494 1719 1708 1774 scilicet
1747 1723 1803 1771 et
1828 1718 1928 1772 ho-

233 1813 487 1868 minibus
518 1829 693 1867 unam
726 1811 1050 1876 Ecclesium,
1082 1815 1137 1863 et
1179 1809 1541 1863 exsultabunt
1607 1813 1658 1861 et
1713 1807 1926 1878 gaude-

231 1900 394 1966 bunt,
429 1906 490 1954 ut
529 1917 634 1970 ego
667 1900 767 1971 qui
793 1899 976 1953 creavi
1018 1899 1317 1963 exsultem,
1345 1903 1400 1950 et
1427 1897 1709 1967 gaudeam
1735 1897 1794 1949 in
1825 1894 1924 1948 eis.

236 1991 687 2044 Eccsultationem.
732 1988 1019 2041 Universa
1042 1992 1230 2052 terra,
1266 1991 1325 2040 ut
1350 2001 1479 2057 qua
1529 1990 1687 2038 vetus
1727 1985 1930 2054 unige-

233 2077 340 2131 niti
368 2083 490 2130 erat
515 2077 811 2148 gaudium,
844 2092 990 2130 nova
1015 2074 1233 2130 cunctis
1260 2072 1807 2128 nationibuslatitia
1836 2073 1926 2128 sit.

237 2165 537 2218 Gaudium.
581 2164 743 2228 Quod
799 2165 886 2218 vel
917 2169 1044 2234 post
1090 2163 1572 2217 resurrectionem
1621 2178 1930 2233 possumus

235 2253 578 2324 intelligere,
607 2254 692 2305 vel
717 2257 844 2324 post
868 2251 1217 2324 baptismum
1247 2251 1307 2305 in
1337 2251 1932 2322 primaressurrectio-

235 2356 328 2395 ne.
355 2342 470 2395 Hoc
492 2341 561 2395 ad
589 2342 916 2412 generalem
959 2339 1440 2395 resurrectionem
1492 2356 1606 2410 qua
1634 2355 1834 2392 omnes
1872 2340 1930 2392 in

234 2428 484 2499 perfecta
511 2436 677 2483 atate
709 2434 1031 2501 resurgant.
1067 2430 1134 2484 Et
1187 2429 1295 2482 hoc
1325 2433 1410 2482 est
1442 2444 1456 2482 :
1493 2429 1611 2484 Non
1648 2431 1773 2495 erit,
1822 2433 1927 2482 etc.

305 2517 466 2571 Vens.
503 2521 591 2572 20.
627 2548 695 2558 -—-
729 2519 874 2572 Puer
926 2523 1134 2571 centum
1164 2533 1452 2582 annorum,
1486 2523 1590 2570 ctc.
1629 2518 1727 2571 Ille
1782 2517 1927 2570 scili-

233 2609 343 2672 cet,
376 2605 476 2675 qui
503 2605 610 2659 etsi
632 2605 750 2671 diu,
799 2610 990 2659 tamen
1022 2605 1320 2677 pueriliter
1349 2604 1508 2668 vivit,
1571 2605 1822 2658 serviens
1849 2606 1929 2658 vi-

235 2693 327 2746 tiis
361 2698 451 2747 :et
472 2695 578 2748 hoc
609 2694 846 2764 exponit
872 2694 950 2748 sic
971 2693 1295 2763 Gregorius.
1325 2695 1464 2748 Puer
1516 2698 1724 2747 centum
1762 2709 1927 2747 (ιηηο-

231 2797 374 2835 rum.
433 2783 505 2836 Et
572 2787 822 2852 peccator
910 2788 1118 2836 centum
1167 2796 1451 2835 annorum.
1515 2781 1640 2834 Vita
1695 2780 1930 2851 quidem

233 2869 400 2940 pueri
430 2871 668 2940 longum
698 2869 964 2938 trahitur,
1021 2875 1083 2924 ut
1134 2886 1167 2922 a
1199 2868 1357 2923 factis
1387 2868 1702 2939 puerilibus
1748 2867 1928 2922 corri-

2041 486 2319 557 mysterii,
2347 486 2492 540 sicut
2535 485 2890 556 Augustinus
2921 490 2979 539 et
3009 484 3325 556 Cyprianus
3381 490 3437 539 et
3468 485 3585 540 alii.
3628 488 3737 541 Ne—

2044 589 2146 642 que
2165 574 2430 628 occident.
2507 574 2774 644 Deposita
2820 574 3066 639 feritate,
3102 573 3186 626 vel
3220 574 3278 627 in
3332 573 3600 644 prasenti
3655 575 3745 630 vel

2045 661 2334 731 infuturo,
2369 667 2426 716 et
2455 661 2564 716 hoc
2582 667 2665 716 est
2697 679 2710 716 :
2738 664 2801 716 In
2853 664 2998 717 omni
3027 667 3222 728 monte,
3283 667 3391 717 etc.
3427 664 3542 716 Hoc
3560 663 3744 718 Judai

2040 752 2344 805 carnaliter
2376 751 2686 821 accipiunt,
2712 751 2969 805 dicentes
2995 751 3149 822 quod
3183 750 3245 804 in
3291 755 3549 822 tempore
3595 751 3746 806 Chri-

2043 839 2115 893 sti
2145 840 2234 893 sui
2284 843 2441 894 tanta
2470 857 2576 911 pax
2624 845 2681 894 et
2733 840 3006 894 securitas
3091 839 3198 894 sibi
3229 839 3359 908 erit,
3425 844 3485 894 ut
3535 840 3658 911 lupi
3691 845 3746 895 et

2045 928 2198 998 agni,
2220 929 2412 982 leones
2430 929 2692 995 etboves,
2715 933 3013 1000 serpentes
3031 932 3085 982 et
3101 929 3367 982 homines
3385 944 3745 983 commoren-

2040 1021 2136 1071 tur
2165 1017 2359 1083 simul,
2393 1021 2449 1071 et
2469 1017 2790 1084 comedent,
2821 1033 3008 1087 neque
3033 1017 3143 1071 -eis
3209 1022 3470 1079 noceant,
3523 1018 3621 1088 qui
3684 1019 3744 1071 in

2041 1105 2276 1175 templo,
2307 1109 2363 1158 et
2384 1105 2444 1158 in
2475 1112 2670 1159 monte
2700 1111 2893 1159 sancto
2921 1105 3202 1158 habitant.
3255 1107 3324 1160 Ex
3359 1121 3473 1175 quo
3515 1105 3745 1176 colligi-

2037 1195 2152 1258 tur,
2203 1193 2357 1264 quod
2416 1209 2615 1247 omnes
2664 1193 2760 1247 alii
2817 1193 3168 1248 occidantur.
3235 1194 3341 1249 Sed
3387 1195 3492 1247 hoc
3532 1193 3743 1248 falsum

2039 1296 2161 1334 esse
2183 1282 2503 1335 ostenditur
2526 1281 2615 1335 his
2645 1281 2830 1336 verbis
2861 1299 2873 1335 :
2931 1283 3053 1336 Hac
3091 1282 3225 1335 dicit
3255 1285 3506 1336 Dominus

2038 1371 2148 1423 lum
2169 1369 2321 1422 sedes
2360 1386 2497 1435 mea,
2526 1375 2672 1424 terra
2711 1376 2890 1424 autem
2915 1371 3207 1425 scabellum
3256 1370 3454 1439 pedum
3487 1386 3742 1434 meorum,

2037 1462 2169 1526 etc.,
2193 1457 2298 1512 hoc
2319 1463 2512 1512 tamen
2535 1459 2715 1512 Judaei
2744 1459 3050 1512 carnaliter
3109 1458 3456 1529 intelligunt.

2663 1599 2887 1654 CAPUT
2930 1599 3104 1654 LXVI.

2111 1723 2277 1777 Vens.
2316 1726 2363 1776 1.
2422 1752 2491 1763 -
2539 1723 2764 1776 Caium.
2827 1724 3037 1778 Omnes
3067 1722 3246 1776 sancti
3287 1738 3533 1794 quorum
3591 1738 3734 1775 con-

2041 1811 2286 1865 versatio
2311 1811 2372 1865 in
2403 1812 2558 1866 calis
2613 1816 2733 1876 est;
2765 1811 2914 1865 unde
2949 1827 2963 1864 :
3031 1812 3232 1866 Anima
3280 1812 3426 1878 justi
3468 1810 3614 1864 sedes
3659 1814 3737 1863 est

2041 1903 2153 1954 Dei.
2201 1901 2398 1956 Caelum
2445 1900 2594 1955 sedes
2655 1916 2792 1954 mea.
2856 1899 3029 1964 Quasi
3056 1900 3272 1953 diceret
3323 1915 3335 1953 :
3393 1900 3470 1953 Ne
3529 1897 3738 1968 putetis

2041 1988 2162 2042 hac
2191 1989 2262 2042 ad
2294 1988 2540 2042 litteram
2569 2004 2689 2042 esse
2718 1988 3075 2058 complenda.
3119 1991 3247 2055 Quae
3293 1993 3372 2042 est
3403 1990 3527 2041 ista.
3570 1985 3741 2049 Quasi

2042 2077 2256 2131 diceret
2288 2094 2300 2131 :
2329 2078 2544 2132 Putatis
2575 2093 2666 2132 me
2715 2078 2976 2145 localem,
3037 2077 3179 2131 etin
3233 2076 3451 2147 templo
3515 2079 3740 2129 tantum

2042 2169 2396 2234 manentem,
2429 2166 2526 2219 sed
2561 2182 2680 2236 qua
2711 2171 2789 2220 est
2810 2167 2917 2221 ista
2938 2165 3147 2233 domus,
3181 2170 3289 2220 etc.

2113 2255 2274 2309 Vens.
2333 2258 2386 2308 2.
2447 2254 2543 2308 Ad
2591 2270 2767 2323 quem,
2826 2260 2930 2308 etc.
2994 2254 3197 2308 Ablato
3274 2251 3439 2307 altari
3491 2252 3735 2321 templo-

3569 1297 3582 1335 :
3615 1284 3745 1334 Cae-

2011 2358 2154 2413 tque
2182 2348 2410 2396 terreno
2466 2343 2620 2413 quod
2675 2342 2927 2396 humana
2957 2358 3162 2395 manus
3201 2341 3537 2406 construxit,
3587 2344 3739 2394 recte

2042 2431 2372 2485 auferantur
2410 2430 2653 2484 victima
2704 2431 3056 2497 Judaorum,
3107 2446 3179 2484 ne
3256 2430 3400 2484 forte
3434 2429 3734 2483 dicerent:

2044 2518 2167 2572 Non
2203 2523 2319 2572 tam
2352 2534 2549 2573 sumus
2575 2518 2750 2586 stulti,
2807 2523 2873 2572 ut
2905 2519 3086 2572 Deum
3145 2523 3415 2589 putemus
3461 2519 3569 2571 hoc
3617 2518 3738 2570 loco

2041 2623 2209 2677 posse
2239 2606 2523 2674 concludi,
2587 2606 2684 2660 sed
2741 2606 2801 2660 in
2863 2610 3124 2676 separato
3165 2606 3233 2660 ad
3296 2605 3735 2676 gloriﬁcandum

2043 2696 2222 2749 Deum
2254 2696 2379 2749 loco
2413 2694 2668 2749 victimas
2695 2694 3065 2748 immolemus
3097 2694 3243 2749 sicut
3307 2693 3368 2748 in
3416 2695 3541 2764 lege
3597 2709 3739 2764 pra-

2041 2783 2090 2838 ci
2096 2783 2215 2854 pitu
2224 2799 2268 2838 r.

2113 2873 2281 2926 Vaas.
2326 2874 2377 2926 3.
2419 2902 2488 2910 —
2545 2873 2654 2936 Qui
2711 2872 2952 2926 immolat
2998 2871 3196 2926 bovem.
3249 2871 3447 2942 (Iliam)
3500 2871 3673 2936 Quasi
3722 2886 3736 2924 :

237 2963 406 3030 gatur
435 2973 448 3012 :
483 2959 580 3013 sed
608 2958 654 3012 si
685 2976 716 3012 a
773 2958 990 3029 peccati
1021 2958 1465 3029 perpetratione,
1501 2973 1604 3010 nec
1659 2957 1932 3028 temporis
1967 2961 2006 3015 C
2044 2960 2395 3016 Sacriﬁcium
2436 2965 2683 3014 vestrum
2716 2976 2830 3014 non
2857 2961 3041 3031 placet
3087 2960 3231 3014 mihi
3291 2966 3419 3030 post
3473 2960 3737 3013 immola-

234 3046 653 3118 Ionginquitate
684 3046 1083 3117 compescitur,
1118 3047 1237 3101 hac
1266 3047 1390 3116 ipsa
1417 3045 1546 3100 vita
1601 3046 1934 3117 longinqui-

235 3139 340 3201 tas,
374 3151 547 3205 quam
593 3151 699 3206 per
731 3135 1181 3190 misericordiam
1250 3134 1351 3189 Dei
1381 3134 1599 3205 accepit
1629 3134 1680 3188 ei
1719 3134 1788 3188 ad
1849 3150 1938 3187 cu-

235 3224 457 3278 mulum
491 3223 906 3279 maledictionis
937 3224 1150 3278 crescit.

307 3313 468 3366 Vens.
497 3315 585 3367 21.
628 3341 694 3354 —
727 3316 939 3368 Domos.
1001 3311 1204 3383 (Ηιειι.)
1260 3312 1508 3366 Virtutes
1560 3327 1666 3383 pro
1724 3310 1934 3382 quibus

236 3399 297 3456 in
323 3399 648 3454 calestibus
675 3401 1059 3470 requiescent,
1121 3405 1253 3466 etc.,
1307 3415 1478 3468 usque
1503 3400 1577 3454 ad
1605 3399 1762 3454 Multi
1782 3399 1935 3453 enim

239 3488 420 3542 sancti
452 3487 736 3542 aedificant
759 3488 982 3553 domos,
1014 3488 1106 3542 sed
1141 3503 1256 3540 non
1274 3487 1536 3541 habitant
1563 3488 1621 3540 in
1654 3488 1756 3540 eis.

306 3576 475 3631 Vens.
515 3578 603 3629 22.
658 3575 1065 3629 —Secundum
1105 3579 1263 3630 enim.
1328 3575 1448 3647 (11).)
1473 3575 1629 3630 Sicut
1683 3575 1938 3630 Christus

236 3667 370 3729 etc.,
405 3679 574 3732 usque
602 3663 676 3717 ad
723 3664 956 3732 Lignum
1020 3665 1142 3717 vita:
1190 3669 1267 3718 est
1300 3665 1385 3717 his
1438 3666 1534 3733 qui
1570 3665 1936 3733 apprehende-

237 3757 370 3806 runt
389 3768 528 3818 eam,
557 3751 791 3819 scilicet,
819 3751 1183 3822 sapientiam,
1216 3769 1340 3822 qua
1368 3756 1450 3805 est
1481 3752 1754 3807 Christus.

310 3843 469 3896 Vens.
538 3843 628 3896 23.
687 3871 759 3882 —
842 3842 1028 3896 Semen
1075 3841 1490 3896 benedictorum.
1547 3841 1823 3912 Apostoli,
1883 3844 1940 3894 et

238 3929 338 3983 alii
368 3929 630 3984 doctores
655 3929 714 3983 in
773 3929 1204 4000 praedicatione,
1228 3931 1315 3985 vel
1371 3929 1432 3982 in
1463 3929 1590 3982 aliis
1646 3929 1934 3999 operibus,

240 4018 387 4072 sicut
446 4017 652 4082 Judai,
699 4017 836 4088 quia
888 4021 1160 4071 aternam
1217 4018 1536 4073 mercedem
1598 4017 1934 4087 percipient,

239 4109 374 4175 quia
429 4108 645 4160 venient

263 4210 386 4249 suos
415 4193 582 4263 (Psal.
613 4193 790 4264 cxxv).

313 4284 560 4352 Nepotes.
631 4282 785 4346 Quos
863 4281 970 4336 ﬁlii
1029 4299 1232 4338 eorum
1286 4283 1347 4337 in
1419 4283 1533 4337 ﬁde
1611 4286 1937 4353 genuerunt

242 4370 388 4424 sicut
417 4371 636 4425 Marcus
652 4370 801 4424 Petri
833 4371 1165 4442 discipulus,
1191 4375 1248 4425 et
1285 4373 1460 4426 Lucas
1493 4371 1656 4427 Pauli
1689 4371 1864 4426 ﬁlius.

313 4459 484 4514 Vens.
514 4460 603 4513 24.
635 4487 704 4500 -
735 4453 1044 4529 Antequam
1073 4461 1320 4514 clament.
1357 4462 1420 4514 ln
1473 4449 1934 4526 conturbatione,

241 4547 303 4601 in
353 4547 551 4602 dolore
591 4547 824 4616 mentis,
883 4549 980 4602 sed
1011 4547 1068 4602 in
1100 4548 1309 4619 gaudio
1367 4553 1422 4602 et
1467 4548 1708 4603 latitia:
1764 4549 1932 4613 unde,

242 4632 400 4699 Quod
439 4635 581 4687 enim
610 4635 688 4688 est
753 4633 1017 4702 gaudium
1071 4639 1316 4688 nostrum
1363 4639 1457 4688 aut
1488 4650 1682 4688 corona
1729 4636 1935 4702 gloria,

238 4736 412 4776 nonne
439 4736 530 4776 vos
560 4721 646 4793 (II
675 4721 834 4777 Thes.
866 4721 968 4792 u)?
997 4726 1103 4777 etc.

314 4810 475 4864 Vens.
504 4811 591 4863 25.
648 4811 942 4880 —Lupus.
979 4811 1173 4880 Lupus
1227 4810 1448 4879 Saulus,
1508 4809 1569 4866 id
1609 4815 1694 4866 est
1745 4828 1939 4884 perse-

243 4900 428 4962 cutor,
479 4895 548 4950 de
607 4911 742 4967 quo,
789 4898 1075 4966 Benjamin
1129 4898 1290 4967 lupus
1336 4914 1520 4967 rapax
1565 4898 1720 4967 (Gen.
1760 4909 1932 4967 χιιι).

246 4989 463 5053 Agnus.
498 4983 607 5048 Qui
663 4984 878 5039 scilicet
930 4984 990 5040 in
1022 4985 1281 5041 candidis
1327 4987 1580 5042 vestibus
1623 4993 1943 5059 sequuntur

248 5089 463 5143 agnum
517 5089 863 5144 quocunque
894 5073 1059 5128 ierit:
1121 5075 1199 5128 De
1248 5075 1459 5146 quibus
1513 5077 1680 5130 Petro
1713 5077 1941 5146 dicitur,

244 5165 410 5217 Pasce
464 5177 635 5230 agnos
691 5177 831 5217 meos
881 5161 1058 5232 (Joan.
1105 5164 1222 5232 xxi)
1279 5165 1349 5219 Et
1391 5166 1469 5218 leo
1518 5169 1567 5218 et
1610 5165 1700 5219 bos
1771 5181 1942 5220 come-

245 5251 393 5306 dent.
418 5250 517 5305 Vir
545 5250 761 5305 scilicet
791 5251 1036 5306 disertus
1067 5257 1125 5306 et
1164 5251 1592 5321 potentissimus
1637 5252 1696 5307 in
1737 5256 1944 5308 saculo

248 5342 440 5408 spreta
464 5337 848 5408 philosophia
918 5338 1246 5409 eloquentia
1299 5339 1561 5392 comedet
1613 5340 1826 5409 paleas,
1887 5339 1946 5394 id

249 5429 332 5479 est
356 5425 636 5480 ulitiatem
668 5430 724 5480 et
743 5425 1107 5496 superﬁciem
1152 5426 1408 5482 historia
1462 5443 1591 5482 cum
1631 5427 1839 5494 bobus,
1888 5427 1946 5484 id

245 5517 331 5570 est
385 5513 851 5585 praedicatoribus
911 5515 1189 5570 Ecclesia.
1225 5517 1354 5570 Haec
1399 5516 1710 5572 comedunt
1751 5517 1947 5572 leones

727 4121 846 4160 cum
917 4107 1277 4162 exsultatione
1298 4113 1593 4178 'portantes
1631 4109 1937 4178 manipulos
1986 4094 1990 4098 ’

2042 3047 2258 3101 tionem
2282 3048 2399 3100 veri
2440 3047 2699 3101 sacriﬁcii
2733 3063 2745 3100 :
2794 3047 2853 3100 in
2901 3049 3062 3118 cujus
3092 3047 3296 3101 umbra
3323 3048 3423 3101 illa
3464 3047 3739 3101 sacriﬁcia

2044 3135 2295 3190 concessi
2319 3135 2477 3188 vobis
2499 3139 2552 3188 et
2583 3151 2656 3188 ne
2676 3135 3055 3189 immolaretis
3076 3135 3496 3191 idolis.Canem.
3521 3137 3596 3189 De
3626 3151 3741 3204 quo

2042 3240 2147 3295 per
2176 3225 2403 3294 Moysen
2436 3239 2450 3278 :
2478 3225 2595 3280 Non
2625 3224 2812 3292 offeres
2841 3227 2900 3278 in
2961 3225 3114 3279 domo
3169 3227 3272 3279 Dei
3317 3227 3399 3278 tui
3451 3224 3741 3279 mercedem

2042 3315 2357 3379 meretricis,
2379 3328 2549 3380 neque
2584 3315 2826 3381 pretium
2855 3315 3004 3368 canis
3055 3316 3223 3383 (Deut.
3263 3314 3440 3380 xxm).
3473 3314 3542 3366 Et
3593 3313 3740 3366 bene
3801 3303 3808 3307 ’

2043 3401 2199 3455 canis
2225 3404 2282 3454 et
2313 3400 2583 3455 meretrix
2633 3401 2995 3471 copulantur,
3054 3402 3188 3472 quia
3237 3401 3503 3455 similiter
3547 3401 3738 3456 libidi-

2043 3495 2283 3545 nantur.
2319 3491 2609 3557 Elegerunt
2636 3492 2695 3543 in
2723 3493 2828 3544 viis
2884 3492 3018 3544 suis.
3057 3491 3180 3543 Non
3238 3506 3362 3542 mea
3419 3491 3736 3555 voluntate,

2045 3594 2115 3632 ex
2142 3593 2258 3648 quo
2291 3593 2457 3630 verus
2505 3593 2686 3647 agnus
2742 3577 3073 3631 immolatus
3107 3583 3208 3632 est.
3279 3578 3478 3632 Unde:
3531 3579 3740 3632 Pascha

2042 3672 2287 3721 nostrum
2312 3667 2621 3720 immolatus
2654 3671 2730 3721 est
2757 3668 3002 3723 Christus
3045 3667 3090 3737 (1
3121 3668 3241 3722 Cor.
3278 3668 3355 3736 v).

2116 3755 2292 3808 Vens.
2335 3755 2390 3808 4.
2426 3785 2494 3793 —-
2533 3755 2612 3808 Et
2661 3771 2778 3823 quae
2834 3755 3109 3808 timebant.
3168 3757 3483 3821 Romanos;
3537 3755 3687 3807 unde
3717 3773 3734 3808 :

2051 3845 2278 3897 Venient
2329 3845 2577 3911 Romani,
2628 3847 2679 3896 et
2727 3845 2909 3897 tollent
2937 3848 3180 3898 nostrum
3213 3845 3384 3897 locum
3415 3848 3464 3898 et
3516 3843 3741 3900 Gentem

2045 3932 2219 4002 (Joan.
2255 3931 2357 3998 xl).
2394 3931 2490 3983 Vel
2523 3930 2753 3999 famem,
2785 3936 3026 4000 pestem,
3051 3930 3451 4001 captivitatem.

2117 4020 2280 4072 Vens.
2321 4022 2372 4073 5.
2398 4047 2472 4059 —
2500 4018 2750 4076 0dientes
2771 4034 2879 4072 vos.
2913 4018 3056 4082 Quia
3081 4018 3150 4072 de
3181 4018 3398 4072 mundo
3426 4034 3542 4071 non
3583 4017 3742 4085 estis,

2046 4107 2183 4176 quia
2212 4105 2272 4159 in
2308 4122 2397 4159 me
2452 4105 2702 4174 creditis,
2756 4105 2892 4176 quia
2947 4120 3159 4158 nomen
3201 4120 3392 4158 meum
3436 4104 3680 4168 habetis,
3710 4121 3745 4158 a

2047 4193 2272 4248 Christo
2304 4193 2609 4248 Christiani
2639 4193 2774 4248 dicti
2807 4209 2821 4246 :
2857 4193 3028 4260 unde,
3061 4195 3183 4247 Jam
3213 4195 3354 4247 enim
3399 4195 3741 4260 conspirave-

2046 4287 2175 4338 rant
2201 4283 2395 4349 Judai,
2433 4287 2493 4336 ut
2533 4284 2585 4335 si
2604 4284 2726 4350 quis
2759 4285 3097 4350 conﬁteretur
3127 4281 3421 4344 Christum,
3448 4283 3606 4338 castra
3634 4283 3742 4350 Sy-

2043 4387 2312 4439 nagogam
2341 4373 2494 4439 ﬁeret
2523 4372 2705 4437 (Joan.
2745 4370 2838 4439 1x).
2873 4371 3235 4438 Gloriﬁcetur.
3277 4370 3478 4439 (HIER.)
3528 4369 3693 4440 quasi
3726 4385 3740 4423 :

2044 4463 2332 4531 Appareat
2378 4458 2682 4528 gloriosus,
2716 4462 2842 4524 ett.,
2899 4473 3070 4526 usque
3145 4457 3220 4510 ad
3267 4473 3397 4510 cum
3465 4460 3746 4527 potestate

2045 4563 2256 4617 magna
2272 4551 2327 4600 et
2373 4548 2668 4617 majestate
2696 4550 2753 4600 et
2784 4545 3012 4611 virtute,
3037 4546 3124 4599 vel
3154 4545 3329 4598 etiam
3358 4544 3418 4598 in
3451 4544 3743 4615 prasenti.

2117 4637 2276 4690 Vsus.
2344 4639 2396 4690 6.
2431 4665 2498 4676 -—
2528 4637 2645 4690 Voa:
2670 4635 2864 4704 populi
2893 4634 2959 4688 de
2985 4635 3224 4688 civitate.
3257 4632 3610 4686 Adveniente
3641 4633 3750 4686 Ro-

2047 4740 2219 4780 mano
2262 4723 2537 4790 exercitu,
2572 4723 2886 4777 secundum
2917 4721 3250 4791 Josephum,
3279 4721 3446 4775 divisi
3497 4725 3630 4774 sunt
3655 4722 3750 4775 Ju-

2049 4813 2159 4868 dai
2187 4812 2250 4866 in
2279 4819 2393 4866 tres
2420 4817 2612 4882 partes
2662 4812 2732 4866 de
2773 4810 3099 4882 principatu
3145 4809 3574 4864 contendentes.
3634 4809 3752 4863 Alii

2051 4900 2156 4954 sibi
2182 4905 2238 4954 et
2265 4900 2441 4954 alium
2471 4899 2785 4970 principem
2819 4902 3240 4970 praeponentes.
3275 4899 3410 4952 Pars
3436 4902 3623 4951 autem
3642 4913 3751 4968 po-

2053 4988 2172 5059 puli
2201 4993 2256 5042 et
2284 4989 2661 5052 sacerdotum,
2704 4987 2976 5041 tenebant
3031 4987 3334 5056 templum,
3392 5001 3578 5040 arcem
3612 5000 3752 5039 vero

2052 5076 2341 5147 etregiam
2364 5076 2600 5130 domum
2633 5091 2762 5146 pars
2782 5074 2985 5146 populi
3014 5079 3069 5128 et
3088 5073 3433 5144 principum,
3468 5073 3752 5143 reliquam

2053 5180 2184 5217 vero
2215 5163 2502 5218 civitatem
2534 5163 2706 5218 tertia
2745 5179 2874 5234 pars
2907 5167 2964 5217 et
2997 5161 3244 5226 maxime
3268 5163 3490 5232 vulgus.
3533 5162 3758 5232 Pugna-

2053 5254 2191 5308 bant
2227 5269 2364 5322 ergo
2410 5257 2467 5306 et
2522 5257 2678 5305 extra
2715 5256 2911 5306 contra
2971 5252 3179 5316 hostes,
3239 5255 3296 5304 et
3348 5251 3502 5304 intra
3551 5256 3756 5303 contra

2055 5340 2221 5394 cives.
2266 5341 2540 5394 Romanis
2596 5356 2732 5410 ergo
2790 5340 2991 5393 urbem
3052 5338 3508 5409 irrumpentibus
3553 5338 3755 5392 audita

2056 5432 2141 5481 est
2171 5443 2274 5482 vox
2299 5429 2498 5499 populi
2530 5427 2853 5500 plangentis
2903 5427 2973 5482 de
3026 5427 3268 5492 civitate,
3306 5441 3411 5479 vox
3490 5425 3753 5480 sacerdo-

2055 5521 2200 5584 tum,
2261 5521 2317 5571 et
2370 5517 2472 5588 qui
2504 5531 2635 5571 cam
2661 5516 2801 5587 ipsis
2830 5519 2992 5571 erant
3044 5514 3113 5569 de
3142 5515 3381 5585 templo.
3413 5515 3522 5569 Vox
3575 5514 3754 5569 etiam
