  <div class='ocr_page' id='page_1' title='image "/cluster/home/n/w/nwhite01/storage/ocr_20150623/113/hvd.32044054759782/662.png"; bbox 0 0 4074 6186; ppageno 0'>
   <div class='ocr_carea' id='block_1_1' title="bbox 356 248 501 306">
    <p class='ocr_par' dir='ltr' id='par_1_1' title="bbox 356 248 501 306">
     <span class='ocr_line' id='line_1_1' title="bbox 356 248 501 306; baseline -0.007 0"><span class='ocrx_word' id='word_1_1' title='bbox 356 248 501 306; x_wconf 77' lang='grc'><strong>1313’</strong></span> 
     </span>
    </p>
   </div>
   <div class='ocr_carea' id='block_1_2' title="bbox 1497 256 2708 314">
    <p class='ocr_par' dir='ltr' id='par_1_2' title="bbox 1497 256 2708 314">
     <span class='ocr_line' id='line_1_2' title="bbox 1497 256 2708 314; baseline 0.003 -4"><span class='ocrx_word' id='word_1_2' title='bbox 1497 256 1748 313; x_wconf 80' lang='lat' dir='ltr'>GLOSSA</span> <span class='ocrx_word' id='word_1_3' title='bbox 1785 256 2162 314; x_wconf 80' lang='lat' dir='ltr'>0RDINARIA</span> <span class='ocrx_word' id='word_1_4' title='bbox 2202 288 2269 297; x_wconf 94' lang='lat'><strong>—</strong></span> <span class='ocrx_word' id='word_1_5' title='bbox 2307 259 2435 313; x_wconf 87' lang='lat' dir='ltr'>LIB.</span> <span class='ocrx_word' id='word_1_6' title='bbox 2479 258 2708 314; x_wconf 71' lang='lat' dir='ltr'>ISAI/E.</span> 
     </span>
    </p>
   </div>
   <div class='ocr_carea' id='block_1_3' title="bbox 3724 270 3858 323">
    <p class='ocr_par' dir='ltr' id='par_1_3' title="bbox 3724 270 3858 323">
     <span class='ocr_line' id='line_1_3' title="bbox 3724 270 3858 323; baseline -0.007 -1"><span class='ocrx_word' id='word_1_7' title='bbox 3724 270 3858 323; x_wconf 76' lang='grc'><strong>1314</strong></span> 
     </span>
    </p>
   </div>
   <div class='ocr_carea' id='block_1_4' title="bbox 356 378 3859 461">
    <p class='ocr_par' dir='ltr' id='par_1_4' title="bbox 356 378 3859 461">
     <span class='ocr_line' id='line_1_4' title="bbox 356 378 3859 461; baseline 0.004 -30"><span class='ocrx_word' id='word_1_8' title='bbox 356 378 584 432; x_wconf 90' lang='lat' dir='ltr'>Domini</span> <span class='ocrx_word' id='word_1_9' title='bbox 612 378 809 432; x_wconf 88' lang='lat' dir='ltr'>audita</span> <span class='ocrx_word' id='word_1_10' title='bbox 864 383 950 432; x_wconf 91' lang='lat' dir='ltr'>est</span> <span class='ocrx_word' id='word_1_11' title='bbox 1006 378 1063 432; x_wconf 91' lang='lat' dir='ltr'>in</span> <span class='ocrx_word' id='word_1_12' title='bbox 1113 379 1389 434; x_wconf 84' lang='lat' dir='ltr'>Romanis</span> <span class='ocrx_word' id='word_1_13' title='bbox 1447 383 1884 445; x_wconf 74' lang='lat' dir='ltr'>exsultantibus,</span> <span class='ocrx_word' id='word_1_14' title='bbox 1946 383 2046 454; x_wconf 89' lang='lat' dir='ltr'>qui</span> <span class='ocrx_word' id='word_1_15' title='bbox 2076 386 2121 439; x_wconf 83' lang='lat' dir='ltr'><strong>A</strong></span> <span class='ocrx_word' id='word_1_16' title='bbox 2159 382 2364 453; x_wconf 84' lang='lat' dir='ltr'>Aquila</span> <span class='ocrx_word' id='word_1_17' title='bbox 2400 382 2551 437; x_wconf 91' lang='lat' dir='ltr'>enim</span> <span class='ocrx_word' id='word_1_18' title='bbox 2582 384 2709 453; x_wconf 84' lang='lat' dir='ltr'>plus</span> <span class='ocrx_word' id='word_1_19' title='bbox 2741 383 3007 438; x_wconf 90' lang='lat' dir='ltr'>omnibus</span> <span class='ocrx_word' id='word_1_20' title='bbox 3030 384 3247 453; x_wconf 84' lang='lat' dir='ltr'>bestiis,</span> <span class='ocrx_word' id='word_1_21' title='bbox 3279 386 3652 456; x_wconf 85' lang='lat' dir='ltr'>etjumentis,</span> <span class='ocrx_word' id='word_1_22' title='bbox 3687 408 3859 461; x_wconf 89' lang='lat' dir='ltr'>pecu-</span> 
     </span>
    </p>
   </div>
   <div class='ocr_carea' id='block_1_5' title="bbox 352 467 2051 535">
    <p class='ocr_par' dir='ltr' id='par_1_5' title="bbox 352 467 2051 535">
     <span class='ocr_line' id='line_1_5' title="bbox 352 467 2051 535; baseline 0.004 -16"><span class='ocrx_word' id='word_1_23' title='bbox 352 467 525 521; x_wconf 89' lang='lat' dir='ltr'>etiam</span> <span class='ocrx_word' id='word_1_24' title='bbox 576 472 713 521; x_wconf 92' lang='lat' dir='ltr'>nutu</span> <span class='ocrx_word' id='word_1_25' title='bbox 769 467 866 521; x_wconf 87' lang='lat' dir='ltr'>Dei</span> <span class='ocrx_word' id='word_1_26' title='bbox 898 472 1199 535; x_wconf 87' lang='lat' dir='ltr'>venerunt,</span> <span class='ocrx_word' id='word_1_27' title='bbox 1250 469 1526 523; x_wconf 78' lang='lat' dir='ltr'>reddentis</span> <span class='ocrx_word' id='word_1_28' title='bbox 1566 470 1847 525; x_wconf 88' lang='lat' dir='ltr'>reddentes</span> <span class='ocrx_word' id='word_1_29' title='bbox 1890 474 2051 526; x_wconf 83' lang='lat' dir='ltr'>retri-</span> 
     </span>
    </p>
   </div>
   <div class='ocr_carea' id='block_1_6' title="bbox 354 555 2048 630">
    <p class='ocr_par' dir='ltr' id='par_1_6' title="bbox 354 555 2048 630">
     <span class='ocr_line' id='line_1_6' title="bbox 354 555 2048 630; baseline 0.004 -23"><span class='ocrx_word' id='word_1_30' title='bbox 354 555 620 609; x_wconf 87' lang='lat' dir='ltr'>butionem</span> <span class='ocrx_word' id='word_1_31' title='bbox 674 557 910 610; x_wconf 86' lang='lat' dir='ltr'>inimicis</span> <span class='ocrx_word' id='word_1_32' title='bbox 967 558 1103 621; x_wconf 87' lang='lat' dir='ltr'>suis,</span> <span class='ocrx_word' id='word_1_33' title='bbox 1138 556 1352 610; x_wconf 66' lang='lat' dir='ltr'>scilicet</span> <span class='ocrx_word' id='word_1_34' title='bbox 1396 557 1631 627; x_wconf 63' lang='lat' dir='ltr'>Judaeis,</span> <span class='ocrx_word' id='word_1_35' title='bbox 1673 575 1775 630; x_wconf 91' lang='lat' dir='ltr'>per</span> <span class='ocrx_word' id='word_1_36' title='bbox 1838 561 2048 614; x_wconf 83' lang='lat' dir='ltr'>Roma—</span> 
     </span>
    </p>
   </div>
   <div class='ocr_carea' id='block_1_7' title="bbox 352 658 473 696">
    <p class='ocr_par' dir='ltr' id='par_1_7' title="bbox 352 658 473 696">
     <span class='ocr_line' id='line_1_7' title="bbox 352 658 473 696; baseline -0.008 0"><span class='ocrx_word' id='word_1_37' title='bbox 352 658 473 696; x_wconf 88' lang='lat' dir='ltr'>nos.</span> 
     </span>
    </p>
   </div>
   <div class='ocr_carea' id='block_1_8' title="bbox 424 733 2050 808">
    <p class='ocr_par' dir='ltr' id='par_1_8' title="bbox 424 733 2050 808">
     <span class='ocr_line' id='line_1_8' title="bbox 424 733 2050 808; baseline 0.005 -26"><span class='ocrx_word' id='word_1_38' title='bbox 424 733 584 785; x_wconf 75' lang='lat' dir='ltr'>Vens.</span> <span class='ocrx_word' id='word_1_39' title='bbox 614 737 664 784; x_wconf 82' lang='lat'>7.</span> <span class='ocrx_word' id='word_1_40' title='bbox 688 761 757 773; x_wconf 92' lang='lat'>—</span> <span class='ocrx_word' id='word_1_41' title='bbox 786 733 1097 800; x_wconf 83' lang='lat' dir='ltr'>Antequam</span> <span class='ocrx_word' id='word_1_42' title='bbox 1135 736 1458 801; x_wconf 82' lang='lat' dir='ltr'>parturiret.</span> <span class='ocrx_word' id='word_1_43' title='bbox 1496 734 1703 804; x_wconf 73' lang='grc' dir='ltr'>(Ηιειι.)</span> <span class='ocrx_word' id='word_1_44' title='bbox 1740 737 1863 790; x_wconf 90' lang='lat' dir='ltr'>Non</span> <span class='ocrx_word' id='word_1_45' title='bbox 1914 754 2050 808; x_wconf 85' lang='lat' dir='ltr'>pau-</span> 
     </span>
    </p>
   </div>
   <div class='ocr_carea' id='block_1_9' title="bbox 351 822 2047 892">
    <p class='ocr_par' dir='ltr' id='par_1_9' title="bbox 351 822 2047 892">
     <span class='ocr_line' id='line_1_9' title="bbox 351 822 2047 892; baseline 0.002 -17"><span class='ocrx_word' id='word_1_46' title='bbox 351 822 533 887; x_wconf 84' lang='lat' dir='ltr'>latim,</span> <span class='ocrx_word' id='word_1_47' title='bbox 566 822 662 876; x_wconf 88' lang='lat' dir='ltr'>sed</span> <span class='ocrx_word' id='word_1_48' title='bbox 696 837 801 875; x_wconf 78' lang='lat' dir='ltr'>nec</span> <span class='ocrx_word' id='word_1_49' title='bbox 832 822 1015 875; x_wconf 91' lang='lat' dir='ltr'>multo</span> <span class='ocrx_word' id='word_1_50' title='bbox 1037 826 1317 892; x_wconf 89' lang='lat' dir='ltr'>tempore,</span> <span class='ocrx_word' id='word_1_51' title='bbox 1354 827 1480 889; x_wconf 91' lang='lat' dir='ltr'>etc.,</span> <span class='ocrx_word' id='word_1_52' title='bbox 1512 839 1683 892; x_wconf 88' lang='lat' dir='ltr'>usque</span> <span class='ocrx_word' id='word_1_53' title='bbox 1704 825 1777 878; x_wconf 91' lang='lat' dir='ltr'>ad</span> <span class='ocrx_word' id='word_1_54' title='bbox 1834 830 1890 879; x_wconf 91' lang='lat' dir='ltr'>et</span> <span class='ocrx_word' id='word_1_55' title='bbox 1938 827 2047 879; x_wconf 88' lang='lat' dir='ltr'>Da-</span> 
     </span>
    </p>
   </div>
   <div class='ocr_carea' id='block_1_10' title="bbox 351 910 2050 981">
    <p class='ocr_par' dir='ltr' id='par_1_10' title="bbox 351 910 2050 981">
     <span class='ocr_line' id='line_1_10' title="bbox 351 910 2050 981; baseline 0.004 -18"><span class='ocrx_word' id='word_1_56' title='bbox 351 911 468 976; x_wconf 92' lang='lat' dir='ltr'>vid,</span> <span class='ocrx_word' id='word_1_57' title='bbox 502 910 711 981; x_wconf 82' lang='lat' dir='ltr'>inquit,</span> <span class='ocrx_word' id='word_1_58' title='bbox 772 912 910 978; x_wconf 86' lang='lat' dir='ltr'><strong><em>Spes</em></strong></span> <span class='ocrx_word' id='word_1_59' title='bbox 961 912 1199 964; x_wconf 87' lang='lat' dir='ltr'>omnium</span> <span class='ocrx_word' id='word_1_60' title='bbox 1252 913 1443 980; x_wconf 84' lang='lat' dir='ltr'>ﬁnium</span> <span class='ocrx_word' id='word_1_61' title='bbox 1497 916 1653 966; x_wconf 68' lang='lat' dir='ltr'>terra:</span> <span class='ocrx_word' id='word_1_62' title='bbox 1699 916 1748 968; x_wconf 87' lang='lat' dir='ltr'>et</span> <span class='ocrx_word' id='word_1_63' title='bbox 1797 915 1853 967; x_wconf 85' lang='lat' dir='ltr'>in</span> <span class='ocrx_word' id='word_1_64' title='bbox 1902 915 2050 969; x_wconf 86' lang='lat' dir='ltr'>mari</span> 
     </span>
    </p>
   </div>
   <div class='ocr_carea' id='block_1_11' title="bbox 251 991 936 1067">
    <p class='ocr_par' dir='ltr' id='par_1_11' title="bbox 251 991 936 1067">
     <span class='ocr_line' id='line_1_11' title="bbox 251 991 936 1067; baseline -0.001 -15"><span class='ocrx_word' id='word_1_65' title='bbox 251 991 259 999; x_wconf 78' lang='grc'><em>’</em></span> <span class='ocrx_word' id='word_1_66' title='bbox 351 999 503 1067; x_wconf 88' lang='lat' dir='ltr'>longe</span> <span class='ocrx_word' id='word_1_67' title='bbox 533 1000 705 1063; x_wconf 88' lang='lat' dir='ltr'>(Psal.</span> <span class='ocrx_word' id='word_1_68' title='bbox 737 999 936 1064; x_wconf 80' lang='lat' dir='ltr'>Lxxw).</span> 
     </span>
    </p>
   </div>
   <div class='ocr_carea' id='block_1_12' title="bbox 422 1080 2045 1159">
    <p class='ocr_par' dir='ltr' id='par_1_12' title="bbox 422 1080 2045 1159">
     <span class='ocr_line' id='line_1_12' title="bbox 422 1080 2045 1159; baseline 0 -19"><span class='ocrx_word' id='word_1_69' title='bbox 422 1088 744 1153; x_wconf 83' lang='lat' dir='ltr'>Masculum,</span> <span class='ocrx_word' id='word_1_70' title='bbox 803 1086 1087 1157; x_wconf 86' lang='lat' dir='ltr'>populum</span> <span class='ocrx_word' id='word_1_71' title='bbox 1135 1080 1373 1141; x_wconf 26' lang='lat' dir='ltr'>fortemm</span> <span class='ocrx_word' id='word_1_72' title='bbox 1408 1087 1477 1142; x_wconf 91' lang='lat' dir='ltr'>de</span> <span class='ocrx_word' id='word_1_73' title='bbox 1540 1105 1653 1159; x_wconf 94' lang='lat' dir='ltr'>quo</span> <span class='ocrx_word' id='word_1_74' title='bbox 1700 1088 2045 1159; x_wconf 91' lang='lat' dir='ltr'>Stephanus,</span> 
     </span>
    </p>
   </div>
   <div class='ocr_carea' id='block_1_13' title="bbox 356 1174 2048 1244">
    <p class='ocr_par' dir='ltr' id='par_1_13' title="bbox 356 1174 2048 1244">
     <span class='ocr_line' id='line_1_13' title="bbox 356 1174 2048 1244; baseline 0.002 -18"><span class='ocrx_word' id='word_1_75' title='bbox 356 1175 581 1241; x_wconf 87' lang='lat' dir='ltr'>Paulus,</span> <span class='ocrx_word' id='word_1_76' title='bbox 633 1174 732 1244; x_wconf 89' lang='lat' dir='ltr'>qui</span> <span class='ocrx_word' id='word_1_77' title='bbox 771 1174 950 1228; x_wconf 90' lang='lat' dir='ltr'>dicit:</span> <span class='ocrx_word' id='word_1_78' title='bbox 1016 1175 1147 1241; x_wconf 86' lang='lat' dir='ltr'>Quis</span> <span class='ocrx_word' id='word_1_79' title='bbox 1198 1190 1293 1229; x_wconf 89' lang='lat' dir='ltr'>nos</span> <span class='ocrx_word' id='word_1_80' title='bbox 1356 1176 1634 1244; x_wconf 74' lang='lat' dir='ltr'>separabit</span> <span class='ocrx_word' id='word_1_81' title='bbox 1687 1192 1722 1229; x_wconf 87' lang='lat' dir='ltr'>a</span> <span class='ocrx_word' id='word_1_82' title='bbox 1779 1178 2048 1231; x_wconf 84' lang='lat' dir='ltr'>charitate</span> 
     </span>
    </p>
   </div>
   <div class='ocr_carea' id='block_1_14' title="bbox 353 1263 933 1330">
    <p class='ocr_par' dir='ltr' id='par_1_14' title="bbox 353 1263 933 1330">
     <span class='ocr_line' id='line_1_14' title="bbox 353 1263 933 1330; baseline -0.002 -13"><span class='ocrx_word' id='word_1_83' title='bbox 353 1263 560 1317; x_wconf 88' lang='lat' dir='ltr'>Christi</span> <span class='ocrx_word' id='word_1_84' title='bbox 597 1265 765 1330; x_wconf 84' lang='lat' dir='ltr'>(Rom.</span> <span class='ocrx_word' id='word_1_85' title='bbox 796 1267 933 1328; x_wconf 81' lang='lat' dir='ltr'>vui).</span> 
     </span>
    </p>
   </div>
   <div class='ocr_carea' id='block_1_15' title="bbox 424 1350 2045 1422">
    <p class='ocr_par' dir='ltr' id='par_1_15' title="bbox 424 1350 2045 1422">
     <span class='ocr_line' id='line_1_15' title="bbox 424 1350 2045 1422; baseline 0.001 -19"><span class='ocrx_word' id='word_1_86' title='bbox 424 1350 584 1404; x_wconf 71' lang='lat' dir='ltr'>Vens.</span> <span class='ocrx_word' id='word_1_87' title='bbox 635 1354 783 1404; x_wconf 90' lang='lat'>8.—</span> <span class='ocrx_word' id='word_1_88' title='bbox 827 1353 893 1406; x_wconf 88' lang='lat' dir='ltr'>In</span> <span class='ocrx_word' id='word_1_89' title='bbox 918 1351 1005 1405; x_wconf 87' lang='lat' dir='ltr'>die</span> <span class='ocrx_word' id='word_1_90' title='bbox 1033 1367 1169 1406; x_wconf 89' lang='lat' dir='ltr'>una.</span> <span class='ocrx_word' id='word_1_91' title='bbox 1208 1351 1512 1422; x_wconf 82' lang='lat' dir='ltr'>Apostolus</span> <span class='ocrx_word' id='word_1_92' title='bbox 1541 1350 1688 1405; x_wconf 82' lang='lat' dir='ltr'>filios</span> <span class='ocrx_word' id='word_1_93' title='bbox 1743 1368 1876 1405; x_wconf 90' lang='lat' dir='ltr'>suos</span> <span class='ocrx_word' id='word_1_94' title='bbox 1922 1355 2045 1405; x_wconf 88' lang='lat' dir='ltr'>tan-</span> 
     </span>
    </p>
   </div>
   <div class='ocr_carea' id='block_1_16' title="bbox 351 1438 2041 1512">
    <p class='ocr_par' dir='ltr' id='par_1_16' title="bbox 351 1438 2041 1512">
     <span class='ocr_line' id='line_1_16' title="bbox 351 1438 2041 1512; baseline 0.002 -23"><span class='ocrx_word' id='word_1_95' title='bbox 351 1455 522 1510; x_wconf 84' lang='lat' dir='ltr'>quam</span> <span class='ocrx_word' id='word_1_96' title='bbox 556 1455 669 1492; x_wconf 87' lang='lat' dir='ltr'>una</span> <span class='ocrx_word' id='word_1_97' title='bbox 708 1439 799 1492; x_wconf 90' lang='lat' dir='ltr'>die</span> <span class='ocrx_word' id='word_1_98' title='bbox 823 1439 990 1492; x_wconf 87' lang='lat' dir='ltr'>simul</span> <span class='ocrx_word' id='word_1_99' title='bbox 1024 1440 1243 1508; x_wconf 85' lang='lat' dir='ltr'>genuit,</span> <span class='ocrx_word' id='word_1_100' title='bbox 1274 1440 1490 1511; x_wconf 90' lang='lat' dir='ltr'>quiain</span> <span class='ocrx_word' id='word_1_101' title='bbox 1520 1438 1761 1506; x_wconf 81' lang='lat' dir='ltr'>Christo,</span> <span class='ocrx_word' id='word_1_102' title='bbox 1798 1440 1896 1512; x_wconf 90' lang='lat' dir='ltr'>qui</span> <span class='ocrx_word' id='word_1_103' title='bbox 1924 1441 2041 1506; x_wconf 84' lang='lat' dir='ltr'>lux,</span> 
     </span>
    </p>
   </div>
   <div class='ocr_carea' id='block_1_17' title="bbox 352 1526 1203 1591">
    <p class='ocr_par' dir='ltr' id='par_1_17' title="bbox 352 1526 1203 1591">
     <span class='ocr_line' id='line_1_17' title="bbox 352 1526 1203 1591; baseline 0.002 -12"><span class='ocrx_word' id='word_1_104' title='bbox 352 1532 407 1579; x_wconf 87' lang='lat' dir='ltr'>et</span> <span class='ocrx_word' id='word_1_105' title='bbox 439 1526 586 1591; x_wconf 89' lang='lat' dir='ltr'>dies;</span> <span class='ocrx_word' id='word_1_106' title='bbox 623 1531 678 1580; x_wconf 91' lang='lat' dir='ltr'>et</span> <span class='ocrx_word' id='word_1_107' title='bbox 708 1527 766 1580; x_wconf 91' lang='lat' dir='ltr'>in</span> <span class='ocrx_word' id='word_1_108' title='bbox 793 1527 1009 1580; x_wconf 86' lang='lat' dir='ltr'>unitate</span> <span class='ocrx_word' id='word_1_109' title='bbox 1049 1527 1203 1581; x_wconf 85' lang='lat' dir='ltr'>ﬁdei.</span> 
     </span>
    </p>
   </div>
   <div class='ocr_carea' id='block_1_18' title="bbox 422 1614 2041 1687">
    <p class='ocr_par' dir='ltr' id='par_1_18' title="bbox 422 1614 2041 1687">
     <span class='ocr_line' id='line_1_18' title="bbox 422 1614 2041 1687; baseline 0 -19"><span class='ocrx_word' id='word_1_110' title='bbox 422 1617 592 1671; x_wconf 77' lang='lat' dir='ltr'>Vens.</span> <span class='ocrx_word' id='word_1_111' title='bbox 646 1620 699 1670; x_wconf 89' lang='lat'>9.</span> <span class='ocrx_word' id='word_1_112' title='bbox 730 1646 797 1654; x_wconf 88' lang='lat'><strong>——</strong></span> <span class='ocrx_word' id='word_1_113' title='bbox 843 1617 905 1671; x_wconf 89' lang='lat' dir='ltr'>Si</span> <span class='ocrx_word' id='word_1_114' title='bbox 935 1632 1046 1683; x_wconf 87' lang='lat' dir='ltr'>ego.</span> <span class='ocrx_word' id='word_1_115' title='bbox 1083 1615 1252 1679; x_wconf 89' lang='lat' dir='ltr'>Quasi</span> <span class='ocrx_word' id='word_1_116' title='bbox 1287 1632 1298 1669; x_wconf 93' lang='lat'>:</span> <span class='ocrx_word' id='word_1_117' title='bbox 1344 1617 1458 1685; x_wconf 89' lang='lat' dir='ltr'>Ego</span> <span class='ocrx_word' id='word_1_118' title='bbox 1491 1616 1589 1687; x_wconf 89' lang='lat' dir='ltr'>qui</span> <span class='ocrx_word' id='word_1_119' title='bbox 1620 1632 1822 1670; x_wconf 90' lang='lat' dir='ltr'>omnes</span> <span class='ocrx_word' id='word_1_120' title='bbox 1850 1614 2041 1670; x_wconf 85' lang='lat' dir='ltr'>creavi</span> 
     </span>
    </p>
   </div>
   <div class='ocr_carea' id='block_1_19' title="bbox 350 1704 2042 1775">
    <p class='ocr_par' dir='ltr' id='par_1_19' title="bbox 350 1704 2042 1775">
     <span class='ocr_line' id='line_1_19' title="bbox 350 1704 2042 1775; baseline 0.001 -18"><span class='ocrx_word' id='word_1_121' title='bbox 350 1705 613 1758; x_wconf 84' lang='lat' dir='ltr'>homines</span> <span class='ocrx_word' id='word_1_122' title='bbox 644 1704 703 1758; x_wconf 93' lang='lat' dir='ltr'>in</span> <span class='ocrx_word' id='word_1_123' title='bbox 735 1704 935 1773; x_wconf 87' lang='lat' dir='ltr'>nihilo,</span> <span class='ocrx_word' id='word_1_124' title='bbox 969 1706 1171 1758; x_wconf 89' lang='lat' dir='ltr'>creabo</span> <span class='ocrx_word' id='word_1_125' title='bbox 1202 1704 1343 1758; x_wconf 90' lang='lat' dir='ltr'>mihi</span> <span class='ocrx_word' id='word_1_126' title='bbox 1376 1722 1439 1758; x_wconf 84' lang='lat' dir='ltr'>ex</span> <span class='ocrx_word' id='word_1_127' title='bbox 1470 1704 1738 1758; x_wconf 90' lang='lat' dir='ltr'>omnibus</span> <span class='ocrx_word' id='word_1_128' title='bbox 1770 1705 2042 1775; x_wconf 78' lang='lat' dir='ltr'>gentibus</span> 
     </span>
    </p>
   </div>
   <div class='ocr_carea' id='block_1_20' title="bbox 356 1792 2040 1863">
    <p class='ocr_par' dir='ltr' id='par_1_20' title="bbox 356 1792 2040 1863">
     <span class='ocr_line' id='line_1_20' title="bbox 356 1792 2040 1863; baseline 0.001 -17"><span class='ocrx_word' id='word_1_129' title='bbox 356 1792 660 1847; x_wconf 85' lang='lat' dir='ltr'>Ecclesiam</span> <span class='ocrx_word' id='word_1_130' title='bbox 694 1809 866 1846; x_wconf 90' lang='lat' dir='ltr'>unam</span> <span class='ocrx_word' id='word_1_131' title='bbox 900 1809 1028 1863; x_wconf 71' lang='lat' dir='ltr'>quin</span> <span class='ocrx_word' id='word_1_132' title='bbox 1050 1793 1366 1846; x_wconf 78' lang='lat' dir='ltr'>aediﬁcatur</span> <span class='ocrx_word' id='word_1_133' title='bbox 1413 1792 1480 1846; x_wconf 91' lang='lat' dir='ltr'>de</span> <span class='ocrx_word' id='word_1_134' title='bbox 1503 1792 1644 1846; x_wconf 83' lang='lat' dir='ltr'>vivis</span> <span class='ocrx_word' id='word_1_135' title='bbox 1700 1794 1991 1863; x_wconf 88' lang='lat' dir='ltr'>lapidibus</span> <span class='ocrx_word' id='word_1_136' title='bbox 2028 1810 2040 1847; x_wconf 94' lang='lat'>:</span> 
     </span>
    </p>
   </div>
   <div class='ocr_carea' id='block_1_21' title="bbox 421 1880 2043 1951">
    <p class='ocr_par' dir='ltr' id='par_1_21' title="bbox 421 1880 2043 1951">
     <span class='ocr_line' id='line_1_21' title="bbox 421 1880 2043 1951; baseline 0.001 -18"><span class='ocrx_word' id='word_1_137' title='bbox 421 1882 583 1941; x_wconf 75' lang='lat' dir='ltr'>Vens.</span> <span class='ocrx_word' id='word_1_138' title='bbox 627 1884 710 1935; x_wconf 91' lang='grc'><strong>10.</strong></span> <span class='ocrx_word' id='word_1_139' title='bbox 767 1912 835 1920; x_wconf 91' lang='lat'><strong><em>—</em></strong></span> <span class='ocrx_word' id='word_1_140' title='bbox 883 1883 1191 1947; x_wconf 72' lang='lat' dir='ltr'>Laetamini,</span> <span class='ocrx_word' id='word_1_141' title='bbox 1234 1884 1341 1935; x_wconf 87' lang='lat' dir='ltr'>etc.</span> <span class='ocrx_word' id='word_1_142' title='bbox 1389 1880 1593 1951; x_wconf 76' lang='grc' dir='ltr'>(Ηιειι.)</span> <span class='ocrx_word' id='word_1_143' title='bbox 1626 1880 1669 1935; x_wconf 92' lang='lat' dir='ltr'>O</span> <span class='ocrx_word' id='word_1_144' title='bbox 1737 1882 1946 1950; x_wconf 85' lang='lat' dir='ltr'>angeli,</span> <span class='ocrx_word' id='word_1_145' title='bbox 2011 1898 2043 1935; x_wconf 91' lang='grc' dir='ltr'>ο</span> 
     </span>
    </p>
   </div>
   <div class='ocr_carea' id='block_1_22' title="bbox 348 1969 2043 2041">
    <p class='ocr_par' dir='ltr' id='par_1_22' title="bbox 348 1969 2043 2041">
     <span class='ocr_line' id='line_1_22' title="bbox 348 1969 2043 2041; baseline 0.001 -19"><span class='ocrx_word' id='word_1_146' title='bbox 348 1970 613 2041; x_wconf 81' lang='lat' dir='ltr'>apostoli,</span> <span class='ocrx_word' id='word_1_147' title='bbox 644 1970 834 2024; x_wconf 84' lang='lat' dir='ltr'>tristes</span> <span class='ocrx_word' id='word_1_148' title='bbox 866 1970 934 2024; x_wconf 91' lang='lat' dir='ltr'>de</span> <span class='ocrx_word' id='word_1_149' title='bbox 965 1969 1285 2041; x_wconf 82' lang='lat' dir='ltr'>perditione</span> <span class='ocrx_word' id='word_1_150' title='bbox 1321 1970 1650 2023; x_wconf 75' lang='lat' dir='ltr'>Judaeorum</span> <span class='ocrx_word' id='word_1_151' title='bbox 1696 1969 2043 2039; x_wconf 84' lang='lat' dir='ltr'>inﬁdelium,</span> 
     </span>
    </p>
   </div>
   <div class='ocr_carea' id='block_1_23' title="bbox 350 2057 2045 2130">
    <p class='ocr_par' dir='ltr' id='par_1_23' title="bbox 350 2057 2045 2130">
     <span class='ocr_line' id='line_1_23' title="bbox 350 2057 2045 2130; baseline 0.002 -19"><span class='ocrx_word' id='word_1_152' title='bbox 350 2059 625 2112; x_wconf 56' lang='lat' dir='ltr'>laetemini</span> <span class='ocrx_word' id='word_1_153' title='bbox 656 2058 933 2112; x_wconf 86' lang='lat' dir='ltr'>consolati</span> <span class='ocrx_word' id='word_1_154' title='bbox 966 2059 1035 2112; x_wconf 91' lang='lat' dir='ltr'>de</span> <span class='ocrx_word' id='word_1_155' title='bbox 1066 2057 1178 2111; x_wconf 76' lang='lat' dir='ltr'>fide</span> <span class='ocrx_word' id='word_1_156' title='bbox 1212 2063 1267 2111; x_wconf 90' lang='lat' dir='ltr'>et</span> <span class='ocrx_word' id='word_1_157' title='bbox 1297 2059 1477 2112; x_wconf 88' lang='lat' dir='ltr'>salute</span> <span class='ocrx_word' id='word_1_158' title='bbox 1510 2058 1769 2128; x_wconf 90' lang='lat' dir='ltr'>gentium</span> <span class='ocrx_word' id='word_1_159' title='bbox 1808 2060 1874 2114; x_wconf 92' lang='lat' dir='ltr'>de</span> <span class='ocrx_word' id='word_1_160' title='bbox 1909 2059 2045 2130; x_wconf 89' lang='lat' dir='ltr'>qui-</span> 
     </span>
    </p>
   </div>
   <div class='ocr_carea' id='block_1_24' title="bbox 351 2146 1127 2201">
    <p class='ocr_par' dir='ltr' id='par_1_24' title="bbox 351 2146 1127 2201">
     <span class='ocr_line' id='line_1_24' title="bbox 351 2146 1127 2201; baseline 0 -1"><span class='ocrx_word' id='word_1_161' title='bbox 351 2147 453 2200; x_wconf 67' lang='lat' dir='ltr'>bu~</span> <span class='ocrx_word' id='word_1_162' title='bbox 485 2148 804 2201; x_wconf 68' lang='lat' dir='ltr'>tediticatur</span> <span class='ocrx_word' id='word_1_163' title='bbox 834 2146 1127 2200; x_wconf 87' lang='lat' dir='ltr'>Eccclesia.</span> 
     </span>
    </p>
   </div>
   <div class='ocr_carea' id='block_1_25' title="bbox 422 2234 2045 2304">
    <p class='ocr_par' dir='ltr' id='par_1_25' title="bbox 422 2234 2045 2304">
     <span class='ocr_line' id='line_1_25' title="bbox 422 2234 2045 2304; baseline 0.001 -17"><span class='ocrx_word' id='word_1_164' title='bbox 422 2235 582 2288; x_wconf 77' lang='lat' dir='ltr'>Vens.</span> <span class='ocrx_word' id='word_1_165' title='bbox 650 2239 732 2288; x_wconf 89' lang='lat'>11.</span> <span class='ocrx_word' id='word_1_166' title='bbox 792 2264 851 2277; x_wconf 89' lang='lat'><strong>—</strong></span> <span class='ocrx_word' id='word_1_167' title='bbox 912 2237 975 2288; x_wconf 84' lang='lat' dir='ltr'>Ut</span> <span class='ocrx_word' id='word_1_168' title='bbox 1031 2237 1266 2302; x_wconf 75' lang='lat' dir='ltr'>sugaiis.</span> <span class='ocrx_word' id='word_1_169' title='bbox 1320 2235 1514 2289; x_wconf 84' lang='lat' dir='ltr'>Fidem</span> <span class='ocrx_word' id='word_1_170' title='bbox 1564 2234 1937 2304; x_wconf 86' lang='lat' dir='ltr'>simplicium,</span> <span class='ocrx_word' id='word_1_171' title='bbox 1991 2240 2045 2290; x_wconf 89' lang='lat' dir='ltr'>ct</span> 
     </span>
    </p>
   </div>
   <div class='ocr_carea' id='block_1_26' title="bbox 349 2322 2047 2394">
    <p class='ocr_par' dir='ltr' id='par_1_26' title="bbox 349 2322 2047 2394">
     <span class='ocr_line' id='line_1_26' title="bbox 349 2322 2047 2394; baseline 0.002 -18"><span class='ocrx_word' id='word_1_172' title='bbox 349 2339 523 2394; x_wconf 80' lang='lat' dir='ltr'>opera</span> <span class='ocrx_word' id='word_1_173' title='bbox 547 2323 699 2377; x_wconf 89' lang='lat' dir='ltr'>bona</span> <span class='ocrx_word' id='word_1_174' title='bbox 740 2322 873 2377; x_wconf 91' lang='lat' dir='ltr'>inde</span> <span class='ocrx_word' id='word_1_175' title='bbox 904 2323 1183 2377; x_wconf 86' lang='lat' dir='ltr'>delectati.</span> <span class='ocrx_word' id='word_1_176' title='bbox 1239 2323 1400 2377; x_wconf 86' lang='lat' dir='ltr'>Fides</span> <span class='ocrx_word' id='word_1_177' title='bbox 1460 2323 1815 2377; x_wconf 85' lang='lat' dir='ltr'>credentium</span> <span class='ocrx_word' id='word_1_178' title='bbox 1856 2324 1939 2377; x_wconf 90' lang='lat' dir='ltr'>lac</span> <span class='ocrx_word' id='word_1_179' title='bbox 1990 2330 2047 2379; x_wconf 89' lang='lat' dir='ltr'>et</span> 
     </span>
    </p>
   </div>
   <div class='ocr_carea' id='block_1_27' title="bbox 346 2411 2041 2482">
    <p class='ocr_par' dir='ltr' id='par_1_27' title="bbox 346 2411 2041 2482">
     <span class='ocr_line' id='line_1_27' title="bbox 346 2411 2041 2482; baseline 0.001 -17"><span class='ocrx_word' id='word_1_180' title='bbox 346 2412 505 2465; x_wconf 91' lang='lat' dir='ltr'>cibus</span> <span class='ocrx_word' id='word_1_181' title='bbox 535 2416 618 2464; x_wconf 92' lang='lat' dir='ltr'>est</span> <span class='ocrx_word' id='word_1_182' title='bbox 648 2411 1106 2482; x_wconf 73' lang='lat' dir='ltr'>przedicatorum.</span> <span class='ocrx_word' id='word_1_183' title='bbox 1145 2411 1299 2465; x_wconf 85' lang='lat' dir='ltr'>Unde</span> <span class='ocrx_word' id='word_1_184' title='bbox 1331 2416 1387 2465; x_wconf 93' lang='lat' dir='ltr'>et</span> <span class='ocrx_word' id='word_1_185' title='bbox 1439 2412 1693 2464; x_wconf 74' lang='lat' dir='ltr'>Christus</span> <span class='ocrx_word' id='word_1_186' title='bbox 1722 2428 1734 2465; x_wconf 93' lang='lat'>:</span> <span class='ocrx_word' id='word_1_187' title='bbox 1797 2415 1911 2480; x_wconf 86' lang='lat' dir='ltr'>Ego</span> <span class='ocrx_word' id='word_1_188' title='bbox 1959 2415 2041 2466; x_wconf 87' lang='lat' dir='ltr'>ci-</span> 
     </span>
    </p>
   </div>
   <div class='ocr_carea' id='block_1_28' title="bbox 346 2500 2039 2570">
    <p class='ocr_par' dir='ltr' id='par_1_28' title="bbox 346 2500 2039 2570">
     <span class='ocr_line' id='line_1_28' title="bbox 346 2500 2039 2570; baseline 0 -16"><span class='ocrx_word' id='word_1_189' title='bbox 346 2501 472 2554; x_wconf 93' lang='lat' dir='ltr'>bum</span> <span class='ocrx_word' id='word_1_190' title='bbox 503 2500 667 2553; x_wconf 84' lang='lat' dir='ltr'>habeo</span> <span class='ocrx_word' id='word_1_191' title='bbox 715 2500 1046 2554; x_wconf 84' lang='lat' dir='ltr'>manducare</span> <span class='ocrx_word' id='word_1_192' title='bbox 1111 2517 1266 2569; x_wconf 84' lang='lat' dir='ltr'>quem</span> <span class='ocrx_word' id='word_1_193' title='bbox 1313 2516 1404 2555; x_wconf 73' lang='lat' dir='ltr'>vos</span> <span class='ocrx_word' id='word_1_194' title='bbox 1452 2503 1669 2554; x_wconf 78' lang='lat' dir='ltr'>nescitis</span> <span class='ocrx_word' id='word_1_195' title='bbox 1709 2502 1888 2570; x_wconf 86' lang='lat' dir='ltr'>(Joan.</span> <span class='ocrx_word' id='word_1_196' title='bbox 1949 2502 2039 2569; x_wconf 82' lang='lat' dir='ltr'>iv).</span> 
     </span>
    </p>
   </div>
   <div class='ocr_carea' id='block_1_29' title="bbox 344 2589 2041 2659">
    <p class='ocr_par' dir='ltr' id='par_1_29' title="bbox 344 2589 2041 2659">
     <span class='ocr_line' id='line_1_29' title="bbox 344 2589 2041 2659; baseline 0.001 -17"><span class='ocrx_word' id='word_1_197' title='bbox 344 2591 417 2643; x_wconf 87' lang='lat' dir='ltr'>Et</span> <span class='ocrx_word' id='word_1_198' title='bbox 446 2589 1095 2658; x_wconf 81' lang='lat' dir='ltr'>repleamini.Puerpera</span> <span class='ocrx_word' id='word_1_199' title='bbox 1127 2605 1255 2658; x_wconf 81' lang='lat' dir='ltr'>quae</span> <span class='ocrx_word' id='word_1_200' title='bbox 1313 2590 1514 2659; x_wconf 79' lang='lat' dir='ltr'>genuit</span> <span class='ocrx_word' id='word_1_201' title='bbox 1562 2590 1876 2643; x_wconf 88' lang='lat' dir='ltr'>masculum</span> <span class='ocrx_word' id='word_1_202' title='bbox 1926 2606 2041 2643; x_wconf 90' lang='lat' dir='ltr'>non</span> 
     </span>
    </p>
   </div>
   <div class='ocr_carea' id='block_1_30' title="bbox 345 2677 2044 2749">
    <p class='ocr_par' dir='ltr' id='par_1_30' title="bbox 345 2677 2044 2749">
     <span class='ocr_line' id='line_1_30' title="bbox 345 2677 2044 2749; baseline 0.001 -18"><span class='ocrx_word' id='word_1_203' title='bbox 345 2683 500 2731; x_wconf 84' lang='lat' dir='ltr'>caret</span> <span class='ocrx_word' id='word_1_204' title='bbox 527 2677 1058 2732; x_wconf 88' lang='lat' dir='ltr'>abundantialactis</span> <span class='ocrx_word' id='word_1_205' title='bbox 1094 2677 1153 2731; x_wconf 90' lang='lat' dir='ltr'>in</span> <span class='ocrx_word' id='word_1_206' title='bbox 1198 2677 1534 2731; x_wconf 84' lang='lat' dir='ltr'>educatione</span> <span class='ocrx_word' id='word_1_207' title='bbox 1575 2678 1785 2743; x_wconf 84' lang='lat' dir='ltr'>Gentis,</span> <span class='ocrx_word' id='word_1_208' title='bbox 1816 2683 1872 2731; x_wconf 91' lang='lat' dir='ltr'>et</span> <span class='ocrx_word' id='word_1_209' title='bbox 1918 2695 2044 2749; x_wconf 86' lang='lat' dir='ltr'>par-</span> 
     </span>
    </p>
   </div>
   <div class='ocr_carea' id='block_1_31' title="bbox 345 2764 2041 2836">
    <p class='ocr_par' dir='ltr' id='par_1_31' title="bbox 345 2764 2041 2836">
     <span class='ocr_line' id='line_1_31' title="bbox 345 2764 2041 2836; baseline 0.002 -19"><span class='ocrx_word' id='word_1_210' title='bbox 345 2766 611 2819; x_wconf 84' lang='lat' dir='ltr'>vulorum</span> <span class='ocrx_word' id='word_1_211' title='bbox 644 2765 743 2836; x_wconf 90' lang='lat' dir='ltr'>qui</span> <span class='ocrx_word' id='word_1_212' title='bbox 784 2765 952 2819; x_wconf 90' lang='lat' dir='ltr'>simul</span> <span class='ocrx_word' id='word_1_213' title='bbox 1001 2764 1122 2819; x_wconf 87' lang='lat' dir='ltr'>nati</span> <span class='ocrx_word' id='word_1_214' title='bbox 1160 2769 1293 2818; x_wconf 89' lang='lat' dir='ltr'>sunt</span> <span class='ocrx_word' id='word_1_215' title='bbox 1338 2770 1399 2818; x_wconf 90' lang='lat' dir='ltr'>ut</span> <span class='ocrx_word' id='word_1_216' title='bbox 1454 2766 1737 2835; x_wconf 66' lang='lat' dir='ltr'>prteberet</span> <span class='ocrx_word' id='word_1_217' title='bbox 1789 2766 1870 2819; x_wconf 89' lang='lat' dir='ltr'>eis</span> <span class='ocrx_word' id='word_1_218' title='bbox 1928 2767 2041 2821; x_wconf 92' lang='lat' dir='ltr'>duo</span> 
     </span>
    </p>
   </div>
   <div class='ocr_carea' id='block_1_32' title="bbox 344 2853 2038 2909">
    <p class='ocr_par' dir='ltr' id='par_1_32' title="bbox 344 2853 2038 2909">
     <span class='ocr_line' id='line_1_32' title="bbox 344 2853 2038 2909; baseline 0.001 -2"><span class='ocrx_word' id='word_1_219' title='bbox 344 2853 523 2907; x_wconf 87' lang='lat' dir='ltr'>ubera</span> <span class='ocrx_word' id='word_1_220' title='bbox 580 2853 794 2907; x_wconf 88' lang='lat' dir='ltr'>Veteris</span> <span class='ocrx_word' id='word_1_221' title='bbox 851 2858 906 2907; x_wconf 91' lang='lat' dir='ltr'>et</span> <span class='ocrx_word' id='word_1_222' title='bbox 959 2853 1103 2909; x_wconf 83' lang='lat' dir='ltr'>Novi</span> <span class='ocrx_word' id='word_1_223' title='bbox 1170 2854 1536 2908; x_wconf 88' lang='lat' dir='ltr'>Testamenti.</span> <span class='ocrx_word' id='word_1_224' title='bbox 1601 2856 1665 2908; x_wconf 83' lang='lat' dir='ltr'>Et</span> <span class='ocrx_word' id='word_1_225' title='bbox 1719 2855 2038 2908; x_wconf 87' lang='lat' dir='ltr'>notandum</span> 
     </span>
    </p>
   </div>
   <div class='ocr_carea' id='block_1_33' title="bbox 2160 471 3852 546">
    <p class='ocr_par' dir='ltr' id='par_1_33' title="bbox 2160 471 3852 546">
     <span class='ocr_line' id='line_1_33' title="bbox 2160 471 3852 546; baseline 0.005 -21"><span class='ocrx_word' id='word_1_226' title='bbox 2160 472 2326 525; x_wconf 87' lang='lat' dir='ltr'>dibus</span> <span class='ocrx_word' id='word_1_227' title='bbox 2365 473 2676 542; x_wconf 88' lang='lat' dir='ltr'>avibusque</span> <span class='ocrx_word' id='word_1_228' title='bbox 2725 471 2892 526; x_wconf 64' lang='lat' dir='ltr'>fastus</span> <span class='ocrx_word' id='word_1_229' title='bbox 2942 473 3146 544; x_wconf 86' lang='lat' dir='ltr'>diligit,</span> <span class='ocrx_word' id='word_1_230' title='bbox 3179 479 3243 527; x_wconf 90' lang='lat' dir='ltr'>ut</span> <span class='ocrx_word' id='word_1_231' title='bbox 3273 474 3435 529; x_wconf 89' lang='lat' dir='ltr'>aiunt</span> <span class='ocrx_word' id='word_1_232' title='bbox 3473 477 3571 546; x_wconf 91' lang='lat' dir='ltr'>qui</span> <span class='ocrx_word' id='word_1_233' title='bbox 3603 477 3672 531; x_wconf 92' lang='lat' dir='ltr'>de</span> <span class='ocrx_word' id='word_1_234' title='bbox 3728 480 3852 533; x_wconf 88' lang='lat' dir='ltr'>ani-</span> 
     </span>
    </p>
   </div>
   <div class='ocr_carea' id='block_1_34' title="bbox 2159 560 3027 630">
    <p class='ocr_par' dir='ltr' id='par_1_34' title="bbox 2159 560 3027 630">
     <span class='ocr_line' id='line_1_34' title="bbox 2159 560 3027 630; baseline 0.001 -17"><span class='ocrx_word' id='word_1_235' title='bbox 2159 560 2441 613; x_wconf 89' lang='lat' dir='ltr'>mantium</span> <span class='ocrx_word' id='word_1_236' title='bbox 2474 560 2754 630; x_wconf 90' lang='lat' dir='ltr'>scripsere</span> <span class='ocrx_word' id='word_1_237' title='bbox 2785 560 3027 615; x_wconf 88' lang='lat' dir='ltr'>naturis.</span> 
     </span>
    </p>
   </div>
   <div class='ocr_carea' id='block_1_35' title="bbox 2228 648 3856 719">
    <p class='ocr_par' dir='ltr' id='par_1_35' title="bbox 2228 648 3856 719">
     <span class='ocr_line' id='line_1_35' title="bbox 2228 648 3856 719; baseline 0.004 -18"><span class='ocrx_word' id='word_1_238' title='bbox 2228 648 2387 702; x_wconf 79' lang='lat' dir='ltr'>Vens.</span> <span class='ocrx_word' id='word_1_239' title='bbox 2427 649 2508 701; x_wconf 66' lang='lat'>14.</span> <span class='ocrx_word' id='word_1_240' title='bbox 2542 678 2610 687; x_wconf 92' lang='lat'>-—</span> <span class='ocrx_word' id='word_1_241' title='bbox 2637 648 2928 714; x_wconf 85' lang='lat' dir='ltr'>Videbilis,</span> <span class='ocrx_word' id='word_1_242' title='bbox 2963 665 2995 702; x_wconf 93' lang='grc' dir='ltr'>ο</span> <span class='ocrx_word' id='word_1_243' title='bbox 3026 648 3288 719; x_wconf 89' lang='lat' dir='ltr'>apostoli,</span> <span class='ocrx_word' id='word_1_244' title='bbox 3320 650 3750 707; x_wconf 88' lang='lat' dir='ltr'>multitudinem</span> <span class='ocrx_word' id='word_1_245' title='bbox 3776 656 3856 708; x_wconf 91' lang='lat' dir='ltr'>vi-</span> 
     </span>
    </p>
   </div>
   <div class='ocr_carea' id='block_1_36' title="bbox 2157 736 3852 805">
    <p class='ocr_par' dir='ltr' id='par_1_36' title="bbox 2157 736 3852 805">
     <span class='ocr_line' id='line_1_36' title="bbox 2157 736 3852 805; baseline 0.005 -17"><span class='ocrx_word' id='word_1_246' title='bbox 2157 736 2411 789; x_wconf 88' lang='lat' dir='ltr'>ventium</span> <span class='ocrx_word' id='word_1_247' title='bbox 2434 736 2501 789; x_wconf 88' lang='lat' dir='ltr'>ad</span> <span class='ocrx_word' id='word_1_248' title='bbox 2531 736 2723 791; x_wconf 82' lang='lat' dir='ltr'>ﬁdem.</span> <span class='ocrx_word' id='word_1_249' title='bbox 2758 737 2835 791; x_wconf 88' lang='lat' dir='ltr'>Et</span> <span class='ocrx_word' id='word_1_250' title='bbox 2855 737 3110 805; x_wconf 80' lang='lat' dir='ltr'>gaudebit</span> <span class='ocrx_word' id='word_1_251' title='bbox 3131 753 3219 792; x_wconf 87' lang='lat' dir='ltr'>cor</span> <span class='ocrx_word' id='word_1_252' title='bbox 3242 742 3478 793; x_wconf 83' lang='lat' dir='ltr'>vestrum</span> <span class='ocrx_word' id='word_1_253' title='bbox 3495 740 3562 793; x_wconf 91' lang='lat' dir='ltr'>de</span> <span class='ocrx_word' id='word_1_254' title='bbox 3580 742 3764 795; x_wconf 92' lang='lat' dir='ltr'>salute</span> <span class='ocrx_word' id='word_1_255' title='bbox 3783 742 3852 795; x_wconf 89' lang='lat' dir='ltr'>il-</span> 
     </span>
    </p>
   </div>
   <div class='ocr_carea' id='block_1_37' title="bbox 2156 823 3849 894">
    <p class='ocr_par' dir='ltr' id='par_1_37' title="bbox 2156 823 3849 894">
     <span class='ocr_line' id='line_1_37' title="bbox 2156 823 3849 894; baseline 0.004 -18"><span class='ocrx_word' id='word_1_256' title='bbox 2156 823 2426 889; x_wconf 88' lang='lat' dir='ltr'>lorum,et</span> <span class='ocrx_word' id='word_1_257' title='bbox 2440 838 2559 877; x_wconf 89' lang='lat' dir='ltr'>ossa</span> <span class='ocrx_word' id='word_1_258' title='bbox 2583 830 2783 887; x_wconf 86' lang='lat' dir='ltr'>vestra,</span> <span class='ocrx_word' id='word_1_259' title='bbox 2806 824 3064 889; x_wconf 86' lang='lat' dir='ltr'>virtutes,</span> <span class='ocrx_word' id='word_1_260' title='bbox 3080 825 3490 894; x_wconf 90' lang='lat' dir='ltr'>germinabunt</span> <span class='ocrx_word' id='word_1_261' title='bbox 3517 826 3575 881; x_wconf 92' lang='lat' dir='ltr'>in</span> <span class='ocrx_word' id='word_1_262' title='bbox 3598 828 3849 883; x_wconf 88' lang='lat' dir='ltr'>aliorum</span> 
     </span>
    </p>
   </div>
   <div class='ocr_carea' id='block_1_38' title="bbox 2155 911 3851 984">
    <p class='ocr_par' dir='ltr' id='par_1_38' title="bbox 2155 911 3851 984">
     <span class='ocr_line' id='line_1_38' title="bbox 2155 911 3851 984; baseline 0.005 -21"><span class='ocrx_word' id='word_1_263' title='bbox 2155 911 2679 979; x_wconf 86' lang='lat' dir='ltr'>cordibus,fructus</span> <span class='ocrx_word' id='word_1_264' title='bbox 2704 912 2873 966; x_wconf 70' lang='lat' dir='ltr'>bonae</span> <span class='ocrx_word' id='word_1_265' title='bbox 2896 911 3203 966; x_wconf 79' lang='lat' dir='ltr'>voluntatis</span> <span class='ocrx_word' id='word_1_266' title='bbox 3234 917 3290 967; x_wconf 90' lang='lat' dir='ltr'>et</span> <span class='ocrx_word' id='word_1_267' title='bbox 3337 914 3703 984; x_wconf 87' lang='lat' dir='ltr'>operationis.</span> <span class='ocrx_word' id='word_1_268' title='bbox 3757 917 3851 971; x_wconf 92' lang='lat' dir='ltr'>Si-</span> 
     </span>
    </p>
   </div>
   <div class='ocr_carea' id='block_1_39' title="bbox 2153 1000 3852 1071">
    <p class='ocr_par' dir='ltr' id='par_1_39' title="bbox 2153 1000 3852 1071">
     <span class='ocr_line' id='line_1_39' title="bbox 2153 1000 3852 1071; baseline 0.004 -20"><span class='ocrx_word' id='word_1_269' title='bbox 2153 1004 2250 1053; x_wconf 89' lang='lat' dir='ltr'>cut</span> <span class='ocrx_word' id='word_1_270' title='bbox 2283 1000 2437 1053; x_wconf 90' lang='lat' dir='ltr'>enim</span> <span class='ocrx_word' id='word_1_271' title='bbox 2467 1017 2672 1071; x_wconf 89' lang='lat' dir='ltr'>corpus</span> <span class='ocrx_word' id='word_1_272' title='bbox 2715 1000 2959 1067; x_wconf 90' lang='lat' dir='ltr'>ossibus,</span> <span class='ocrx_word' id='word_1_273' title='bbox 3001 1001 3080 1054; x_wconf 89' lang='lat' dir='ltr'>ita</span> <span class='ocrx_word' id='word_1_274' title='bbox 3102 1001 3295 1055; x_wconf 88' lang='lat' dir='ltr'>anima</span> <span class='ocrx_word' id='word_1_275' title='bbox 3325 1007 3678 1057; x_wconf 86' lang='lat' dir='ltr'>sustentatur</span> <span class='ocrx_word' id='word_1_276' title='bbox 3737 1004 3852 1059; x_wconf 90' lang='lat' dir='ltr'>vir-</span> 
     </span>
    </p>
   </div>
   <div class='ocr_carea' id='block_1_40' title="bbox 2154 1087 3854 1161">
    <p class='ocr_par' dir='ltr' id='par_1_40' title="bbox 2154 1087 3854 1161">
     <span class='ocr_line' id='line_1_40' title="bbox 2154 1087 3854 1161; baseline 0.004 -20"><span class='ocrx_word' id='word_1_277' title='bbox 2154 1087 2389 1143; x_wconf 88' lang='lat' dir='ltr'>tutibus.</span> <span class='ocrx_word' id='word_1_278' title='bbox 2424 1092 2495 1143; x_wconf 86' lang='lat' dir='ltr'>Et</span> <span class='ocrx_word' id='word_1_279' title='bbox 2523 1105 2643 1144; x_wconf 90' lang='lat' dir='ltr'>ossa</span> <span class='ocrx_word' id='word_1_280' title='bbox 2672 1095 2871 1145; x_wconf 75' lang='lat' dir='ltr'>vestra.</span> <span class='ocrx_word' id='word_1_281' title='bbox 2898 1091 2959 1143; x_wconf 88' lang='lat' dir='ltr'>In</span> <span class='ocrx_word' id='word_1_282' title='bbox 2989 1089 3080 1143; x_wconf 91' lang='lat' dir='ltr'>die</span> <span class='ocrx_word' id='word_1_283' title='bbox 3116 1087 3321 1159; x_wconf 88' lang='lat' dir='ltr'>judicii</span> <span class='ocrx_word' id='word_1_284' title='bbox 3370 1107 3615 1161; x_wconf 89' lang='lat' dir='ltr'>corpora</span> <span class='ocrx_word' id='word_1_285' title='bbox 3664 1100 3854 1148; x_wconf 87' lang='lat' dir='ltr'>vestra</span> 
     </span>
    </p>
   </div>
   <div class='ocr_carea' id='block_1_41' title="bbox 2153 1175 3854 1248">
    <p class='ocr_par' dir='ltr' id='par_1_41' title="bbox 2153 1175 3854 1248">
     <span class='ocr_line' id='line_1_41' title="bbox 2153 1175 3854 1248; baseline 0.004 -21"><span class='ocrx_word' id='word_1_286' title='bbox 2153 1175 2488 1230; x_wconf 87' lang='lat' dir='ltr'>reviviscent</span> <span class='ocrx_word' id='word_1_287' title='bbox 2549 1176 2607 1230; x_wconf 90' lang='lat' dir='ltr'>in</span> <span class='ocrx_word' id='word_1_288' title='bbox 2662 1176 3108 1244; x_wconf 88' lang='lat' dir='ltr'>immortalitate,</span> <span class='ocrx_word' id='word_1_289' title='bbox 3175 1182 3236 1230; x_wconf 91' lang='lat' dir='ltr'>ut</span> <span class='ocrx_word' id='word_1_290' title='bbox 3293 1178 3438 1231; x_wconf 91' lang='lat' dir='ltr'>sicut</span> <span class='ocrx_word' id='word_1_291' title='bbox 3499 1194 3737 1248; x_wconf 91' lang='lat' dir='ltr'>corpore</span> <span class='ocrx_word' id='word_1_292' title='bbox 3798 1185 3854 1233; x_wconf 90' lang='lat' dir='ltr'>et</span> 
     </span>
    </p>
   </div>
   <div class='ocr_carea' id='block_1_42' title="bbox 2152 1264 3853 1336">
    <p class='ocr_par' dir='ltr' id='par_1_42' title="bbox 2152 1264 3853 1336">
     <span class='ocr_line' id='line_1_42' title="bbox 2152 1264 3853 1336; baseline 0.002 -19"><span class='ocrx_word' id='word_1_293' title='bbox 2152 1264 2346 1317; x_wconf 90' lang='lat' dir='ltr'>anima</span> <span class='ocrx_word' id='word_1_294' title='bbox 2383 1269 2440 1318; x_wconf 88' lang='lat' dir='ltr'>in</span> <span class='ocrx_word' id='word_1_295' title='bbox 2498 1266 2769 1335; x_wconf 65' lang='lat' dir='ltr'>praesenti</span> <span class='ocrx_word' id='word_1_296' title='bbox 2802 1266 2914 1319; x_wconf 88' lang='lat' dir='ltr'>vita</span> <span class='ocrx_word' id='word_1_297' title='bbox 2976 1266 3087 1318; x_wconf 91' lang='lat' dir='ltr'>Deo</span> <span class='ocrx_word' id='word_1_298' title='bbox 3134 1264 3459 1334; x_wconf 88' lang='lat' dir='ltr'>servivistis,</span> <span class='ocrx_word' id='word_1_299' title='bbox 3491 1265 3570 1319; x_wconf 90' lang='lat' dir='ltr'>sic</span> <span class='ocrx_word' id='word_1_300' title='bbox 3618 1282 3853 1336; x_wconf 90' lang='lat' dir='ltr'>corpore</span> 
     </span>
    </p>
   </div>
   <div class='ocr_carea' id='block_1_43' title="bbox 2154 1352 3849 1425">
    <p class='ocr_par' dir='ltr' id='par_1_43' title="bbox 2154 1352 3849 1425">
     <span class='ocr_line' id='line_1_43' title="bbox 2154 1352 3849 1425; baseline 0.002 -20"><span class='ocrx_word' id='word_1_301' title='bbox 2154 1357 2209 1406; x_wconf 87' lang='lat' dir='ltr'>et</span> <span class='ocrx_word' id='word_1_302' title='bbox 2234 1352 2425 1408; x_wconf 87' lang='lat' dir='ltr'>anima</span> <span class='ocrx_word' id='word_1_303' title='bbox 2451 1353 2689 1423; x_wconf 68' lang='lat' dir='ltr'>praemia</span> <span class='ocrx_word' id='word_1_304' title='bbox 2741 1353 3046 1422; x_wconf 87' lang='lat' dir='ltr'>recipiatis.</span> <span class='ocrx_word' id='word_1_305' title='bbox 3109 1355 3493 1424; x_wconf 84' lang='lat' dir='ltr'>Cognoscetur.</span> <span class='ocrx_word' id='word_1_306' title='bbox 3531 1356 3595 1408; x_wconf 89' lang='lat' dir='ltr'>In</span> <span class='ocrx_word' id='word_1_307' title='bbox 3628 1355 3849 1425; x_wconf 90' lang='lat' dir='ltr'>judicio</span> 
     </span>
    </p>
   </div>
   <div class='ocr_carea' id='block_1_44' title="bbox 2153 1440 3849 1512">
    <p class='ocr_par' dir='ltr' id='par_1_44' title="bbox 2153 1440 3849 1512">
     <span class='ocr_line' id='line_1_44' title="bbox 2153 1440 3849 1512; baseline 0.003 -21"><span class='ocrx_word' id='word_1_308' title='bbox 2153 1440 2367 1495; x_wconf 83' lang='lat' dir='ltr'>scilicet</span> <span class='ocrx_word' id='word_1_309' title='bbox 2392 1441 2555 1495; x_wconf 90' lang='lat' dir='ltr'>bonis</span> <span class='ocrx_word' id='word_1_310' title='bbox 2586 1442 2772 1495; x_wconf 89' lang='lat' dir='ltr'>suavis</span> <span class='ocrx_word' id='word_1_311' title='bbox 2805 1448 2856 1496; x_wconf 92' lang='lat' dir='ltr'>et</span> <span class='ocrx_word' id='word_1_312' title='bbox 2890 1442 3080 1508; x_wconf 90' lang='lat' dir='ltr'>mitis;</span> <span class='ocrx_word' id='word_1_313' title='bbox 3114 1440 3308 1512; x_wconf 89' lang='lat' dir='ltr'>impiis</span> <span class='ocrx_word' id='word_1_314' title='bbox 3359 1443 3527 1509; x_wconf 87' lang='lat' dir='ltr'>ultor,</span> <span class='ocrx_word' id='word_1_315' title='bbox 3584 1448 3639 1497; x_wconf 88' lang='lat' dir='ltr'>et</span> <span class='ocrx_word' id='word_1_316' title='bbox 3685 1443 3849 1497; x_wconf 84' lang='lat' dir='ltr'>fortis</span> 
     </span>
    </p>
   </div>
   <div class='ocr_carea' id='block_1_45' title="bbox 2153 1529 3847 1602">
    <p class='ocr_par' dir='ltr' id='par_1_45' title="bbox 2153 1529 3847 1602">
     <span class='ocr_line' id='line_1_45' title="bbox 2153 1529 3847 1602; baseline 0.002 -20"><span class='ocrx_word' id='word_1_317' title='bbox 2153 1534 2525 1598; x_wconf 82' lang='lat' dir='ltr'>cognoscatur</span> <span class='ocrx_word' id='word_1_318' title='bbox 2547 1531 2740 1599; x_wconf 80' lang='lat' dir='ltr'>Filius,</span> <span class='ocrx_word' id='word_1_319' title='bbox 2775 1531 2874 1602; x_wconf 91' lang='lat' dir='ltr'>qui</span> <span class='ocrx_word' id='word_1_320' title='bbox 2908 1529 3086 1585; x_wconf 88' lang='lat' dir='ltr'>Patris</span> <span class='ocrx_word' id='word_1_321' title='bbox 3120 1546 3321 1583; x_wconf 89' lang='lat' dir='ltr'>manus</span> <span class='ocrx_word' id='word_1_322' title='bbox 3359 1535 3464 1597; x_wconf 90' lang='lat' dir='ltr'>est,</span> <span class='ocrx_word' id='word_1_323' title='bbox 3522 1547 3627 1601; x_wconf 89' lang='lat' dir='ltr'>per</span> <span class='ocrx_word' id='word_1_324' title='bbox 3673 1546 3847 1601; x_wconf 87' lang='lat' dir='ltr'>quem</span> 
     </span>
    </p>
   </div>
   <div class='ocr_carea' id='block_1_46' title="bbox 2155 1618 2669 1688">
    <p class='ocr_par' dir='ltr' id='par_1_46' title="bbox 2155 1618 2669 1688">
     <span class='ocr_line' id='line_1_46' title="bbox 2155 1618 2669 1688; baseline 0.004 -18"><span class='ocrx_word' id='word_1_325' title='bbox 2155 1618 2350 1671; x_wconf 87' lang='lat' dir='ltr'>omnia</span> <span class='ocrx_word' id='word_1_326' title='bbox 2382 1624 2669 1688; x_wconf 89' lang='lat' dir='ltr'>operatur.</span> 
     </span>
    </p>
   </div>
   <div class='ocr_carea' id='block_1_47' title="bbox 2228 1706 3848 1779">
    <p class='ocr_par' dir='ltr' id='par_1_47' title="bbox 2228 1706 3848 1779">
     <span class='ocr_line' id='line_1_47' title="bbox 2228 1706 3848 1779; baseline 0.002 -21"><span class='ocrx_word' id='word_1_327' title='bbox 2228 1707 2383 1760; x_wconf 79' lang='lat' dir='ltr'>Vens.</span> <span class='ocrx_word' id='word_1_328' title='bbox 2424 1709 2505 1759; x_wconf 82' lang='lat'>16.</span> <span class='ocrx_word' id='word_1_329' title='bbox 2539 1737 2608 1748; x_wconf 95' lang='lat'><strong><em>—</em></strong></span> <span class='ocrx_word' id='word_1_330' title='bbox 2641 1708 2708 1760; x_wconf 83' lang='lat' dir='ltr'>In</span> <span class='ocrx_word' id='word_1_331' title='bbox 2739 1710 2879 1773; x_wconf 86' lang='lat' dir='ltr'>igne.</span> <span class='ocrx_word' id='word_1_332' title='bbox 2906 1706 3011 1771; x_wconf 87' lang='lat' dir='ltr'>Qui</span> <span class='ocrx_word' id='word_1_333' title='bbox 3043 1712 3288 1761; x_wconf 64' lang='lat' dir='ltr'>aeternus</span> <span class='ocrx_word' id='word_1_334' title='bbox 3320 1707 3428 1761; x_wconf 91' lang='lat' dir='ltr'>erit</span> <span class='ocrx_word' id='word_1_335' title='bbox 3479 1708 3646 1762; x_wconf 84' lang='lat' dir='ltr'>malis</span> <span class='ocrx_word' id='word_1_336' title='bbox 3703 1725 3848 1779; x_wconf 90' lang='lat' dir='ltr'>quos</span> 
     </span>
    </p>
   </div>
   <div class='ocr_carea' id='block_1_48' title="bbox 2153 1794 3847 1867">
    <p class='ocr_par' dir='ltr' id='par_1_48' title="bbox 2153 1794 3847 1867">
     <span class='ocr_line' id='line_1_48' title="bbox 2153 1794 3847 1867; baseline 0.002 -20"><span class='ocrx_word' id='word_1_337' title='bbox 2153 1794 2419 1862; x_wconf 89' lang='lat' dir='ltr'>involvet,</span> <span class='ocrx_word' id='word_1_338' title='bbox 2454 1799 2508 1848; x_wconf 91' lang='lat' dir='ltr'>et</span> <span class='ocrx_word' id='word_1_339' title='bbox 2526 1795 2771 1849; x_wconf 84' lang='lat' dir='ltr'>adducet</span> <span class='ocrx_word' id='word_1_340' title='bbox 2797 1795 2867 1849; x_wconf 90' lang='lat' dir='ltr'>ad</span> <span class='ocrx_word' id='word_1_341' title='bbox 2889 1796 3233 1865; x_wconf 88' lang='lat' dir='ltr'>supplicium</span> <span class='ocrx_word' id='word_1_342' title='bbox 3263 1801 3543 1849; x_wconf 66' lang='lat' dir='ltr'>aeternum</span> <span class='ocrx_word' id='word_1_343' title='bbox 3567 1813 3679 1866; x_wconf 92' lang='lat' dir='ltr'>quo</span> <span class='ocrx_word' id='word_1_344' title='bbox 3701 1813 3847 1867; x_wconf 86' lang='lat' dir='ltr'>pur-</span> 
     </span>
    </p>
   </div>
   <div class='ocr_carea' id='block_1_49' title="bbox 2152 1882 3845 1954">
    <p class='ocr_par' dir='ltr' id='par_1_49' title="bbox 2152 1882 3845 1954">
     <span class='ocr_line' id='line_1_49' title="bbox 2152 1882 3845 1954; baseline 0.002 -19"><span class='ocrx_word' id='word_1_345' title='bbox 2152 1882 2381 1952; x_wconf 88' lang='lat' dir='ltr'>gabitur</span> <span class='ocrx_word' id='word_1_346' title='bbox 2410 1882 2549 1954; x_wconf 91' lang='lat' dir='ltr'>quid</span> <span class='ocrx_word' id='word_1_347' title='bbox 2608 1884 2668 1937; x_wconf 90' lang='lat' dir='ltr'>in</span> <span class='ocrx_word' id='word_1_348' title='bbox 2718 1883 2884 1937; x_wconf 90' lang='lat' dir='ltr'>bonis</span> <span class='ocrx_word' id='word_1_349' title='bbox 2944 1884 3051 1936; x_wconf 83' lang='lat' dir='ltr'>erit</span> <span class='ocrx_word' id='word_1_350' title='bbox 3106 1886 3491 1954; x_wconf 89' lang='lat' dir='ltr'>purgandum.</span> <span class='ocrx_word' id='word_1_351' title='bbox 3553 1885 3845 1951; x_wconf 67' lang='lat' dir='ltr'>Quadrigae</span> 
     </span>
    </p>
   </div>
   <div class='ocr_carea' id='block_1_50' title="bbox 2152 1970 3843 2042">
    <p class='ocr_par' dir='ltr' id='par_1_50' title="bbox 2152 1970 3843 2042">
     <span class='ocr_line' id='line_1_50' title="bbox 2152 1970 3843 2042; baseline 0.001 -17"><span class='ocrx_word' id='word_1_352' title='bbox 2152 1974 2285 2042; x_wconf 86' lang='lat' dir='ltr'>ejus.</span> <span class='ocrx_word' id='word_1_353' title='bbox 2313 1970 2543 2037; x_wconf 86' lang='lat' dir='ltr'>Currus,</span> <span class='ocrx_word' id='word_1_354' title='bbox 2572 1971 2708 2041; x_wconf 86' lang='lat' dir='ltr'>quia</span> <span class='ocrx_word' id='word_1_355' title='bbox 2736 1977 2871 2024; x_wconf 90' lang='lat' dir='ltr'>tunc</span> <span class='ocrx_word' id='word_1_356' title='bbox 2894 1971 3374 2041; x_wconf 87' lang='lat' dir='ltr'>triumphaturus,</span> <span class='ocrx_word' id='word_1_357' title='bbox 3410 1977 3464 2025; x_wconf 88' lang='lat' dir='ltr'>et</span> <span class='ocrx_word' id='word_1_358' title='bbox 3519 1990 3717 2027; x_wconf 88' lang='lat' dir='ltr'>omnes</span> <span class='ocrx_word' id='word_1_359' title='bbox 3743 1975 3843 2027; x_wconf 88' lang='lat' dir='ltr'>ad-</span> 
     </span>
    </p>
   </div>
   <div class='ocr_carea' id='block_1_51' title="bbox 2152 2059 3842 2131">
    <p class='ocr_par' dir='ltr' id='par_1_51' title="bbox 2152 2059 3842 2131">
     <span class='ocr_line' id='line_1_51' title="bbox 2152 2059 3842 2131; baseline 0.001 -18"><span class='ocrx_word' id='word_1_360' title='bbox 2152 2059 2428 2113; x_wconf 89' lang='lat' dir='ltr'>versarios</span> <span class='ocrx_word' id='word_1_361' title='bbox 2455 2060 2878 2114; x_wconf 86' lang='lat' dir='ltr'>debellaturus:</span> <span class='ocrx_word' id='word_1_362' title='bbox 2922 2076 3041 2114; x_wconf 91' lang='lat' dir='ltr'>non</span> <span class='ocrx_word' id='word_1_363' title='bbox 3091 2060 3247 2131; x_wconf 90' lang='lat' dir='ltr'>quod</span> <span class='ocrx_word' id='word_1_364' title='bbox 3305 2066 3469 2131; x_wconf 85' lang='lat' dir='ltr'>egeat</span> <span class='ocrx_word' id='word_1_365' title='bbox 3523 2061 3842 2116; x_wconf 91' lang='lat' dir='ltr'>ministerio</span> 
     </span>
    </p>
   </div>
   <div class='ocr_carea' id='block_1_52' title="bbox 2151 2149 2509 2220">
    <p class='ocr_par' dir='ltr' id='par_1_52' title="bbox 2151 2149 2509 2220">
     <span class='ocr_line' id='line_1_52' title="bbox 2151 2149 2509 2220; baseline -0.003 -17"><span class='ocrx_word' id='word_1_366' title='bbox 2151 2149 2509 2220; x_wconf 87' lang='lat' dir='ltr'>angelorum.</span> 
     </span>
    </p>
   </div>
   <div class='ocr_carea' id='block_1_53' title="bbox 2220 2236 3841 2308">
    <p class='ocr_par' dir='ltr' id='par_1_53' title="bbox 2220 2236 3841 2308">
     <span class='ocr_line' id='line_1_53' title="bbox 2220 2236 3841 2308; baseline 0 -18"><span class='ocrx_word' id='word_1_367' title='bbox 2220 2237 2293 2290; x_wconf 90' lang='lat' dir='ltr'>In</span> <span class='ocrx_word' id='word_1_368' title='bbox 2332 2240 2454 2304; x_wconf 84' lang='lat' dir='ltr'>igne</span> <span class='ocrx_word' id='word_1_369' title='bbox 2484 2238 2761 2291; x_wconf 80' lang='lat' dir='ltr'>Dominus.</span> <span class='ocrx_word' id='word_1_370' title='bbox 2810 2237 2871 2291; x_wconf 92' lang='lat' dir='ltr'>In</span> <span class='ocrx_word' id='word_1_371' title='bbox 2916 2236 3150 2307; x_wconf 85' lang='lat' dir='ltr'>judicio.</span> <span class='ocrx_word' id='word_1_372' title='bbox 3216 2238 3336 2306; x_wconf 89' lang='lat' dir='ltr'>Vel,</span> <span class='ocrx_word' id='word_1_373' title='bbox 3401 2237 3665 2291; x_wconf 91' lang='lat' dir='ltr'>discretio</span> <span class='ocrx_word' id='word_1_374' title='bbox 3719 2239 3841 2308; x_wconf 83' lang='lat' dir='ltr'>ejus</span> 
     </span>
    </p>
   </div>
   <div class='ocr_carea' id='block_1_54' title="bbox 2151 2326 3844 2396">
    <p class='ocr_par' dir='ltr' id='par_1_54' title="bbox 2151 2326 3844 2396">
     <span class='ocr_line' id='line_1_54' title="bbox 2151 2326 3844 2396; baseline 0.001 -16"><span class='ocrx_word' id='word_1_375' title='bbox 2151 2329 2206 2380; x_wconf 87' lang='lat' dir='ltr'>et</span> <span class='ocrx_word' id='word_1_376' title='bbox 2250 2327 2474 2396; x_wconf 87' lang='lat' dir='ltr'>justitia</span> <span class='ocrx_word' id='word_1_377' title='bbox 2522 2331 2895 2393; x_wconf 85' lang='lat' dir='ltr'>monstratur,</span> <span class='ocrx_word' id='word_1_378' title='bbox 2928 2327 3064 2379; x_wconf 92' lang='lat' dir='ltr'>dum</span> <span class='ocrx_word' id='word_1_379' title='bbox 3116 2326 3296 2380; x_wconf 91' lang='lat' dir='ltr'>bonos</span> <span class='ocrx_word' id='word_1_380' title='bbox 3328 2344 3359 2380; x_wconf 89' lang='lat' dir='ltr'>a</span> <span class='ocrx_word' id='word_1_381' title='bbox 3411 2328 3575 2379; x_wconf 87' lang='lat' dir='ltr'>malis</span> <span class='ocrx_word' id='word_1_382' title='bbox 3641 2328 3844 2382; x_wconf 71' lang='lat' dir='ltr'>dividit</span> 
     </span>
    </p>
   </div>
   <div class='ocr_carea' id='block_1_55' title="bbox 2144 2414 3845 2485">
    <p class='ocr_par' dir='ltr' id='par_1_55' title="bbox 2144 2414 3845 2485">
     <span class='ocr_line' id='line_1_55' title="bbox 2144 2414 3845 2485; baseline 0.001 -17"><span class='ocrx_word' id='word_1_383' title='bbox 2144 2416 2300 2485; x_wconf 87' lang='lat' dir='ltr'>justo</span> <span class='ocrx_word' id='word_1_384' title='bbox 2371 2414 2609 2484; x_wconf 90' lang='lat' dir='ltr'>judicio,</span> <span class='ocrx_word' id='word_1_385' title='bbox 2670 2431 2784 2468; x_wconf 92' lang='lat' dir='ltr'>non</span> <span class='ocrx_word' id='word_1_386' title='bbox 2838 2414 3113 2485; x_wconf 89' lang='lat' dir='ltr'>potentia.</span> <span class='ocrx_word' id='word_1_387' title='bbox 3176 2416 3387 2471; x_wconf 85' lang='lat' dir='ltr'>Gladio.</span> <span class='ocrx_word' id='word_1_388' title='bbox 3447 2416 3649 2485; x_wconf 71' lang='grc' dir='ltr'>(Ηιειι.)</span> <span class='ocrx_word' id='word_1_389' title='bbox 3700 2416 3845 2469; x_wconf 86' lang='lat' dir='ltr'>Sen-</span> 
     </span>
    </p>
   </div>
   <div class='ocr_carea' id='block_1_56' title="bbox 2149 2502 3845 2571">
    <p class='ocr_par' dir='ltr' id='par_1_56' title="bbox 2149 2502 3845 2571">
     <span class='ocr_line' id='line_1_56' title="bbox 2149 2502 3845 2571; baseline -0.001 -15"><span class='ocrx_word' id='word_1_390' title='bbox 2149 2503 2376 2556; x_wconf 84' lang='lat' dir='ltr'>tentia:</span> <span class='ocrx_word' id='word_1_391' title='bbox 2435 2502 2589 2555; x_wconf 90' lang='lat' dir='ltr'>unde</span> <span class='ocrx_word' id='word_1_392' title='bbox 2667 2504 2858 2569; x_wconf 78' lang='lat' dir='ltr'>Amos,</span> <span class='ocrx_word' id='word_1_393' title='bbox 2916 2502 3109 2557; x_wconf 86' lang='lat' dir='ltr'>Gladio</span> <span class='ocrx_word' id='word_1_394' title='bbox 3177 2504 3281 2555; x_wconf 86' lang='lat' dir='ltr'>Dei</span> <span class='ocrx_word' id='word_1_395' title='bbox 3338 2503 3594 2571; x_wconf 79' lang='lat' dir='ltr'>peribunt</span> <span class='ocrx_word' id='word_1_396' title='bbox 3666 2518 3845 2556; x_wconf 84' lang='lat' dir='ltr'>omnes</span> 
     </span>
    </p>
   </div>
   <div class='ocr_carea' id='block_1_57' title="bbox 2150 2590 3844 2661">
    <p class='ocr_par' dir='ltr' id='par_1_57' title="bbox 2150 2590 3844 2661">
     <span class='ocr_line' id='line_1_57' title="bbox 2150 2590 3844 2661; baseline -0.001 -16"><span class='ocrx_word' id='word_1_397' title='bbox 2150 2597 2470 2661; x_wconf 81' lang='lat' dir='ltr'>peccatores,</span> <span class='ocrx_word' id='word_1_398' title='bbox 2504 2596 2608 2644; x_wconf 89' lang='lat' dir='ltr'>etc.</span> <span class='ocrx_word' id='word_1_399' title='bbox 2643 2591 2849 2660; x_wconf 82' lang='lat' dir='ltr'>(Amos.</span> <span class='ocrx_word' id='word_1_400' title='bbox 2882 2594 2978 2661; x_wconf 79' lang='lat' dir='ltr'>ix).</span> <span class='ocrx_word' id='word_1_401' title='bbox 3012 2592 3156 2644; x_wconf 90' lang='lat' dir='ltr'>Dum</span> <span class='ocrx_word' id='word_1_402' title='bbox 3179 2590 3332 2644; x_wconf 90' lang='lat' dir='ltr'>enim</span> <span class='ocrx_word' id='word_1_403' title='bbox 3370 2590 3569 2644; x_wconf 88' lang='lat' dir='ltr'>reddet</span> <span class='ocrx_word' id='word_1_404' title='bbox 3611 2591 3844 2644; x_wconf 82' lang='lat' dir='ltr'>unicui-</span> 
     </span>
    </p>
   </div>
   <div class='ocr_carea' id='block_1_58' title="bbox 2151 2678 3841 2751">
    <p class='ocr_par' dir='ltr' id='par_1_58' title="bbox 2151 2678 3841 2751">
     <span class='ocr_line' id='line_1_58' title="bbox 2151 2678 3841 2751; baseline 0.001 -19"><span class='ocrx_word' id='word_1_405' title='bbox 2151 2696 2261 2751; x_wconf 85' lang='lat' dir='ltr'>que</span> <span class='ocrx_word' id='word_1_406' title='bbox 2291 2679 2441 2750; x_wconf 90' lang='lat' dir='ltr'>quod</span> <span class='ocrx_word' id='word_1_407' title='bbox 2477 2686 2747 2741; x_wconf 88' lang='lat' dir='ltr'>meretur,</span> <span class='ocrx_word' id='word_1_408' title='bbox 2780 2694 2979 2732; x_wconf 92' lang='lat' dir='ltr'>omnes</span> <span class='ocrx_word' id='word_1_409' title='bbox 3009 2682 3356 2749; x_wconf 77' lang='lat' dir='ltr'>cognoscent</span> <span class='ocrx_word' id='word_1_410' title='bbox 3406 2678 3569 2732; x_wconf 90' lang='lat' dir='ltr'>illum</span> <span class='ocrx_word' id='word_1_411' title='bbox 3617 2678 3841 2749; x_wconf 89' lang='lat' dir='ltr'>justum</span> 
     </span>
    </p>
   </div>
   <div class='ocr_carea' id='block_1_59' title="bbox 2144 2766 3324 2837">
    <p class='ocr_par' dir='ltr' id='par_1_59' title="bbox 2144 2766 3324 2837">
     <span class='ocr_line' id='line_1_59' title="bbox 2144 2766 3324 2837; baseline -0.002 -16"><span class='ocrx_word' id='word_1_412' title='bbox 2144 2767 2419 2837; x_wconf 92' lang='lat' dir='ltr'>judicem,</span> <span class='ocrx_word' id='word_1_413' title='bbox 2454 2772 2509 2821; x_wconf 91' lang='lat' dir='ltr'>et</span> <span class='ocrx_word' id='word_1_414' title='bbox 2533 2767 2849 2821; x_wconf 88' lang='lat' dir='ltr'>laudabunt</span> <span class='ocrx_word' id='word_1_415' title='bbox 2874 2767 2996 2837; x_wconf 83' lang='lat' dir='ltr'>ejus</span> <span class='ocrx_word' id='word_1_416' title='bbox 3021 2766 3324 2837; x_wconf 78' lang='lat' dir='ltr'>judicium.</span> 
     </span>
    </p>
   </div>
   <div class='ocr_carea' id='block_1_60' title="bbox 2220 2855 3840 2926">
    <p class='ocr_par' dir='ltr' id='par_1_60' title="bbox 2220 2855 3840 2926">
     <span class='ocr_line' id='line_1_60' title="bbox 2220 2855 3840 2926; baseline 0.001 -18"><span class='ocrx_word' id='word_1_417' title='bbox 2220 2858 2375 2910; x_wconf 75' lang='lat' dir='ltr'>Vens.</span> <span class='ocrx_word' id='word_1_418' title='bbox 2450 2860 2534 2909; x_wconf 82' lang='lat'>1&#39;7.</span> <span class='ocrx_word' id='word_1_419' title='bbox 2585 2887 2653 2895; x_wconf 96' lang='lat'><strong>—</strong></span> <span class='ocrx_word' id='word_1_420' title='bbox 2695 2855 2799 2921; x_wconf 85' lang='lat' dir='ltr'>Qui</span> <span class='ocrx_word' id='word_1_421' title='bbox 2844 2855 3328 2923; x_wconf 80' lang='lat' dir='ltr'>sanctiﬁcabantur</span> <span class='ocrx_word' id='word_1_422' title='bbox 3380 2855 3501 2926; x_wconf 79' lang='lat'>(10.)</span> <span class='ocrx_word' id='word_1_423' title='bbox 3557 2855 3840 2926; x_wconf 90' lang='lat' dir='ltr'>Opinione</span> 
     </span>
    </p>
   </div>
   <div class='ocr_carea' id='block_1_61' title="bbox 342 2942 3841 3014">
    <p class='ocr_par' dir='ltr' id='par_1_61' title="bbox 342 2942 3841 3014">
     <span class='ocr_line' id='line_1_61' title="bbox 342 2942 3841 3014; baseline 0 -18"><span class='ocrx_word' id='word_1_424' title='bbox 342 2942 499 3014; x_wconf 86' lang='lat' dir='ltr'>quod</span> <span class='ocrx_word' id='word_1_425' title='bbox 531 2942 753 3013; x_wconf 88' lang='lat' dir='ltr'>parvuli</span> <span class='ocrx_word' id='word_1_426' title='bbox 775 2943 915 2996; x_wconf 88' lang='lat' dir='ltr'>lacte</span> <span class='ocrx_word' id='word_1_427' title='bbox 948 2942 1354 2996; x_wconf 89' lang='lat' dir='ltr'>consolationis</span> <span class='ocrx_word' id='word_1_428' title='bbox 1384 2942 1648 3013; x_wconf 87' lang='lat' dir='ltr'>indigent</span> <span class='ocrx_word' id='word_1_429' title='bbox 1669 2943 1832 3013; x_wconf 86' lang='lat' dir='ltr'>quasi</span> <span class='ocrx_word' id='word_1_430' title='bbox 1856 2943 2039 2997; x_wconf 88' lang='lat' dir='ltr'>adhuc</span> <span class='ocrx_word' id='word_1_431' title='bbox 2070 2951 2111 3007; x_wconf 87' lang='lat' dir='ltr'>C</span> <span class='ocrx_word' id='word_1_432' title='bbox 2149 2960 2250 2998; x_wconf 87' lang='lat' dir='ltr'>sua</span> <span class='ocrx_word' id='word_1_433' title='bbox 2276 2944 2334 2997; x_wconf 91' lang='lat' dir='ltr'>in</span> <span class='ocrx_word' id='word_1_434' title='bbox 2365 2943 2620 2997; x_wconf 90' lang='lat' dir='ltr'>fontibus</span> <span class='ocrx_word' id='word_1_435' title='bbox 2646 2948 2703 2996; x_wconf 90' lang='lat' dir='ltr'>et</span> <span class='ocrx_word' id='word_1_436' title='bbox 2756 2942 3216 3012; x_wconf 88' lang='lat' dir='ltr'>baptismatibus,</span> <span class='ocrx_word' id='word_1_437' title='bbox 3260 2947 3393 3010; x_wconf 89' lang='lat' dir='ltr'>etc.,</span> <span class='ocrx_word' id='word_1_438' title='bbox 3419 2958 3588 3012; x_wconf 86' lang='lat' dir='ltr'>usque</span> <span class='ocrx_word' id='word_1_439' title='bbox 3643 2944 3718 2997; x_wconf 91' lang='lat' dir='ltr'>ad</span> <span class='ocrx_word' id='word_1_440' title='bbox 3746 2945 3841 2998; x_wconf 92' lang='lat' dir='ltr'>sed</span> 
     </span>
    </p>
   </div>
   <div class='ocr_carea' id='block_1_62' title="bbox 342 3030 2037 3101">
    <p class='ocr_par' dir='ltr' id='par_1_62' title="bbox 342 3030 2037 3101">
     <span class='ocr_line' id='line_1_62' title="bbox 342 3030 2037 3101; baseline 0 -17"><span class='ocrx_word' id='word_1_441' title='bbox 342 3032 402 3084; x_wconf 91' lang='lat' dir='ltr'>in</span> <span class='ocrx_word' id='word_1_442' title='bbox 433 3048 601 3085; x_wconf 91' lang='lat' dir='ltr'>carne</span> <span class='ocrx_word' id='word_1_443' title='bbox 656 3037 947 3085; x_wconf 84' lang='lat' dir='ltr'>versantes</span> <span class='ocrx_word' id='word_1_444' title='bbox 981 3047 993 3085; x_wconf 92' lang='lat'>:</span> <span class='ocrx_word' id='word_1_445' title='bbox 1029 3030 1129 3101; x_wconf 90' lang='lat' dir='ltr'>qui</span> <span class='ocrx_word' id='word_1_446' title='bbox 1178 3046 1309 3084; x_wconf 86' lang='lat' dir='ltr'>vero</span> <span class='ocrx_word' id='word_1_447' title='bbox 1338 3034 1466 3100; x_wconf 88' lang='lat' dir='ltr'>post</span> <span class='ocrx_word' id='word_1_448' title='bbox 1505 3032 1589 3083; x_wconf 85' lang='lat' dir='ltr'>lac</span> <span class='ocrx_word' id='word_1_449' title='bbox 1630 3031 2037 3085; x_wconf 87' lang='lat' dir='ltr'>consolationis</span> 
     </span>
    </p>
   </div>
   <div class='ocr_carea' id='block_1_63' title="bbox 344 3118 2039 3189">
    <p class='ocr_par' dir='ltr' id='par_1_63' title="bbox 344 3118 2039 3189">
     <span class='ocr_line' id='line_1_63' title="bbox 344 3118 2039 3189; baseline 0.001 -18"><span class='ocrx_word' id='word_1_450' title='bbox 344 3119 410 3172; x_wconf 88' lang='lat' dir='ltr'>ad</span> <span class='ocrx_word' id='word_1_451' title='bbox 438 3119 685 3173; x_wconf 89' lang='lat' dir='ltr'>solidum</span> <span class='ocrx_word' id='word_1_452' title='bbox 721 3119 915 3172; x_wconf 88' lang='lat' dir='ltr'>cibum</span> <span class='ocrx_word' id='word_1_453' title='bbox 950 3118 1330 3189; x_wconf 85' lang='lat' dir='ltr'>profecerunt,</span> <span class='ocrx_word' id='word_1_454' title='bbox 1370 3118 1610 3171; x_wconf 82' lang='lat' dir='ltr'>afﬂuent</span> <span class='ocrx_word' id='word_1_455' title='bbox 1649 3118 1864 3173; x_wconf 89' lang='lat' dir='ltr'>deliciis</span> <span class='ocrx_word' id='word_1_456' title='bbox 1893 3119 2039 3172; x_wconf 76' lang='lat' dir='ltr'>veri-</span> 
     </span>
    </p>
   </div>
   <div class='ocr_carea' id='block_1_64' title="bbox 343 3207 2036 3277">
    <p class='ocr_par' dir='ltr' id='par_1_64' title="bbox 343 3207 2036 3277">
     <span class='ocr_line' id='line_1_64' title="bbox 343 3207 2036 3277; baseline 0.001 -16"><span class='ocrx_word' id='word_1_457' title='bbox 343 3208 475 3261; x_wconf 86' lang='lat' dir='ltr'>tatis</span> <span class='ocrx_word' id='word_1_458' title='bbox 519 3212 573 3261; x_wconf 92' lang='lat' dir='ltr'>et</span> <span class='ocrx_word' id='word_1_459' title='bbox 630 3207 883 3262; x_wconf 65' lang='lat' dir='ltr'>scientiae</span> <span class='ocrx_word' id='word_1_460' title='bbox 941 3207 1289 3261; x_wconf 66' lang='lat' dir='ltr'>omnimodae</span> <span class='ocrx_word' id='word_1_461' title='bbox 1341 3207 1557 3277; x_wconf 61' lang='lat' dir='ltr'>glorias.</span> <span class='ocrx_word' id='word_1_462' title='bbox 1604 3210 1671 3261; x_wconf 90' lang='lat' dir='ltr'>Ut</span> <span class='ocrx_word' id='word_1_463' title='bbox 1726 3209 2036 3275; x_wconf 75' lang='lat' dir='ltr'>mulgeatis,</span> 
     </span>
    </p>
   </div>
   <div class='ocr_carea' id='block_1_65' title="bbox 343 3295 2037 3359">
    <p class='ocr_par' dir='ltr' id='par_1_65' title="bbox 343 3295 2037 3359">
     <span class='ocr_line' id='line_1_65' title="bbox 343 3295 2037 3359; baseline 0 -10"><span class='ocrx_word' id='word_1_464' title='bbox 343 3296 543 3350; x_wconf 87' lang='lat' dir='ltr'>Sancta</span> <span class='ocrx_word' id='word_1_465' title='bbox 572 3295 817 3349; x_wconf 86' lang='lat' dir='ltr'>Ecclesia</span> <span class='ocrx_word' id='word_1_466' title='bbox 865 3296 922 3348; x_wconf 93' lang='lat' dir='ltr'>in</span> <span class='ocrx_word' id='word_1_467' title='bbox 955 3295 1220 3349; x_wconf 91' lang='lat' dir='ltr'>omnibus</span> <span class='ocrx_word' id='word_1_468' title='bbox 1261 3311 1398 3359; x_wconf 82' lang='lat' dir='ltr'>una,</span> <span class='ocrx_word' id='word_1_469' title='bbox 1446 3295 1506 3348; x_wconf 93' lang='lat' dir='ltr'>in</span> <span class='ocrx_word' id='word_1_470' title='bbox 1547 3296 1672 3349; x_wconf 88' lang='lat' dir='ltr'>aliis</span> <span class='ocrx_word' id='word_1_471' title='bbox 1704 3296 1878 3349; x_wconf 88' lang='lat' dir='ltr'>habet</span> <span class='ocrx_word' id='word_1_472' title='bbox 1924 3296 2037 3349; x_wconf 88' lang='lat' dir='ltr'>lac-</span> 
     </span>
    </p>
   </div>
   <div class='ocr_carea' id='block_1_66' title="bbox 344 3383 2041 3454">
    <p class='ocr_par' dir='ltr' id='par_1_66' title="bbox 344 3383 2041 3454">
     <span class='ocr_line' id='line_1_66' title="bbox 344 3383 2041 3454; baseline 0 -16"><span class='ocrx_word' id='word_1_473' title='bbox 344 3384 685 3453; x_wconf 89' lang='lat' dir='ltr'>simplicem,</span> <span class='ocrx_word' id='word_1_474' title='bbox 730 3384 945 3437; x_wconf 90' lang='lat' dir='ltr'>scilicet</span> <span class='ocrx_word' id='word_1_475' title='bbox 983 3384 1174 3447; x_wconf 90' lang='lat' dir='ltr'>tidem,</span> <span class='ocrx_word' id='word_1_476' title='bbox 1216 3383 1634 3454; x_wconf 81' lang='lat' dir='ltr'>operationem,</span> <span class='ocrx_word' id='word_1_477' title='bbox 1692 3385 1755 3438; x_wconf 92' lang='lat' dir='ltr'>In</span> <span class='ocrx_word' id='word_1_478' title='bbox 1788 3385 1912 3438; x_wconf 86' lang='lat' dir='ltr'>aliis</span> <span class='ocrx_word' id='word_1_479' title='bbox 1963 3385 2041 3438; x_wconf 88' lang='lat' dir='ltr'>af-</span> 
     </span>
    </p>
   </div>
   <div class='ocr_carea' id='block_1_67' title="bbox 342 3472 2037 3542">
    <p class='ocr_par' dir='ltr' id='par_1_67' title="bbox 342 3472 2037 3542">
     <span class='ocr_line' id='line_1_67' title="bbox 342 3472 2037 3542; baseline 0.002 -17"><span class='ocrx_word' id='word_1_480' title='bbox 342 3473 468 3527; x_wconf 86' lang='lat' dir='ltr'>ﬂuit</span> <span class='ocrx_word' id='word_1_481' title='bbox 497 3473 829 3527; x_wconf 89' lang='lat' dir='ltr'>omnimoda</span> <span class='ocrx_word' id='word_1_482' title='bbox 881 3472 1083 3542; x_wconf 89' lang='lat' dir='ltr'>gloria,</span> <span class='ocrx_word' id='word_1_483' title='bbox 1140 3472 1544 3526; x_wconf 86' lang='lat' dir='ltr'>charismatum</span> <span class='ocrx_word' id='word_1_484' title='bbox 1605 3473 1819 3527; x_wconf 85' lang='lat' dir='ltr'>scilicet</span> <span class='ocrx_word' id='word_1_485' title='bbox 1857 3474 2037 3528; x_wconf 87' lang='lat' dir='ltr'>abun-</span> 
     </span>
    </p>
   </div>
   <div class='ocr_carea' id='block_1_68' title="bbox 342 3559 2027 3629">
    <p class='ocr_par' dir='ltr' id='par_1_68' title="bbox 342 3559 2027 3629">
     <span class='ocr_line' id='line_1_68' title="bbox 342 3559 2027 3629; baseline 0.003 -16"><span class='ocrx_word' id='word_1_486' title='bbox 342 3560 559 3629; x_wconf 86' lang='lat' dir='ltr'>dantia,</span> <span class='ocrx_word' id='word_1_487' title='bbox 592 3566 647 3614; x_wconf 91' lang='lat' dir='ltr'>et</span> <span class='ocrx_word' id='word_1_488' title='bbox 675 3560 991 3614; x_wconf 88' lang='lat' dir='ltr'>divinitatis</span> <span class='ocrx_word' id='word_1_489' title='bbox 1022 3559 1259 3614; x_wconf 89' lang='lat' dir='ltr'>scientia</span> <span class='ocrx_word' id='word_1_490' title='bbox 1288 3565 1342 3615; x_wconf 92' lang='lat' dir='ltr'>et</span> <span class='ocrx_word' id='word_1_491' title='bbox 1378 3561 1754 3615; x_wconf 87' lang='lat' dir='ltr'>humanitatis</span> <span class='ocrx_word' id='word_1_492' title='bbox 1795 3562 2027 3619; x_wconf 88' lang='lat' dir='ltr'>Christi.</span> 
     </span>
    </p>
   </div>
   <div class='ocr_carea' id='block_1_69' title="bbox 340 3648 2037 3719">
    <p class='ocr_par' dir='ltr' id='par_1_69' title="bbox 340 3648 2037 3719">
     <span class='ocr_line' id='line_1_69' title="bbox 340 3648 2037 3719; baseline 0.003 -18"><span class='ocrx_word' id='word_1_493' title='bbox 340 3648 532 3702; x_wconf 88' lang='lat' dir='ltr'>Sancti</span> <span class='ocrx_word' id='word_1_494' title='bbox 590 3665 727 3719; x_wconf 88' lang='lat' dir='ltr'>ergo</span> <span class='ocrx_word' id='word_1_495' title='bbox 777 3648 1184 3719; x_wconf 66' lang='lat' dir='ltr'>prmdicatores</span> <span class='ocrx_word' id='word_1_496' title='bbox 1236 3650 1295 3703; x_wconf 90' lang='lat' dir='ltr'>in</span> <span class='ocrx_word' id='word_1_497' title='bbox 1366 3650 1633 3704; x_wconf 85' lang='lat' dir='ltr'>omnibus</span> <span class='ocrx_word' id='word_1_498' title='bbox 1680 3650 2037 3706; x_wconf 86' lang='lat' dir='ltr'>delectantur</span> 
     </span>
    </p>
   </div>
   <div class='ocr_carea' id='block_1_70' title="bbox 340 3737 2035 3808">
    <p class='ocr_par' dir='ltr' id='par_1_70' title="bbox 340 3737 2035 3808">
     <span class='ocr_line' id='line_1_70' title="bbox 340 3737 2035 3808; baseline 0.001 -18"><span class='ocrx_word' id='word_1_499' title='bbox 340 3742 615 3808; x_wconf 87' lang='lat' dir='ltr'>tanquam</span> <span class='ocrx_word' id='word_1_500' title='bbox 642 3742 937 3808; x_wconf 88' lang='lat' dir='ltr'>carpentes</span> <span class='ocrx_word' id='word_1_501' title='bbox 967 3738 1037 3791; x_wconf 88' lang='lat' dir='ltr'>ab</span> <span class='ocrx_word' id='word_1_502' title='bbox 1090 3737 1215 3790; x_wconf 88' lang='lat' dir='ltr'>aliis</span> <span class='ocrx_word' id='word_1_503' title='bbox 1262 3737 1389 3803; x_wconf 92' lang='lat' dir='ltr'>hoc,</span> <span class='ocrx_word' id='word_1_504' title='bbox 1442 3738 1513 3791; x_wconf 89' lang='lat' dir='ltr'>ab</span> <span class='ocrx_word' id='word_1_505' title='bbox 1556 3739 1683 3790; x_wconf 84' lang='lat' dir='ltr'>aliis</span> <span class='ocrx_word' id='word_1_506' title='bbox 1726 3738 1890 3791; x_wconf 91' lang='lat' dir='ltr'>illud.</span> <span class='ocrx_word' id='word_1_507' title='bbox 1949 3739 2035 3791; x_wconf 87' lang='lat' dir='ltr'>Ab</span> 
     </span>
    </p>
   </div>
   <div class='ocr_carea' id='block_1_71' title="bbox 340 3825 2035 3898">
    <p class='ocr_par' dir='ltr' id='par_1_71' title="bbox 340 3825 2035 3898">
     <span class='ocr_line' id='line_1_71' title="bbox 340 3825 2035 3898; baseline 0 -19"><span class='ocrx_word' id='word_1_508' title='bbox 340 3827 517 3881; x_wconf 86' lang='lat' dir='ltr'>ubere.</span> <span class='ocrx_word' id='word_1_509' title='bbox 553 3828 635 3883; x_wconf 82' lang='lat' dir='ltr'>Ab</span> <span class='ocrx_word' id='word_1_510' title='bbox 659 3828 931 3898; x_wconf 86' lang='lat' dir='ltr'>apostolis</span> <span class='ocrx_word' id='word_1_511' title='bbox 965 3839 1022 3881; x_wconf 83' lang='lat' dir='ltr'>et</span> <span class='ocrx_word' id='word_1_512' title='bbox 1053 3825 1520 3898; x_wconf 62' lang='lat' dir='ltr'>praedicatoribus</span> <span class='ocrx_word' id='word_1_513' title='bbox 1554 3826 1625 3879; x_wconf 87' lang='lat' dir='ltr'>ad</span> <span class='ocrx_word' id='word_1_514' title='bbox 1657 3825 1807 3879; x_wconf 89' lang='lat' dir='ltr'>dona</span> <span class='ocrx_word' id='word_1_515' title='bbox 1849 3825 2035 3895; x_wconf 86' lang='lat' dir='ltr'>Spiri—</span> 
     </span>
    </p>
   </div>
   <div class='ocr_carea' id='block_1_72' title="bbox 341 3913 2033 3979">
    <p class='ocr_par' dir='ltr' id='par_1_72' title="bbox 341 3913 2033 3979">
     <span class='ocr_line' id='line_1_72' title="bbox 341 3913 2033 3979; baseline 0 -12"><span class='ocrx_word' id='word_1_516' title='bbox 341 3920 431 3968; x_wconf 88' lang='lat' dir='ltr'>tus</span> <span class='ocrx_word' id='word_1_517' title='bbox 460 3916 660 3979; x_wconf 86' lang='lat' dir='ltr'>sancti,</span> <span class='ocrx_word' id='word_1_518' title='bbox 690 3916 777 3969; x_wconf 90' lang='lat' dir='ltr'>vel</span> <span class='ocrx_word' id='word_1_519' title='bbox 807 3917 874 3969; x_wconf 92' lang='lat' dir='ltr'>ad</span> <span class='ocrx_word' id='word_1_520' title='bbox 928 3915 1246 3969; x_wconf 89' lang='lat' dir='ltr'>doctrinam</span> <span class='ocrx_word' id='word_1_521' title='bbox 1277 3914 1491 3967; x_wconf 87' lang='lat' dir='ltr'>Veteris</span> <span class='ocrx_word' id='word_1_522' title='bbox 1541 3919 1598 3967; x_wconf 89' lang='lat' dir='ltr'>et</span> <span class='ocrx_word' id='word_1_523' title='bbox 1647 3913 1789 3967; x_wconf 89' lang='lat' dir='ltr'>Novi</span> <span class='ocrx_word' id='word_1_524' title='bbox 1842 3913 2033 3967; x_wconf 87' lang='lat' dir='ltr'>Testa-</span> 
     </span>
    </p>
   </div>
   <div class='ocr_carea' id='block_1_73' title="bbox 340 4003 2030 4073">
    <p class='ocr_par' dir='ltr' id='par_1_73' title="bbox 340 4003 2030 4073">
     <span class='ocr_line' id='line_1_73' title="bbox 340 4003 2030 4073; baseline -0.002 -15"><span class='ocrx_word' id='word_1_525' title='bbox 340 4003 539 4058; x_wconf 89' lang='lat' dir='ltr'>menti.</span> <span class='ocrx_word' id='word_1_526' title='bbox 572 4004 729 4067; x_wconf 86' lang='lat' dir='ltr'>Quod</span> <span class='ocrx_word' id='word_1_527' title='bbox 762 4005 915 4057; x_wconf 90' lang='lat' dir='ltr'>enim</span> <span class='ocrx_word' id='word_1_528' title='bbox 976 4004 1308 4073; x_wconf 65' lang='lat' dir='ltr'>praedicant,</span> <span class='ocrx_word' id='word_1_529' title='bbox 1364 4003 1635 4071; x_wconf 88' lang='lat' dir='ltr'>operibus</span> <span class='ocrx_word' id='word_1_530' title='bbox 1693 4007 2030 4067; x_wconf 81' lang='lat' dir='ltr'>monstrant,</span> 
     </span>
    </p>
   </div>
   <div class='ocr_carea' id='block_1_74' title="bbox 292 4091 1536 4163">
    <p class='ocr_par' dir='ltr' id='par_1_74' title="bbox 292 4091 1536 4163">
     <span class='ocr_line' id='line_1_74' title="bbox 292 4091 1536 4163; baseline 0.001 -18"><span class='ocrx_word' id='word_1_531' title='bbox 292 4156 303 4161; x_wconf 40' lang='grc'>,</span> <span class='ocrx_word' id='word_1_532' title='bbox 341 4092 500 4146; x_wconf 88' lang='lat' dir='ltr'>utsic</span> <span class='ocrx_word' id='word_1_533' title='bbox 535 4092 889 4146; x_wconf 88' lang='lat' dir='ltr'>auditoribus</span> <span class='ocrx_word' id='word_1_534' title='bbox 914 4092 1181 4147; x_wconf 90' lang='lat' dir='ltr'>ducatum</span> <span class='ocrx_word' id='word_1_535' title='bbox 1216 4091 1536 4163; x_wconf 67' lang='lat' dir='ltr'>praebeant.</span> 
     </span>
    </p>
   </div>
   <div class='ocr_carea' id='block_1_75' title="bbox 415 4179 2031 4245">
    <p class='ocr_par' dir='ltr' id='par_1_75' title="bbox 415 4179 2031 4245">
     <span class='ocr_line' id='line_1_75' title="bbox 415 4179 2031 4245; baseline -0.001 -14"><span class='ocrx_word' id='word_1_536' title='bbox 415 4182 569 4234; x_wconf 74' lang='lat' dir='ltr'>Vens.</span> <span class='ocrx_word' id='word_1_537' title='bbox 626 4183 709 4234; x_wconf 79' lang='lat'>12.</span> <span class='ocrx_word' id='word_1_538' title='bbox 776 4212 842 4219; x_wconf 89' lang='lat'><em>—</em></span> <span class='ocrx_word' id='word_1_539' title='bbox 899 4182 1255 4235; x_wconf 82' lang='lat' dir='ltr'>Blaudientur</span> <span class='ocrx_word' id='word_1_540' title='bbox 1305 4180 1476 4233; x_wconf 82' lang='lat' dir='ltr'>vobis.</span> <span class='ocrx_word' id='word_1_541' title='bbox 1530 4180 1737 4245; x_wconf 76' lang='lat' dir='ltr'>(lin-1n.)</span> <span class='ocrx_word' id='word_1_542' title='bbox 1797 4179 2031 4233; x_wconf 87' lang='lat' dir='ltr'>Susten-</span> 
     </span>
    </p>
   </div>
   <div class='ocr_carea' id='block_1_76' title="bbox 339 4267 2027 4338">
    <p class='ocr_par' dir='ltr' id='par_1_76' title="bbox 339 4267 2027 4338">
     <span class='ocr_line' id='line_1_76' title="bbox 339 4267 2027 4338; baseline 0.001 -18"><span class='ocrx_word' id='word_1_543' title='bbox 339 4272 542 4333; x_wconf 89' lang='lat' dir='ltr'>tantes,</span> <span class='ocrx_word' id='word_1_544' title='bbox 586 4269 668 4321; x_wconf 91' lang='lat' dir='ltr'>lac</span> <span class='ocrx_word' id='word_1_545' title='bbox 701 4268 918 4331; x_wconf 85' lang='lat' dir='ltr'>dantes,</span> <span class='ocrx_word' id='word_1_546' title='bbox 955 4269 1211 4322; x_wconf 88' lang='lat' dir='ltr'>sicutille</span> <span class='ocrx_word' id='word_1_547' title='bbox 1267 4268 1365 4338; x_wconf 92' lang='lat' dir='ltr'>qui</span> <span class='ocrx_word' id='word_1_548' title='bbox 1425 4267 1578 4332; x_wconf 90' lang='lat' dir='ltr'>dicit,</span> <span class='ocrx_word' id='word_1_549' title='bbox 1638 4267 1861 4321; x_wconf 86' lang='lat' dir='ltr'>Obsecro</span> <span class='ocrx_word' id='word_1_550' title='bbox 1914 4282 2027 4332; x_wconf 80' lang='lat' dir='ltr'>ros,</span> 
     </span>
    </p>
   </div>
   <div class='ocr_carea' id='block_1_77' title="bbox 338 4355 2030 4425">
    <p class='ocr_par' dir='ltr' id='par_1_77' title="bbox 338 4355 2030 4425">
     <span class='ocr_line' id='line_1_77' title="bbox 338 4355 2030 4425; baseline 0.001 -17"><span class='ocrx_word' id='word_1_551' title='bbox 338 4357 561 4423; x_wconf 84' lang='lat' dir='ltr'>fratres,</span> <span class='ocrx_word' id='word_1_552' title='bbox 610 4372 703 4425; x_wconf 81' lang='lat' dir='ltr'>per</span> <span class='ocrx_word' id='word_1_553' title='bbox 752 4358 1185 4411; x_wconf 82' lang='lat' dir='ltr'>misericordiam</span> <span class='ocrx_word' id='word_1_554' title='bbox 1239 4358 1339 4410; x_wconf 87' lang='lat' dir='ltr'>Dei</span> <span class='ocrx_word' id='word_1_555' title='bbox 1398 4361 1452 4409; x_wconf 82' lang='lat' dir='ltr'>ut</span> <span class='ocrx_word' id='word_1_556' title='bbox 1509 4355 1809 4409; x_wconf 68' lang='lat' dir='ltr'>exhibeatis</span> <span class='ocrx_word' id='word_1_557' title='bbox 1864 4356 2030 4409; x_wconf 81' lang='lat' dir='ltr'>corda</span> 
     </span>
    </p>
   </div>
   <div class='ocr_carea' id='block_1_78' title="bbox 336 4444 2028 4513">
    <p class='ocr_par' dir='ltr' id='par_1_78' title="bbox 336 4444 2028 4513">
     <span class='ocr_line' id='line_1_78' title="bbox 336 4444 2028 4513; baseline 0.001 -17"><span class='ocrx_word' id='word_1_558' title='bbox 336 4451 515 4498; x_wconf 76' lang='lat' dir='ltr'>vestra</span> <span class='ocrx_word' id='word_1_559' title='bbox 557 4447 709 4509; x_wconf 80' lang='lat' dir='ltr'>(Rom</span> <span class='ocrx_word' id='word_1_560' title='bbox 748 4446 870 4509; x_wconf 85' lang='lat' dir='ltr'>xu),</span> <span class='ocrx_word' id='word_1_561' title='bbox 903 4450 1008 4498; x_wconf 88' lang='lat' dir='ltr'>etc.</span> <span class='ocrx_word' id='word_1_562' title='bbox 1046 4446 1111 4498; x_wconf 85' lang='lat' dir='ltr'>Et</span> <span class='ocrx_word' id='word_1_563' title='bbox 1143 4462 1155 4498; x_wconf 89' lang='lat'>:</span> <span class='ocrx_word' id='word_1_564' title='bbox 1211 4446 1435 4500; x_wconf 85' lang='lat' dir='ltr'>Obsecro</span> <span class='ocrx_word' id='word_1_565' title='bbox 1488 4458 1579 4497; x_wconf 83' lang='lat' dir='ltr'>vos</span> <span class='ocrx_word' id='word_1_566' title='bbox 1611 4448 1871 4513; x_wconf 84' lang='lat' dir='ltr'>tanquam</span> <span class='ocrx_word' id='word_1_567' title='bbox 1927 4444 2028 4498; x_wconf 88' lang='lat' dir='ltr'>ad-</span> 
     </span>
    </p>
   </div>
   <div class='ocr_carea' id='block_1_79' title="bbox 336 4534 1043 4601">
    <p class='ocr_par' dir='ltr' id='par_1_79' title="bbox 336 4534 1043 4601">
     <span class='ocr_line' id='line_1_79' title="bbox 336 4534 1043 4601; baseline 0.003 -17"><span class='ocrx_word' id='word_1_568' title='bbox 336 4548 516 4597; x_wconf 65' lang='lat' dir='ltr'>venas,</span> <span class='ocrx_word' id='word_1_569' title='bbox 552 4534 781 4601; x_wconf 75' lang='lat' dir='ltr'>([l’etr.</span> <span class='ocrx_word' id='word_1_570' title='bbox 817 4536 876 4601; x_wconf 87' lang='grc' dir='ltr'>ιι)</span> <span class='ocrx_word' id='word_1_571' title='bbox 939 4537 1043 4586; x_wconf 89' lang='lat' dir='ltr'>etc.</span> 
     </span>
    </p>
   </div>
   <div class='ocr_carea' id='block_1_80' title="bbox 411 4621 2028 4691">
    <p class='ocr_par' dir='ltr' id='par_1_80' title="bbox 411 4621 2028 4691">
     <span class='ocr_line' id='line_1_80' title="bbox 411 4621 2028 4691; baseline 0.002 -20"><span class='ocrx_word' id='word_1_572' title='bbox 411 4622 567 4674; x_wconf 78' lang='lat' dir='ltr'>Vens.</span> <span class='ocrx_word' id='word_1_573' title='bbox 605 4623 688 4673; x_wconf 86' lang='lat'>13.</span> <span class='ocrx_word' id='word_1_574' title='bbox 717 4650 785 4659; x_wconf 94' lang='lat'><strong><em>—</em></strong></span> <span class='ocrx_word' id='word_1_575' title='bbox 808 4621 1095 4685; x_wconf 83' lang='lat' dir='ltr'>Quomodo.</span> <span class='ocrx_word' id='word_1_576' title='bbox 1129 4622 1500 4690; x_wconf 87' lang='lat' dir='ltr'>Omnipotens</span> <span class='ocrx_word' id='word_1_577' title='bbox 1548 4622 1697 4675; x_wconf 86' lang='lat' dir='ltr'>Deus</span> <span class='ocrx_word' id='word_1_578' title='bbox 1752 4623 2028 4691; x_wconf 87' lang='lat' dir='ltr'>tanquam</span> 
     </span>
    </p>
   </div>
   <div class='ocr_carea' id='block_1_81' title="bbox 337 4708 2025 4779">
    <p class='ocr_par' dir='ltr' id='par_1_81' title="bbox 337 4708 2025 4779">
     <span class='ocr_line' id='line_1_81' title="bbox 337 4708 2025 4779; baseline 0.001 -19"><span class='ocrx_word' id='word_1_579' title='bbox 337 4708 657 4762; x_wconf 87' lang='lat' dir='ltr'>misericors</span> <span class='ocrx_word' id='word_1_580' title='bbox 690 4713 745 4762; x_wconf 92' lang='lat' dir='ltr'>et</span> <span class='ocrx_word' id='word_1_581' title='bbox 786 4710 1108 4774; x_wconf 88' lang='lat' dir='ltr'>miserator,</span> <span class='ocrx_word' id='word_1_582' title='bbox 1131 4710 1301 4763; x_wconf 89' lang='lat' dir='ltr'>modo</span> <span class='ocrx_word' id='word_1_583' title='bbox 1332 4710 1540 4779; x_wconf 68' lang='lat' dir='ltr'>aquila:</span> <span class='ocrx_word' id='word_1_584' title='bbox 1573 4709 1741 4764; x_wconf 92' lang='lat' dir='ltr'>modo</span> <span class='ocrx_word' id='word_1_585' title='bbox 1773 4710 2025 4779; x_wconf 65' lang='lat' dir='ltr'>gallinae,</span> 
     </span>
    </p>
   </div>
   <div class='ocr_carea' id='block_1_82' title="bbox 336 4796 2023 4867">
    <p class='ocr_par' dir='ltr' id='par_1_82' title="bbox 336 4796 2023 4867">
     <span class='ocr_line' id='line_1_82' title="bbox 336 4796 2023 4867; baseline 0.001 -18"><span class='ocrx_word' id='word_1_586' title='bbox 336 4797 509 4850; x_wconf 90' lang='lat' dir='ltr'>modo</span> <span class='ocrx_word' id='word_1_587' title='bbox 544 4796 692 4850; x_wconf 90' lang='lat' dir='ltr'>mari</span> <span class='ocrx_word' id='word_1_588' title='bbox 716 4797 1036 4851; x_wconf 88' lang='lat' dir='ltr'>blandienti</span> <span class='ocrx_word' id='word_1_589' title='bbox 1081 4814 1138 4851; x_wconf 87' lang='lat' dir='ltr'>se</span> <span class='ocrx_word' id='word_1_590' title='bbox 1177 4803 1494 4867; x_wconf 85' lang='lat' dir='ltr'>comparat,</span> <span class='ocrx_word' id='word_1_591' title='bbox 1558 4806 1616 4852; x_wconf 87' lang='lat' dir='ltr'>ut</span> <span class='ocrx_word' id='word_1_592' title='bbox 1673 4814 1770 4851; x_wconf 84' lang='lat' dir='ltr'>vos</span> <span class='ocrx_word' id='word_1_593' title='bbox 1826 4799 2023 4851; x_wconf 88' lang='lat' dir='ltr'>saltem</span> 
     </span>
    </p>
   </div>
   <div class='ocr_carea' id='block_1_83' title="bbox 332 4884 2027 4956">
    <p class='ocr_par' dir='ltr' id='par_1_83' title="bbox 332 4884 2027 4956">
     <span class='ocr_line' id='line_1_83' title="bbox 332 4884 2027 4956; baseline 0.001 -18"><span class='ocrx_word' id='word_1_594' title='bbox 332 4884 622 4939; x_wconf 82' lang='lat' dir='ltr'>blanditiis</span> <span class='ocrx_word' id='word_1_595' title='bbox 687 4886 918 4940; x_wconf 89' lang='lat' dir='ltr'>alliciat.</span> <span class='ocrx_word' id='word_1_596' title='bbox 979 4885 1134 4940; x_wconf 87' lang='lat' dir='ltr'>Sicut</span> <span class='ocrx_word' id='word_1_597' title='bbox 1189 4886 1359 4939; x_wconf 89' lang='lat' dir='ltr'>etiam</span> <span class='ocrx_word' id='word_1_598' title='bbox 1423 4886 1616 4956; x_wconf 86' lang='lat' dir='ltr'>aquila</span> <span class='ocrx_word' id='word_1_599' title='bbox 1676 4887 1731 4939; x_wconf 89' lang='lat' dir='ltr'>in</span> <span class='ocrx_word' id='word_1_600' title='bbox 1786 4886 2027 4956; x_wconf 91' lang='lat' dir='ltr'>rupibus</span> 
     </span>
    </p>
   </div>
   <div class='ocr_carea' id='block_1_84' title="bbox 331 4974 2022 5044">
    <p class='ocr_par' dir='ltr' id='par_1_84' title="bbox 331 4974 2022 5044">
     <span class='ocr_line' id='line_1_84' title="bbox 331 4974 2022 5044; baseline 0 -17"><span class='ocrx_word' id='word_1_601' title='bbox 331 4974 626 5028; x_wconf 88' lang='lat' dir='ltr'>inaccessis</span> <span class='ocrx_word' id='word_1_602' title='bbox 674 4976 877 5029; x_wconf 92' lang='lat' dir='ltr'>nidum</span> <span class='ocrx_word' id='word_1_603' title='bbox 921 4980 1104 5044; x_wconf 86' lang='lat' dir='ltr'>parat,</span> <span class='ocrx_word' id='word_1_604' title='bbox 1164 4991 1235 5028; x_wconf 91' lang='lat' dir='ltr'>ne</span> <span class='ocrx_word' id='word_1_605' title='bbox 1285 4990 1541 5028; x_wconf 89' lang='lat' dir='ltr'>accessus</span> <span class='ocrx_word' id='word_1_606' title='bbox 1587 4974 1757 5028; x_wconf 87' lang='lat' dir='ltr'>alicui</span> <span class='ocrx_word' id='word_1_607' title='bbox 1808 4979 2022 5044; x_wconf 82' lang='lat' dir='ltr'>pateat,</span> 
     </span>
    </p>
   </div>
   <div class='ocr_carea' id='block_1_85' title="bbox 331 5063 2024 5134">
    <p class='ocr_par' dir='ltr' id='par_1_85' title="bbox 331 5063 2024 5134">
     <span class='ocr_line' id='line_1_85' title="bbox 331 5063 2024 5134; baseline 0.001 -19"><span class='ocrx_word' id='word_1_608' title='bbox 331 5067 385 5115; x_wconf 91' lang='lat' dir='ltr'>et</span> <span class='ocrx_word' id='word_1_609' title='bbox 419 5063 478 5116; x_wconf 90' lang='lat' dir='ltr'>in</span> <span class='ocrx_word' id='word_1_610' title='bbox 510 5063 701 5117; x_wconf 91' lang='lat' dir='ltr'>medio</span> <span class='ocrx_word' id='word_1_611' title='bbox 734 5064 1105 5118; x_wconf 89' lang='lat' dir='ltr'>amethistum</span> <span class='ocrx_word' id='word_1_612' title='bbox 1141 5063 1383 5134; x_wconf 89' lang='lat' dir='ltr'>lapidem</span> <span class='ocrx_word' id='word_1_613' title='bbox 1414 5063 1513 5133; x_wconf 91' lang='lat' dir='ltr'>qui</span> <span class='ocrx_word' id='word_1_614' title='bbox 1565 5064 1759 5117; x_wconf 90' lang='lat' dir='ltr'>omnia</span> <span class='ocrx_word' id='word_1_615' title='bbox 1806 5079 2024 5117; x_wconf 87' lang='lat' dir='ltr'>venena</span> 
     </span>
    </p>
   </div>
   <div class='ocr_carea' id='block_1_86' title="bbox 330 5150 2022 5222">
    <p class='ocr_par' dir='ltr' id='par_1_86' title="bbox 330 5150 2022 5222">
     <span class='ocr_line' id='line_1_86' title="bbox 330 5150 2022 5222; baseline 0.001 -19"><span class='ocrx_word' id='word_1_616' title='bbox 330 5150 510 5220; x_wconf 79' lang='lat' dir='ltr'>fugat,</span> <span class='ocrx_word' id='word_1_617' title='bbox 544 5152 857 5205; x_wconf 91' lang='lat' dir='ltr'>secundum</span> <span class='ocrx_word' id='word_1_618' title='bbox 889 5150 1150 5222; x_wconf 84' lang='lat' dir='ltr'>physicos</span> <span class='ocrx_word' id='word_1_619' title='bbox 1189 5157 1423 5222; x_wconf 89' lang='lat' dir='ltr'>propter</span> <span class='ocrx_word' id='word_1_620' title='bbox 1478 5158 1767 5221; x_wconf 89' lang='lat' dir='ltr'>serpentes</span> <span class='ocrx_word' id='word_1_621' title='bbox 1824 5167 2022 5205; x_wconf 86' lang='lat' dir='ltr'>arcen-</span> 
     </span>
    </p>
   </div>
   <div class='ocr_carea' id='block_1_87' title="bbox 334 5238 2021 5309">
    <p class='ocr_par' dir='ltr' id='par_1_87' title="bbox 334 5238 2021 5309">
     <span class='ocr_line' id='line_1_87' title="bbox 334 5238 2021 5309; baseline 0.001 -17"><span class='ocrx_word' id='word_1_622' title='bbox 334 5238 454 5305; x_wconf 90' lang='lat' dir='ltr'>dos,</span> <span class='ocrx_word' id='word_1_623' title='bbox 487 5239 752 5309; x_wconf 64' lang='lat' dir='ltr'>quaedam</span> <span class='ocrx_word' id='word_1_624' title='bbox 779 5239 891 5293; x_wconf 89' lang='lat' dir='ltr'>alia</span> <span class='ocrx_word' id='word_1_625' title='bbox 922 5243 1134 5292; x_wconf 90' lang='lat' dir='ltr'>secreta</span> <span class='ocrx_word' id='word_1_626' title='bbox 1180 5245 1401 5293; x_wconf 78' lang='lat' dir='ltr'>naturae</span> <span class='ocrx_word' id='word_1_627' title='bbox 1435 5241 1673 5294; x_wconf 86' lang='lat' dir='ltr'>collocat</span> <span class='ocrx_word' id='word_1_628' title='bbox 1706 5256 1717 5293; x_wconf 95' lang='lat'>:</span> <span class='ocrx_word' id='word_1_629' title='bbox 1770 5240 1847 5293; x_wconf 90' lang='lat' dir='ltr'>sic</span> <span class='ocrx_word' id='word_1_630' title='bbox 1901 5240 2021 5309; x_wconf 87' lang='lat' dir='ltr'>ipse</span> 
     </span>
    </p>
   </div>
   <div class='ocr_carea' id='block_1_88' title="bbox 330 5325 2017 5398">
    <p class='ocr_par' dir='ltr' id='par_1_88' title="bbox 330 5325 2017 5398">
     <span class='ocr_line' id='line_1_88' title="bbox 330 5325 2017 5398; baseline 0.002 -20"><span class='ocrx_word' id='word_1_631' title='bbox 330 5325 388 5379; x_wconf 91' lang='lat' dir='ltr'>in</span> <span class='ocrx_word' id='word_1_632' title='bbox 419 5326 686 5380; x_wconf 88' lang='lat' dir='ltr'>cordibus</span> <span class='ocrx_word' id='word_1_633' title='bbox 712 5327 919 5380; x_wconf 86' lang='lat' dir='ltr'>nostris</span> <span class='ocrx_word' id='word_1_634' title='bbox 950 5327 1219 5397; x_wconf 88' lang='lat' dir='ltr'>lapidem,</span> <span class='ocrx_word' id='word_1_635' title='bbox 1254 5328 1409 5381; x_wconf 88' lang='lat' dir='ltr'>idest</span> <span class='ocrx_word' id='word_1_636' title='bbox 1438 5329 1608 5382; x_wconf 82' lang='lat' dir='ltr'>fidem</span> <span class='ocrx_word' id='word_1_637' title='bbox 1640 5344 1801 5380; x_wconf 89' lang='lat' dir='ltr'>suam</span> <span class='ocrx_word' id='word_1_638' title='bbox 1833 5328 2017 5398; x_wconf 90' lang='lat' dir='ltr'>ponit,</span> 
     </span>
    </p>
   </div>
   <div class='ocr_carea' id='block_1_89' title="bbox 330 5415 2015 5488">
    <p class='ocr_par' dir='ltr' id='par_1_89' title="bbox 330 5415 2015 5488">
     <span class='ocr_line' id='line_1_89' title="bbox 330 5415 2015 5488; baseline 0 -19"><span class='ocrx_word' id='word_1_639' title='bbox 330 5415 563 5481; x_wconf 89' lang='lat' dir='ltr'>scilicet,</span> <span class='ocrx_word' id='word_1_640' title='bbox 607 5415 882 5486; x_wconf 92' lang='lat' dir='ltr'>seipsum,</span> <span class='ocrx_word' id='word_1_641' title='bbox 930 5416 1029 5485; x_wconf 90' lang='lat' dir='ltr'>qui</span> <span class='ocrx_word' id='word_1_642' title='bbox 1060 5421 1146 5469; x_wconf 89' lang='lat' dir='ltr'>est</span> <span class='ocrx_word' id='word_1_643' title='bbox 1175 5416 1316 5488; x_wconf 87' lang='lat' dir='ltr'>lapis</span> <span class='ocrx_word' id='word_1_644' title='bbox 1372 5416 1624 5470; x_wconf 90' lang='lat' dir='ltr'>abscisus</span> <span class='ocrx_word' id='word_1_645' title='bbox 1652 5415 1774 5469; x_wconf 90' lang='lat' dir='ltr'>sine</span> <span class='ocrx_word' id='word_1_646' title='bbox 1834 5416 2015 5469; x_wconf 89' lang='lat' dir='ltr'>mani-</span> 
     </span>
    </p>
   </div>
   <div class='ocr_carea' id='block_1_90' title="bbox 329 5502 2014 5575">
    <p class='ocr_par' dir='ltr' id='par_1_90' title="bbox 329 5502 2014 5575">
     <span class='ocr_line' id='line_1_90' title="bbox 329 5502 2014 5575; baseline 0.001 -19"><span class='ocrx_word' id='word_1_647' title='bbox 329 5502 434 5556; x_wconf 94' lang='lat' dir='ltr'>bus</span> <span class='ocrx_word' id='word_1_648' title='bbox 461 5503 529 5557; x_wconf 91' lang='lat' dir='ltr'>de</span> <span class='ocrx_word' id='word_1_649' title='bbox 561 5508 777 5571; x_wconf 88' lang='lat' dir='ltr'>monte,</span> <span class='ocrx_word' id='word_1_650' title='bbox 809 5519 923 5575; x_wconf 86' lang='lat' dir='ltr'>quo</span> <span class='ocrx_word' id='word_1_651' title='bbox 954 5502 1145 5558; x_wconf 90' lang='lat' dir='ltr'>omnia</span> <span class='ocrx_word' id='word_1_652' title='bbox 1197 5521 1415 5559; x_wconf 86' lang='lat' dir='ltr'>venena</span> <span class='ocrx_word' id='word_1_653' title='bbox 1472 5503 1680 5560; x_wconf 84' lang='lat' dir='ltr'>diaboli</span> <span class='ocrx_word' id='word_1_654' title='bbox 1722 5503 2014 5574; x_wconf 86' lang='lat' dir='ltr'>fugantur.</span> 
     </span>
    </p>
   </div>
   <div class='ocr_carea' id='block_1_91' title="bbox 2152 3031 3842 3100">
    <p class='ocr_par' dir='ltr' id='par_1_91' title="bbox 2152 3031 3842 3100">
     <span class='ocr_line' id='line_1_91' title="bbox 2152 3031 3842 3100; baseline -0.001 -15"><span class='ocrx_word' id='word_1_655' title='bbox 2152 3037 2343 3086; x_wconf 88' lang='lat' dir='ltr'>tamen</span> <span class='ocrx_word' id='word_1_656' title='bbox 2373 3032 2582 3086; x_wconf 90' lang='lat' dir='ltr'>dicitur</span> <span class='ocrx_word' id='word_1_657' title='bbox 2612 3032 2679 3085; x_wconf 93' lang='lat' dir='ltr'>ad</span> <span class='ocrx_word' id='word_1_658' title='bbox 2708 3032 3103 3084; x_wconf 87' lang='lat' dir='ltr'>confusionem</span> <span class='ocrx_word' id='word_1_659' title='bbox 3137 3047 3335 3084; x_wconf 87' lang='lat' dir='ltr'>eorum</span> <span class='ocrx_word' id='word_1_660' title='bbox 3369 3032 3466 3100; x_wconf 90' lang='lat' dir='ltr'>qui</span> <span class='ocrx_word' id='word_1_661' title='bbox 3500 3047 3600 3084; x_wconf 89' lang='lat' dir='ltr'>nec</span> <span class='ocrx_word' id='word_1_662' title='bbox 3629 3031 3842 3084; x_wconf 89' lang='lat' dir='ltr'>erube-</span> 
     </span>
    </p>
   </div>
   <div class='ocr_carea' id='block_1_92' title="bbox 2150 3119 3837 3187">
    <p class='ocr_par' dir='ltr' id='par_1_92' title="bbox 2150 3119 3837 3187">
     <span class='ocr_line' id='line_1_92' title="bbox 2150 3119 3837 3187; baseline 0.001 -15"><span class='ocrx_word' id='word_1_663' title='bbox 2150 3124 2312 3174; x_wconf 90' lang='lat' dir='ltr'>scunt</span> <span class='ocrx_word' id='word_1_664' title='bbox 2341 3119 2542 3173; x_wconf 88' lang='lat' dir='ltr'>facere.</span> <span class='ocrx_word' id='word_1_665' title='bbox 2578 3120 2682 3185; x_wconf 86' lang='lat' dir='ltr'>Qui</span> <span class='ocrx_word' id='word_1_666' title='bbox 2711 3119 3209 3187; x_wconf 79' lang='lat' dir='ltr'>sanctiﬁcabantur.</span> <span class='ocrx_word' id='word_1_667' title='bbox 3272 3120 3581 3173; x_wconf 90' lang='lat' dir='ltr'>Possumus</span> <span class='ocrx_word' id='word_1_668' title='bbox 3638 3135 3837 3173; x_wconf 89' lang='lat' dir='ltr'>secun-</span> 
     </span>
    </p>
   </div>
   <div class='ocr_carea' id='block_1_93' title="bbox 2150 3207 3840 3278">
    <p class='ocr_par' dir='ltr' id='par_1_93' title="bbox 2150 3207 3840 3278">
     <span class='ocr_line' id='line_1_93' title="bbox 2150 3207 3840 3278; baseline 0 -18"><span class='ocrx_word' id='word_1_669' title='bbox 2150 3207 2289 3261; x_wconf 89' lang='lat' dir='ltr'>dum</span> <span class='ocrx_word' id='word_1_670' title='bbox 2328 3208 2709 3278; x_wconf 90' lang='lat' dir='ltr'>tropologiam</span> <span class='ocrx_word' id='word_1_671' title='bbox 2772 3208 2977 3272; x_wconf 88' lang='lat' dir='ltr'>dicere,</span> <span class='ocrx_word' id='word_1_672' title='bbox 3044 3224 3243 3261; x_wconf 86' lang='lat' dir='ltr'>omnes</span> <span class='ocrx_word' id='word_1_673' title='bbox 3286 3207 3594 3278; x_wconf 85' lang='lat' dir='ltr'>voluptatis</span> <span class='ocrx_word' id='word_1_674' title='bbox 3658 3209 3840 3278; x_wconf 87' lang='lat' dir='ltr'>magis</span> 
     </span>
    </p>
   </div>
   <div class='ocr_carea' id='block_1_94' title="bbox 2147 3295 3839 3367">
    <p class='ocr_par' dir='ltr' id='par_1_94' title="bbox 2147 3295 3839 3367">
     <span class='ocr_line' id='line_1_94' title="bbox 2147 3295 3839 3367; baseline -0.001 -17"><span class='ocrx_word' id='word_1_675' title='bbox 2147 3297 2448 3367; x_wconf 88' lang='lat' dir='ltr'>quachi</span> <span class='ocrx_word' id='word_1_676' title='bbox 2480 3301 2784 3355; x_wconf 88' lang='lat' dir='ltr'>amatores,</span> <span class='ocrx_word' id='word_1_677' title='bbox 2819 3296 3005 3367; x_wconf 87' lang='lat' dir='ltr'>dicere</span> <span class='ocrx_word' id='word_1_678' title='bbox 3046 3295 3387 3349; x_wconf 79' lang='lat' dir='ltr'>sanctificari</span> <span class='ocrx_word' id='word_1_679' title='bbox 3420 3295 3479 3348; x_wconf 89' lang='lat' dir='ltr'>in</span> <span class='ocrx_word' id='word_1_680' title='bbox 3539 3296 3724 3349; x_wconf 90' lang='lat' dir='ltr'>hortis</span> <span class='ocrx_word' id='word_1_681' title='bbox 3783 3302 3839 3349; x_wconf 90' lang='lat' dir='ltr'>et</span> 
     </span>
    </p>
   </div>
   <div class='ocr_carea' id='block_1_95' title="bbox 2148 3366 3840 3454">
    <p class='ocr_par' dir='ltr' id='par_1_95' title="bbox 2148 3366 3840 3454">
     <span class='ocr_line' id='line_1_95' title="bbox 2148 3366 3840 3454; baseline 0.001 -17"><span class='ocrx_word' id='word_1_682' title='bbox 2148 3366 2206 3437; x_wconf 82' lang='lat' dir='ltr'>in</span> <span class='ocrx_word' id='word_1_683' title='bbox 2250 3384 2565 3447; x_wconf 85' lang='lat' dir='ltr'>liminibus,</span> <span class='ocrx_word' id='word_1_684' title='bbox 2614 3384 2927 3438; x_wconf 90' lang='lat' dir='ltr'>secundum</span> <span class='ocrx_word' id='word_1_685' title='bbox 2955 3366 3347 3454; x_wconf 59' lang='lat' dir='ltr'>geptuaginta,</span> <span class='ocrx_word' id='word_1_686' title='bbox 3403 3383 3540 3454; x_wconf 87' lang='lat' dir='ltr'>quia</span> <span class='ocrx_word' id='word_1_687' title='bbox 3594 3385 3654 3437; x_wconf 91' lang='lat' dir='ltr'>in</span> <span class='ocrx_word' id='word_1_688' title='bbox 3710 3400 3840 3453; x_wconf 85' lang='lat' dir='ltr'>my-</span> 
     </span>
    </p>
   </div>
   <div class='ocr_carea' id='block_1_96' title="bbox 2148 3471 3839 3538">
    <p class='ocr_par' dir='ltr' id='par_1_96' title="bbox 2148 3471 3839 3538">
     <span class='ocr_line' id='line_1_96' title="bbox 2148 3471 3839 3538; baseline -0.001 -13"><span class='ocrx_word' id='word_1_689' title='bbox 2148 3471 2318 3525; x_wconf 86' lang='lat' dir='ltr'>steria</span> <span class='ocrx_word' id='word_1_690' title='bbox 2355 3472 2610 3525; x_wconf 85' lang='lat' dir='ltr'>veritatis</span> <span class='ocrx_word' id='word_1_691' title='bbox 2641 3487 2757 3525; x_wconf 92' lang='lat' dir='ltr'>non</span> <span class='ocrx_word' id='word_1_692' title='bbox 2787 3471 2976 3525; x_wconf 86' lang='lat' dir='ltr'>valent</span> <span class='ocrx_word' id='word_1_693' title='bbox 3004 3471 3262 3538; x_wconf 90' lang='lat' dir='ltr'>introire,</span> <span class='ocrx_word' id='word_1_694' title='bbox 3312 3476 3367 3524; x_wconf 92' lang='lat' dir='ltr'>et</span> <span class='ocrx_word' id='word_1_695' title='bbox 3404 3472 3701 3526; x_wconf 86' lang='lat' dir='ltr'>comedere</span> <span class='ocrx_word' id='word_1_696' title='bbox 3758 3472 3839 3523; x_wconf 88' lang='lat' dir='ltr'>ci—</span> 
     </span>
    </p>
   </div>
   <div class='ocr_carea' id='block_1_97' title="bbox 2145 3559 3839 3631">
    <p class='ocr_par' dir='ltr' id='par_1_97' title="bbox 2145 3559 3839 3631">
     <span class='ocr_line' id='line_1_97' title="bbox 2145 3559 3839 3631; baseline -0.001 -17"><span class='ocrx_word' id='word_1_697' title='bbox 2145 3560 2245 3614; x_wconf 87' lang='lat' dir='ltr'>bos</span> <span class='ocrx_word' id='word_1_698' title='bbox 2276 3560 2505 3631; x_wconf 89' lang='lat' dir='ltr'>pietatis</span> <span class='ocrx_word' id='word_1_699' title='bbox 2539 3577 2551 3615; x_wconf 91' lang='lat'>:</span> <span class='ocrx_word' id='word_1_700' title='bbox 2587 3559 2725 3631; x_wconf 87' lang='lat' dir='ltr'>quia</span> <span class='ocrx_word' id='word_1_701' title='bbox 2754 3576 2869 3613; x_wconf 91' lang='lat' dir='ltr'>non</span> <span class='ocrx_word' id='word_1_702' title='bbox 2905 3563 3037 3612; x_wconf 90' lang='lat' dir='ltr'>sunt</span> <span class='ocrx_word' id='word_1_703' title='bbox 3069 3559 3246 3612; x_wconf 90' lang='lat' dir='ltr'>sancti</span> <span class='ocrx_word' id='word_1_704' title='bbox 3280 3575 3513 3629; x_wconf 89' lang='lat' dir='ltr'>corpore</span> <span class='ocrx_word' id='word_1_705' title='bbox 3544 3564 3600 3612; x_wconf 90' lang='lat' dir='ltr'>et</span> <span class='ocrx_word' id='word_1_706' title='bbox 3634 3560 3839 3629; x_wconf 87' lang='lat' dir='ltr'>spiritu</span> 
     </span>
    </p>
   </div>
   <div class='ocr_carea' id='block_1_98' title="bbox 2146 3646 3828 3711">
    <p class='ocr_par' dir='ltr' id='par_1_98' title="bbox 2146 3646 3828 3711">
     <span class='ocr_line' id='line_1_98' title="bbox 2146 3646 3828 3711; baseline -0.001 -9"><span class='ocrx_word' id='word_1_707' title='bbox 2146 3666 2249 3704; x_wconf 91' lang='lat' dir='ltr'>nec</span> <span class='ocrx_word' id='word_1_708' title='bbox 2301 3648 2608 3703; x_wconf 89' lang='lat' dir='ltr'>comedunt</span> <span class='ocrx_word' id='word_1_709' title='bbox 2654 3664 2885 3701; x_wconf 85' lang='lat' dir='ltr'>carnem</span> <span class='ocrx_word' id='word_1_710' title='bbox 2937 3646 3161 3711; x_wconf 85' lang='lat' dir='ltr'>Christi,</span> <span class='ocrx_word' id='word_1_711' title='bbox 3232 3651 3292 3700; x_wconf 88' lang='lat' dir='ltr'>ut</span> <span class='ocrx_word' id='word_1_712' title='bbox 3349 3646 3597 3701; x_wconf 89' lang='lat' dir='ltr'>habeant</span> <span class='ocrx_word' id='word_1_713' title='bbox 3655 3648 3828 3701; x_wconf 88' lang='lat' dir='ltr'>vitam</span> 
     </span>
    </p>
   </div>
   <div class='ocr_carea' id='block_1_99' title="bbox 2145 3736 3842 3805">
    <p class='ocr_par' dir='ltr' id='par_1_99' title="bbox 2145 3736 3842 3805">
     <span class='ocr_line' id='line_1_99' title="bbox 2145 3736 3842 3805; baseline 0 -15"><span class='ocrx_word' id='word_1_714' title='bbox 2145 3744 2439 3791; x_wconf 66' lang='lat' dir='ltr'>aeternam.</span> <span class='ocrx_word' id='word_1_715' title='bbox 2501 3738 2711 3790; x_wconf 82' lang='lat' dir='ltr'>Etenim</span> <span class='ocrx_word' id='word_1_716' title='bbox 2769 3736 2979 3805; x_wconf 83' lang='lat' dir='ltr'>pascha</span> <span class='ocrx_word' id='word_1_717' title='bbox 3060 3740 3303 3789; x_wconf 82' lang='lat' dir='ltr'>nostrum</span> <span class='ocrx_word' id='word_1_718' title='bbox 3384 3737 3692 3790; x_wconf 85' lang='lat' dir='ltr'>immolatus</span> <span class='ocrx_word' id='word_1_719' title='bbox 3763 3742 3842 3790; x_wconf 85' lang='lat' dir='ltr'>est</span> 
     </span>
    </p>
   </div>
   <div class='ocr_carea' id='block_1_100' title="bbox 2144 3823 3830 3894">
    <p class='ocr_par' dir='ltr' id='par_1_100' title="bbox 2144 3823 3830 3894">
     <span class='ocr_line' id='line_1_100' title="bbox 2144 3823 3830 3894; baseline -0.002 -12"><span class='ocrx_word' id='word_1_720' title='bbox 2144 3828 2389 3882; x_wconf 86' lang='lat' dir='ltr'>Christus</span> <span class='ocrx_word' id='word_1_721' title='bbox 2415 3826 2463 3894; x_wconf 85' lang='grc' dir='ltr'>(Ι</span> <span class='ocrx_word' id='word_1_722' title='bbox 2490 3826 2607 3880; x_wconf 85' lang='lat' dir='ltr'>Cor.</span> <span class='ocrx_word' id='word_1_723' title='bbox 2635 3825 2709 3893; x_wconf 89' lang='lat' dir='ltr'>v).</span> <span class='ocrx_word' id='word_1_724' title='bbox 2748 3825 2848 3894; x_wconf 90' lang='lat' dir='ltr'>qui</span> <span class='ocrx_word' id='word_1_725' title='bbox 2877 3840 2993 3877; x_wconf 90' lang='lat' dir='ltr'>non</span> <span class='ocrx_word' id='word_1_726' title='bbox 3021 3823 3178 3890; x_wconf 88' lang='lat' dir='ltr'>foris,</span> <span class='ocrx_word' id='word_1_727' title='bbox 3232 3824 3347 3878; x_wconf 88' lang='lat' dir='ltr'>sed</span> <span class='ocrx_word' id='word_1_728' title='bbox 3378 3823 3437 3875; x_wconf 88' lang='lat' dir='ltr'>in</span> <span class='ocrx_word' id='word_1_729' title='bbox 3496 3840 3613 3877; x_wconf 89' lang='lat' dir='ltr'>una</span> <span class='ocrx_word' id='word_1_730' title='bbox 3659 3824 3830 3878; x_wconf 91' lang='lat' dir='ltr'>domo</span> 
     </span>
    </p>
   </div>
   <div class='ocr_carea' id='block_1_101' title="bbox 2143 3908 3837 3965">
    <p class='ocr_par' dir='ltr' id='par_1_101' title="bbox 2143 3908 3837 3965">
     <span class='ocr_line' id='line_1_101' title="bbox 2143 3908 3837 3965; baseline 0.002 -3"><span class='ocrx_word' id='word_1_731' title='bbox 2143 3912 2200 3962; x_wconf 89' lang='lat' dir='ltr'>et</span> <span class='ocrx_word' id='word_1_732' title='bbox 2235 3908 2388 3961; x_wconf 89' lang='lat' dir='ltr'>intus</span> <span class='ocrx_word' id='word_1_733' title='bbox 2417 3910 2752 3965; x_wconf 89' lang='lat' dir='ltr'>comeditur.</span> <span class='ocrx_word' id='word_1_734' title='bbox 2784 3912 2846 3965; x_wconf 88' lang='lat' dir='ltr'>In</span> <span class='ocrx_word' id='word_1_735' title='bbox 2877 3911 3068 3964; x_wconf 79' lang='lat' dir='ltr'>hortis.</span> <span class='ocrx_word' id='word_1_736' title='bbox 3109 3912 3235 3964; x_wconf 83' lang='lat' dir='ltr'>Non</span> <span class='ocrx_word' id='word_1_737' title='bbox 3264 3910 3325 3963; x_wconf 89' lang='lat' dir='ltr'>in</span> <span class='ocrx_word' id='word_1_738' title='bbox 3356 3910 3632 3965; x_wconf 80' lang='lat' dir='ltr'>sacriﬁcio</span> <span class='ocrx_word' id='word_1_739' title='bbox 3688 3912 3837 3965; x_wconf 86' lang='lat' dir='ltr'>vitu-</span> 
     </span>
    </p>
   </div>
   <div class='ocr_carea' id='block_1_102' title="bbox 2144 3996 3315 4069">
    <p class='ocr_par' dir='ltr' id='par_1_102' title="bbox 2144 3996 3315 4069">
     <span class='ocr_line' id='line_1_102' title="bbox 2144 3996 3315 4069; baseline 0.003 -20"><span class='ocrx_word' id='word_1_740' title='bbox 2144 3997 2209 4050; x_wconf 70' lang='lat' dir='ltr'>laa</span> <span class='ocrx_word' id='word_1_741' title='bbox 2231 3996 2390 4064; x_wconf 62' lang='lat' dir='ltr'>rufae,</span> <span class='ocrx_word' id='word_1_742' title='bbox 2425 3997 2578 4067; x_wconf 90' lang='lat' dir='ltr'>quod</span> <span class='ocrx_word' id='word_1_743' title='bbox 2609 3998 3048 4069; x_wconf 58' lang='lat' dir='ltr'>pracipiebatur</span> <span class='ocrx_word' id='word_1_744' title='bbox 3075 3998 3136 4052; x_wconf 90' lang='lat' dir='ltr'>in</span> <span class='ocrx_word' id='word_1_745' title='bbox 3168 4000 3315 4068; x_wconf 85' lang='lat' dir='ltr'>lege.</span> 
     </span>
    </p>
   </div>
   <div class='ocr_carea' id='block_1_103' title="bbox 2220 4085 3838 4153">
    <p class='ocr_par' dir='ltr' id='par_1_103' title="bbox 2220 4085 3838 4153">
     <span class='ocr_line' id='line_1_103' title="bbox 2220 4085 3838 4153; baseline 0.003 -15"><span class='ocrx_word' id='word_1_746' title='bbox 2220 4085 2378 4139; x_wconf 68' lang='lat' dir='ltr'>Vens.</span> <span class='ocrx_word' id='word_1_747' title='bbox 2416 4089 2499 4140; x_wconf 92' lang='lat'>18.</span> <span class='ocrx_word' id='word_1_748' title='bbox 2537 4118 2603 4125; x_wconf 87' lang='lat'>—</span> <span class='ocrx_word' id='word_1_749' title='bbox 2634 4090 2746 4153; x_wconf 88' lang='lat' dir='ltr'>Ego</span> <span class='ocrx_word' id='word_1_750' title='bbox 2778 4094 2976 4141; x_wconf 80' lang='lat' dir='ltr'>autem.</span> <span class='ocrx_word' id='word_1_751' title='bbox 3027 4088 3196 4152; x_wconf 89' lang='lat' dir='ltr'>Quasi</span> <span class='ocrx_word' id='word_1_752' title='bbox 3229 4087 3412 4142; x_wconf 89' lang='lat' dir='ltr'>dicat:</span> <span class='ocrx_word' id='word_1_753' title='bbox 3482 4088 3615 4142; x_wconf 86' lang='lat' dir='ltr'>Ideo</span> <span class='ocrx_word' id='word_1_754' title='bbox 3671 4089 3838 4144; x_wconf 84' lang='lat' dir='ltr'>venio</span> 
     </span>
    </p>
   </div>
   <div class='ocr_carea' id='block_1_104' title="bbox 2144 4174 3833 4247">
    <p class='ocr_par' dir='ltr' id='par_1_104' title="bbox 2144 4174 3833 4247">
     <span class='ocr_line' id='line_1_104' title="bbox 2144 4174 3833 4247; baseline 0.002 -20"><span class='ocrx_word' id='word_1_755' title='bbox 2144 4174 2211 4227; x_wconf 89' lang='lat' dir='ltr'>ad</span> <span class='ocrx_word' id='word_1_756' title='bbox 2238 4175 2515 4244; x_wconf 85' lang='lat' dir='ltr'>judicium</span> <span class='ocrx_word' id='word_1_757' title='bbox 2538 4192 2665 4230; x_wconf 83' lang='lat' dir='ltr'>cum</span> <span class='ocrx_word' id='word_1_758' title='bbox 2708 4177 2974 4229; x_wconf 89' lang='lat' dir='ltr'>omnibus</span> <span class='ocrx_word' id='word_1_759' title='bbox 3006 4176 3272 4246; x_wconf 88' lang='lat' dir='ltr'>gentibus</span> <span class='ocrx_word' id='word_1_760' title='bbox 3306 4182 3362 4231; x_wconf 91' lang='lat' dir='ltr'>et</span> <span class='ocrx_word' id='word_1_761' title='bbox 3394 4178 3623 4247; x_wconf 87' lang='lat' dir='ltr'>linguis,</span> <span class='ocrx_word' id='word_1_762' title='bbox 3658 4178 3833 4245; x_wconf 88' lang='lat' dir='ltr'>utju-</span> 
     </span>
    </p>
   </div>
   <div class='ocr_carea' id='block_1_105' title="bbox 2144 4263 3840 4335">
    <p class='ocr_par' dir='ltr' id='par_1_105' title="bbox 2144 4263 3840 4335">
     <span class='ocr_line' id='line_1_105' title="bbox 2144 4263 3840 4335; baseline 0.001 -18"><span class='ocrx_word' id='word_1_763' title='bbox 2144 4263 2325 4317; x_wconf 92' lang='lat' dir='ltr'>dicem</span> <span class='ocrx_word' id='word_1_764' title='bbox 2348 4265 2517 4318; x_wconf 90' lang='lat' dir='ltr'>simul</span> <span class='ocrx_word' id='word_1_765' title='bbox 2541 4264 2735 4319; x_wconf 90' lang='lat' dir='ltr'>omnia</span> <span class='ocrx_word' id='word_1_766' title='bbox 2765 4280 2941 4335; x_wconf 88' lang='lat' dir='ltr'>opera</span> <span class='ocrx_word' id='word_1_767' title='bbox 2970 4280 3171 4318; x_wconf 88' lang='lat' dir='ltr'>eorum</span> <span class='ocrx_word' id='word_1_768' title='bbox 3223 4269 3280 4318; x_wconf 91' lang='lat' dir='ltr'>et</span> <span class='ocrx_word' id='word_1_769' title='bbox 3336 4265 3731 4334; x_wconf 87' lang='lat' dir='ltr'>cogitationes,</span> <span class='ocrx_word' id='word_1_770' title='bbox 3783 4271 3840 4319; x_wconf 89' lang='lat' dir='ltr'>et</span> 
     </span>
    </p>
   </div>
   <div class='ocr_carea' id='block_1_106' title="bbox 2142 4353 3834 4424">
    <p class='ocr_par' dir='ltr' id='par_1_106' title="bbox 2142 4353 3834 4424">
     <span class='ocr_line' id='line_1_106' title="bbox 2142 4353 3834 4424; baseline 0.002 -20"><span class='ocrx_word' id='word_1_771' title='bbox 2142 4353 2371 4406; x_wconf 88' lang='lat' dir='ltr'>reddam</span> <span class='ocrx_word' id='word_1_772' title='bbox 2425 4353 2506 4406; x_wconf 90' lang='lat' dir='ltr'>eis</span> <span class='ocrx_word' id='word_1_773' title='bbox 2539 4354 2733 4407; x_wconf 87' lang='lat' dir='ltr'>omnia</span> <span class='ocrx_word' id='word_1_774' title='bbox 2787 4370 2915 4424; x_wconf 65' lang='lat' dir='ltr'>qua:</span> <span class='ocrx_word' id='word_1_775' title='bbox 2955 4358 3269 4407; x_wconf 89' lang='lat' dir='ltr'>merentur.</span> <span class='ocrx_word' id='word_1_776' title='bbox 3330 4356 3577 4419; x_wconf 87' lang='lat' dir='ltr'>Linguis.</span> <span class='ocrx_word' id='word_1_777' title='bbox 3633 4354 3834 4424; x_wconf 77' lang='lat' dir='ltr'>(Hii-2n.)</span> 
     </span>
    </p>
   </div>
   <div class='ocr_carea' id='block_1_107' title="bbox 2140 4441 3831 4513">
    <p class='ocr_par' dir='ltr' id='par_1_107' title="bbox 2140 4441 3831 4513">
     <span class='ocr_line' id='line_1_107' title="bbox 2140 4441 3831 4513; baseline 0.002 -20"><span class='ocrx_word' id='word_1_778' title='bbox 2140 4441 2275 4504; x_wconf 66' lang='lat' dir='ltr'>Quae</span> <span class='ocrx_word' id='word_1_779' title='bbox 2307 4442 2622 4495; x_wconf 92' lang='lat' dir='ltr'>secundum</span> <span class='ocrx_word' id='word_1_780' title='bbox 2656 4442 3047 4513; x_wconf 87' lang='lat' dir='ltr'>apostolorum</span> <span class='ocrx_word' id='word_1_781' title='bbox 3091 4457 3209 4495; x_wconf 91' lang='lat' dir='ltr'>non</span> <span class='ocrx_word' id='word_1_782' title='bbox 3268 4442 3453 4495; x_wconf 92' lang='lat' dir='ltr'>solum</span> <span class='ocrx_word' id='word_1_783' title='bbox 3510 4443 3831 4506; x_wconf 87' lang='lat' dir='ltr'>hominum,</span> 
     </span>
    </p>
   </div>
   <div class='ocr_carea' id='block_1_108' title="bbox 2140 4530 3834 4598">
    <p class='ocr_par' dir='ltr' id='par_1_108' title="bbox 2140 4530 3834 4598">
     <span class='ocr_line' id='line_1_108' title="bbox 2140 4530 3834 4598; baseline 0.001 -16"><span class='ocrx_word' id='word_1_784' title='bbox 2140 4534 2269 4595; x_wconf 86' lang='lat' dir='ltr'>etc.,</span> <span class='ocrx_word' id='word_1_785' title='bbox 2319 4545 2487 4598; x_wconf 85' lang='lat' dir='ltr'>usque</span> <span class='ocrx_word' id='word_1_786' title='bbox 2542 4530 2616 4581; x_wconf 82' lang='lat' dir='ltr'>ad</span> <span class='ocrx_word' id='word_1_787' title='bbox 2665 4532 2827 4585; x_wconf 83' lang='lat' dir='ltr'>Juxta</span> <span class='ocrx_word' id='word_1_788' title='bbox 2890 4530 3079 4583; x_wconf 89' lang='lat' dir='ltr'>illud:</span> <span class='ocrx_word' id='word_1_789' title='bbox 3143 4530 3446 4584; x_wconf 81' lang='lat' dir='ltr'>Inebriatus</span> <span class='ocrx_word' id='word_1_790' title='bbox 3477 4535 3555 4584; x_wconf 87' lang='lat' dir='ltr'>est</span> <span class='ocrx_word' id='word_1_791' title='bbox 3611 4534 3669 4583; x_wconf 87' lang='lat' dir='ltr'>in</span> <span class='ocrx_word' id='word_1_792' title='bbox 3710 4533 3834 4585; x_wconf 67' lang='lat' dir='ltr'>caelo</span> 
     </span>
    </p>
   </div>
   <div class='ocr_carea' id='block_1_109' title="bbox 2138 4617 3829 4687">
    <p class='ocr_par' dir='ltr' id='par_1_109' title="bbox 2138 4617 3829 4687">
     <span class='ocr_line' id='line_1_109' title="bbox 2138 4617 3829 4687; baseline 0.001 -15"><span class='ocrx_word' id='word_1_793' title='bbox 2138 4621 2357 4686; x_wconf 86' lang='lat' dir='ltr'>gladius</span> <span class='ocrx_word' id='word_1_794' title='bbox 2426 4634 2591 4683; x_wconf 83' lang='lat' dir='ltr'>meus,</span> <span class='ocrx_word' id='word_1_795' title='bbox 2650 4624 2700 4672; x_wconf 86' lang='lat' dir='ltr'>et</span> <span class='ocrx_word' id='word_1_796' title='bbox 2756 4634 2923 4686; x_wconf 83' lang='lat' dir='ltr'>usque</span> <span class='ocrx_word' id='word_1_797' title='bbox 2972 4617 3046 4672; x_wconf 91' lang='lat' dir='ltr'>ad</span> <span class='ocrx_word' id='word_1_798' title='bbox 3104 4623 3303 4672; x_wconf 84' lang='lat' dir='ltr'>terram</span> <span class='ocrx_word' id='word_1_799' title='bbox 3363 4619 3635 4673; x_wconf 74' lang='lat' dir='ltr'>descendit</span> <span class='ocrx_word' id='word_1_800' title='bbox 3704 4621 3829 4687; x_wconf 83' lang='lat' dir='ltr'>(lsa.</span> 
     </span>
    </p>
   </div>
   <div class='ocr_carea' id='block_1_110' title="bbox 2138 4714 2343 4772">
    <p class='ocr_par' dir='ltr' id='par_1_110' title="bbox 2138 4714 2343 4772">
     <span class='ocr_line' id='line_1_110' title="bbox 2138 4714 2343 4772; baseline 0 -11"><span class='ocrx_word' id='word_1_801' title='bbox 2138 4714 2343 4772; x_wconf 69' lang='lat' dir='ltr'>xxxu’).</span> 
     </span>
    </p>
   </div>
   <div class='ocr_carea' id='block_1_111' title="bbox 2208 4795 3834 4863">
    <p class='ocr_par' dir='ltr' id='par_1_111' title="bbox 2208 4795 3834 4863">
     <span class='ocr_line' id='line_1_111' title="bbox 2208 4795 3834 4863; baseline 0.002 -16"><span class='ocrx_word' id='word_1_802' title='bbox 2208 4797 2376 4848; x_wconf 78' lang='lat' dir='ltr'>Vens.</span> <span class='ocrx_word' id='word_1_803' title='bbox 2414 4797 2503 4849; x_wconf 87' lang='lat'>19.</span> <span class='ocrx_word' id='word_1_804' title='bbox 2533 4825 2601 4833; x_wconf 88' lang='lat'><strong><em>—</em></strong></span> <span class='ocrx_word' id='word_1_805' title='bbox 2622 4796 2692 4848; x_wconf 85' lang='lat' dir='ltr'>Et</span> <span class='ocrx_word' id='word_1_806' title='bbox 2720 4809 2919 4863; x_wconf 83' lang='lat' dir='ltr'>ponam</span> <span class='ocrx_word' id='word_1_807' title='bbox 2949 4795 3007 4847; x_wconf 86' lang='lat' dir='ltr'>in</span> <span class='ocrx_word' id='word_1_808' title='bbox 3033 4796 3109 4849; x_wconf 87' lang='lat' dir='ltr'>eis</span> <span class='ocrx_word' id='word_1_809' title='bbox 3130 4797 3368 4861; x_wconf 88' lang='lat' dir='ltr'>signum.</span> <span class='ocrx_word' id='word_1_810' title='bbox 3426 4795 3640 4861; x_wconf 87' lang='lat' dir='ltr'>Crucis,</span> <span class='ocrx_word' id='word_1_811' title='bbox 3696 4797 3834 4851; x_wconf 86' lang='lat' dir='ltr'>Chi-</span> 
     </span>
    </p>
   </div>
   <div class='ocr_carea' id='block_1_112' title="bbox 2136 4882 3830 4954">
    <p class='ocr_par' dir='ltr' id='par_1_112' title="bbox 2136 4882 3830 4954">
     <span class='ocr_line' id='line_1_112' title="bbox 2136 4882 3830 4954; baseline 0.001 -17"><span class='ocrx_word' id='word_1_812' title='bbox 2136 4883 2459 4948; x_wconf 87' lang='lat' dir='ltr'>stianitatis,</span> <span class='ocrx_word' id='word_1_813' title='bbox 2493 4884 2709 4951; x_wconf 92' lang='lat' dir='ltr'>salutis,</span> <span class='ocrx_word' id='word_1_814' title='bbox 2744 4898 2855 4954; x_wconf 92' lang='lat' dir='ltr'>quo</span> <span class='ocrx_word' id='word_1_815' title='bbox 2890 4882 3096 4951; x_wconf 85' lang='lat' dir='ltr'>signati</span> <span class='ocrx_word' id='word_1_816' title='bbox 3130 4883 3187 4935; x_wconf 91' lang='lat' dir='ltr'>in</span> <span class='ocrx_word' id='word_1_817' title='bbox 3223 4884 3512 4937; x_wconf 84' lang='lat' dir='ltr'>Ezechiele</span> <span class='ocrx_word' id='word_1_818' title='bbox 3572 4902 3689 4938; x_wconf 91' lang='lat' dir='ltr'>non</span> <span class='ocrx_word' id='word_1_819' title='bbox 3742 4886 3830 4939; x_wconf 88' lang='lat' dir='ltr'>in-</span> 
     </span>
    </p>
   </div>
   <div class='ocr_carea' id='block_1_113' title="bbox 2133 4970 3831 5042">
    <p class='ocr_par' dir='ltr' id='par_1_113' title="bbox 2133 4970 3831 5042">
     <span class='ocr_line' id='line_1_113' title="bbox 2133 4970 3831 5042; baseline -0.001 -16"><span class='ocrx_word' id='word_1_820' title='bbox 2133 4971 2521 5036; x_wconf 75' lang='lat' dir='ltr'>terﬁciuntur;</span> <span class='ocrx_word' id='word_1_821' title='bbox 2558 4988 2670 5042; x_wconf 90' lang='lat' dir='ltr'>quo</span> <span class='ocrx_word' id='word_1_822' title='bbox 2702 4972 2760 5024; x_wconf 92' lang='lat' dir='ltr'>in</span> <span class='ocrx_word' id='word_1_823' title='bbox 2790 4973 3031 5041; x_wconf 61' lang='lat' dir='ltr'>Egypto</span> <span class='ocrx_word' id='word_1_824' title='bbox 3073 4976 3265 5041; x_wconf 88' lang='lat' dir='ltr'>postes</span> <span class='ocrx_word' id='word_1_825' title='bbox 3314 4970 3614 5040; x_wconf 87' lang='lat' dir='ltr'>signantur</span> <span class='ocrx_word' id='word_1_826' title='bbox 3651 4977 3707 5026; x_wconf 89' lang='lat' dir='ltr'>et</span> <span class='ocrx_word' id='word_1_827' title='bbox 3752 4975 3831 5027; x_wconf 86' lang='lat' dir='ltr'>Is-</span> 
     </span>
    </p>
   </div>
   <div class='ocr_carea' id='block_1_114' title="bbox 2138 5059 3827 5131">
    <p class='ocr_par' dir='ltr' id='par_1_114' title="bbox 2138 5059 3827 5131">
     <span class='ocr_line' id='line_1_114' title="bbox 2138 5059 3827 5131; baseline 0.001 -18"><span class='ocrx_word' id='word_1_828' title='bbox 2138 5061 2350 5114; x_wconf 82' lang='lat' dir='ltr'>raclitae</span> <span class='ocrx_word' id='word_1_829' title='bbox 2379 5060 2687 5113; x_wconf 87' lang='lat' dir='ltr'>salvantur.</span> <span class='ocrx_word' id='word_1_830' title='bbox 2723 5062 2835 5114; x_wconf 86' lang='lat' dir='ltr'>Hoc</span> <span class='ocrx_word' id='word_1_831' title='bbox 2882 5061 3111 5129; x_wconf 87' lang='lat' dir='ltr'>signum</span> <span class='ocrx_word' id='word_1_832' title='bbox 3139 5060 3321 5113; x_wconf 81' lang='lat' dir='ltr'>Achaz</span> <span class='ocrx_word' id='word_1_833' title='bbox 3370 5059 3557 5113; x_wconf 90' lang='lat' dir='ltr'>noluit</span> <span class='ocrx_word' id='word_1_834' title='bbox 3612 5065 3827 5131; x_wconf 87' lang='lat' dir='ltr'>petere,</span> 
     </span>
    </p>
   </div>
   <div class='ocr_carea' id='block_1_115' title="bbox 2133 5148 3832 5219">
    <p class='ocr_par' dir='ltr' id='par_1_115' title="bbox 2133 5148 3832 5219">
     <span class='ocr_line' id='line_1_115' title="bbox 2133 5148 3832 5219; baseline 0.002 -17"><span class='ocrx_word' id='word_1_835' title='bbox 2133 5149 2286 5219; x_wconf 90' lang='lat' dir='ltr'>quod</span> <span class='ocrx_word' id='word_1_836' title='bbox 2333 5149 2605 5218; x_wconf 88' lang='lat' dir='ltr'>supponit</span> <span class='ocrx_word' id='word_1_837' title='bbox 2654 5149 2867 5202; x_wconf 85' lang='lat' dir='ltr'>Isaias:</span> <span class='ocrx_word' id='word_1_838' title='bbox 2916 5148 3056 5202; x_wconf 88' lang='lat' dir='ltr'>Ecce</span> <span class='ocrx_word' id='word_1_839' title='bbox 3102 5150 3255 5214; x_wconf 81' lang='lat' dir='ltr'>virgo</span> <span class='ocrx_word' id='word_1_840' title='bbox 3299 5150 3577 5216; x_wconf 84' lang='lat' dir='ltr'>concipiet,</span> <span class='ocrx_word' id='word_1_841' title='bbox 3607 5153 3711 5203; x_wconf 89' lang='lat' dir='ltr'>etc.</span> <span class='ocrx_word' id='word_1_842' title='bbox 3765 5154 3832 5205; x_wconf 87' lang='lat' dir='ltr'>Et</span> 
     </span>
    </p>
   </div>
   <div class='ocr_carea' id='block_1_116' title="bbox 2132 5236 3828 5307">
    <p class='ocr_par' dir='ltr' id='par_1_116' title="bbox 2132 5236 3828 5307">
     <span class='ocr_line' id='line_1_116' title="bbox 2132 5236 3828 5307; baseline 0.001 -16"><span class='ocrx_word' id='word_1_843' title='bbox 2132 5240 2344 5291; x_wconf 86' lang='lat' dir='ltr'>mittam</span> <span class='ocrx_word' id='word_1_844' title='bbox 2374 5252 2440 5289; x_wconf 80' lang='lat' dir='ltr'>ea:</span> <span class='ocrx_word' id='word_1_845' title='bbox 2484 5239 2579 5290; x_wconf 87' lang='lat' dir='ltr'>eis.</span> <span class='ocrx_word' id='word_1_846' title='bbox 2620 5236 2856 5290; x_wconf 87' lang='lat' dir='ltr'>Videtur</span> <span class='ocrx_word' id='word_1_847' title='bbox 2884 5252 3005 5289; x_wconf 89' lang='lat' dir='ltr'>esse</span> <span class='ocrx_word' id='word_1_848' title='bbox 3036 5236 3412 5301; x_wconf 90' lang='lat' dir='ltr'>contrarium,</span> <span class='ocrx_word' id='word_1_849' title='bbox 3456 5251 3588 5290; x_wconf 89' lang='lat' dir='ltr'>cum</span> <span class='ocrx_word' id='word_1_850' title='bbox 3640 5238 3709 5291; x_wconf 90' lang='lat' dir='ltr'>de</span> <span class='ocrx_word' id='word_1_851' title='bbox 3734 5239 3828 5307; x_wconf 91' lang='lat' dir='ltr'>ju-</span> 
     </span>
    </p>
   </div>
   <div class='ocr_carea' id='block_1_117' title="bbox 2132 5324 3822 5395">
    <p class='ocr_par' dir='ltr' id='par_1_117' title="bbox 2132 5324 3822 5395">
     <span class='ocr_line' id='line_1_117' title="bbox 2132 5324 3822 5395; baseline 0.001 -15"><span class='ocrx_word' id='word_1_852' title='bbox 2132 5326 2278 5380; x_wconf 91' lang='lat' dir='ltr'>dicio</span> <span class='ocrx_word' id='word_1_853' title='bbox 2301 5324 2471 5395; x_wconf 71' lang='lat' dir='ltr'>&#39;prius</span> <span class='ocrx_word' id='word_1_854' title='bbox 2497 5325 2709 5379; x_wconf 91' lang='lat' dir='ltr'>dictum</span> <span class='ocrx_word' id='word_1_855' title='bbox 2742 5325 2835 5387; x_wconf 91' lang='lat' dir='ltr'>sit,</span> <span class='ocrx_word' id='word_1_856' title='bbox 2869 5324 3075 5378; x_wconf 88' lang='lat' dir='ltr'>reverti</span> <span class='ocrx_word' id='word_1_857' title='bbox 3106 5325 3173 5378; x_wconf 90' lang='lat' dir='ltr'>ad</span> <span class='ocrx_word' id='word_1_858' title='bbox 3207 5324 3460 5395; x_wconf 89' lang='lat' dir='ltr'>primum</span> <span class='ocrx_word' id='word_1_859' title='bbox 3495 5325 3822 5393; x_wconf 85' lang='lat' dir='ltr'>adventum,</span> 
     </span>
    </p>
   </div>
   <div class='ocr_carea' id='block_1_118' title="bbox 2130 5412 3824 5484">
    <p class='ocr_par' dir='ltr' id='par_1_118' title="bbox 2130 5412 3824 5484">
     <span class='ocr_line' id='line_1_118' title="bbox 2130 5412 3824 5484; baseline 0.001 -17"><span class='ocrx_word' id='word_1_860' title='bbox 2130 5430 2244 5484; x_wconf 90' lang='lat' dir='ltr'>quo</span> <span class='ocrx_word' id='word_1_861' title='bbox 2276 5414 2513 5484; x_wconf 87' lang='lat' dir='ltr'>apostoli</span> <span class='ocrx_word' id='word_1_862' title='bbox 2546 5414 2610 5467; x_wconf 89' lang='lat' dir='ltr'>ad</span> <span class='ocrx_word' id='word_1_863' title='bbox 2640 5418 2838 5483; x_wconf 90' lang='lat' dir='ltr'>gentes</span> <span class='ocrx_word' id='word_1_864' title='bbox 2863 5412 3193 5482; x_wconf 88' lang='lat' dir='ltr'>diriguntur</span> <span class='ocrx_word' id='word_1_865' title='bbox 3219 5418 3276 5465; x_wconf 90' lang='lat' dir='ltr'>et</span> <span class='ocrx_word' id='word_1_866' title='bbox 3304 5412 3542 5466; x_wconf 89' lang='lat' dir='ltr'>audient</span> <span class='ocrx_word' id='word_1_867' title='bbox 3577 5429 3589 5465; x_wconf 93' lang='lat'>:</span> <span class='ocrx_word' id='word_1_868' title='bbox 3625 5416 3701 5467; x_wconf 87' lang='lat' dir='ltr'>Ite</span> <span class='ocrx_word' id='word_1_869' title='bbox 3729 5416 3824 5468; x_wconf 89' lang='lat' dir='ltr'>do-</span> 
     </span>
    </p>
   </div>
   <div class='ocr_carea' id='block_1_119' title="bbox 2129 5499 3825 5595">
    <p class='ocr_par' dir='ltr' id='par_1_119' title="bbox 2129 5499 3825 5595">
     <span class='ocr_line' id='line_1_119' title="bbox 2129 5499 3825 5595; baseline -0.001 -39"><span class='ocrx_word' id='word_1_870' title='bbox 2129 5509 2235 5557; x_wconf 80' lang='lat' dir='ltr'>cete</span> <span class='ocrx_word' id='word_1_871' title='bbox 2290 5517 2466 5557; x_wconf 90' lang='lat' dir='ltr'>omnes</span> <span class='ocrx_word' id='word_1_872' title='bbox 2512 5506 2691 5568; x_wconf 83' lang='lat' dir='ltr'>gentes</span> <span class='ocrx_word' id='word_1_873' title='bbox 2740 5502 2947 5570; x_wconf 82' lang='lat' dir='ltr'>(Matth.</span> <span class='ocrx_word' id='word_1_874' title='bbox 3014 5501 3225 5579; x_wconf 67' lang='lat' dir='ltr'>XXVllt),</span> <span class='ocrx_word' id='word_1_875' title='bbox 3278 5499 3386 5595; x_wconf 63' lang='lat' dir='ltr'>§ed</span> <span class='ocrx_word' id='word_1_876' title='bbox 3439 5500 3642 5570; x_wconf 90' lang='lat' dir='ltr'>judicii</span> <span class='ocrx_word' id='word_1_877' title='bbox 3704 5502 3825 5556; x_wconf 89' lang='lat' dir='ltr'>dies</span> 
     </span>
    </p>
   </div>
   <div class='ocr_carea' id='block_1_120' title="bbox 2628 5596 3329 5664">
    <p class='ocr_par' dir='ltr' id='par_1_120' title="bbox 2628 5596 3329 5664">
     <span class='ocr_line' id='line_1_120' title="bbox 2628 5596 3305 5613; baseline -0.006 -4"><span class='ocrx_word' id='word_1_878' title='bbox 2628 5596 2673 5609; x_wconf 61' lang='grc' dir='ltr'>-ε</span> <span class='ocrx_word' id='word_1_879' title='bbox 2724 5596 2755 5605; x_wconf 51' lang='grc' dir='ltr'>ιν</span> <span class='ocrx_word' id='word_1_880' title='bbox 3200 5598 3201 5601; x_wconf 61' lang='grc' dir='ltr'><strong>η</strong></span> <span class='ocrx_word' id='word_1_881' title='bbox 3296 5604 3305 5613; x_wconf 39' lang='grc' dir='ltr'><strong>λ</strong></span> 
     </span>
     <span class='ocr_line' id='line_1_121' title="bbox 2628 5610 3329 5664; baseline 0 -7"><span class='ocrx_word' id='word_1_882' title='bbox 2628 5640 2641 5657; x_wconf 76' lang='grc' dir='ltr'>ι</span> <span class='ocrx_word' id='word_1_883' title='bbox 3002 5620 3011 5639; x_wconf 58' lang='grc'><strong><em>⁸</em></strong></span> <span class='ocrx_word' id='word_1_884' title='bbox 3136 5610 3240 5664; x_wconf 47' lang='grc' dir='ltr'>ιδ’</span> <span class='ocrx_word' id='word_1_885' title='bbox 3284 5630 3329 5661; x_wconf 81' lang='grc'>,⁸</span> 
     </span>
    </p>
   </div>
   <div class='ocr_carea' id='block_1_121' title="bbox 2668 5662 2767 5695">
    <p class='ocr_par' dir='ltr' id='par_1_121' title="bbox 2668 5662 2767 5695">
     <span class='ocr_line' id='line_1_122' title="bbox 2668 5662 2767 5695; baseline 0.02 -2"><span class='ocrx_word' id='word_1_886' title='bbox 2668 5678 2681 5693; x_wconf 73' lang='grc' dir='ltr'>ι</span> <span class='ocrx_word' id='word_1_887' title='bbox 2724 5662 2767 5695; x_wconf 59' lang='lat' dir='ltr'>Iw</span> 
     </span>
    </p>
   </div>
  </div>
