4074 6186
242 279 377 332 1315

1128 270 1315 327 oano
1356 268 1600 325 aenum
1644 268 1800 334 ous:
1840 268 1906 324 IN
1950 265 2083 323 noc
2124 264 2312 323 τοιιο
2349 227 2854 354 conrmENrua.

3615 271 3753 324 tam

235 395 585 469 praedicitur,
620 399 684 450 ut
729 398 887 449 metu
940 393 1148 448 fatum
1188 390 1730 463 premeperterriti,
1789 389 1935 445 acci-
1965 394 2006 447 Α
2121 389 2287 444 Vens.
2332 390 2422 443 23.
2453 418 2522 429 -
2550 388 2749 443 Mensis
2778 392 2850 441 ex
2878 402 3075 443 mense.
3116 387 3313 443 Mense
3372 389 3585 444 Graece.
3646 392 3754 445 La-

239 485 403 555 piant
429 484 740 539 adventum
777 480 1080 537 Salvatoris
1108 496 1122 535 :
1152 485 1209 534 et
1260 479 1653 550 apostolorum
1715 479 1933 550 praedi-

241 572 528 627 cationem
573 571 672 643 qui
719 574 852 625 sunt
877 567 1268 640 prmmittendi
1317 569 1388 621 In
1432 583 1601 621 mare.
1658 567 1931 622 Mnudum

243 659 473 728 scilicet,
507 661 669 730 cujus
724 662 918 729 partes
973 655 1161 710 subdit
1196 655 1466 721 Africam,
1510 659 1616 709 etc.
1668 654 1937 709 meridia-

243 765 401 815 nam,
425 747 639 802 scilicet
664 746 893 816 plagam
925 743 986 798 in
1017 760 1129 816 qua
1160 742 1345 799 Africa
1368 747 1471 798 est.

313 837 478 891 Vens.
509 837 597 889 20.
632 864 697 873 —
747 835 809 889 In
849 836 1020 903 equis.
1073 830 1280 903 (Hmaj
1344 831 1487 887 Sunt
1535 831 1785 898 adducti,
1836 830 1936 903 qui

244 924 515 980 velociter
533 923 776 978 credunt
804 927 863 976 et
890 921 1002 976 cito
1024 921 1093 975 ad
1142 920 1315 976 ﬁdem
1376 925 1632 976 currunt.
1692 922 1763 974 In
1796 936 1936 991 quu-

245 1013 420 1082 drigis
441 1018 490 1068 et
515 1015 572 1067 in
602 1014 822 1068 lecticis.
870 1010 1270 1082 Philosophos,
1320 1009 1535 1065 scilicet
1567 1012 1623 1062 et
1679 1007 1942 1062 doctrina

169 1157 173 1160 ,
244 1106 298 1156 et
325 1117 549 1156 morum
586 1102 883 1156 honestate
906 1099 1189 1170 fulgentes
1224 1115 1237 1153 :
1266 1098 1415 1153 unde
1446 1097 1609 1152 citius
1639 1097 1706 1151 ad
1739 1095 1942 1151 doctri-

244 1206 378 1245 nam
410 1193 660 1261 quatuor
716 1190 1202 1261 Evangelistarum
1256 1190 1658 1259 pervenerunt,
1716 1191 1773 1239 et
1803 1200 1939 1256 qua-

244 1284 378 1333 tuor
401 1278 817 1351 principalibus
846 1277 1154 1333 virtutibus
1184 1276 1463 1331 sublevati
1497 1273 1742 1329 cmlestia
1775 1290 1905 1328 men
1926 1303 1944 1314 -

245 1372 300 1422 te
331 1367 646 1439 attigerunt
672 1367 739 1422 In
763 1368 951 1423 mulis.
1002 1366 1187 1437 Super
1211 1381 1355 1437 quos
1381 1363 1556 1418 David
1586 1367 1641 1416 et
1668 1362 1942 1435 Salomon

248 1455 459 1510 sedisse
511 1457 806 1526 leguntur.
860 1455 967 1520 Qui
1009 1455 1164 1510 enim
1219 1470 1252 1508 a
1310 1453 1510 1508 mundi
1556 1452 1674 1507 fetu
1724 1451 1944 1505 steriles

248 1548 401 1612 sunt,
443 1544 684 1599 Domino
719 1544 816 1616 qui
847 1560 951 1616 per
979 1544 1106 1600 illos
1129 1544 1428 1614 ﬁguratur,
1464 1540 1627 1613 quasi
1661 1540 1943 1594 mansueti

2046 472 2166 529 tine
2189 477 2342 543 luna,
2375 476 2526 531 unde
2559 474 2888 545 neomenia,
2910 477 3073 548 quasi
3098 493 3246 532 nova
3270 476 3429 532 luna.
3465 480 3511 533 Α
3553 494 3751 532 mense

2046 565 2260 619 mensis
2280 564 2434 636 apud
2461 564 2589 620 illos
2610 564 2709 636 qui
2728 565 2960 620 initium
2983 566 3388 632 kalendarum,
3411 582 3526 621 non
3552 582 3751 621 secun-

2048 653 2186 708 dum
2214 653 2347 708 solis
2378 669 2607 708 cursum
2641 659 2698 708 et
2727 653 2950 709 diversa
2981 655 3164 725 spatia
3196 653 3504 721 mensium,
3535 656 3633 710 sed
3664 672 3747 710 se-

2046 742 2295 797 cundum
2325 742 2478 797 lunae
2505 741 2866 797 circumitum
2916 747 2973 797 et
2993 743 3315 798 terminant
3345 749 3402 798 et
3465 744 3753 815 incipiunt

2049 830 2200 903 quod
2237 830 2462 887 Hebraei
2490 831 2724 886 faciunt.
2756 832 2864 886 Per
2894 846 3152 887 mensem
3180 848 3316 904 ergo
3361 832 3558 887 lunam
3592 849 3606 888 :
3648 849 3755 904 per

2050 923 2247 976 lunam
2284 921 2438 992 (qua:
2483 922 2658 976 modo
2689 921 2907 989 crescit,
2943 926 3001 977 et
3031 920 3178 976 sicut
3222 922 3383 976 aiunt
3426 922 3649 993 physici
3698 912 3759 976 et

2049 1009 2383 1081 philosophi
2425 1010 2623 1076 asole,
2647 1010 2799 1080 quod
2858 1026 2973 1064 non
3026 1009 3226 1070 habet,
3286 1011 3482 1065 lumen
3530 1011 3756 1082 recipit)

2052 1097 2297 1153 Ecclesia
2322 1098 2684 1169 intelligitur,
2718 1098 2789 1153 de
2821 1103 2955 1171 qua,
2986 1100 3330 1154 Permanebit
3374 1114 3491 1154 cum
3538 1100 3647 1153 sole
3702 1107 3757 1154 et

2051 1193 2176 1242 ante
2201 1188 2390 1242 lunam
2440 1188 2600 1253 (Psal.
2653 1187 2821 1258 LXXI).
2854 1188 2919 1243 Et
2977 1187 3150 1243 alibi:
3214 1188 3446 1243 Pulchra
3478 1191 3539 1241 ut
3597 1188 3751 1253 luna,

2052 1277 2218 1331 electa
2245 1279 2304 1330 ut
2337 1276 2417 1331 sol
2441 1276 2613 1338 (Cant.
2646 1278 2748 1345 vi),
2804 1280 2862 1330 et
2927 1276 3036 1331 hoc
3087 1281 3198 1343 est,
3254 1275 3363 1330 erit
3412 1276 3627 1330 mensis
3684 1291 3752 1329 ex

2054 1380 2249 1419 mense
2262 1404 2277 1419 ο

2128 1455 2299 1509 Vsus.
2342 1452 2430 1507 24.
2465 1483 2535 1493 -
2566 1455 2635 1509 Et
2685 1453 3051 1521 egrediantur.
3098 1454 3274 1519 Quasi
3321 1454 3387 1509 ad
3422 1453 3753 1521 videndum,

2057 1558 2170 1595 non
2205 1541 2350 1607 loco,
2383 1541 2479 1595 sed
2514 1540 2915 1612 intelligentia,
2947 1542 3035 1596 vel
3068 1541 3287 1598 visione
3328 1543 3645 1608 manifesta,
3693 1548 3755 1595 ut

249 1632 597 1689 deserviunt.
631 1635 704 1688 In
737 1636 997 1688 carrucis.
1059 1631 1451 1704 Septuaginta,
1497 1629 1659 1684 tectis
1715 1628 1939 1683 vehicu-
1975 1670 2015 1725 Β
2056 1630 2125 1683 ad
2178 1630 2403 1685 Iaudem
2461 1630 2561 1684 Dei
2625 1630 2809 1700 magis
2881 1631 3287 1693 accendantur,
3338 1633 3409 1686 Et
3470 1631 3747 1685 videbunt.

249 1721 314 1775 lis
347 1738 359 1776 :
393 1721 493 1776 alii
537 1721 893 1793 simpliciter.
922 1723 990 1777 Hi
1019 1727 1152 1776 sunt
1180 1720 1389 1792 quibus
1419 1717 1665 1773 dicitur:
1710 1719 1941 1772 Invicem

247 1826 408 1864 onera
427 1815 605 1867 vestra
636 1816 850 1882 portate
879 1812 1022 1882 (Gal.
1059 1810 1155 1881 γι).
1191 1810 1479 1877 Quomodo.
1520 1808 1691 1874 Quasi
1722 1825 1734 1863 :
1799 1807 1940 1862 Cum

247 1902 405 1953 tanta
430 1898 626 1954 laetitia
666 1899 958 1954 adducunt
1006 1899 1245 1971 apostoli
1303 1898 1509 1954 fratres
1566 1902 1782 1951 vestros
1807 1912 1944 1968 quo-

246 2000 374 2041 rum
406 2002 667 2054 munera,
700 1986 858 2054 ﬁdes,
893 2003 1037 2058 spes,
1059 1986 1326 2052 charitas,
1359 1985 1542 2040 oratio
1568 1986 1802 2054 munda,
1836 1985 1941 2040 bo-

246 2090 320 2128 na
349 2091 524 2146 opera
553 2080 684 2142 etc.,
725 2092 854 2130 vasa
891 2091 1036 2147 pura
1070 2077 1240 2131 corda
1287 2080 1342 2129 et
1367 2091 1615 2146 corpora
1660 2074 1942 2129 immacu-

246 2160 378 2217 lata.
414 2164 686 2231 lnferant.
711 2162 877 2227 Quod
896 2163 1212 2219 secundum
1245 2164 1430 2235 legem
1462 2168 1549 2218 ter
1570 2163 1627 2218 in
1677 2178 1827 2217 anno
1863 2162 1940 2217 fa-

245 2248 489 2317 ciebant,
523 2250 737 2306 scilicet
791 2251 850 2305 in
880 2251 1113 2321 Pascha,
1142 2252 1199 2306 in
1234 2252 1581 2316 Pentecoste,
1634 2250 1694 2305 in
1726 2250 1941 2305 festivi-

243 2338 1138 2408 tate'l‘abernaculorum;uude,
1172 2341 1286 2396 Non
1354 2340 1646 2410 apparebis
1704 2342 1760 2393 in
1814 2355 1941 2394 con-

244 2430 427 2494 spectu
472 2442 584 2481 meo
657 2443 861 2483 vacuus
919 2428 1118 2498 (Ea-od.
1174 2432 1353 2496 xxiii).
1425 2431 1647 2484 Domum
1703 2431 1939 2483 Domini.

245 2515 519 2585 Templum
556 2517 647 2572 Dei
676 2522 922 2572 sanctum
952 2521 1051 2586 est,
1111 2517 1257 2586 quod
1284 2519 1411 2573 estis
1440 2532 1531 2572 vos
1581 2517 1627 2588 (1
1656 2518 1775 2583 Cor.
1834 2517 1937 2584 ιιι).

247 2602 309 2656 Et
337 2601 514 2657 alibi:
551 2605 826 2674 Templum
870 2605 972 2659 Dei
1001 2606 1127 2659 estis
1169 2609 1221 2660 ct
1266 2605 1508 2675 Spiritus
1565 2609 1784 2659 sanctus
1837 2605 1939 2659 Ιιιλ-

250 2690 390 2745 bitat
417 2694 477 2744 in
508 2691 658 2746 vobis
693 2693 785 2761 (II
819 2694 936 2748 Cor.
970 2694 1067 2762 vi).

315 2779 484 2834 Vens.
519 2783 608 2836 22.
665 2811 733 2821 —-
769 2783 912 2847 Quia
966 2783 1106 2837 sicut
1156 2782 1288 2836 cali.
1341 2779 1555 2845 Quasi:
1608 2780 1764 2837 Sicut
1820 2780 1941 2835 huic

247 2867 513 2923 innovate
538 2868 599 2923 in
626 2873 903 2924 teternum
928 2871 1242 2925 manebunt
1270 2868 1607 2934 immobilia,
1641 2868 1720 2923 sic
1744 2884 1939 2923 semen

2056 1718 2259 1789 (Ηιειι.)
2293 1720 2415 1773 Non
2451 1718 2663 1773 mirum
2694 1719 2743 1773 si
2782 1718 2960 1773 sancti
2988 1735 3108 1789 3am
3141 1719 3492 1775 immortales
3538 1736 3743 1790 περι-ο-

2051 1809 2153 1862 hos
2183 1808 2434 1876 videant,
2463 1824 2590 1862 cum
2612 1808 2908 1879 prophetae
2937 1809 3124 1863 adhuc
3155 1809 3428 1864 mortales
3456 1809 3572 1864 haec
3617 1824 3744 1863 om-

2051 1896 2148 1953 nia
2166 1897 2357 1952 videre
2387 1902 2748 1952 meruerunt.

2122 1985 2422 2054 Cadavera,
2456 1985 2593 2057 quia
2614 1985 2672 2040 in
2726 1990 3003 2040 aeternam
3036 1984 3468 2040 damnationem
3523 1985 3747 2052 cadent,

2053 2075 2367 2130 secundum
2400 2075 2551 2147 quod
2581 2080 2636 2130 et
2672 2073 2966 2129 dmmones
3014 2074 3286 2130 cadavera
3324 2079 3562 2146 possunt
3616 2074 3748 2141 dici,

2052 2164 2369 2219 secundum
2406 2164 2558 2235 quod
2589 2164 2765 2219 etiam
2793 2163 3058 2219 homines
3103 2164 3487 2235 appellantur.
3544 2163 3703 2218 Unde
3735 2180 3749 2218 :

2050 2255 2308 2308 Inimicus
2342 2254 2494 2307 homo
2543 2252 2639 2306 hoc
2666 2255 2798 2319 fecit
2839 2252 3054 2321 (Matth.
3098 2251 3241 2321 χιιι).
3286 2253 3493 2306 Vermis
3541 2267 3752 2307 eorum.

2049 2341 2372 2408 Materialis,
2408 2341 2492 2395 vel
2528 2340 2919 2408 conscientiae;
2969 2340 3151 2394 unde:
3210 2341 3361 2396 Sicut
3392 2342 3537 2394 tinea
3584 2355 3727 2394 come

2050 2429 2135 2485 dit
2161 2431 2555 2495 vestimentum,
2580 2432 2632 2483 et
2656 2431 2854 2484 vermis
2887 2428 3128 2483 corrodit
3151 2429 3358 2495 lignum
3382 2433 3432 2483 et
3462 2429 3605 2496 ignis
3662 2428 3754 2481 de-

2048 2523 2207 2573 vorat
2264 2519 2435 2585 Iigna,
2486 2520 2563 2572 sic
2618 2533 2811 2572 mazror
2859 2523 2908 2572 et
2935 2520 3177 2572 tristitia
3204 2520 3483 2573 excruciat
3519 2532 3611 2571 cor
3647 2519 3760 2572 uiri

2052 2608 2230 2673 (Prov.
2263 2607 2410 2671 xxv).
2450 2605 2542 2660 Ad
2589 2608 2912 2661 satietatem.
2936 2604 3084 2671 Quit
3138 2604 3356 2659 scilicet
3408 2604 3549 2659 boni
3593 2605 3758 2659 vide-

2054 2694 2197 2748 bunt
2225 2708 2323 2747 eos
2354 2709 2387 2746 a
2418 2709 2476 2747 se
2493 2693 2651 2764 justo
2689 2693 2785 2747 Dei
2811 2693 3027 2763 judicio
3060 2697 3375 2764 separatos,
3408 2691 3619 2747 amissa
3654 2708 3760 2765 po-

2050 2780 2231 2837 tentia
2258 2798 2371 2853 qua
2401 2780 2709 2835 saeviebant
2737 2785 2938 2836 contra
2967 2781 3169 2851 bonos,
3201 2785 3255 2836 et
3300 2779 3609 2836 vindictam
3654 2782 3757 2837 Dei

2051 2870 2109 2924 in
2138 2870 2264 2924 illos
2292 2872 2532 2934 tantam,
2564 2872 2628 2923 ut
2653 2870 2933 2940 majorem
2965 2885 3079 2924 non
3104 2873 3429 2941 exposcant.
3462 2869 3569 2935 Qui
3627 2886 3754 2925 mo-

244 2962 515 3024 vestrum,
551 2974 582 3011 o
625 2959 889 3032 apostoli,
940 2958 1300 3022 innovatum,
1364 2958 1434 3013 ab
1481 2959 1639 3013 omni
1702 2973 1938 3028 corrup-
1971 2952 2011 3007 C
2050 2958 2122 3013 do
2155 2957 2373 3023 dicunt,
2430 2960 2732 3028 Usquequo,
2770 2960 3009 3023 Domine,
3072 2972 3178 3012 non
3222 2957 3468 3011 vindicas
3522 2961 3758 3025 sangui-

247 3045 401 3098 tione
441 3045 628 3100 carnis
682 3049 741 3100 in
791 3051 1072 3102 internum
1126 3063 1349 3102 mecum
1380 3047 1661 3119 regnabit.
1705 3047 1845 3114 Quia
1875 3048 1945 3101 si-

248 3138 354 3200 cut,
385 3138 490 3187 etc.
525 3134 731 3202 (Ηιειι.)
767 3136 897 3189 "(PC
954 3151 1137 3208 usque
1168 3136 1239 3191 ad
1273 3134 1446 3191 ﬁnem
1477 3134 1609 3191 libri
1655 3134 1945 3207 pertinent

245 3221 314 3274 ad
349 3220 740 3292 diemjudicii.

2050 3061 2170 3101 nem
2205 3052 2448 3102 nostrum
2491 3050 2688 3117 (Apoc.
2719 3045 2835 3117 vi)?
2857 3046 3232 3101 Satiahuntur
3262 3061 3492 3116 quoque
3518 3045 3588 3099 de
3611 3047 3756 3100 bea-

2050 3133 2293 3189 titudine
2324 3150 2445 3202 sua,
2476 3140 2712 3205 agentes
2740 3133 2955 3205 gratias
2984 3133 3103 3188 visa
3132 3133 3442 3205 impiorum
3475 3133 3756 3191 inetfabili

2050 3238 2238 3294 poena.

1328 3524 1856 3653 ΟΒΒο
1982 3523 2597 3652 RERUM

1053 3729 1287 3825 QU/E
1382 3731 1485 3810 ΙΝ
1580 3730 1777 3810 HOC
1857 3728 2129 3809 TOMO
2225 3728 2957 3809 CONTINENTUR.

443 3986 917 4041 WALAFRIDUS
954 3987 1133 4043 STRA
1151 3988 1297 4054 BUS,
1341 3988 1758 4046 FULDENSIS

904 4076 1308 4132 MONACHUS.

315 4176 522 4227 Norrru
556 4192 833 4228 DlSTOlthA.
1920 4184 1947 4229 9

308 4238 567 4305 youitum
594 4240 812 4305 editoris
842 4241 1172 4305 Patrologiaa.
1520 4304 1523 4305 7
1814 4304 1821 4305 7
1890 4246 1942 4292 11

253 4299 696 4410 riJ’urlolegomena
724 4303 987 4353 editorum
1006 4299 1438 4375 Dﬁacensiumoin
1472 4304 1706 4354 Glossam
1732 4304 1945 4415 ordinpi-

258 4477 761 4541 VVALAFRIDI
821 4480 1179 4543 OPERUM
1238 4480 1457 4542 PARS
1500 4481 1795 4543 PRIMA.
1872 4515 1947 4525 -——

574 4581 1209 4645 COMMENTARIA
1254 4584 1606 4647 BIBLICA.

323 4695 581 4751 GLOSSA
620 4697 1036 4753 0RDINARIA.
1881 4702 1948 4754 67

314 4774 468 4824 Liber
500 4775 731 4824 Genesis.
1888 4779 1947 4825 67

312 4836 466 4886 Liber
497 4836 728 4886 Exodus.
1858 4841 1947 4888 183

319 4898 472 4948 Liber
504 4899 782 4948 Leviticus.
1857 4902 1947 4949 295

316 4960 470 5009 Liber
500 4960 732 5010 Numeri.
1858 4964 1949 5011 379

314 5022 470 5072 Liber
500 5022 912 5072 Deuteronomii.
1858 5026 1950 5073 415

315 5083 471 5133 Liber
500 5083 677 5134 Josue.
1860 5088 1949 5133 505

314 5145 468 5195 Liber
500 5145 765 5196 iudicum.
1856 5148 1942 5196 521

2119 3986 2273 4035 Liber
2307 3984 2329 4033 Ι
2361 3985 2564 4048 Regum
2577 4022 2589 4034 .
3661 3986 3756 4034 539

2119 4047 2273 4097 Liber
2308 4048 2352 4095 ll
2390 4047 2613 4109 Regum.
3663 4048 3755 4095 563

2122 4111 2271 4172 Liber
2304 4109 2373 4172 lli
2405 4109 2630 4172 Degum.
3661 4110 3748 4157 581

2118 4171 2270 4220 Liber
2301 4171 2369 4220 IV
2403 4171 2624 4231 Regum.
3661 4173 3748 4218 611

2118 4233 2270 4295 Liber
2303 4232 2347 4295 l7
2359 4231 2817 4295 Paralipomenon.
3468 4259 3475 4265 ε
3661 4233 3756 4295 6279

2119 4294 2272 4358 Liber
2304 4294 2847 4358 lI_Pa_ral'ipomenou.
3662 4294 3757 4358 663

2119 4356 2271 4405 Liber
2304 4356 2323 4403 Ι
2360 4355 2575 4406 Ειιάιιωξ
3664 4356 3752 4403 69!

2118 4417 2271 4467 Liber
2302 4417 2348 4465 ll
2385 4417 2584 4466 Esdraa.
3663 4420 3690 4465 ἶ
3703 4417 3761 4465 13

2119 4479 2270 4528 Liber
2300 4478 2495 4528 Tobiae.
3663 4480 3761 4527 725

2119 4540 2272 4590 Liber
2302 4540 2503 4590 Judith.
3666 4542 3758 4589 731

2121 4601 2274 4651 Liber
2305 4601 2508 4652 Esther.
3667 4603 3763 4649 139

2121 4664 2274 4713 Liber
2304 4663 2423 4713 Job.
3668 4666 3760 4712 7&7

2120 4725 2275 4774 Liber
2303 4725 2650 4774 Psalmorum.
3673 4726 3758 4774 su

2120 4787 2274 4837 Liber
2308 4786 2732 4836 Proverbiorum.
3638 4787 3766 4835 4079

2122 4848 2273 4898 Liber
2303 4849 2665 4898 Ecclesiastes.
3639 4850 3765 4896 1115

2121 4909 2395 4959 Canticum
2430 4910 2777 4960 canticorum.
3640 4911 3659 4955 1
3675 4911 3767 4958 125

2120 4971 2273 5035 Liber
2306 4970 2608 5035 §apjen7tiae7.
2642 5034 2648 5035 7
3640 4973 3761 5019 116Ἰ

2119 5033 2271 5083 Liber
2303 5032 2672 5082 Ecclesiastici.
3643 5035 3767 5081 1183

2122 5095 2401 5159 Prophetia
2436 5095 2608 5144 Isaite.
3636 5096 3762 5149 1231

1322 5259 1507 5315 FINIS
1547 5259 1716 5315 TOMI
1757 5259 2128 5317 CENTESIMI
2167 5261 2402 5318 DECIMI
2438 5262 2692 5318 TERTII.

682 5560 696 5573 ι
723 5520 785 5637 2
815 5522 877 5641 ιι
907 5483 973 5645 3
1001 5504 1657 5681 5Ιιιιμιὸιιὲἰιξόιιέιιιιιιιε
1687 5506 1751 5557 de
1782 5505 2359 5568 CbAtillon-sur-Seine,
2393 5534 2451 5544 -
2486 5509 2685 5559 Jeaune
2713 5508 2930 5558 Robert.
