4060 6328
1256 449 1916 542 TRADITIO
2031 448 2862 541 CATHOLICA.

1564 646 1964 724 S/ECULUM
1995 645 2065 706 X.
2122 643 2374 708 ANNUS
2429 645 2548 705 959

1529 929 2590 1092 ELENCHUS
2747 1061 2750 1064 .

498 1243 1021 1318 AUCTORUM
1088 1245 1202 1319 ET
1263 1241 1652 1319 OPERUM
1712 1248 1864 1332 QUI
1931 1248 2015 1319 IN
2084 1246 2268 1321 HOC
2322 1246 2588 1319 TOMO
2651 1244 2862 1320 CXIII
2929 1183 3599 1321 CONTIINENTUB

1721 1459 2377 1492 ψ

1103 1610 1684 1673 C(_)NS'I'.\N'1‘INUS
1731 1609 2176 1672 IMPERATOR
2222 1609 2980 1672 PORPHYROGENITUS.

407 1761 487 1823 De
553 1767 912 1824 thematibus
966 1763 1222 1824 Orientis
1287 1772 1341 1823 et
1406 1762 1768 1828 Occidentis,
1822 1781 1889 1821 ex
1955 1762 2210 1822 editione
2277 1763 2544 1823 Anselmi
2598 1762 2905 1834 Bandurii,
2971 1763 3336 1823 Benedictini

487 1862 758 1922 Monachi
773 1909 784 1920 .

408 1985 741 2035 Prwmiltitur
786 1985 1068 2035 doctissimi
1112 1983 1203 2032 viri
1250 1982 1387 2032 Frid.
1428 1983 1582 2039 TaIel,
1634 1982 1684 2031 in
1729 1982 2070 2032 Universitate
2135 1983 2443 2045 Tubingensi
2488 1983 2806 2048 professoris,
2851 1984 3164 2048 dissertatio,
3207 2000 3342 2034 anno

412 2069 527 2114 1817
561 2067 718 2124 edita,
756 2080 866 2128 qua:
900 2064 1032 2113 libro
1065 2064 1132 2113 De
1162 2062 1490 2112 Thematibns
1522 2077 1617 2111 non
1657 2077 1836 2126 parum
1867 2063 1991 2112 lucis
2023 2065 2207 2124 aﬂ‘ert.)

415 2172 707 2236 Hieroclis
741 2172 1139 2235 Grammatici
1168 2171 1591 2250 Synecdem-us.

409 2271 581 2330 Liber
607 2274 676 2330 de
704 2273 1173 2330 administrando
1207 2273 1475 2345 imperio,
1511 2287 1586 2330 ea:
1617 2270 1882 2332 editione
1911 2269 2056 2330 Ans.
2092 2270 2411 2331 Bandurii.

413 2368 542 2428 Vita
616 2367 816 2428 Basilii
875 2367 1220 2430 Macedonis
1279 2370 1676 2444 (memoratur
1739 2373 1977 2429 tantum
2038 2389 2059 2426 .·
2118 2371 2316 2428 exstat
2395 2369 2461 2429 in
2521 2375 2677 2430 tomo
2739 2368 2867 2430 CIX
2957 2369 3336 2448 Palrologiw,

488 2467 598 2526 col.
643 2466 809 2542 2‘26).

411 2562 620 2623 Preces
677 2568 960 2640 liturgicae
1017 2564 1192 2643 (Vide
1248 2565 1414 2626 inter
1475 2564 1672 2644 Opera
1726 2563 1941 2627 Leonis
1999 2563 2374 2644 Philosophi,
2435 2567 2594 2626 temo
2656 2564 2832 2639 CVII,
2891 2565 3004 2626 col.
3064 2567 3235 2643 299.)

410 2660 678 2723 Narratio
745 2667 813 2723 de
887 2666 1268 2724 translatione
1325 2664 1898 2740 Constantinopolim
1977 2663 2252 2739 imaginis
2328 2663 2663 2737 Edessena),
2724 2680 2799 2724 ex
2876 2663 3141 2725 editione
3219 2665 3353 2725 An-

501 2761 660 2825 drew
719 2762 937 2823 Gallan
959 2763 1050 2822 lii.

414 2865 684 2924 Delectus
747 2863 939 2935 legum
991 2862 1493 2936 compendiarius.

415 2962 673 3022 Novella:
728 2958 1208 3018 Conslitutiones.

417 3059 699 3133 Excerpta
786 3060 855 3114 de
933 3055 1374 3131 Legationibus,
1453 3075 1527 3115 ex
1613 3057 1877 3131 Dexippo
1979 3056 2348 3126 Atheniensi,
2436 3056 2704 3132 Eunapio
2787 3056 3099 3129 Sardiano,
3182 3056 3352 3117 Petro

491 3157 743 3217 Patricio
800 3165 855 3214 et
934 3156 1229 3230 magistro,
1295 3153 1498 3214 Prisco
1556 3157 1840 3228 sophista,
1903 3153 2101 3214 Marco
2189 3153 2716 3230 I’hiladelphiensi,
2797 3151 3118 3214 Menandro
3199 3153 3343 3215 Pro-

486 3265 720 3316 tectore.
753 3252 1196 3328 Tlteopbylacto
1227 3253 1569 3324 Simoeatta,
1605 3253 1974 3313 Constantini
2024 3251 2511 3329 Porphyrogeniti
2539 3255 2709 3327 jussu
2749 3254 3016 3312 collecta.

410 3354 776 3413 Constantini
829 3349 1211 3418 Prommium,
1247 3353 1544 3426 quomodo
1575 3360 1800 3427 oportet
1834 3353 2054 3426 legatos
2085 3353 2391 3410 admittere
2433 3359 2535 3410 aut
2565 3353 2786 3425 legatos
2846 3353 3097 3410 mittere.

413 3452 846 3526 Argumentum
878 3451 1012 3506 libri
1049 3451 1220 3522 primi
1252 3448 1623 3508 Constantini
1677 3447 2210 3526 I’horphyrogeniti
2243 3453 2312 3509 de
2345 3452 2664 3508 virtutibus
2695 3455 2749 3507 et
2800 3451 2983 3523 vitiis,
3021 3469 3093 3511 ex
3132 3449 3359 3512 Collec-

495 3551 687 3608 taneis
715 3550 788 3606 ab
820 3545 1000 3606 Henr.
1035 3545 1267 3606 Valesio
1310 3549 1505 3606 editis.

1563 3680 1624 3741 S.
1698 3678 1924 3742 NICON
1987 3678 2062 3739 IN
2120 3679 2395 3742 CRETA.

414 3833 561 3896 Acta
589 3832 653 3894 S.
691 3831 935 3893 Niconis
965 3829 1040 3891 ab
1071 3829 1281 3892 abbate
1312 3833 1670 3893 monasterii
1712 3832 1776 3894 S.
1806 3831 2052 3894 Niconis
2091 3850 2257 3894 anno
2292 3833 2446 3894 1150
2475 3833 2727 3912 scripta.

1592 4043 2066 4108 THEODOSIUS
2127 4045 2526 4107 lllACONUS.

418 4198 499 4259 De
545 4201 978 4274 expugnatione
1025 4196 1209 4256 Cretae
1253 4214 1522 4257 acroases
1572 4201 1854 4273 quinque,
1887 4202 1958 4256 ad
2011 4197 2411 4273 Nicephorum
2458 4197 2714 4259 Phocam
2746 4198 2930 4274 imp.,
2975 4217 3046 4258 ex
3093 4203 3349 4260 editione

496 4296 625 4357 Nic.
685 4295 878 4355 Maria:
915 4293 1154 4370 Foggini
1189 4298 1246 4354 in
1279 4293 1549 4355 Ilistorize
1580 4295 1913 4371 Byzantium
1962 4295 2308 4371 Appendice
2357 4314 2509 4358 nova
2556 4297 2758 4358 Roma:
2794 4297 2954 4358 1777
3002 4301 3188 4362 edita.

577 4429 870 4489 Anne-sna.

417 4581 664 4642 Romani
699 4584 953 4657 junioris
1015 4585 1156 4656 imp.
1201 4599 1374 4641 aurea
1428 4583 1585 4640 bulla
1627 4599 1728 4658 pro
1792 4585 2152 4640 monasterio
2205 4579 2584 4658 Xeropotami
2635 4587 2693 4643 in
2745 4595 2943 4646 monte
2988 4584 3165 4656 Atho,
3216 4603 3350 4644 cum

501 4681 980 4755 interpretatione
1023 4689 1244 4739 nostra.

425 4775 798 4853 Wesselingii
829 4776 1300 4838 Commentarius
1332 4780 1404 4838 ad
1447 4776 1736 4839 Hieroclis
1765 4779 2226 4854 Synecdemum.

2499 5449 3565 5536 Μ

3367 1866 3485 1922 col.

3621 1863 3699 1923 63

3599 2176 3617 2234 I
3631 2175 3707 2232 40

3586 2272 3606 2330 ’1
3625 2273 3700 2333 57

3593 2765 3623 2821 4
3633 2763 3698 2822 :21

3595 2860 3710 2920 453

3588 2959 3705 3020 54‘.)

3594 3254 3716 3315 605

3594 3353 3716 3414 635

3598 3549 3712 3609 951

3600 3832 3718 3894 973

3603 4300 3720 4361 982

3568 4683 3722 4744 1069

3567 4780 3722 4843 1073
