  <div class='ocr_page' id='page_1' title='image "/cluster/home/n/w/nwhite01/storage/ocr_20150623/113/mdp.39015078384305/012.png"; bbox 0 0 4068 6324; ppageno 0'>
   <div class='ocr_carea' id='block_1_1' title="bbox 326 244 3542 309">
    <p class='ocr_par' dir='ltr' id='par_1_1' title="bbox 328 247 3542 309">
     <span class='ocr_line' id='line_1_1' title="bbox 758 248 3294 266; baseline 0.002 -10"><span class='ocrx_word' id='word_1_1' title='bbox 758 261 763 263; x_wconf 33' lang='grc' dir='ltr'><strong>Δ</strong></span> <span class='ocrx_word' id='word_1_2' title='bbox 1026 260 1050 265; x_wconf 88' lang='lat'>_</span> <span class='ocrx_word' id='word_1_3' title='bbox 1216 260 1230 265; x_wconf 73' lang='lat'>_</span> <span class='ocrx_word' id='word_1_4' title='bbox 1474 260 1551 266; x_wconf 41' lang='grc' dir='ltr'><strong>δ’..</strong></span> <span class='ocrx_word' id='word_1_5' title='bbox 1794 259 1883 266; x_wconf 29' lang='lat' dir='ltr'><strong>___._r</strong></span> <span class='ocrx_word' id='word_1_6' title='bbox 2023 251 2432 262; x_wconf 58' lang='grc' dir='ltr'><strong>ραι-δσ-..κρσ-σ-,ασο</strong></span> <span class='ocrx_word' id='word_1_7' title='bbox 2595 248 2608 254; x_wconf 50' lang='grc'><strong>⁵</strong></span> <span class='ocrx_word' id='word_1_8' title='bbox 2814 258 2817 261; x_wconf 51' lang='grc' dir='ltr'><strong><em>λ</em></strong></span> <span class='ocrx_word' id='word_1_9' title='bbox 2876 256 2887 261; x_wconf 55' lang='grc' dir='ltr'><strong>ην</strong></span> <span class='ocrx_word' id='word_1_10' title='bbox 2930 257 2953 263; x_wconf 40' lang='grc' dir='ltr'><strong>Δ.</strong></span> <span class='ocrx_word' id='word_1_11' title='bbox 2975 258 3059 263; x_wconf 40' lang='grc' dir='ltr'><strong>..Ανμ</strong></span> <span class='ocrx_word' id='word_1_12' title='bbox 3268 248 3294 256; x_wconf 50' lang='grc' dir='ltr'><em>η</em></span> 
     </span>
     <span class='ocr_line' id='line_1_2' title="bbox 328 247 3542 309; baseline -0 -9"><span class='ocrx_word' id='word_1_13' title='bbox 1238 258 1803 295; x_wconf 86' lang='grc'><em>’</em></span> <span class='ocrx_word' id='word_1_14' title='bbox 1603 259 3509 304; x_wconf 84' lang='lat'><strong>&quot;&quot;</strong></span> 
     </span>
    </p>
   </div>
   <div class='ocr_carea' id='block_1_2' title="bbox 932 472 2934 656">
    <p class='ocr_par' dir='ltr' id='par_1_2' title="bbox 932 472 2934 656">
     <span class='ocr_line' id='line_1_3' title="bbox 932 472 2934 656; baseline -0.001 -4"><span class='ocrx_word' id='word_1_15' title='bbox 932 472 2380 656; x_wconf 85' lang='lat' dir='ltr'><strong>CONSTANTINI</strong></span> <span class='ocrx_word' id='word_1_16' title='bbox 2486 478 2934 654; x_wconf 89' lang='lat' dir='ltr'><strong>IMP.</strong></span> 
     </span>
    </p>
   </div>
   <div class='ocr_carea' id='block_1_3' title="bbox 1287 824 2563 942">
    <p class='ocr_par' dir='ltr' id='par_1_3' title="bbox 1287 824 2563 942">
     <span class='ocr_line' id='line_1_4' title="bbox 1287 824 2563 942; baseline -0.002 -2"><span class='ocrx_word' id='word_1_17' title='bbox 1287 824 2563 942; x_wconf 78' lang='lat' dir='ltr'><strong>PORPHYBOGENITI</strong></span> 
     </span>
    </p>
   </div>
   <div class='ocr_carea' id='block_1_4' title="bbox 576 1016 3314 1186">
    <p class='ocr_par' dir='ltr' id='par_1_4' title="bbox 576 1091 3314 1186">
     <span class='ocr_line' id='line_1_5' title="bbox 576 1091 3314 1186; baseline 0.001 -5"><span class='ocrx_word' id='word_1_18' title='bbox 576 1093 720 1184; x_wconf 82' lang='lat' dir='ltr'><strong>DE</strong></span> <span class='ocrx_word' id='word_1_19' title='bbox 799 1091 1568 1186; x_wconf 70' lang='lat' dir='ltr'><strong>&#39;I‘HEMATIBUS</strong></span> <span class='ocrx_word' id='word_1_20' title='bbox 1666 1091 2244 1184; x_wconf 82' lang='lat' dir='ltr'><strong>ORIENTIS</strong></span> <span class='ocrx_word' id='word_1_21' title='bbox 2329 1095 2476 1184; x_wconf 87' lang='lat' dir='ltr'>ET</span> <span class='ocrx_word' id='word_1_22' title='bbox 2591 1093 3314 1186; x_wconf 84' lang='lat' dir='ltr'><strong>OCCIDENTIS</strong></span> 
     </span>
    </p>
   </div>
   <div class='ocr_carea' id='block_1_5' title="bbox 1900 1306 1978 1350">
    <p class='ocr_par' dir='ltr' id='par_1_5' title="bbox 1900 1306 1978 1350">
     <span class='ocr_line' id='line_1_6' title="bbox 1900 1306 1978 1350; baseline 0 0"><span class='ocrx_word' id='word_1_23' title='bbox 1900 1306 1978 1350; x_wconf 84' lang='lat' dir='ltr'><strong>ET</strong></span> 
     </span>
    </p>
   </div>
   <div class='ocr_carea' id='block_1_6' title="bbox 883 1478 2254 1585">
    <p class='ocr_par' dir='ltr' id='par_1_6' title="bbox 883 1478 2254 1585">
     <span class='ocr_line' id='line_1_7' title="bbox 883 1478 2254 1585; baseline 0.002 -4"><span class='ocrx_word' id='word_1_24' title='bbox 883 1479 1037 1582; x_wconf 88' lang='lat' dir='ltr'><strong>DE</strong></span> <span class='ocrx_word' id='word_1_25' title='bbox 1184 1478 2254 1585; x_wconf 76' lang='lat' dir='ltr'><strong>ADMINISTRANDO</strong></span> 
     </span>
    </p>
   </div>
   <div class='ocr_carea' id='block_1_7' title="bbox 1817 1705 2047 1745">
    <p class='ocr_par' dir='ltr' id='par_1_7' title="bbox 1817 1705 2047 1745">
     <span class='ocr_line' id='line_1_8' title="bbox 1817 1705 2047 1745; baseline -0.009 -1"><span class='ocrx_word' id='word_1_26' title='bbox 1817 1705 2047 1745; x_wconf 73' lang='lat' dir='ltr'><strong>ACCEDIT</strong></span> 
     </span>
    </p>
   </div>
   <div class='ocr_carea' id='block_1_8' title="bbox 2432 1470 3002 1584">
    <p class='ocr_par' dir='ltr' id='par_1_8' title="bbox 2432 1470 3002 1584">
     <span class='ocr_line' id='line_1_9' title="bbox 2432 1470 3002 1584; baseline 0.007 -6"><span class='ocrx_word' id='word_1_27' title='bbox 2432 1470 3002 1584; x_wconf 79' lang='lat' dir='ltr'><strong>IMPERIO.</strong></span> 
     </span>
    </p>
   </div>
   <div class='ocr_carea' id='block_1_9' title="bbox 1187 1863 2694 1925">
    <p class='ocr_par' dir='ltr' id='par_1_9' title="bbox 1187 1863 2694 1925">
     <span class='ocr_line' id='line_1_10' title="bbox 1187 1863 2694 1925; baseline 0 0"><span class='ocrx_word' id='word_1_28' title='bbox 1187 1864 1596 1925; x_wconf 79' lang='lat' dir='ltr'><strong>HIEROCLIS</strong></span> <span class='ocrx_word' id='word_1_29' title='bbox 1651 1863 2135 1925; x_wconf 71' lang='lat' dir='ltr'><strong>GRAMMATICI</strong></span> <span class='ocrx_word' id='word_1_30' title='bbox 2176 1864 2694 1925; x_wconf 85' lang='lat' dir='ltr'><strong>SYNECDEMUS.</strong></span> 
     </span>
    </p>
   </div>
   <div class='ocr_carea' id='block_1_10' title="bbox 638 2230 3248 2302">
    <p class='ocr_par' dir='ltr' id='par_1_10' title="bbox 638 2230 3248 2302">
     <span class='ocr_line' id='line_1_11' title="bbox 638 2230 3248 2302; baseline 0.003 -8"><span class='ocrx_word' id='word_1_31' title='bbox 638 2231 943 2295; x_wconf 68' lang='lat' dir='ltr'><strong>BONJI’.</strong></span> <span class='ocrx_word' id='word_1_32' title='bbox 990 2230 1392 2295; x_wconf 76' lang='lat' dir='ltr'><strong>VULCANII</strong></span> <span class='ocrx_word' id='word_1_33' title='bbox 1428 2231 1898 2294; x_wconf 79' lang='lat' dir='ltr'><strong>DEDICATIO</strong></span> <span class='ocrx_word' id='word_1_34' title='bbox 1928 2231 2165 2294; x_wconf 82' lang='lat' dir='ltr'><strong><em>LIBRI</em></strong></span> <span class='ocrx_word' id='word_1_35' title='bbox 2207 2233 2462 2296; x_wconf 83' lang='lat' dir='ltr'><strong>PRIMI</strong></span> <span class='ocrx_word' id='word_1_36' title='bbox 2503 2235 2618 2298; x_wconf 82' lang='lat' dir='ltr'><strong>DE</strong></span> <span class='ocrx_word' id='word_1_37' title='bbox 2678 2233 3248 2302; x_wconf 76' lang='lat' dir='ltr'><strong>THEMATIBUS.</strong></span> 
     </span>
    </p>
   </div>
   <div class='ocr_carea' id='block_1_11' title="bbox 1353 2573 2519 2634">
    <p class='ocr_par' dir='ltr' id='par_1_11' title="bbox 1353 2573 2519 2634">
     <span class='ocr_line' id='line_1_12' title="bbox 1353 2573 2519 2634; baseline 0.002 -15"><span class='ocrx_word' id='word_1_38' title='bbox 1353 2573 1762 2620; x_wconf 71' lang='lat' dir='ltr'><strong>NOBILISSIMIS</strong></span> <span class='ocrx_word' id='word_1_39' title='bbox 1791 2577 2304 2631; x_wconf 70' lang='lat' dir='ltr'><strong>AMPLISSIMISQUE</strong></span> <span class='ocrx_word' id='word_1_40' title='bbox 2330 2577 2519 2634; x_wconf 80' lang='lat' dir='ltr'><strong>VIRIS,</strong></span> 
     </span>
    </p>
   </div>
   <div class='ocr_carea' id='block_1_12' title="bbox 809 2697 3087 2764">
    <p class='ocr_par' dir='ltr' id='par_1_12' title="bbox 809 2697 3087 2764">
     <span class='ocr_line' id='line_1_13' title="bbox 809 2697 3087 2764; baseline 0.003 -22"><span class='ocrx_word' id='word_1_41' title='bbox 809 2697 966 2744; x_wconf 75' lang='lat' dir='ltr'><strong>JANO</strong></span> <span class='ocrx_word' id='word_1_42' title='bbox 1005 2699 1224 2744; x_wconf 71' lang='grc' dir='ltr'><strong>Βουειε</strong></span> <span class='ocrx_word' id='word_1_43' title='bbox 1251 2701 1289 2744; x_wconf 75' lang='grc' dir='ltr'>Α</span> <span class='ocrx_word' id='word_1_44' title='bbox 1323 2699 1751 2763; x_wconf 80' lang='lat' dir='ltr'><strong>NOORTWYCK,</strong></span> <span class='ocrx_word' id='word_1_45' title='bbox 1783 2703 1986 2749; x_wconf 78' lang='lat' dir='ltr'><strong>PAULO</strong></span> <span class='ocrx_word' id='word_1_46' title='bbox 2026 2705 2234 2764; x_wconf 83' lang='lat' dir='ltr'><strong>BUSIO,</strong></span> <span class='ocrx_word' id='word_1_47' title='bbox 2267 2705 2612 2750; x_wconf 72' lang='lat' dir='ltr'><strong>ABRAHAMO</strong></span> <span class='ocrx_word' id='word_1_48' title='bbox 2635 2705 2715 2750; x_wconf 80' lang='grc' dir='ltr'><strong>ΑΒ</strong></span> <span class='ocrx_word' id='word_1_49' title='bbox 2762 2704 3087 2760; x_wconf 73' lang='lat' dir='ltr'><strong>ALMONDA,</strong></span> 
     </span>
    </p>
   </div>
   <div class='ocr_carea' id='block_1_13' title="bbox 1151 2823 2661 2874">
    <p class='ocr_par' dir='ltr' id='par_1_13' title="bbox 1151 2823 2661 2874">
     <span class='ocr_line' id='line_1_14' title="bbox 1151 2823 2661 2874; baseline 0.003 -7"><span class='ocrx_word' id='word_1_50' title='bbox 1151 2829 1154 2832; x_wconf 82' lang='grc'><strong>’</strong></span> <span class='ocrx_word' id='word_1_51' title='bbox 1237 2823 1671 2870; x_wconf 77' lang='lat' dir='ltr'><strong>CURATOBIBUS</strong></span> <span class='ocrx_word' id='word_1_52' title='bbox 1724 2825 2056 2872; x_wconf 72' lang='grc' dir='ltr'><strong>ΛΟΔΒΕΜΙΛΕ</strong></span> <span class='ocrx_word' id='word_1_53' title='bbox 2109 2828 2454 2874; x_wconf 77' lang='lat' dir='ltr'><strong>LEYDENSIS</strong></span> <span class='ocrx_word' id='word_1_54' title='bbox 2489 2828 2542 2874; x_wconf 91' lang='lat' dir='ltr'><strong>S.</strong></span> <span class='ocrx_word' id='word_1_55' title='bbox 2598 2829 2661 2873; x_wconf 87' lang='lat' dir='ltr'><strong>D.</strong></span> 
     </span>
    </p>
   </div>
   <div class='ocr_carea' id='block_1_14' title="bbox 399 3058 3574 3136">
    <p class='ocr_par' dir='ltr' id='par_1_14' title="bbox 399 3058 3574 3136">
     <span class='ocr_line' id='line_1_15' title="bbox 399 3058 3574 3136; baseline 0.002 -19"><span class='ocrx_word' id='word_1_56' title='bbox 399 3062 657 3117; x_wconf 86' lang='lat' dir='ltr'><strong>Immanis</strong></span> <span class='ocrx_word' id='word_1_57' title='bbox 688 3058 934 3130; x_wconf 88' lang='lat' dir='ltr'><strong>profecto</strong></span> <span class='ocrx_word' id='word_1_58' title='bbox 966 3069 1262 3129; x_wconf 83' lang='lat' dir='ltr'><strong>tempestas</strong></span> <span class='ocrx_word' id='word_1_59' title='bbox 1293 3059 1485 3117; x_wconf 87' lang='lat' dir='ltr'><strong>bellica</strong></span> <span class='ocrx_word' id='word_1_60' title='bbox 1515 3058 1785 3130; x_wconf 76' lang='lat' dir='ltr'><strong>Belgicam</strong></span> <span class='ocrx_word' id='word_1_61' title='bbox 1816 3070 2058 3118; x_wconf 81' lang='lat' dir='ltr'><strong>nostrain</strong></span> <span class='ocrx_word' id='word_1_62' title='bbox 2091 3073 2234 3120; x_wconf 91' lang='lat' dir='ltr'><strong>totos</strong></span> <span class='ocrx_word' id='word_1_63' title='bbox 2257 3063 2369 3132; x_wconf 87' lang='lat' dir='ltr'><strong>jam</strong></span> <span class='ocrx_word' id='word_1_64' title='bbox 2402 3079 2575 3119; x_wconf 90' lang='lat' dir='ltr'><strong>annos</strong></span> <span class='ocrx_word' id='word_1_65' title='bbox 2605 3065 2792 3134; x_wconf 68' lang='lat' dir='ltr'><strong>viginti</strong></span> <span class='ocrx_word' id='word_1_66' title='bbox 2835 3065 3130 3131; x_wconf 81' lang='lat' dir='ltr'><strong>concussit,</strong></span> <span class='ocrx_word' id='word_1_67' title='bbox 3153 3066 3402 3136; x_wconf 81' lang='lat' dir='ltr'><strong>jactavit,</strong></span> <span class='ocrx_word' id='word_1_68' title='bbox 3429 3066 3574 3123; x_wconf 76' lang='lat' dir='ltr'><strong>lace-</strong></span> 
     </span>
    </p>
   </div>
   <div class='ocr_carea' id='block_1_15' title="bbox 328 3149 3576 3223">
    <p class='ocr_par' dir='ltr' id='par_1_15' title="bbox 328 3149 3576 3223">
     <span class='ocr_line' id='line_1_16' title="bbox 328 3149 3576 3223; baseline 0 -15"><span class='ocrx_word' id='word_1_69' title='bbox 328 3156 491 3217; x_wconf 65' lang='lat' dir='ltr'><strong>ravit,</strong></span> <span class='ocrx_word' id='word_1_70' title='bbox 529 3151 853 3208; x_wconf 84' lang='lat' dir='ltr'><strong>nobilissimi</strong></span> <span class='ocrx_word' id='word_1_71' title='bbox 894 3149 1322 3221; x_wconf 89' lang='lat' dir='ltr'><strong>amplissimique</strong></span> <span class='ocrx_word' id='word_1_72' title='bbox 1367 3150 1509 3219; x_wconf 86' lang='lat' dir='ltr'><strong>viri;</strong></span> <span class='ocrx_word' id='word_1_73' title='bbox 1561 3165 1734 3221; x_wconf 91' lang='lat' dir='ltr'><strong>neque</strong></span> <span class='ocrx_word' id='word_1_74' title='bbox 1772 3150 1952 3207; x_wconf 89' lang='lat' dir='ltr'><strong>adhuc</strong></span> <span class='ocrx_word' id='word_1_75' title='bbox 1997 3149 2236 3207; x_wconf 77' lang='lat' dir='ltr'><strong>faustum</strong></span> <span class='ocrx_word' id='word_1_76' title='bbox 2278 3151 2498 3222; x_wconf 86' lang='lat' dir='ltr'><strong>aliquod</strong></span> <span class='ocrx_word' id='word_1_77' title='bbox 2546 3151 2697 3208; x_wconf 88' lang='lat' dir='ltr'><strong>sidus</strong></span> <span class='ocrx_word' id='word_1_78' title='bbox 2731 3152 2952 3218; x_wconf 76' lang='lat' dir='ltr'><strong>aﬁ‘ulsit,</strong></span> <span class='ocrx_word' id='word_1_79' title='bbox 2999 3153 3141 3223; x_wconf 89' lang='lat' dir='ltr'><strong>quod</strong></span> <span class='ocrx_word' id='word_1_80' title='bbox 3182 3155 3338 3210; x_wconf 83' lang='lat' dir='ltr'><strong>nobis</strong></span> <span class='ocrx_word' id='word_1_81' title='bbox 3376 3166 3576 3210; x_wconf 87' lang='lat' dir='ltr'><strong>terram</strong></span> 
     </span>
    </p>
   </div>
   <div class='ocr_carea' id='block_1_16' title="bbox 335 3238 3582 3312">
    <p class='ocr_par' dir='ltr' id='par_1_16' title="bbox 335 3238 3582 3312">
     <span class='ocr_line' id='line_1_17' title="bbox 335 3238 3582 3312; baseline 0.003 -21"><span class='ocrx_word' id='word_1_82' title='bbox 335 3241 552 3297; x_wconf 55' lang='lat' dir='ltr'><strong>ridendi</strong></span> <span class='ocrx_word' id='word_1_83' title='bbox 590 3240 804 3295; x_wconf 88' lang='lat' dir='ltr'><strong>tandem</strong></span> <span class='ocrx_word' id='word_1_84' title='bbox 847 3253 999 3308; x_wconf 86' lang='lat' dir='ltr'><strong>spem</strong></span> <span class='ocrx_word' id='word_1_85' title='bbox 1035 3239 1198 3293; x_wconf 85' lang='lat' dir='ltr'><strong>faciat</strong></span> <span class='ocrx_word' id='word_1_86' title='bbox 1237 3256 1248 3290; x_wconf 92' lang='lat'><strong>:</strong></span> <span class='ocrx_word' id='word_1_87' title='bbox 1288 3239 1448 3294; x_wconf 85' lang='lat' dir='ltr'><strong>linem</strong></span> <span class='ocrx_word' id='word_1_88' title='bbox 1482 3238 1628 3292; x_wconf 88' lang='lat' dir='ltr'><strong>enim</strong></span> <span class='ocrx_word' id='word_1_89' title='bbox 1660 3238 1903 3294; x_wconf 87' lang='lat' dir='ltr'><strong>laborum</strong></span> <span class='ocrx_word' id='word_1_90' title='bbox 1941 3247 2215 3295; x_wconf 89' lang='lat' dir='ltr'><strong>tantorum</strong></span> <span class='ocrx_word' id='word_1_91' title='bbox 2245 3251 2495 3310; x_wconf 92' lang='lat' dir='ltr'><strong>optamus</strong></span> <span class='ocrx_word' id='word_1_92' title='bbox 2528 3241 2709 3310; x_wconf 88' lang='lat' dir='ltr'><strong>potius</strong></span> <span class='ocrx_word' id='word_1_93' title='bbox 2745 3241 2930 3297; x_wconf 82' lang='lat' dir='ltr'><strong>miseri</strong></span> <span class='ocrx_word' id='word_1_94' title='bbox 2965 3256 3126 3311; x_wconf 90' lang='lat' dir='ltr'><strong>quam</strong></span> <span class='ocrx_word' id='word_1_95' title='bbox 3159 3256 3463 3312; x_wconf 76' lang='lat' dir='ltr'><strong>speramus.</strong></span> <span class='ocrx_word' id='word_1_96' title='bbox 3502 3245 3582 3300; x_wconf 75' lang='lat' dir='ltr'><strong>Ex</strong></span> 
     </span>
    </p>
   </div>
   <div class='ocr_carea' id='block_1_17' title="bbox 329 3327 3580 3400">
    <p class='ocr_par' dir='ltr' id='par_1_17' title="bbox 329 3327 3580 3400">
     <span class='ocr_line' id='line_1_18' title="bbox 329 3327 3580 3400; baseline 0 -16"><span class='ocrx_word' id='word_1_97' title='bbox 329 3328 585 3384; x_wconf 88' lang='lat' dir='ltr'><strong>omnibus</strong></span> <span class='ocrx_word' id='word_1_98' title='bbox 613 3341 740 3383; x_wconf 85' lang='lat' dir='ltr'><strong>vero</strong></span> <span class='ocrx_word' id='word_1_99' title='bbox 766 3327 926 3382; x_wconf 85' lang='lat' dir='ltr'><strong>malis</strong></span> <span class='ocrx_word' id='word_1_100' title='bbox 960 3341 1079 3397; x_wconf 81' lang='lat' dir='ltr'><strong>quae</strong></span> <span class='ocrx_word' id='word_1_101' title='bbox 1103 3327 1422 3382; x_wconf 74' lang='lat' dir='ltr'><strong>catervatim</strong></span> <span class='ocrx_word' id='word_1_102' title='bbox 1450 3341 1633 3382; x_wconf 82' lang='lat' dir='ltr'><strong>secum</strong></span> <span class='ocrx_word' id='word_1_103' title='bbox 1669 3327 1835 3382; x_wconf 79' lang='lat' dir='ltr'><strong>traxit</strong></span> <span class='ocrx_word' id='word_1_104' title='bbox 1858 3327 2056 3383; x_wconf 91' lang='lat' dir='ltr'><strong>bellum</strong></span> <span class='ocrx_word' id='word_1_105' title='bbox 2091 3328 2194 3384; x_wconf 91' lang='lat' dir='ltr'><strong>hoc</strong></span> <span class='ocrx_word' id='word_1_106' title='bbox 2222 3343 2348 3383; x_wconf 83' lang='lat' dir='ltr'><strong>vere</strong></span> <span class='ocrx_word' id='word_1_107' title='bbox 2377 3337 2553 3394; x_wconf 81' lang='lat' dir='ltr'><strong>atrox,</strong></span> <span class='ocrx_word' id='word_1_108' title='bbox 2576 3330 2641 3384; x_wconf 89' lang='lat' dir='ltr'><strong>ad</strong></span> <span class='ocrx_word' id='word_1_109' title='bbox 2665 3345 2894 3400; x_wconf 90' lang='lat' dir='ltr'><strong>quorum</strong></span> <span class='ocrx_word' id='word_1_110' title='bbox 2923 3330 3356 3386; x_wconf 88' lang='lat' dir='ltr'><strong>recordationem</strong></span> <span class='ocrx_word' id='word_1_111' title='bbox 3387 3332 3580 3386; x_wconf 72' lang='lat' dir='ltr'><strong>merito</strong></span> 
     </span>
    </p>
   </div>
   <div class='ocr_carea' id='block_1_18' title="bbox 332 3415 3580 3492">
    <p class='ocr_par' dir='ltr' id='par_1_18' title="bbox 332 3415 3580 3492">
     <span class='ocr_line' id='line_1_19' title="bbox 332 3415 3580 3492; baseline 0.001 -21"><span class='ocrx_word' id='word_1_112' title='bbox 332 3417 676 3471; x_wconf 77' lang='lat' dir='ltr'><strong>exborrescit</strong></span> <span class='ocrx_word' id='word_1_113' title='bbox 718 3415 964 3492; x_wconf 83' lang='lat' dir='ltr'><strong>animus,</strong></span> <span class='ocrx_word' id='word_1_114' title='bbox 1013 3415 1397 3485; x_wconf 78' lang='lat' dir='ltr'><strong>gravissimum</strong></span> <span class='ocrx_word' id='word_1_115' title='bbox 1447 3415 1838 3484; x_wconf 88' lang='lat' dir='ltr'><strong>propemodum</strong></span> <span class='ocrx_word' id='word_1_116' title='bbox 1884 3429 2113 3472; x_wconf 87' lang='lat' dir='ltr'><strong>censere</strong></span> <span class='ocrx_word' id='word_1_117' title='bbox 2150 3417 2297 3472; x_wconf 86' lang='lat' dir='ltr'><strong>soleo</strong></span> <span class='ocrx_word' id='word_1_118' title='bbox 2347 3416 2756 3487; x_wconf 88' lang='lat' dir='ltr'><strong>dissipationem</strong></span> <span class='ocrx_word' id='word_1_119' title='bbox 2809 3418 3304 3485; x_wconf 84' lang='lat' dir='ltr'><strong>bibliothecarum;</strong></span> <span class='ocrx_word' id='word_1_120' title='bbox 3350 3437 3580 3491; x_wconf 87' lang='lat' dir='ltr'><strong>quarum</strong></span> 
     </span>
    </p>
   </div>
   <div class='ocr_carea' id='block_1_19' title="bbox 333 3500 3579 3578">
    <p class='ocr_par' dir='ltr' id='par_1_19' title="bbox 333 3500 3579 3578">
     <span class='ocr_line' id='line_1_20' title="bbox 333 3500 3579 3578; baseline 0.002 -21"><span class='ocrx_word' id='word_1_121' title='bbox 333 3503 622 3574; x_wconf 74' lang='lat' dir='ltr'><strong>Splendore</strong></span> <span class='ocrx_word' id='word_1_122' title='bbox 657 3517 721 3556; x_wconf 92' lang='lat' dir='ltr'><strong>ac</strong></span> <span class='ocrx_word' id='word_1_123' title='bbox 758 3503 1104 3558; x_wconf 86' lang='lat' dir='ltr'><strong>multitudine</strong></span> <span class='ocrx_word' id='word_1_124' title='bbox 1137 3501 1378 3572; x_wconf 75' lang='lat' dir='ltr'><strong>Belgium</strong></span> <span class='ocrx_word' id='word_1_125' title='bbox 1411 3500 1542 3557; x_wconf 89' lang='lat' dir='ltr'><strong>nulli</strong></span> <span class='ocrx_word' id='word_1_126' title='bbox 1577 3502 1981 3571; x_wconf 84' lang='lat' dir='ltr'><strong>provinciarum</strong></span> <span class='ocrx_word' id='word_1_127' title='bbox 2020 3505 2185 3561; x_wconf 86' lang='lat' dir='ltr'><strong>totius</strong></span> <span class='ocrx_word' id='word_1_128' title='bbox 2219 3505 2368 3561; x_wconf 87' lang='lat' dir='ltr'><strong>orbis</strong></span> <span class='ocrx_word' id='word_1_129' title='bbox 2405 3513 2535 3561; x_wconf 87' lang='lat' dir='ltr'><strong>ante</strong></span> <span class='ocrx_word' id='word_1_130' title='bbox 2564 3507 2662 3561; x_wconf 89' lang='lat' dir='ltr'><strong>hos</strong></span> <span class='ocrx_word' id='word_1_131' title='bbox 2691 3506 2956 3563; x_wconf 85' lang='lat' dir='ltr'><strong>tumultus</strong></span> <span class='ocrx_word' id='word_1_132' title='bbox 2989 3507 3236 3564; x_wconf 87' lang='lat' dir='ltr'><strong>cedebat.</strong></span> <span class='ocrx_word' id='word_1_133' title='bbox 3266 3508 3405 3578; x_wconf 85' lang='lat' dir='ltr'><strong>Quid</strong></span> <span class='ocrx_word' id='word_1_134' title='bbox 3435 3512 3579 3563; x_wconf 90' lang='lat' dir='ltr'><strong>enim</strong></span> 
     </span>
    </p>
   </div>
   <div class='ocr_carea' id='block_1_20' title="bbox 335 3590 3583 3667">
    <p class='ocr_par' dir='ltr' id='par_1_20' title="bbox 335 3590 3583 3667">
     <span class='ocr_line' id='line_1_21' title="bbox 335 3590 3583 3667; baseline 0 -18"><span class='ocrx_word' id='word_1_135' title='bbox 335 3595 480 3649; x_wconf 85' lang='lat' dir='ltr'><strong>aliud</strong></span> <span class='ocrx_word' id='word_1_136' title='bbox 506 3608 573 3647; x_wconf 82' lang='lat' dir='ltr'><strong>ex</strong></span> <span class='ocrx_word' id='word_1_137' title='bbox 607 3591 1057 3647; x_wconf 81' lang='lat' dir='ltr'><strong>bibliouiecarum</strong></span> <span class='ocrx_word' id='word_1_138' title='bbox 1093 3590 1314 3646; x_wconf 88' lang='lat' dir='ltr'><strong>interitu</strong></span> <span class='ocrx_word' id='word_1_139' title='bbox 1349 3604 1512 3660; x_wconf 88' lang='lat' dir='ltr'><strong>quam</strong></span> <span class='ocrx_word' id='word_1_140' title='bbox 1552 3590 1837 3648; x_wconf 82' lang='lat' dir='ltr'><strong>barbaries</strong></span> <span class='ocrx_word' id='word_1_141' title='bbox 1867 3593 2276 3667; x_wconf 76' lang='lat' dir='ltr'><strong>et&#39;ignorantia,</strong></span> <span class='ocrx_word' id='word_1_142' title='bbox 2305 3608 2372 3649; x_wconf 78' lang='lat' dir='ltr'><strong>ex</strong></span> <span class='ocrx_word' id='word_1_143' title='bbox 2400 3594 2703 3665; x_wconf 72' lang='lat' dir='ltr'><strong>ignorantia</strong></span> <span class='ocrx_word' id='word_1_144' title='bbox 2729 3593 2979 3652; x_wconf 78' lang='lat' dir='ltr'><strong>confusio</strong></span> <span class='ocrx_word' id='word_1_145' title='bbox 3006 3598 3248 3651; x_wconf 88' lang='lat' dir='ltr'><strong>omnium</strong></span> <span class='ocrx_word' id='word_1_146' title='bbox 3283 3613 3484 3663; x_wconf 87' lang='lat' dir='ltr'><strong>rerum,</strong></span> <span class='ocrx_word' id='word_1_147' title='bbox 3514 3613 3583 3651; x_wconf 78' lang='lat' dir='ltr'><strong>ex</strong></span> 
     </span>
    </p>
   </div>
   <div class='ocr_carea' id='block_1_21' title="bbox 336 3680 3582 3755">
    <p class='ocr_par' dir='ltr' id='par_1_21' title="bbox 336 3680 3582 3755">
     <span class='ocr_line' id='line_1_22' title="bbox 336 3680 3582 3755; baseline 0 -15"><span class='ocrx_word' id='word_1_148' title='bbox 336 3685 652 3741; x_wconf 83' lang='lat' dir='ltr'><strong>cuul&#39;usione</strong></span> <span class='ocrx_word' id='word_1_149' title='bbox 675 3682 1023 3755; x_wconf 81' lang='grc' dir='ltr'><strong>πανωλεθρία</strong></span> <span class='ocrx_word' id='word_1_150' title='bbox 1045 3693 1129 3740; x_wconf 90' lang='lat' dir='ltr'><strong>cst</strong></span> <span class='ocrx_word' id='word_1_151' title='bbox 1154 3683 1552 3750; x_wconf 81' lang='lat' dir='ltr'><strong>exspectanda?</strong></span> <span class='ocrx_word' id='word_1_152' title='bbox 1577 3680 1882 3739; x_wconf 84' lang='lat' dir='ltr'><strong>Prudenter</strong></span> <span class='ocrx_word' id='word_1_153' title='bbox 1903 3681 2072 3754; x_wconf 75' lang='lat' dir='ltr'><strong>igitur</strong></span> <span class='ocrx_word' id='word_1_154' title='bbox 2097 3681 2422 3754; x_wconf 89' lang='lat' dir='ltr'><strong>munerique</strong></span> <span class='ocrx_word' id='word_1_155' title='bbox 2445 3691 2624 3740; x_wconf 87' lang='lat' dir='ltr'><strong>vestro</strong></span> <span class='ocrx_word' id='word_1_156' title='bbox 2648 3685 3030 3740; x_wconf 80' lang='lat' dir='ltr'><strong>convenienter</strong></span> <span class='ocrx_word' id='word_1_157' title='bbox 3053 3683 3251 3751; x_wconf 87' lang='lat' dir='ltr'><strong>facitis,</strong></span> <span class='ocrx_word' id='word_1_158' title='bbox 3278 3696 3582 3752; x_wconf 85' lang='lat' dir='ltr'><strong>curatores,</strong></span> 
     </span>
    </p>
   </div>
   <div class='ocr_carea' id='block_1_22' title="bbox 338 3771 3582 3849">
    <p class='ocr_par' dir='ltr' id='par_1_22' title="bbox 338 3771 3582 3849">
     <span class='ocr_line' id='line_1_23' title="bbox 338 3771 3582 3849; baseline -0 -20"><span class='ocrx_word' id='word_1_159' title='bbox 338 3779 454 3849; x_wconf 89' lang='lat' dir='ltr'><strong>qui,</strong></span> <span class='ocrx_word' id='word_1_160' title='bbox 482 3775 750 3846; x_wconf 54' lang='lat' dir='ltr'><strong>ﬂagrante</strong></span> <span class='ocrx_word' id='word_1_161' title='bbox 780 3775 958 3830; x_wconf 84' lang='lat' dir='ltr'><strong>adhuc</strong></span> <span class='ocrx_word' id='word_1_162' title='bbox 988 3774 1126 3830; x_wconf 88' lang='lat' dir='ltr'><strong>bello</strong></span> <span class='ocrx_word' id='word_1_163' title='bbox 1155 3773 1613 3845; x_wconf 85' lang='lat' dir='ltr'><strong>saevientibusque</strong></span> <span class='ocrx_word' id='word_1_164' title='bbox 1641 3772 1958 3829; x_wconf 87' lang='lat' dir='ltr'><strong>tumultibus</strong></span> <span class='ocrx_word' id='word_1_165' title='bbox 1991 3771 2245 3844; x_wconf 86' lang='lat' dir='ltr'><strong>publicis,</strong></span> <span class='ocrx_word' id='word_1_166' title='bbox 2266 3771 2530 3845; x_wconf 85' lang='lat' dir='ltr'><strong>quidquid</strong></span> <span class='ocrx_word' id='word_1_167' title='bbox 2559 3772 2713 3829; x_wconf 90' lang='lat' dir='ltr'><strong>vobis</strong></span> <span class='ocrx_word' id='word_1_168' title='bbox 2744 3773 3056 3844; x_wconf 67' lang='lat' dir='ltr'><strong>reipublicae</strong></span> <span class='ocrx_word' id='word_1_169' title='bbox 3090 3773 3293 3839; x_wconf 78' lang='lat' dir='ltr'><strong>clavus,</strong></span> <span class='ocrx_word' id='word_1_170' title='bbox 3324 3775 3388 3830; x_wconf 91' lang='lat' dir='ltr'><strong>ad</strong></span> <span class='ocrx_word' id='word_1_171' title='bbox 3420 3791 3582 3845; x_wconf 86' lang='lat' dir='ltr'><strong>quem</strong></span> 
     </span>
    </p>
   </div>
   <div class='ocr_carea' id='block_1_23' title="bbox 335 3861 3581 3941">
    <p class='ocr_par' dir='ltr' id='par_1_23' title="bbox 335 3861 3581 3941">
     <span class='ocr_line' id='line_1_24' title="bbox 335 3861 3581 3941; baseline 0.001 -19"><span class='ocrx_word' id='word_1_172' title='bbox 335 3877 654 3922; x_wconf 79' lang='lat' dir='ltr'><strong>constanter</strong></span> <span class='ocrx_word' id='word_1_173' title='bbox 684 3863 1009 3933; x_wconf 80' lang='lat' dir='ltr'><strong>fortiterque</strong></span> <span class='ocrx_word' id='word_1_174' title='bbox 1036 3864 1341 3929; x_wconf 83' lang='lat' dir='ltr'><strong>excubatls,</strong></span> <span class='ocrx_word' id='word_1_175' title='bbox 1376 3863 1474 3919; x_wconf 92' lang='lat' dir='ltr'><strong>otii</strong></span> <span class='ocrx_word' id='word_1_176' title='bbox 1504 3863 1782 3932; x_wconf 88' lang='lat' dir='ltr'><strong>relinquit,</strong></span> <span class='ocrx_word' id='word_1_177' title='bbox 1807 3861 1858 3917; x_wconf 89' lang='lat' dir='ltr'><strong>id</strong></span> <span class='ocrx_word' id='word_1_178' title='bbox 1883 3876 2045 3920; x_wconf 84' lang='lat' dir='ltr'><strong>omne</strong></span> <span class='ocrx_word' id='word_1_179' title='bbox 2074 3865 2370 3922; x_wconf 68' lang='lat' dir='ltr'><strong>academim</strong></span> <span class='ocrx_word' id='word_1_180' title='bbox 2397 3867 2781 3937; x_wconf 62' lang='lat' dir='ltr'><strong>promovenda:</strong></span> <span class='ocrx_word' id='word_1_181' title='bbox 2809 3876 2867 3923; x_wconf 91' lang='lat' dir='ltr'><strong>et</strong></span> <span class='ocrx_word' id='word_1_182' title='bbox 2897 3865 3240 3941; x_wconf 76' lang='lat' dir='ltr'><strong>bibliotheca:</strong></span> <span class='ocrx_word' id='word_1_183' title='bbox 3271 3869 3498 3940; x_wconf 76' lang='lat' dir='ltr'><strong>publica:</strong></span> <span class='ocrx_word' id='word_1_184' title='bbox 3525 3871 3581 3924; x_wconf 91' lang='lat' dir='ltr'><strong>in</strong></span> 
     </span>
    </p>
   </div>
   <div class='ocr_carea' id='block_1_24' title="bbox 336 3953 3586 4028">
    <p class='ocr_par' dir='ltr' id='par_1_24' title="bbox 336 3953 3586 4028">
     <span class='ocr_line' id='line_1_25' title="bbox 336 3953 3586 4028; baseline -0.001 -14"><span class='ocrx_word' id='word_1_185' title='bbox 336 3973 399 4014; x_wconf 90' lang='lat' dir='ltr'><strong>ea</strong></span> <span class='ocrx_word' id='word_1_186' title='bbox 434 3957 804 4014; x_wconf 80' lang='lat' dir='ltr'><strong>instauranda:</strong></span> <span class='ocrx_word' id='word_1_187' title='bbox 837 3957 1168 4028; x_wconf 87' lang='lat' dir='ltr'><strong>impenditis.</strong></span> <span class='ocrx_word' id='word_1_188' title='bbox 1207 3967 1262 4011; x_wconf 92' lang='lat' dir='ltr'><strong>et</strong></span> <span class='ocrx_word' id='word_1_189' title='bbox 1293 3957 1503 4013; x_wconf 87' lang='lat' dir='ltr'><strong>laceras</strong></span> <span class='ocrx_word' id='word_1_190' title='bbox 1533 3970 1596 4012; x_wconf 80' lang='lat' dir='ltr'><strong>ex</strong></span> <span class='ocrx_word' id='word_1_191' title='bbox 1632 3957 1972 4024; x_wconf 75' lang='lat' dir='ltr'><strong>superiorum</strong></span> <span class='ocrx_word' id='word_1_192' title='bbox 2007 3969 2274 4011; x_wconf 87' lang='lat' dir='ltr'><strong>annorum</strong></span> <span class='ocrx_word' id='word_1_193' title='bbox 2308 3953 2610 4028; x_wconf 72' lang='lat' dir='ltr'><strong>naufragiis</strong></span> <span class='ocrx_word' id='word_1_194' title='bbox 2650 3954 2882 4022; x_wconf 86' lang='lat' dir='ltr'><strong>tabulas,</strong></span> <span class='ocrx_word' id='word_1_195' title='bbox 2923 3956 3086 4026; x_wconf 89' lang='lat' dir='ltr'><strong>inque</strong></span> <span class='ocrx_word' id='word_1_196' title='bbox 3116 3966 3390 4012; x_wconf 78' lang='lat' dir='ltr'><strong>extremos</strong></span> <span class='ocrx_word' id='word_1_197' title='bbox 3418 3972 3586 4026; x_wconf 82' lang='lat' dir='ltr'><strong>prope</strong></span> 
     </span>
    </p>
   </div>
   <div class='ocr_carea' id='block_1_25' title="bbox 337 4040 3584 4118">
    <p class='ocr_par' dir='ltr' id='par_1_25' title="bbox 337 4040 3584 4118">
     <span class='ocr_line' id='line_1_26' title="bbox 337 4040 3584 4118; baseline -0.001 -15"><span class='ocrx_word' id='word_1_198' title='bbox 337 4048 488 4104; x_wconf 87' lang='lat' dir='ltr'><strong>orbis</strong></span> <span class='ocrx_word' id='word_1_199' title='bbox 519 4046 750 4118; x_wconf 77' lang='lat' dir='ltr'><strong>angulos</strong></span> <span class='ocrx_word' id='word_1_200' title='bbox 786 4045 1011 4115; x_wconf 85' lang='lat' dir='ltr'><strong>ejectas,</strong></span> <span class='ocrx_word' id='word_1_201' title='bbox 1057 4045 1310 4100; x_wconf 80' lang='lat' dir='ltr'><strong>maximis</strong></span> <span class='ocrx_word' id='word_1_202' title='bbox 1345 4043 1542 4100; x_wconf 87' lang='lat' dir='ltr'><strong>vestris</strong></span> <span class='ocrx_word' id='word_1_203' title='bbox 1578 4044 1887 4114; x_wconf 83' lang='lat' dir='ltr'><strong>sumptibus</strong></span> <span class='ocrx_word' id='word_1_204' title='bbox 1922 4042 2266 4114; x_wconf 82' lang='lat' dir='ltr'><strong>conquiritis,</strong></span> <span class='ocrx_word' id='word_1_205' title='bbox 2309 4040 2566 4099; x_wconf 86' lang='lat' dir='ltr'><strong>collectas</strong></span> <span class='ocrx_word' id='word_1_206' title='bbox 2605 4043 2912 4112; x_wconf 80' lang='lat' dir='ltr'><strong>publicatis.</strong></span> <span class='ocrx_word' id='word_1_207' title='bbox 2953 4042 3029 4099; x_wconf 87' lang='lat' dir='ltr'><strong>De</strong></span> <span class='ocrx_word' id='word_1_208' title='bbox 3068 4043 3207 4100; x_wconf 83' lang='lat' dir='ltr'><strong>libro</strong></span> <span class='ocrx_word' id='word_1_209' title='bbox 3235 4045 3584 4114; x_wconf 85' lang='lat' dir='ltr'><strong>antiquarum</strong></span> 
     </span>
    </p>
   </div>
   <div class='ocr_carea' id='block_1_26' title="bbox 339 4131 3579 4210">
    <p class='ocr_par' dir='ltr' id='par_1_26' title="bbox 339 4131 3579 4210">
     <span class='ocr_line' id='line_1_27' title="bbox 339 4131 3579 4210; baseline -0.002 -17"><span class='ocrx_word' id='word_1_210' title='bbox 339 4153 435 4207; x_wconf 86' lang='lat' dir='ltr'><strong>per</strong></span> <span class='ocrx_word' id='word_1_211' title='bbox 467 4140 774 4195; x_wconf 85' lang='lat' dir='ltr'><strong>universam</strong></span> <span class='ocrx_word' id='word_1_212' title='bbox 808 4138 1079 4208; x_wconf 86' lang='lat' dir='ltr'><strong>Europam</strong></span> <span class='ocrx_word' id='word_1_213' title='bbox 1111 4137 1526 4208; x_wconf 74' lang='lat' dir='ltr'><strong>inscriptionum</strong></span> <span class='ocrx_word' id='word_1_214' title='bbox 1556 4135 1769 4205; x_wconf 88' lang='lat' dir='ltr'><strong>loquor,</strong></span> <span class='ocrx_word' id='word_1_215' title='bbox 1795 4147 1958 4205; x_wconf 90' lang='lat' dir='ltr'><strong>quem</strong></span> <span class='ocrx_word' id='word_1_216' title='bbox 1980 4146 2078 4187; x_wconf 88' lang='lat' dir='ltr'><strong>vos</strong></span> <span class='ocrx_word' id='word_1_217' title='bbox 2106 4146 2215 4188; x_wconf 78' lang='lat' dir='ltr'><strong>tere</strong></span> <span class='ocrx_word' id='word_1_218' title='bbox 2239 4141 2420 4187; x_wconf 86' lang='lat' dir='ltr'><strong>vestro</strong></span> <span class='ocrx_word' id='word_1_219' title='bbox 2447 4132 2502 4186; x_wconf 91' lang='lat' dir='ltr'><strong>in</strong></span> <span class='ocrx_word' id='word_1_220' title='bbox 2533 4147 2687 4186; x_wconf 85' lang='lat' dir='ltr'><strong>usum</strong></span> <span class='ocrx_word' id='word_1_221' title='bbox 2717 4131 2992 4201; x_wconf 88' lang='lat' dir='ltr'><strong>publicum</strong></span> <span class='ocrx_word' id='word_1_222' title='bbox 3026 4131 3293 4188; x_wconf 85' lang='lat' dir='ltr'><strong>edendum</strong></span> <span class='ocrx_word' id='word_1_223' title='bbox 3323 4134 3579 4210; x_wconf 80' lang='lat' dir='ltr'><strong>curastis.</strong></span> 
     </span>
    </p>
   </div>
   <div class='ocr_carea' id='block_1_27' title="bbox 340 4217 3583 4297">
    <p class='ocr_par' dir='ltr' id='par_1_27' title="bbox 340 4217 3583 4297">
     <span class='ocr_line' id='line_1_28' title="bbox 340 4217 3583 4297; baseline -0.003 -15"><span class='ocrx_word' id='word_1_224' title='bbox 340 4225 609 4284; x_wconf 77' lang='lat' dir='ltr'><strong>Eximiqu</strong></span> <span class='ocrx_word' id='word_1_225' title='bbox 643 4236 792 4284; x_wconf 85' lang='lat' dir='ltr'><strong>certe</strong></span> <span class='ocrx_word' id='word_1_226' title='bbox 815 4239 971 4297; x_wconf 87' lang='lat' dir='ltr'><strong>opus,</strong></span> <span class='ocrx_word' id='word_1_227' title='bbox 1000 4225 1044 4281; x_wconf 91' lang='lat' dir='ltr'><strong>si</strong></span> <span class='ocrx_word' id='word_1_228' title='bbox 1079 4226 1220 4294; x_wconf 85' lang='lat' dir='ltr'><strong>quod</strong></span> <span class='ocrx_word' id='word_1_229' title='bbox 1255 4239 1492 4296; x_wconf 88' lang='lat' dir='ltr'><strong>unquam</strong></span> <span class='ocrx_word' id='word_1_230' title='bbox 1528 4239 1560 4280; x_wconf 78' lang='grc' dir='ltr'><strong>ο</strong></span> <span class='ocrx_word' id='word_1_231' title='bbox 1600 4218 1999 4296; x_wconf 70' lang='lat' dir='ltr'><strong>typograpbicis</strong></span> <span class='ocrx_word' id='word_1_232' title='bbox 2037 4218 2204 4289; x_wconf 85' lang='lat' dir='ltr'><strong>prelis</strong></span> <span class='ocrx_word' id='word_1_233' title='bbox 2242 4217 2486 4289; x_wconf 88' lang='lat' dir='ltr'><strong>prodiit;</strong></span> <span class='ocrx_word' id='word_1_234' title='bbox 2533 4218 2689 4290; x_wconf 81' lang='lat' dir='ltr'><strong>cujus</strong></span> <span class='ocrx_word' id='word_1_235' title='bbox 2724 4218 2864 4274; x_wconf 82' lang='lat' dir='ltr'><strong>fama</strong></span> <span class='ocrx_word' id='word_1_236' title='bbox 2899 4217 3098 4274; x_wconf 85' lang='lat' dir='ltr'><strong>dudum</strong></span> <span class='ocrx_word' id='word_1_237' title='bbox 3134 4228 3257 4273; x_wconf 89' lang='lat' dir='ltr'><strong>ante</strong></span> <span class='ocrx_word' id='word_1_238' title='bbox 3288 4219 3583 4274; x_wconf 88' lang='lat' dir='ltr'><strong>editionem</strong></span> 
     </span>
    </p>
   </div>
   <div class='ocr_carea' id='block_1_28' title="bbox 343 4308 3586 4387">
    <p class='ocr_par' dir='ltr' id='par_1_28' title="bbox 343 4308 3586 4387">
     <span class='ocr_line' id='line_1_29' title="bbox 343 4308 3586 4387; baseline -0.003 -16"><span class='ocrx_word' id='word_1_239' title='bbox 343 4326 516 4372; x_wconf 89' lang='lat' dir='ltr'><strong>totum</strong></span> <span class='ocrx_word' id='word_1_240' title='bbox 550 4316 735 4372; x_wconf 78' lang='lat' dir='ltr'><strong>orbem</strong></span> <span class='ocrx_word' id='word_1_241' title='bbox 766 4322 1058 4387; x_wconf 64' lang='lat' dir='ltr'><strong>pervagata</strong></span> <span class='ocrx_word' id='word_1_242' title='bbox 1085 4313 1388 4369; x_wconf 86' lang='lat' dir='ltr'><strong>incredibili</strong></span> <span class='ocrx_word' id='word_1_243' title='bbox 1419 4327 1543 4369; x_wconf 90' lang='lat' dir='ltr'><strong>eum</strong></span> <span class='ocrx_word' id='word_1_244' title='bbox 1575 4311 1658 4369; x_wconf 87' lang='lat' dir='ltr'><strong>sui</strong></span> <span class='ocrx_word' id='word_1_245' title='bbox 1685 4310 2090 4379; x_wconf 77' lang='lat' dir='ltr'><strong>exspectatione</strong></span> <span class='ocrx_word' id='word_1_246' title='bbox 2121 4319 2361 4365; x_wconf 87' lang='lat' dir='ltr'><strong>erectum</strong></span> <span class='ocrx_word' id='word_1_247' title='bbox 2394 4308 2590 4374; x_wconf 86' lang='lat' dir='ltr'><strong>tenuit,</strong></span> <span class='ocrx_word' id='word_1_248' title='bbox 2625 4312 2825 4378; x_wconf 79' lang='lat' dir='ltr'><strong>quippe</strong></span> <span class='ocrx_word' id='word_1_249' title='bbox 2855 4309 2947 4379; x_wconf 90' lang='lat' dir='ltr'><strong>qui</strong></span> <span class='ocrx_word' id='word_1_250' title='bbox 2980 4323 3122 4363; x_wconf 92' lang='lat' dir='ltr'><strong>nunc</strong></span> <span class='ocrx_word' id='word_1_251' title='bbox 3155 4308 3396 4374; x_wconf 88' lang='lat' dir='ltr'><strong>tandem,</strong></span> <span class='ocrx_word' id='word_1_252' title='bbox 3423 4317 3586 4364; x_wconf 82' lang='lat' dir='ltr'><strong>exuto</strong></span> 
     </span>
    </p>
   </div>
   <div class='ocr_carea' id='block_1_29' title="bbox 343 4397 3586 4477">
    <p class='ocr_par' dir='ltr' id='par_1_29' title="bbox 343 4397 3586 4477">
     <span class='ocr_line' id='line_1_30' title="bbox 343 4397 3586 4477; baseline -0.002 -17"><span class='ocrx_word' id='word_1_253' title='bbox 343 4406 513 4472; x_wconf 90' lang='lat' dir='ltr'><strong>senio,</strong></span> <span class='ocrx_word' id='word_1_254' title='bbox 547 4404 839 4477; x_wconf 88' lang='lat' dir='ltr'><strong>pristinum</strong></span> <span class='ocrx_word' id='word_1_255' title='bbox 872 4412 1057 4458; x_wconf 87' lang='lat' dir='ltr'><strong>vestro</strong></span> <span class='ocrx_word' id='word_1_256' title='bbox 1085 4400 1350 4457; x_wconf 71' lang='lat' dir='ltr'><strong>beneﬂcio</strong></span> <span class='ocrx_word' id='word_1_257' title='bbox 1371 4399 1677 4471; x_wconf 75' lang='lat' dir='ltr'><strong>iuventutis</strong></span> <span class='ocrx_word' id='word_1_258' title='bbox 1711 4399 1878 4454; x_wconf 86' lang='lat' dir='ltr'><strong>decus</strong></span> <span class='ocrx_word' id='word_1_259' title='bbox 1907 4400 1979 4454; x_wconf 89' lang='lat' dir='ltr'><strong>sit</strong></span> <span class='ocrx_word' id='word_1_260' title='bbox 2005 4409 2424 4466; x_wconf 86' lang='lat' dir='ltr'><strong>recuperaturus</strong></span> <span class='ocrx_word' id='word_1_261' title='bbox 2449 4413 2468 4453; x_wconf 84' lang='lat'><strong>:</strong></span> <span class='ocrx_word' id='word_1_262' title='bbox 2489 4410 2598 4468; x_wconf 87' lang='lat' dir='ltr'><strong>quo</strong></span> <span class='ocrx_word' id='word_1_263' title='bbox 2629 4397 2844 4466; x_wconf 88' lang='lat' dir='ltr'><strong>quidem</strong></span> <span class='ocrx_word' id='word_1_264' title='bbox 2872 4398 3089 4452; x_wconf 88' lang='lat' dir='ltr'><strong>nomine</strong></span> <span class='ocrx_word' id='word_1_265' title='bbox 3121 4398 3458 4454; x_wconf 82' lang='lat' dir='ltr'><strong>immortales</strong></span> <span class='ocrx_word' id='word_1_266' title='bbox 3485 4415 3586 4454; x_wconf 89' lang='lat' dir='ltr'><strong>vo-</strong></span> 
     </span>
    </p>
   </div>
   <div class='ocr_carea' id='block_1_30' title="bbox 342 4478 3590 4568">
    <p class='ocr_par' dir='ltr' id='par_1_30' title="bbox 342 4478 3590 4568">
     <span class='ocr_line' id='line_1_31' title="bbox 342 4478 3590 4568; baseline -0.002 -16"><span class='ocrx_word' id='word_1_267' title='bbox 342 4499 448 4562; x_wconf 88' lang='lat' dir='ltr'><strong>bis,</strong></span> <span class='ocrx_word' id='word_1_268' title='bbox 474 4496 730 4568; x_wconf 88' lang='lat' dir='ltr'><strong>quamdiu</strong></span> <span class='ocrx_word' id='word_1_269' title='bbox 765 4495 951 4561; x_wconf 86' lang='lat' dir='ltr'><strong>stabit,</strong></span> <span class='ocrx_word' id='word_1_270' title='bbox 982 4494 1188 4564; x_wconf 77' lang='lat' dir='ltr'><strong>gratias</strong></span> <span class='ocrx_word' id='word_1_271' title='bbox 1210 4493 1448 4550; x_wconf 88' lang='lat' dir='ltr'><strong>debebit.</strong></span> <span class='ocrx_word' id='word_1_272' title='bbox 1473 4493 1652 4564; x_wconf 71' lang='lat' dir='ltr'><strong>Atque</strong></span> <span class='ocrx_word' id='word_1_273' title='bbox 1680 4501 1738 4546; x_wconf 91' lang='lat' dir='ltr'><strong>ut</strong></span> <span class='ocrx_word' id='word_1_274' title='bbox 1776 4493 1829 4547; x_wconf 91' lang='lat' dir='ltr'><strong>in</strong></span> <span class='ocrx_word' id='word_1_275' title='bbox 1865 4490 2284 4562; x_wconf 78' lang='lat' dir='ltr'><strong>praesentiarum</strong></span> <span class='ocrx_word' id='word_1_276' title='bbox 2311 4490 2382 4546; x_wconf 91' lang='lat' dir='ltr'><strong>de</strong></span> <span class='ocrx_word' id='word_1_277' title='bbox 2413 4489 2650 4546; x_wconf 89' lang='lat' dir='ltr'><strong>utilitate</strong></span> <span class='ocrx_word' id='word_1_278' title='bbox 2685 4490 2818 4544; x_wconf 86' lang='lat' dir='ltr'><strong>nihil</strong></span> <span class='ocrx_word' id='word_1_279' title='bbox 2850 4490 3024 4546; x_wconf 75' lang='lat' dir='ltr'><strong>dicant</strong></span> <span class='ocrx_word' id='word_1_280' title='bbox 3052 4507 3171 4561; x_wconf 74' lang='lat' dir='ltr'><strong>qua:</strong></span> <span class='ocrx_word' id='word_1_281' title='bbox 3199 4506 3264 4548; x_wconf 79' lang='lat' dir='ltr'><strong>ex</strong></span> <span class='ocrx_word' id='word_1_282' title='bbox 3296 4492 3397 4548; x_wconf 90' lang='lat' dir='ltr'><strong>hoc</strong></span> <span class='ocrx_word' id='word_1_283' title='bbox 3427 4478 3590 4563; x_wconf 81' lang='lat' dir='ltr'><strong>opere</strong></span> 
     </span>
    </p>
   </div>
   <div class='ocr_carea' id='block_1_31' title="bbox 343 4578 3584 4654">
    <p class='ocr_par' dir='ltr' id='par_1_31' title="bbox 343 4578 3584 4654">
     <span class='ocr_line' id='line_1_32' title="bbox 343 4578 3584 4654; baseline -0.001 -13"><span class='ocrx_word' id='word_1_284' title='bbox 343 4587 410 4641; x_wconf 86' lang='lat' dir='ltr'><strong>ad</strong></span> <span class='ocrx_word' id='word_1_285' title='bbox 444 4599 633 4640; x_wconf 85' lang='lat' dir='ltr'><strong>omnes</strong></span> <span class='ocrx_word' id='word_1_286' title='bbox 661 4583 897 4652; x_wconf 83' lang='lat' dir='ltr'><strong>antiquae</strong></span> <span class='ocrx_word' id='word_1_287' title='bbox 924 4582 1326 4654; x_wconf 71' lang='lat' dir='ltr'><strong>reconditaaque</strong></span> <span class='ocrx_word' id='word_1_288' title='bbox 1352 4581 1612 4636; x_wconf 78' lang='lat' dir='ltr'><strong>doctrina:</strong></span> <span class='ocrx_word' id='word_1_289' title='bbox 1640 4579 1914 4634; x_wconf 83' lang='lat' dir='ltr'><strong>studiosos</strong></span> <span class='ocrx_word' id='word_1_290' title='bbox 1939 4591 2024 4635; x_wconf 87' lang='lat' dir='ltr'><strong>est</strong></span> <span class='ocrx_word' id='word_1_291' title='bbox 2051 4589 2401 4650; x_wconf 87' lang='lat' dir='ltr'><strong>perventura,</strong></span> <span class='ocrx_word' id='word_1_292' title='bbox 2431 4594 2550 4649; x_wconf 64' lang='lat' dir='ltr'><strong>quae</strong></span> <span class='ocrx_word' id='word_1_293' title='bbox 2576 4589 2657 4634; x_wconf 90' lang='lat' dir='ltr'><strong>est</strong></span> <span class='ocrx_word' id='word_1_294' title='bbox 2684 4578 2929 4649; x_wconf 86' lang='lat' dir='ltr'><strong>profecto</strong></span> <span class='ocrx_word' id='word_1_295' title='bbox 2959 4581 3223 4645; x_wconf 70' lang='lat' dir='ltr'><strong>maxima,</strong></span> <span class='ocrx_word' id='word_1_296' title='bbox 3249 4582 3584 4647; x_wconf 75' lang='lat' dir='ltr'><strong>excitaliitis,</strong></span> 
     </span>
    </p>
   </div>
   <div class='ocr_carea' id='block_1_32' title="bbox 344 4665 3590 4740">
    <p class='ocr_par' dir='ltr' id='par_1_32' title="bbox 344 4665 3590 4740">
     <span class='ocr_line' id='line_1_33' title="bbox 344 4665 3590 4740; baseline -0.001 -12"><span class='ocrx_word' id='word_1_297' title='bbox 344 4677 454 4728; x_wconf 87' lang='lat' dir='ltr'><strong>imo</strong></span> <span class='ocrx_word' id='word_1_298' title='bbox 484 4671 890 4726; x_wconf 74' lang='lat' dir='ltr'><strong>inl‘luinmabitis</strong></span> <span class='ocrx_word' id='word_1_299' title='bbox 919 4669 1114 4726; x_wconf 87' lang='lat' dir='ltr'><strong>illustri</strong></span> <span class='ocrx_word' id='word_1_300' title='bbox 1151 4670 1253 4724; x_wconf 87' lang='lat' dir='ltr'><strong>hac</strong></span> <span class='ocrx_word' id='word_1_301' title='bbox 1277 4684 1437 4740; x_wconf 88' lang='lat' dir='ltr'><strong>quam</strong></span> <span class='ocrx_word' id='word_1_302' title='bbox 1464 4667 1793 4740; x_wconf 72' lang='lat' dir='ltr'><strong>praeluxiStis</strong></span> <span class='ocrx_word' id='word_1_303' title='bbox 1826 4666 1942 4723; x_wconf 88' lang='lat' dir='ltr'><strong>face</strong></span> <span class='ocrx_word' id='word_1_304' title='bbox 1974 4671 2136 4724; x_wconf 87' lang='lat' dir='ltr'><strong>etiam</strong></span> <span class='ocrx_word' id='word_1_305' title='bbox 2171 4665 2328 4732; x_wconf 88' lang='lat' dir='ltr'><strong>alios,</strong></span> <span class='ocrx_word' id='word_1_306' title='bbox 2354 4678 2414 4722; x_wconf 87' lang='lat' dir='ltr'><strong>ut</strong></span> <span class='ocrx_word' id='word_1_307' title='bbox 2448 4667 2713 4738; x_wconf 90' lang='lat' dir='ltr'><strong>quidquid</strong></span> <span class='ocrx_word' id='word_1_308' title='bbox 2741 4667 3043 4722; x_wconf 78' lang='lat' dir='ltr'><strong>lacerarunt</strong></span> <span class='ocrx_word' id='word_1_309' title='bbox 3081 4684 3146 4723; x_wconf 83' lang='lat' dir='ltr'><strong>ex</strong></span> <span class='ocrx_word' id='word_1_310' title='bbox 3180 4669 3282 4725; x_wconf 90' lang='lat' dir='ltr'><strong>hoc</strong></span> <span class='ocrx_word' id='word_1_311' title='bbox 3318 4675 3590 4730; x_wconf 85' lang='lat' dir='ltr'><strong>communi</strong></span> 
     </span>
    </p>
   </div>
   <div class='ocr_carea' id='block_1_33' title="bbox 341 4755 3590 4832">
    <p class='ocr_par' dir='ltr' id='par_1_33' title="bbox 341 4755 3590 4832">
     <span class='ocr_line' id='line_1_34' title="bbox 341 4755 3590 4832; baseline -0.002 -13"><span class='ocrx_word' id='word_1_312' title='bbox 341 4763 790 4819; x_wconf 76' lang='lat' dir='ltr'><strong>bibliothecnrum</strong></span> <span class='ocrx_word' id='word_1_313' title='bbox 831 4760 1163 4832; x_wconf 73' lang='lat' dir='ltr'><strong>Belgicarum</strong></span> <span class='ocrx_word' id='word_1_314' title='bbox 1202 4759 1486 4828; x_wconf 73' lang='lat' dir='ltr'><strong>naufragio</strong></span> <span class='ocrx_word' id='word_1_315' title='bbox 1526 4757 1829 4814; x_wconf 87' lang='lat' dir='ltr'><strong>tabularum</strong></span> <span class='ocrx_word' id='word_1_316' title='bbox 1867 4759 1933 4814; x_wconf 86' lang='lat' dir='ltr'><strong>ad</strong></span> <span class='ocrx_word' id='word_1_317' title='bbox 1979 4759 2125 4827; x_wconf 85' lang='lat' dir='ltr'><strong>ipsos</strong></span> <span class='ocrx_word' id='word_1_318' title='bbox 2167 4756 2497 4828; x_wconf 84' lang='lat' dir='ltr'><strong>pervenerit,</strong></span> <span class='ocrx_word' id='word_1_319' title='bbox 2540 4758 2653 4827; x_wconf 89' lang='lat' dir='ltr'><strong>pari</strong></span> <span class='ocrx_word' id='word_1_320' title='bbox 2690 4755 2975 4811; x_wconf 86' lang='lat' dir='ltr'><strong>alacritate</strong></span> <span class='ocrx_word' id='word_1_321' title='bbox 3016 4758 3068 4810; x_wconf 87' lang='lat' dir='ltr'><strong>in</strong></span> <span class='ocrx_word' id='word_1_322' title='bbox 3115 4773 3271 4812; x_wconf 89' lang='lat' dir='ltr'><strong>usum</strong></span> <span class='ocrx_word' id='word_1_323' title='bbox 3315 4759 3590 4829; x_wconf 84' lang='lat' dir='ltr'><strong>publicum</strong></span> 
     </span>
    </p>
   </div>
   <div class='ocr_carea' id='block_1_34' title="bbox 342 4844 3594 4918">
    <p class='ocr_par' dir='ltr' id='par_1_34' title="bbox 342 4844 3594 4918">
     <span class='ocr_line' id='line_1_35' title="bbox 342 4844 3594 4918; baseline -0.001 -12"><span class='ocrx_word' id='word_1_324' title='bbox 342 4852 647 4907; x_wconf 79' lang='lat' dir='ltr'><strong>conferant.</strong></span> <span class='ocrx_word' id='word_1_325' title='bbox 673 4851 912 4917; x_wconf 88' lang='lat' dir='ltr'><strong>Quorum</strong></span> <span class='ocrx_word' id='word_1_326' title='bbox 944 4849 996 4904; x_wconf 91' lang='lat' dir='ltr'><strong>in</strong></span> <span class='ocrx_word' id='word_1_327' title='bbox 1025 4863 1255 4903; x_wconf 90' lang='lat' dir='ltr'><strong>numero</strong></span> <span class='ocrx_word' id='word_1_328' title='bbox 1285 4862 1477 4902; x_wconf 87' lang='lat' dir='ltr'><strong>nomen</strong></span> <span class='ocrx_word' id='word_1_329' title='bbox 1515 4862 1692 4902; x_wconf 90' lang='lat' dir='ltr'><strong>meum</strong></span> <span class='ocrx_word' id='word_1_330' title='bbox 1725 4846 1899 4902; x_wconf 86' lang='lat' dir='ltr'><strong>libens</strong></span> <span class='ocrx_word' id='word_1_331' title='bbox 1929 4847 2208 4918; x_wconf 90' lang='lat' dir='ltr'><strong>proliteor.</strong></span> <span class='ocrx_word' id='word_1_332' title='bbox 2260 4845 2600 4915; x_wconf 84' lang='lat' dir='ltr'><strong>Simulatque</strong></span> <span class='ocrx_word' id='word_1_333' title='bbox 2629 4845 2770 4899; x_wconf 91' lang='lat' dir='ltr'><strong>enim</strong></span> <span class='ocrx_word' id='word_1_334' title='bbox 2799 4844 3010 4900; x_wconf 82' lang='lat' dir='ltr'><strong>consilii</strong></span> <span class='ocrx_word' id='word_1_335' title='bbox 3037 4845 3203 4900; x_wconf 87' lang='lat' dir='ltr'><strong>vestri</strong></span> <span class='ocrx_word' id='word_1_336' title='bbox 3237 4849 3501 4902; x_wconf 82' lang='lat' dir='ltr'><strong>rationein</strong></span> <span class='ocrx_word' id='word_1_337' title='bbox 3530 4850 3594 4902; x_wconf 88' lang='lat' dir='ltr'><strong>de</strong></span> 
     </span>
    </p>
   </div>
   <div class='ocr_carea' id='block_1_35' title="bbox 342 4932 3592 5011">
    <p class='ocr_par' dir='ltr' id='par_1_35' title="bbox 342 4932 3592 5011">
     <span class='ocr_line' id='line_1_36' title="bbox 342 4932 3592 5011; baseline -0.003 -15"><span class='ocrx_word' id='word_1_338' title='bbox 342 4943 521 5011; x_wconf 87' lang='lat' dir='ltr'><strong>operis</strong></span> <span class='ocrx_word' id='word_1_339' title='bbox 562 4942 718 5008; x_wconf 86' lang='lat' dir='ltr'><strong>hujus</strong></span> <span class='ocrx_word' id='word_1_340' title='bbox 751 4941 989 4996; x_wconf 90' lang='lat' dir='ltr'><strong>editione</strong></span> <span class='ocrx_word' id='word_1_341' title='bbox 1029 4939 1283 5008; x_wconf 78' lang='lat' dir='ltr'><strong>cognovi,</strong></span> <span class='ocrx_word' id='word_1_342' title='bbox 1326 4937 1610 4993; x_wconf 69' lang='lat' dir='ltr'><strong>continuere</strong></span> <span class='ocrx_word' id='word_1_343' title='bbox 1647 4951 1732 4992; x_wconf 90' lang='lat' dir='ltr'><strong>me</strong></span> <span class='ocrx_word' id='word_1_344' title='bbox 1768 4953 1873 4991; x_wconf 91' lang='lat' dir='ltr'><strong>non</strong></span> <span class='ocrx_word' id='word_1_345' title='bbox 1912 4934 2060 5007; x_wconf 88' lang='lat' dir='ltr'><strong>potui</strong></span> <span class='ocrx_word' id='word_1_346' title='bbox 2098 4934 2224 5002; x_wconf 89' lang='lat' dir='ltr'><strong>quin</strong></span> <span class='ocrx_word' id='word_1_347' title='bbox 2264 4933 2497 4988; x_wconf 88' lang='lat' dir='ltr'><strong>testandi</strong></span> <span class='ocrx_word' id='word_1_348' title='bbox 2550 4932 2746 5003; x_wconf 83' lang='lat' dir='ltr'><strong>privati</strong></span> <span class='ocrx_word' id='word_1_349' title='bbox 2790 4932 2893 4987; x_wconf 91' lang='lat' dir='ltr'><strong>mei</strong></span> <span class='ocrx_word' id='word_1_350' title='bbox 2928 4933 3110 5004; x_wconf 81' lang='lat' dir='ltr'><strong>gaudii</strong></span> <span class='ocrx_word' id='word_1_351' title='bbox 3151 4935 3424 5004; x_wconf 87' lang='lat' dir='ltr'><strong>studiique</strong></span> <span class='ocrx_word' id='word_1_352' title='bbox 3466 4951 3592 5005; x_wconf 76' lang='lat' dir='ltr'><strong>erga</strong></span> 
     </span>
    </p>
   </div>
   <div class='ocr_carea' id='block_1_36' title="bbox 347 5021 3594 5099">
    <p class='ocr_par' dir='ltr' id='par_1_36' title="bbox 347 5021 3594 5099">
     <span class='ocr_line' id='line_1_37' title="bbox 347 5021 3594 5099; baseline -0.002 -15"><span class='ocrx_word' id='word_1_353' title='bbox 347 5047 457 5085; x_wconf 86' lang='lat' dir='ltr'><strong>rem</strong></span> <span class='ocrx_word' id='word_1_354' title='bbox 503 5030 823 5085; x_wconf 85' lang='lat' dir='ltr'><strong>litterariam</strong></span> <span class='ocrx_word' id='word_1_355' title='bbox 858 5047 1019 5084; x_wconf 85' lang='lat' dir='ltr'><strong>causa</strong></span> <span class='ocrx_word' id='word_1_356' title='bbox 1055 5027 1468 5084; x_wconf 83' lang='lat' dir='ltr'><strong>Constantinum</strong></span> <span class='ocrx_word' id='word_1_357' title='bbox 1502 5027 2072 5099; x_wconf 80' lang='lat' dir='ltr'><strong>Porphyrogenuelam</strong></span> <span class='ocrx_word' id='word_1_358' title='bbox 2107 5025 2244 5095; x_wconf 80' lang='grc' dir='ltr'><strong>Περὶ</strong></span> <span class='ocrx_word' id='word_1_359' title='bbox 2276 5021 2546 5093; x_wconf 83' lang='grc' dir='ltr'><strong>Θεμάτων,</strong></span> <span class='ocrx_word' id='word_1_360' title='bbox 2579 5034 2855 5079; x_wconf 85' lang='lat' dir='ltr'><strong>auctorem</strong></span> <span class='ocrx_word' id='word_1_361' title='bbox 2891 5037 3167 5092; x_wconf 84' lang='lat' dir='ltr'><strong>nunquam</strong></span> <span class='ocrx_word' id='word_1_362' title='bbox 3213 5028 3445 5080; x_wconf 85' lang='lat' dir='ltr'><strong>antehac</strong></span> <span class='ocrx_word' id='word_1_363' title='bbox 3477 5028 3594 5080; x_wconf 89' lang='lat' dir='ltr'><strong>edi-</strong></span> 
     </span>
    </p>
   </div>
   <div class='ocr_carea' id='block_1_37' title="bbox 346 5110 3592 5185">
    <p class='ocr_par' dir='ltr' id='par_1_37' title="bbox 346 5110 3592 5185">
     <span class='ocr_line' id='line_1_38' title="bbox 346 5110 3592 5185; baseline 0 -18"><span class='ocrx_word' id='word_1_364' title='bbox 346 5126 481 5178; x_wconf 90' lang='lat' dir='ltr'><strong>tum,</strong></span> <span class='ocrx_word' id='word_1_365' title='bbox 527 5116 756 5184; x_wconf 80' lang='lat' dir='ltr'><strong>primum</strong></span> <span class='ocrx_word' id='word_1_366' title='bbox 795 5132 823 5169; x_wconf 90' lang='lat' dir='ltr'><strong>e</strong></span> <span class='ocrx_word' id='word_1_367' title='bbox 865 5115 1047 5168; x_wconf 82' lang='lat' dir='ltr'><strong>multis</strong></span> <span class='ocrx_word' id='word_1_368' title='bbox 1089 5115 1394 5185; x_wconf 88' lang='lat' dir='ltr'><strong>arriperem</strong></span> <span class='ocrx_word' id='word_1_369' title='bbox 1429 5113 1738 5184; x_wconf 89' lang='lat' dir='ltr'><strong>publicique</strong></span> <span class='ocrx_word' id='word_1_370' title='bbox 1779 5112 1921 5182; x_wconf 88' lang='lat' dir='ltr'><strong>juris</strong></span> <span class='ocrx_word' id='word_1_371' title='bbox 1967 5111 2226 5167; x_wconf 82' lang='lat' dir='ltr'><strong>facerem.</strong></span> <span class='ocrx_word' id='word_1_372' title='bbox 2272 5110 2408 5166; x_wconf 87' lang='lat' dir='ltr'><strong>Tres</strong></span> <span class='ocrx_word' id='word_1_373' title='bbox 2447 5126 2576 5166; x_wconf 87' lang='lat' dir='ltr'><strong>vero</strong></span> <span class='ocrx_word' id='word_1_374' title='bbox 2619 5124 2796 5166; x_wconf 76' lang='lat' dir='ltr'><strong>causa:</strong></span> <span class='ocrx_word' id='word_1_375' title='bbox 2841 5110 3061 5166; x_wconf 87' lang='lat' dir='ltr'><strong>fuerunt</strong></span> <span class='ocrx_word' id='word_1_376' title='bbox 3093 5111 3292 5180; x_wconf 87' lang='lat' dir='ltr'><strong>quibus</strong></span> <span class='ocrx_word' id='word_1_377' title='bbox 3330 5114 3592 5170; x_wconf 83' lang='lat' dir='ltr'><strong>adductus</strong></span> 
     </span>
    </p>
   </div>
   <div class='ocr_carea' id='block_1_38' title="bbox 343 5199 3595 5277">
    <p class='ocr_par' dir='ltr' id='par_1_38' title="bbox 343 5199 3595 5277">
     <span class='ocr_line' id='line_1_39' title="bbox 343 5199 3595 5277; baseline 0.001 -17"><span class='ocrx_word' id='word_1_378' title='bbox 343 5206 723 5276; x_wconf 80' lang='lat' dir='ltr'><strong>dignissimum</strong></span> <span class='ocrx_word' id='word_1_379' title='bbox 748 5220 872 5276; x_wconf 83' lang='lat' dir='ltr'><strong>cum</strong></span> <span class='ocrx_word' id='word_1_380' title='bbox 902 5205 1139 5273; x_wconf 81' lang='lat' dir='ltr'><strong>judicavi</strong></span> <span class='ocrx_word' id='word_1_381' title='bbox 1169 5206 1258 5274; x_wconf 90' lang='lat' dir='ltr'><strong>qui</strong></span> <span class='ocrx_word' id='word_1_382' title='bbox 1286 5219 1393 5258; x_wconf 90' lang='lat' dir='ltr'><strong>uno</strong></span> <span class='ocrx_word' id='word_1_383' title='bbox 1420 5205 1721 5275; x_wconf 87' lang='lat' dir='ltr'><strong>eodemque</strong></span> <span class='ocrx_word' id='word_1_384' title='bbox 1752 5214 1996 5272; x_wconf 86' lang='lat' dir='ltr'><strong>tempore</strong></span> <span class='ocrx_word' id='word_1_385' title='bbox 2029 5218 2135 5273; x_wconf 91' lang='lat' dir='ltr'><strong>quo</strong></span> <span class='ocrx_word' id='word_1_386' title='bbox 2165 5211 2366 5258; x_wconf 69' lang='lat' dir='ltr'><strong>renata:</strong></span> <span class='ocrx_word' id='word_1_387' title='bbox 2399 5213 2524 5259; x_wconf 88' lang='lat' dir='ltr'><strong>sunt</strong></span> <span class='ocrx_word' id='word_1_388' title='bbox 2550 5204 2698 5256; x_wconf 86' lang='lat' dir='ltr'><strong>orbis</strong></span> <span class='ocrx_word' id='word_1_389' title='bbox 2719 5199 2950 5268; x_wconf 64' lang='lat' dir='ltr'><strong>deliciae,</strong></span> <span class='ocrx_word' id='word_1_390' title='bbox 2974 5204 3078 5260; x_wconf 88' lang='lat' dir='ltr'><strong>hoc</strong></span> <span class='ocrx_word' id='word_1_391' title='bbox 3102 5217 3184 5261; x_wconf 88' lang='lat' dir='ltr'><strong>est</strong></span> <span class='ocrx_word' id='word_1_392' title='bbox 3216 5207 3595 5277; x_wconf 77' lang='lat' dir='ltr'><strong>inscriptiones</strong></span> 
     </span>
    </p>
   </div>
   <div class='ocr_carea' id='block_1_39' title="bbox 346 5288 3595 5366">
    <p class='ocr_par' dir='ltr' id='par_1_39' title="bbox 346 5288 3595 5366">
     <span class='ocr_line' id='line_1_40' title="bbox 346 5288 3595 5366; baseline 0 -19"><span class='ocrx_word' id='word_1_393' title='bbox 346 5306 560 5359; x_wconf 64' lang='lat' dir='ltr'><strong>vestrae,</strong></span> <span class='ocrx_word' id='word_1_394' title='bbox 596 5296 649 5348; x_wconf 91' lang='lat' dir='ltr'><strong>in</strong></span> <span class='ocrx_word' id='word_1_395' title='bbox 675 5294 1034 5348; x_wconf 84' lang='lat' dir='ltr'><strong>clarissimam</strong></span> <span class='ocrx_word' id='word_1_396' title='bbox 1067 5293 1365 5348; x_wconf 88' lang='lat' dir='ltr'><strong>doctissimi</strong></span> <span class='ocrx_word' id='word_1_397' title='bbox 1403 5293 1566 5364; x_wconf 85' lang='lat' dir='ltr'><strong>hujus</strong></span> <span class='ocrx_word' id='word_1_398' title='bbox 1600 5292 1779 5348; x_wconf 69' lang='lat' dir='ltr'><strong>surculi</strong></span> <span class='ocrx_word' id='word_1_399' title='bbox 1812 5293 1989 5348; x_wconf 89' lang='lat' dir='ltr'><strong>lucem</strong></span> <span class='ocrx_word' id='word_1_400' title='bbox 2019 5288 2340 5362; x_wconf 79' lang='lat' dir='ltr'><strong>amplissimi</strong></span> <span class='ocrx_word' id='word_1_401' title='bbox 2376 5290 2608 5344; x_wconf 88' lang='lat' dir='ltr'><strong>nominis</strong></span> <span class='ocrx_word' id='word_1_402' title='bbox 2640 5306 2714 5344; x_wconf 73' lang='lat' dir='ltr'><strong>Vc.</strong></span> <span class='ocrx_word' id='word_1_403' title='bbox 2838 5293 3096 5362; x_wconf 88' lang='lat' dir='ltr'><strong>auspiciis</strong></span> <span class='ocrx_word' id='word_1_404' title='bbox 3129 5296 3390 5366; x_wconf 88' lang='lat' dir='ltr'><strong>prodiret.</strong></span> <span class='ocrx_word' id='word_1_405' title='bbox 3419 5295 3595 5350; x_wconf 75' lang='lat' dir='ltr'><strong>Prima</strong></span> 
     </span>
    </p>
   </div>
   <div class='ocr_carea' id='block_1_40' title="bbox 344 5379 3601 5456">
    <p class='ocr_par' dir='ltr' id='par_1_40' title="bbox 344 5379 3601 5456">
     <span class='ocr_line' id='line_1_41' title="bbox 344 5379 3601 5456; baseline -0.001 -18"><span class='ocrx_word' id='word_1_406' title='bbox 344 5387 488 5454; x_wconf 84' lang='lat' dir='ltr'><strong>quod</strong></span> <span class='ocrx_word' id='word_1_407' title='bbox 532 5387 852 5454; x_wconf 80' lang='lat' dir='ltr'><strong>imperator,</strong></span> <span class='ocrx_word' id='word_1_408' title='bbox 898 5382 1097 5438; x_wconf 88' lang='lat' dir='ltr'><strong>Leonis</strong></span> <span class='ocrx_word' id='word_1_409' title='bbox 1141 5384 1285 5437; x_wconf 88' lang='lat' dir='ltr'><strong>illius</strong></span> <span class='ocrx_word' id='word_1_410' title='bbox 1319 5383 1501 5449; x_wconf 82' lang='lat' dir='ltr'><strong>ﬁlius;</strong></span> <span class='ocrx_word' id='word_1_411' title='bbox 1537 5384 1732 5439; x_wconf 86' lang='lat' dir='ltr'><strong>deinde</strong></span> <span class='ocrx_word' id='word_1_412' title='bbox 1771 5383 1914 5451; x_wconf 87' lang='lat' dir='ltr'><strong>quod</strong></span> <span class='ocrx_word' id='word_1_413' title='bbox 1959 5383 2160 5450; x_wconf 87' lang='lat' dir='ltr'><strong>optime</strong></span> <span class='ocrx_word' id='word_1_414' title='bbox 2187 5380 2256 5436; x_wconf 89' lang='lat' dir='ltr'><strong>de</strong></span> <span class='ocrx_word' id='word_1_415' title='bbox 2289 5380 2482 5436; x_wconf 86' lang='lat' dir='ltr'><strong>studiis</strong></span> <span class='ocrx_word' id='word_1_416' title='bbox 2528 5379 2828 5434; x_wconf 89' lang='lat' dir='ltr'><strong>litterarum</strong></span> <span class='ocrx_word' id='word_1_417' title='bbox 2872 5384 3118 5449; x_wconf 87' lang='lat' dir='ltr'><strong>meritus,</strong></span> <span class='ocrx_word' id='word_1_418' title='bbox 3149 5385 3343 5455; x_wconf 83' lang='lat' dir='ltr'><strong>quippe</strong></span> <span class='ocrx_word' id='word_1_419' title='bbox 3378 5386 3469 5456; x_wconf 89' lang='lat' dir='ltr'><strong>qui</strong></span> <span class='ocrx_word' id='word_1_420' title='bbox 3506 5399 3601 5440; x_wconf 74' lang='lat' dir='ltr'><strong>ex-</strong></span> 
     </span>
    </p>
   </div>
   <div class='ocr_carea' id='block_1_41' title="bbox 345 5469 3601 5543">
    <p class='ocr_par' dir='ltr' id='par_1_41' title="bbox 345 5469 3601 5543">
     <span class='ocr_line' id='line_1_42' title="bbox 345 5469 3601 5543; baseline -0.001 -14"><span class='ocrx_word' id='word_1_421' title='bbox 345 5474 573 5530; x_wconf 86' lang='lat' dir='ltr'><strong>stinctas</strong></span> <span class='ocrx_word' id='word_1_422' title='bbox 606 5473 995 5542; x_wconf 78' lang='lat' dir='ltr'><strong>prapcmodum</strong></span> <span class='ocrx_word' id='word_1_423' title='bbox 1025 5487 1086 5525; x_wconf 86' lang='lat' dir='ltr'><strong>ac</strong></span> <span class='ocrx_word' id='word_1_424' title='bbox 1112 5472 1493 5543; x_wconf 81' lang='lat' dir='ltr'><strong>semisepultas</strong></span> <span class='ocrx_word' id='word_1_425' title='bbox 1521 5487 1616 5528; x_wconf 87' lang='lat' dir='ltr'><strong>sua</strong></span> <span class='ocrx_word' id='word_1_426' title='bbox 1651 5481 1809 5526; x_wconf 68' lang='lat' dir='ltr'><strong>aetate</strong></span> <span class='ocrx_word' id='word_1_427' title='bbox 1851 5471 2022 5525; x_wconf 82' lang='lat' dir='ltr'><strong>bonas</strong></span> <span class='ocrx_word' id='word_1_428' title='bbox 2052 5478 2200 5525; x_wconf 85' lang='lat' dir='ltr'><strong>artes</strong></span> <span class='ocrx_word' id='word_1_429' title='bbox 2229 5484 2291 5523; x_wconf 89' lang='lat' dir='ltr'><strong>ac</strong></span> <span class='ocrx_word' id='word_1_430' title='bbox 2330 5469 2592 5524; x_wconf 81' lang='lat' dir='ltr'><strong>scientias</strong></span> <span class='ocrx_word' id='word_1_431' title='bbox 2624 5469 2901 5524; x_wconf 84' lang='lat' dir='ltr'><strong>suscitarit</strong></span> <span class='ocrx_word' id='word_1_432' title='bbox 2930 5479 2986 5524; x_wconf 90' lang='lat' dir='ltr'><strong>et</strong></span> <span class='ocrx_word' id='word_1_433' title='bbox 3013 5472 3081 5526; x_wconf 88' lang='lat' dir='ltr'><strong>ab</strong></span> <span class='ocrx_word' id='word_1_434' title='bbox 3108 5473 3327 5526; x_wconf 90' lang='lat' dir='ltr'><strong>intcritu</strong></span> <span class='ocrx_word' id='word_1_435' title='bbox 3358 5472 3601 5527; x_wconf 85' lang='lat' dir='ltr'><strong>vindica-</strong></span> 
     </span>
    </p>
   </div>
   <div class='ocr_carea' id='block_1_42' title="bbox 347 5556 3600 5632">
    <p class='ocr_par' dir='ltr' id='par_1_42' title="bbox 347 5556 3600 5632">
     <span class='ocr_line' id='line_1_43' title="bbox 347 5556 3600 5632; baseline -0 -15"><span class='ocrx_word' id='word_1_436' title='bbox 347 5562 459 5626; x_wconf 85' lang='lat' dir='ltr'><strong>rit&#39;,</strong></span> <span class='ocrx_word' id='word_1_437' title='bbox 502 5563 662 5617; x_wconf 87' lang='lat' dir='ltr'><strong>tertia</strong></span> <span class='ocrx_word' id='word_1_438' title='bbox 704 5562 846 5630; x_wconf 89' lang='lat' dir='ltr'><strong>quod</strong></span> <span class='ocrx_word' id='word_1_439' title='bbox 893 5560 1008 5630; x_wconf 87' lang='lat' dir='ltr'><strong>pari</strong></span> <span class='ocrx_word' id='word_1_440' title='bbox 1052 5559 1166 5613; x_wconf 77' lang='lat' dir='ltr'><strong>fere</strong></span> <span class='ocrx_word' id='word_1_441' title='bbox 1198 5574 1326 5613; x_wconf 86' lang='lat' dir='ltr'><strong>cum</strong></span> <span class='ocrx_word' id='word_1_442' title='bbox 1368 5558 2045 5630; x_wconf 87' lang='lat' dir='ltr'><strong>inscriptionibus&#39;vestris</strong></span> <span class='ocrx_word' id='word_1_443' title='bbox 2092 5558 2308 5614; x_wconf 79' lang='lat' dir='ltr'><strong>fortuna</strong></span> <span class='ocrx_word' id='word_1_444' title='bbox 2343 5556 2426 5612; x_wconf 88' lang='lat' dir='ltr'><strong>bis</strong></span> <span class='ocrx_word' id='word_1_445' title='bbox 2459 5566 2674 5625; x_wconf 71' lang='lat' dir='ltr'><strong>captus,</strong></span> <span class='ocrx_word' id='word_1_446' title='bbox 2718 5558 3005 5613; x_wconf 84' lang='lat' dir='ltr'><strong>militarem</strong></span> <span class='ocrx_word' id='word_1_447' title='bbox 3052 5561 3287 5615; x_wconf 84' lang='lat' dir='ltr'><strong>furorem</strong></span> <span class='ocrx_word' id='word_1_448' title='bbox 3320 5576 3600 5632; x_wconf 73' lang='lat' dir='ltr'><strong>expertus,</strong></span> 
     </span>
    </p>
   </div>
   <div class='ocr_carea' id='block_1_43' title="bbox 350 5643 3603 5720">
    <p class='ocr_par' dir='ltr' id='par_1_43' title="bbox 350 5643 3603 5720">
     <span class='ocr_line' id='line_1_44' title="bbox 350 5643 3603 5720; baseline 0 -14"><span class='ocrx_word' id='word_1_449' title='bbox 350 5653 684 5720; x_wconf 86' lang='lat' dir='ltr'><strong>redemptus.</strong></span> <span class='ocrx_word' id='word_1_450' title='bbox 725 5648 856 5704; x_wconf 82' lang='lat' dir='ltr'><strong>Nam</strong></span> <span class='ocrx_word' id='word_1_451' title='bbox 895 5649 1128 5719; x_wconf 88' lang='lat' dir='ltr'><strong>primum</strong></span> <span class='ocrx_word' id='word_1_452' title='bbox 1158 5645 1465 5703; x_wconf 75' lang='lat' dir='ltr'><strong>Mechlinite</strong></span> <span class='ocrx_word' id='word_1_453' title='bbox 1495 5650 1635 5718; x_wconf 88' lang='lat' dir='ltr'><strong>apud</strong></span> <span class='ocrx_word' id='word_1_454' title='bbox 1665 5649 1936 5703; x_wconf 86' lang='lat' dir='ltr'><strong>medicum</strong></span> <span class='ocrx_word' id='word_1_455' title='bbox 1966 5647 2254 5718; x_wconf 86' lang='lat' dir='ltr'><strong>quemdam</strong></span> <span class='ocrx_word' id='word_1_456' title='bbox 2287 5645 2540 5716; x_wconf 71' lang='lat' dir='ltr'><strong>Anglum,</strong></span> <span class='ocrx_word' id='word_1_457' title='bbox 2575 5643 2842 5701; x_wconf 83' lang='lat' dir='ltr'><strong>Thomam</strong></span> <span class='ocrx_word' id='word_1_458' title='bbox 2872 5646 3227 5713; x_wconf 85' lang='lat' dir='ltr'><strong>Clementem,</strong></span> <span class='ocrx_word' id='word_1_459' title='bbox 3267 5663 3457 5719; x_wconf 85' lang='lat' dir='ltr'><strong>parum</strong></span> <span class='ocrx_word' id='word_1_460' title='bbox 3491 5652 3603 5706; x_wconf 86' lang='lat' dir='ltr'><strong>cle-</strong></span> 
     </span>
    </p>
   </div>
   <div class='ocr_carea' id='block_1_44' title="bbox 350 5735 3595 5810">
    <p class='ocr_par' dir='ltr' id='par_1_44' title="bbox 350 5735 3595 5810">
     <span class='ocr_line' id='line_1_45' title="bbox 350 5735 3595 5810; baseline -0.001 -16"><span class='ocrx_word' id='word_1_461' title='bbox 350 5748 563 5796; x_wconf 80' lang='lat' dir='ltr'><strong>menter</strong></span> <span class='ocrx_word' id='word_1_462' title='bbox 591 5737 811 5794; x_wconf 76' lang='lat' dir='ltr'><strong>liabitus</strong></span> <span class='ocrx_word' id='word_1_463' title='bbox 843 5735 1042 5791; x_wconf 89' lang='lat' dir='ltr'><strong>multos</strong></span> <span class='ocrx_word' id='word_1_464' title='bbox 1080 5750 1253 5789; x_wconf 88' lang='lat' dir='ltr'><strong>annos</strong></span> <span class='ocrx_word' id='word_1_465' title='bbox 1288 5737 1343 5790; x_wconf 87' lang='lat' dir='ltr'><strong>in</strong></span> <span class='ocrx_word' id='word_1_466' title='bbox 1386 5735 1722 5793; x_wconf 64' lang='lat' dir='ltr'><strong>bibliothecae</strong></span> <span class='ocrx_word' id='word_1_467' title='bbox 1753 5737 1833 5793; x_wconf 70' lang='lat' dir='ltr'><strong>vel</strong></span> <span class='ocrx_word' id='word_1_468' title='bbox 1871 5735 2222 5809; x_wconf 73' lang='grc' dir='ltr'><strong>βιϐλιοπέδης</strong></span> <span class='ocrx_word' id='word_1_469' title='bbox 2260 5736 2437 5808; x_wconf 89' lang='lat' dir='ltr'><strong>potius</strong></span> <span class='ocrx_word' id='word_1_470' title='bbox 2469 5735 2722 5807; x_wconf 86' lang='lat' dir='ltr'><strong>squalore</strong></span> <span class='ocrx_word' id='word_1_471' title='bbox 2759 5745 2814 5791; x_wconf 87' lang='lat' dir='ltr'><strong>et</strong></span> <span class='ocrx_word' id='word_1_472' title='bbox 2847 5735 3069 5807; x_wconf 85' lang='lat' dir='ltr'><strong>pulvere</strong></span> <span class='ocrx_word' id='word_1_473' title='bbox 3100 5736 3288 5805; x_wconf 85' lang='lat' dir='ltr'><strong>latuit;</strong></span> <span class='ocrx_word' id='word_1_474' title='bbox 3323 5747 3507 5810; x_wconf 80' lang='lat' dir='ltr'><strong>postea</strong></span> <span class='ocrx_word' id='word_1_475' title='bbox 3540 5742 3595 5796; x_wconf 88' lang='lat' dir='ltr'><strong>in</strong></span> 
     </span>
    </p>
   </div>
   <div class='ocr_carea' id='block_1_45' title="bbox 637 5825 3216 5893">
    <p class='ocr_par' dir='ltr' id='par_1_45' title="bbox 637 5825 3216 5893">
     <span class='ocr_line' id='line_1_46' title="bbox 637 5825 3216 5893; baseline -0.003 0"><span class='ocrx_word' id='word_1_476' title='bbox 637 5830 911 5893; x_wconf 68' lang='lat' dir='ltr'><strong>Parnm.</strong></span> <span class='ocrx_word' id='word_1_477' title='bbox 965 5827 1083 5890; x_wconf 78' lang='lat' dir='ltr'><strong>Gn.</strong></span> <span class='ocrx_word' id='word_1_478' title='bbox 1132 5825 1360 5891; x_wconf 76' lang='lat' dir='ltr'><strong>CXIII.</strong></span> <span class='ocrx_word' id='word_1_479' title='bbox 3183 5830 3216 5891; x_wconf 80' lang='lat'><strong>1</strong></span> 
     </span>
    </p>
   </div>
   <div class='ocr_carea' id='block_1_46' title="bbox 1563 6187 1641 6276">
    <p class='ocr_par' dir='ltr' id='par_1_46' title="bbox 1563 6187 1641 6276">
     <span class='ocr_line' id='line_1_47' title="bbox 1563 6187 1638 6232; baseline 0 0"><span class='ocrx_word' id='word_1_480' title='bbox 1563 6187 1638 6232; x_wconf 63' lang='grc' dir='ltr'><em>τι</em></span> 
     </span>
     <span class='ocr_line' id='line_1_48' title="bbox 1563 6249 1641 6276; baseline 0 0"><span class='ocrx_word' id='word_1_481' title='bbox 1563 6249 1641 6276; x_wconf 50' lang='lat' dir='ltr'><strong>id</strong></span> 
     </span>
    </p>
   </div>
   <div class='ocr_carea' id='block_1_47' title="bbox 1699 6221 1732 6279">
    <p class='ocr_par' dir='ltr' id='par_1_47' title="bbox 1699 6221 1732 6279">
     <span class='ocr_line' id='line_1_49' title="bbox 1699 6221 1732 6279; baseline 0 0"><span class='ocrx_word' id='word_1_482' title='bbox 1699 6221 1732 6279; x_wconf 61' lang='grc' dir='ltr'><em>ἓ</em></span> 
     </span>
    </p>
   </div>
   <div class='ocr_carea' id='block_1_48' title="bbox 1757 6183 1824 6281">
    <p class='ocr_par' dir='ltr' id='par_1_48' title="bbox 1757 6183 1824 6281">
     <span class='ocr_line' id='line_1_50' title="bbox 1760 6183 1822 6208; baseline 0 -9"><span class='ocrx_word' id='word_1_483' title='bbox 1760 6183 1822 6208; x_wconf 51' lang='grc' dir='ltr'><strong>μιν</strong></span> 
     </span>
     <span class='ocr_line' id='line_1_51' title="bbox 1757 6229 1824 6281; baseline 0.045 -3"><span class='ocrx_word' id='word_1_484' title='bbox 1757 6229 1770 6278; x_wconf 62' lang='lat'>;</span> <span class='ocrx_word' id='word_1_485' title='bbox 1795 6229 1824 6281; x_wconf 67' lang='grc' dir='ltr'><strong>,ὑ</strong></span> 
     </span>
    </p>
   </div>
   <div class='ocr_carea' id='block_1_49' title="bbox 1855 6220 1915 6274">
    <p class='ocr_par' dir='ltr' id='par_1_49' title="bbox 1855 6220 1915 6274">
     <span class='ocr_line' id='line_1_52' title="bbox 1855 6220 1915 6274; baseline 0.017 -1"><span class='ocrx_word' id='word_1_486' title='bbox 1855 6220 1915 6274; x_wconf 63' lang='grc' dir='ltr'><strong>ίὶ</strong></span> 
     </span>
    </p>
   </div>
   <div class='ocr_carea' id='block_1_50' title="bbox 1947 6181 1984 6279">
    <p class='ocr_par' dir='ltr' id='par_1_50' title="bbox 1947 6181 1984 6279">
     <span class='ocr_line' id='line_1_53' title="bbox 1947 6181 1976 6216; baseline 0 -2"><span class='ocrx_word' id='word_1_487' title='bbox 1947 6181 1976 6216; x_wconf 60' lang='grc' dir='ltr'><strong>τε</strong></span> 
     </span>
     <span class='ocr_line' id='line_1_54' title="bbox 1949 6237 1984 6279; baseline 0 0"><span class='ocrx_word' id='word_1_488' title='bbox 1949 6237 1984 6279; x_wconf 60' lang='grc' dir='ltr'><strong><em>Α</em></strong></span> 
     </span>
    </p>
   </div>
   <div class='ocr_carea' id='block_1_51' title="bbox 2018 6250 2044 6276">
    <p class='ocr_par' dir='ltr' id='par_1_51' title="bbox 2018 6250 2044 6276">
     <span class='ocr_line' id='line_1_55' title="bbox 2018 6250 2044 6276; baseline 0 -6"><span class='ocrx_word' id='word_1_489' title='bbox 2018 6250 2044 6276; x_wconf 65' lang='grc' dir='ltr'><strong>ς,</strong></span> 
     </span>
    </p>
   </div>
   <div class='ocr_carea' id='block_1_52' title="bbox 2057 6213 2096 6277">
    <p class='ocr_par' dir='ltr' id='par_1_52' title="bbox 2057 6213 2096 6277">
     <span class='ocr_line' id='line_1_56' title="bbox 2057 6213 2096 6277; baseline 0 0"><span class='ocrx_word' id='word_1_490' title='bbox 2057 6213 2096 6277; x_wconf 87' lang='grc'>)</span> 
     </span>
    </p>
   </div>
  </div>
