4060 6328
403 335 472 409 ιι
1517 335 1928 431 VAHIORUM
1968 336 2579 426 Paterninum.“
3579 331 3656 407 is

395 457 564 514 altera
605 453 819 510 miserm
864 453 1007 510 illius
1051 453 1203 509 urbis
1243 452 1544 524 direptione
1602 451 1966 525 αἰχμάλωτος,
2019 453 2235 509 militari
2276 453 2546 510 violentia:
2584 450 2877 514 obnoxius.
2913 461 3149 522 perierat
3192 451 3589 526 nisip'eriissct
3629 473 3646 510 :

399 547 588 604 nescio
613 548 756 601 enim
789 561 895 616 quo
922 546 1062 600 bono
1095 557 1193 600 suo
1220 542 1334 600 fato
1367 543 1498 599 mihi
1535 544 1774 606 tandem.
1809 559 1914 598 una
1939 557 2058 597 cum
2089 541 2356 613 Procopio
2382 545 2447 598 dc
2471 541 2713 598 adificiis
2742 539 3033 597 Iustiniani
3071 553 3125 596 et
3151 542 3402 611 Agathia,
3431 545 3656 604 oblatus

392 637 685 708 persolutis
716 635 930 707 λύτροις
973 643 1222 690 servatus
1251 643 1354 690 est.
1395 633 1564 704 Cujus
1607 635 1824 705 quidem
1862 633 2206 702 imperatoris
2245 631 2409 687 simul
2445 639 2497 687 ct
2533 631 2818 702 scriptoris
2854 632 3041 701 optimi
3080 633 3346 702 prolixam
3384 635 3520 702 apud
3556 652 3654 690 vos

393 723 757 780 laudationem
788 725 1072 779 instituere
1099 722 1234 778 nihil
1271 722 1486 791 attinet,
1516 739 1638 777 cum
1677 733 1730 776 et
1763 722 1830 776 ad
1860 721 2063 777 calcem
2101 720 2260 785 hujus
2292 721 2411 776 libri
2456 721 2685 776 illustria
2724 722 2931 791 aliquot
2961 721 3346 776 historicorum
3378 722 3521 777 illius
3551 726 3654 777 aevi

394 817 460 871 de
494 830 560 871 eo
588 814 900 870 testimonia
936 813 1327 885 congesserint,
1357 823 1410 867 et
1441 828 1533 867 vos
1567 813 1665 877 ipsi
1696 827 1790 881 pro
1817 809 2078 882 singulari
2108 819 2287 865 vestra
2323 812 2626 866 eruditione
2657 827 2977 882 summaque
3004 811 3194 882 judicii
3233 811 3531 867 acrimonia
3567 812 3652 865 fa-

390 902 591 957 cillime
622 917 738 966 eas,
771 901 932 956 veluti
957 917 1022 958 ex
1058 915 1258 971 ungue,
1287 899 1431 969 quod
1466 901 1639 965 aiunt,
1666 899 1902 964 leonem,
1932 899 2050 954 sitis
2088 903 2318 972 aguituri
2351 903 2728 971 scriptumque
2757 902 2859 958 hoc
2889 902 2967 957 rei
2999 901 3277 957 litterariae
3306 916 3655 973 summopere

391 990 525 1046 utile
559 989 895 1061 judicaturi,
926 983 1046 1045 eum
1087 991 1248 1045 tutius
1293 988 1403 1045 fere
1441 989 1586 1045 Asia:
1618 986 1929 1044 accuratam
1963 989 2384 1060 descriptionem
2425 993 2748 1062 agminaque
2789 977 3044 1045 militaria
3078 1006 3174 1060 per
3209 1005 3327 1044 eam
3360 991 3652 1046 distributa

391 1081 686 1142 contineat,
718 1093 770 1136 et
808 1091 1166 1150 praeterquam
1196 1080 1340 1150 quod
1373 1080 1536 1134 multa
1573 1080 1848 1135 contineat
1893 1078 2015 1134 aliis
2053 1082 2376 1152 geograpbis
2413 1081 2492 1138 vel
2529 1082 2708 1152 ignota
2746 1082 2827 1136 vel
2862 1081 2933 1138 ab
2972 1083 3050 1138 eis
3087 1083 3310 1140 silentio
3347 1085 3654 1154 praeterita,

383 1185 495 1225 non
532 1182 701 1238 pauca
737 1170 933 1224 habeat
977 1179 1237 1240 praeterea
1271 1171 1336 1224 ad
1373 1169 1711 1239 antiquitatis
1753 1179 1806 1222 et
1844 1169 2084 1224 historiae
2115 1171 2509 1241 cognitionem,
2546 1172 2682 1226 adde
2713 1173 2879 1226 etiam
2922 1172 3056 1227 artis
3099 1170 3356 1228 militaris
3398 1173 3648 1244 peritiam

387 1258 770 1314 conducibilia.
800 1255 1041 1325 Quarum
1067 1245 1285 1327 quidem
1317 1274 1495 1314 rerum
1526 1265 1850 1321 gravitatem
1883 1258 2134 1328 iucundis
2159 1263 2357 1330 passim
2386 1263 2790 1318 narrationibus
2818 1273 2873 1319 et
2903 1263 3067 1320 variis
3093 1273 3335 1320 veterum
3367 1275 3650 1333 poetarum

389 1345 812 1401 auctoritatibus
843 1346 1010 1401 veluti
1054 1347 1418 1403 condimentis
1457 1345 1781 1416 quibusdam
1826 1348 2041 1416 miscet,
2075 1359 2133 1425 ut
2166 1349 2284 1420 ejus
2327 1353 2491 1408 lectio
2532 1354 2616 1407 vel
2657 1363 2739 1410 ter
2772 1355 2998 1424 repetita
3051 1367 3391 1423 nequaquam
3440 1353 3647 1425 fatiget.

389 1438 573 1495 Utitur
605 1453 740 1494 vero
765 1439 1034 1495 interdum
1075 1441 1386 1497 nominibus
1429 1440 1633 1510 aliquot
1667 1431 1965 1494 ofliciOrum
2008 1439 2327 1496 militarium
2361 1443 2586 1498 remotis
2621 1457 2652 1496 a
2687 1443 3081 1499 consuetudine
3114 1442 3367 1512 loquendi
3405 1455 3650 1499 veterum

385 1525 737 1588 Cra-coruunt;
770 1542 934 1597 quam
975 1527 1045 1584 ob
1077 1543 1295 1583 causam
1327 1539 1466 1584 nota:
1502 1529 1817 1583 necessario
1849 1529 1979 1584 mihi
2008 1529 2326 1600 adjicienda:
2362 1532 2598 1597 fuerunt,
2635 1547 2732 1603 per
2761 1547 2898 1602 quas
2929 1532 3103 1588 lucem
3140 1533 3378 1602 aliquam
3415 1531 3481 1587 iis
3517 1533 3653 1602 ipsis

388 1618 667 1673 vocabulis
698 1616 973 1672 aﬂerrem.
1017 1618 1074 1672 lu
1109 1619 1307 1687 quibus
1337 1619 1382 1673 si
1417 1616 1599 1672 forsan
1635 1632 1664 1671 a
1700 1631 1864 1686 scopo
1903 1618 2173 1685 aberravi,
2211 1621 2424 1676 veniam
2460 1630 2512 1676 et
2548 1631 2669 1693 peto
2703 1633 2755 1677 et
2789 1636 3020 1683 mereor,
3051 1637 3172 1676 cum
3209 1636 3272 1676 ea
3310 1620 3648 1675 doctissimis

383 1705 549 1761 etiam
586 1712 754 1762 nostri
795 1706 895 1762 sevi
929 1707 1062 1761 viris
1090 1722 1193 1761 non
1229 1707 1481 1774 exiguum
1519 1709 1791 1775 negotium
1825 1704 2099 1762 facessaat
2133 1707 2229 1782 (α).
2261 1709 2509 1780 Accipite
2544 1725 2674 1767 vero
2709 1725 2823 1775 vos,
2866 1708 3185 1764 nobilissimi
3220 1709 3656 1780 amplissimique

387 1800 512 1868 viri,
544 1799 963 1856 Constantinum
995 1814 1090 1869 per
1123 1815 1207 1856 me
1238 1797 1382 1855 Orco
1411 1809 1656 1870 ereptum
1699 1799 1910 1869 lucique
1944 1801 2154 1869 pariter
2181 1810 2235 1857 et
2268 1801 2420 1858 Latio
2451 1803 2746 1869 donatum;
2786 1802 3038 1874 accipite,
3079 1803 3323 1872 inquam,
3361 1811 3421 1856 ut
3455 1810 3652 1857 testem

386 1887 624 1961 ingentis
655 1889 856 1961 gaudii,
889 1891 1031 1962 quod
1061 1905 1161 1962 ego
1199 1905 1263 1944 ex
1305 1904 1516 1944 summa
1560 1887 1726 1942 animi
1764 1890 1927 1943 vestri
1958 1893 2024 1946 ad
2043 1892 2278 1962 juvanda
2305 1893 2481 1949 studia
2515 1894 2819 1959 alacritate,
2854 1909 3016 1964 quam
3048 1908 3141 1949 vos
3171 1884 3653 1961 sirmptuosissima

387 1981 585 2034 harum
617 1980 1030 2050 inscriptionum
1055 1979 1295 2036 editione
1326 1977 1757 2033 luculentissime
1785 1977 2134 2045 declarastis,
2171 1981 2365 2036 intimo
2394 1991 2614 2052 pectore
2643 1977 2887 2051 concepi.
2923 1980 3207 2053 Simulque
3235 1980 3390 2036 vobis
3419 1994 3652 2049 persua-

385 2068 510 2124 dete
542 2084 625 2123 me
659 2067 939 2137 dvinceps,
959 2077 1142 2124 vestro
1169 2068 1436 2139 imprimis
1464 2065 1714 2135 exemplo
1745 2066 2053 2136 incitatum,
2077 2069 2329 2125 daturum
2364 2085 2586 2140 operam
2619 2081 2676 2126 ut
2708 2072 2834 2126 mihi
2870 2086 2969 2127 nec
3000 2071 3251 2126 voluntas
3285 2084 3460 2140 neque
3483 2070 3651 2142 (absit

385 2162 554 2214 verbo
591 2159 819 2231 invidia)
854 2159 1085 2215 facultas
1115 2167 1495 2229 promovenda:
1522 2156 1602 2212 rei
1629 2154 1908 2211 litterariis
1933 2159 2299 2228 ornandisque
2327 2169 2522 2214 vestra:
2549 2159 2838 2213 academim
2867 2158 3103 2214 defuisse
3129 2156 3397 2212 videatur.

462 2246 666 2314 Valete,
692 2249 794 2302 viri
822 2247 1141 2303 nobilissimi
1169 2245 1629 2317 aiuplissimique,
1647 2253 1700 2300 et
1726 2243 2115 2314 rempublicam
2143 2246 2366 2318 ejusque
2393 2249 2743 2304 seminarium
2774 2247 3105 2303 academiam
3133 2245 3369 2302 feliciter
3391 2254 3654 2302 curantes

384 2335 655 2393 fremente
687 2336 1008 2407 furenteque
1035 2336 1240 2393 invidia
1274 2345 1644 2407 perseverate.
2769 2338 2829 2393 ι).
2859 2334 2926 2392 V.
2959 2335 3368 2392 addictissimus

455 2446 701 2519 Lugduni
747 2449 1070 2503 Batavorum
1114 2451 1183 2502 A.
1219 2449 1277 2501 ll.
1315 2446 1484 2513 1588,
2645 2447 3040 2502 BONM'ENTURA
3086 2442 3505 2506 VULCANIUS.

778 2537 897 2594 Kal.
940 2537 1168 2595 Martiis.

1959 2677 2034 2692 β

723 2828 913 2890 λσίίι).
952 2826 1337 2890 MOREI.”
1381 2824 1840 2889 DEDICATIO
1879 2825 2119 2888 LIBRI
2157 2805 2522 2889 SECUNDI
2568 2827 2678 2887 DE
2721 2827 3299 2893 THEMATIBUS.

1031 2991 1502 3038 lLLUSTRISSIMO
1539 2991 1615 3035 AC
1657 2989 2210 3035 REV’ERENDISSIMO
2259 2989 2598 3034 CARDINALI
2649 2991 2990 3048 PERRONIO,

1536 3117 2038 3163 ARCHIEPISCOPO
2091 3116 2466 3173 SENONENSI,

545 3246 890 3299 ΕΙΒΜᾹΝΙΞ
943 3247 1224 3307 ΡῙΠΜΑἸἹ,
1260 3245 1788 3294 εηιιιετιηιεειιιι
1829 3245 2017 3292 REGIS
2058 3246 2148 3291 FB.

1859 3245 2017 3292 {EGIS
2058 3246 2344 3291 FRANCIE
2386 3248 2462 3291 ET
2512 3243 2826 3293 NAVARRB
2868 3246 3462 3301 ΕιΕΕΜοεγκΑιιεΗΑι

1219 3377 1570 3442 FEDEBICUS
1611 3378 1940 3425 MOBELLUS
1970 3379 2336 3426 PROFESSOR
2369 3381 2597 3426 REGXUS
2646 3382 2700 3426 S.
2739 3382 2798 3426 Ρ.

459 3539 537 3595 En
577 3532 922 3593 Constantini
960 3530 1554 3605 Porpliyrongenuetaa,
1589 3532 1881 3588 cardinalis
1919 3531 2062 3588 illust

2043 3531 2300 3598 lrissitue,
2339 3532 2728 3606 ὁλοπορφύρων
2765 3531 2983 3598 ὰντάξιε
3027 3533 3263 3602 πολλῶν,
3307 3549 3645 3595 commenta-

390 3631 504 3687 rius
535 3628 602 3682 de
639 3623 970 3680 thematibus
1008 3620 1421 3699 praefecturisve
1464 3621 1818 3678 occidentalis
1857 3621 2030 3691 partis
2063 3621 2275 3692 imperii
2308 3621 2566 3689 Orientis,
2612 3625 2873 3681 hactenus
2910 3623 3257 3682 desideratus
3296 3637 3351 3683 et
3393 3629 3460 3684 ab
3500 3631 3646 3686 ἱστοο

392 3713 957 3792 ριαρχαιολογοφίλοις
983 3711 1185 3768 notitia:
1207 3710 1466 3768 Romana:
1491 3708 1752 3768 studiosis
1783 3711 1995 3765 umnibu

2060 3712 2199 3766 votis
2223 3713 2497 3780 expetitus
2533 3736 2543 3768 :
2578 3728 2745 3781 nunc,
2783 3713 2830 3770 si
2862 3715 3043 3770 minus
3074 3716 3303 3784 integer,
3326 3719 3643 3791 ὁλοσχερὴς,

387 3815 443 3862 at
471 3816 620 3862 certe
644 3812 880 3876 quantus
911 3809 1146 3871 quantus
1170 3800 1222 3856 in
1252 3801 1413 3856 unico
1449 3800 1617 3856 veteri
1645 3800 1828 3854 codice
1857 3813 1960 3854 ms.
1985 3797 2166 3868 Regia:
2198 3800 2536 3857 bibliotheca:
2566 3816 2755 3856 recens
2781 3816 2811 3856 a
2842 3816 2950 3867 me,
2971 3804 3162 3857 dextro
3187 3803 3474 3871 Mercurio,
3498 3821 3647 3861 com-

390 3903 574 3966 pertus
598 3903 700 3956 est.
734 3892 1058 3959 descriptus,
1097 3889 1430 3960 recognitus,
1461 3899 1696 3958 utraque
1730 3886 1910 3957 lingua
1954 3887 2339 3955 imperatorum
2378 3888 2554 3945 editus
2590 3891 2838 3960 notisque
2870 3891 3172 3946 illustratus
3213 3883 3429 3960 prodire
3458 3905 3511 3948 ct
3546 3897 3648 3950 sub

385 3984 588 4040 eximio
620 3980 857 4038 cmlestis
901 3980 1100 4050 ingenii
1139 3979 1211 4034 tui
1255 3979 1487 4032 candore
1527 3989 1582 4030 et
1622 3977 1756 4032 nstri
1796 3977 1869 4030 tui
1917 3975 2204 4047 splendore
2248 3991 2512 4048 apparere
2545 3981 2728 4050 gestit.
2757 3980 2952 4047 Quidni
2987 3995 3116 4036 vero
3161 3981 3457 4050 imperator
3488 3985 3644 4053 φιλῳ-

389 4075 716 4145 μουσότατος
750 4072 842 4124 καὶ
873 4070 1312 4134 Θεοσεόἐστατος,
1351 4069 1403 4121 in
1444 4065 1726 4138 Porpher
1764 4067 1964 4134 palatio

2042 4074 2159 4120 atus
2188 4076 2241 4122 et
2267 4069 2536 4136 extemplo
2571 4083 2809 4138 purpura
2847 4069 3088 4134 indutus,
3121 4071 3485 4126 cardinalicia:
3520 4090 3645 4142 pur-

385 4173 538 4232 pura:
580 4173 684 4216 tua:
727 4161 891 4215 decus
937 4168 990 4214 et
1034 4158 1344 4227 praesidium
1393 4171 1498 4211 nou
1548 4155 1822 4210 ambiret?
1869 4157 1977 4209 imo
2016 4155 2201 4224 quidni
2254 4156 2551 4225 imperator
2598 4157 3128 4228 Porpltyrogenitus,
3176 4159 3332 4230 cujus
3383 4159 3641 4228 majestas

387 4251 671 4323 φιλολογεᾳ
698 4263 749 4304 et
776 4250 1002 4304 scicnlia
1031 4249 1473 4320 ἀρχιτεκτονικῇ,
1503 4261 1665 4316 quam
1701 4255 1777 4300 tut
1804 4245 1990 4316 pectit

2045 4246 2101 4300 iw
2128 4246 2494 4301 voluminibus
2521 4249 2892 4318 exaggeravit,
2933 4251 3103 4319 magis
3129 4265 3290 4321 quam
3321 4251 3488 4320 pallio
3520 4268 3648 4324 pur-

388 4357 555 4411 pureo
594 4344 847 4394 decorata
883 4346 983 4400 est,
1015 4337 1158 4392 hunc
1207 4351 1423 4406 quoque
1462 4349 1734 4391 musarum
1770 4334 2040 4405 regiarum
2079 4334 2246 4389 fetum
2286 4333 2536 4388 Minerva:
2565 4344 2667 4389 tua:
2697 4336 2948 4390 aetherem
2981 4337 3159 4407 peplo.
3199 4340 3298 4394 hoc
3330 4351 3434 4401 est,
3473 4340 3645 4407 ἐγκυ-

387 4428 756 4493 κλοπαιδείας,
787 4426 1140 4481 scientiarum
1177 4440 1237 4479 ac
1263 4425 1525 4479 virtutum
1565 4425 1719 4491 orbe,
1745 4424 1943 4477 includi
1976 4425 2332 4492 percuperet?
2358 4438 2477 4476 cum
2517 4426 2814 4490 praesertim
2852 4426 2990 4479 idem
3032 4428 3158 4481 huic
3198 4428 3424 4496 principi
3459 4439 3642 4482 votum

387 4519 550 4574 fuerit
582 4527 742 4585 atque
779 4512 1086 4570 Alexandro
1124 4526 1336 4582 magno,
1371 4515 1493 4576 ταῖς
1536 4511 1762 4583 περὶτὰ
1790 4510 1987 4582 ἄριστα

2040 4509 2336 4580 ιμπειρίαις
2381 4512 2582 4581 μᾶλλον
2623 4514 2654 4584 ἢ
2700 4515 2818 4577 ταῖς
2859 4514 3123 4585 δυνάμεσι
3165 4515 3464 4587 διαφέρειν.
3509 4515 3643 4571 lliuc

387 4607 608 4678 optimis
639 4604 786 4660 curis
812 4617 913 4674 pro
937 4599 1113 4657 salute
1140 4601 1328 4672 patriae
1354 4602 1593 4656 animum
1624 4616 1840 4669 semper
1870 4600 2115 4655 exercuit
2141 4609 2194 4653 et
2222 4599 2430 4667 stilum,
2459 4601 2722 4669 optimum
2755 4603 2967 4656 dicemli
3001 4603 3342 4672 magistrum,
3372 4604 3643 4672 siquidem

389 4696 468 4766 ad,
491 4697 794 4750 Rontauum
829 4689 1017 4756 filium,
1051 4691 1140 4759 qui
1172 4704 1335 4760 regno
1365 4700 1591 4758 paterno
1623 4690 1908 4751 successit,
1936 4698 1989 4746 et
2021 4687 2259 4758 llugouis
2292 4686 2453 4742 Italia:
2485 4689 2624 4759 regis
2662 4690 2824 4743 filiam
2859 4688 3097 4755 Bertam,
3129 4691 3424 4745 Eudoxiam
3458 4700 3641 4760 postea

387 4767 608 4848 dictam,
651 4793 872 4835 uxorem
912 4778 1084 4845 duxit,
1112 4778 1313 4834 librum
1350 4792 1654 4849 gemmeum
1691 4778 1931 4848 scripsit,
1978 4779 2029 4833 in
2073 4791 2179 4844 quo
2213 4776 2483 4845 descripta
2521 4777 2697 4831 fuerat
2736 4794 2947 4832 summa
2988 4781 3152 4834 totius
3190 4779 3360 4834 Graeci
3405 4781 3639 4847 imperii,

379 4883 541 4943 pacta
574 4869 754 4924 omnia
782 4868 1082 4932 sociorum,
1109 4875 1163 4923 et
1189 4867 1425 4922 hostium
1470 4869 1648 4933 vires;
1700 4882 1860 4938 quem
1892 4867 2080 4923 Veneti
2117 4867 2394 4936 φιλόκαλοι
2421 4868 2564 4923 velut
2591 4870 2924 4934 thesaurum,
2963 4870 3189 4938 Egnatio
3219 4871 3557 4939 perhibeute,
3587 4873 3639 4926 in

385 4957 710 5015 bibliotheca
745 4957 1057 5020 suasedulo
1086 4965 1428 5011 conservant.
1459 4953 1602 5013 Idem
1639 4956 1883 5012 Romano
1903 4971 2049 5011 more
2081 4969 2303 5012 noverat
2328 4973 2551 5026 parcere
2581 4957 2838 5025 subjectis
2866 4969 2921 5012 et
2952 4958 3230 5014 debellare
3251 4959 3535 5028 superbos.
3575 4960 3641 5015 Et

387 5061 444 5104 ut
476 5051 528 5103 in
555 5049 744 5118 primis
771 5047 1036 5116 justitiam
1073 5045 1238 5101 coluit
1269 5045 1556 5116 legumque
1585 5047 1799 5101 silentia
1845 5047 2009 5115 rupit,
2045 5047 2118 5100 ita
2153 5045 2418 5116 llesychia
2448 5060 2540 5100 seu
2573 5047 2755 5116 quiete
2785 5048 2898 5116 ejus
2936 5056 3085 5112 nata,
3113 5049 3310 5118 quippe
3343 5064 3462 5117 qum
3491 5049 3640 5118 φιλό-

389 5156 539 5210 φρων
568 5139 734 5204 Δίκας
763 5137 1009 5208 θυγάτηρ
1040 5152 1069 5191 a
1104 5136 1338 5191 Pindaro
1369 5134 1693 5196 celebratur.
1718 5135 2028 5192 felicissime
2060 5151 2189 5191 usus
2221 5151 2285 5190 ac
2314 5136 2516 5204 potitus
2545 5145 2650 5200 est,
2673 5146 2928 5205 expertus
2951 5136 3115 5190 etiam
3148 5153 3309 5205 quam
3342 5152 3470 5192 vere
3502 5137 3640 5191 Pau-

388 5227 570 5281 sanias
603 5228 819 5288 dixerit,
854 5225 913 5279 τὸ
944 5227 1007 5279 ἐκ
1037 5224 1171 5278 Θεοῦ
1207 5223 1430 5293 εὐμενὲς
1462 5223 1554 5276 ἐπὶ
1589 5224 1753 5276 παντὶ
1788 5222 1985 5295 ὲργάζε

2032 5223 2114 5277 θαι
2150 5223 2450 5296 ῥᾳστώνην.
2484 5223 2602 5277 Non
2640 5233 2723 5278 est
2753 5225 2917 5290 igitur
2945 5226 3086 5294 quod
3115 5226 3355 5281 dubitem
3397 5240 3463 5278 ne
3503 5226 3635 5280 tanti

387 5314 732 5384 imperatoris
760 5313 1035 5368 πολιτικὸν
1071 5314 1417 5386 cum/pappet
1455 5306 1545 5368 tibi
1584 5313 1652 5368 sit
1694 5312 1990 5384 καταθύμια

2037 5353 2050 5378 ,
2084 5324 2294 5384 gratum
2332 5321 2387 5368 et
2425 5321 2748 5381 acceptum;
2796 5313 2948 5382 cujus
2989 5314 3171 5370 divino
3212 5315 3430 5385 ingenio
3461 5314 3639 5370 consi-

460 5495 540 5568 (a)
579 5493 785 5561 Quibus
820 5501 969 5568 certe
1000 5491 1590 5568 luc_ent__nnn_er_i_guam
1623 5487 1816 5568 aliene
1849 5504 1946 5568 pu-
2049 5489 2174 5544 belli
2216 5489 2267 5542 in
2309 5489 2642 5568 bibliotheca
2675 5488 3448 5568 Christianissimigallorum
3492 5489 3636 5568 regis

385 5559 582 5625 suisset
606 5559 778 5619 codex
803 5578 908 5618 ms.
937 5560 1006 5617 de
1034 5559 1224 5617 ofﬁciis
1259 5559 1454 5631 palatii
1473 5563 1586 5615 sive
1611 5559 1743 5613 aulae
1767 5560 1947 5630 Cpoli-
2048 5559 2319 5616 asservari
2363 5560 2687 5629 intelligam,
2747 5571 2803 5616 et
2835 5561 2981 5616 aliud
3035 5561 3085 5616 in
3143 5562 3472 5617 bibliotheca
3527 5559 3636 5616 Au-

384 5649 550 5702 sana,
577 5635 731 5705 cujus
769 5649 891 5691 cum
923 5649 1024 5703 ego
1046 5643 1171 5705 ante
1195 5646 1370 5705 atauus
1403 5632 1637 5705 circiter
1649 5633 1842 5705 viginti
1873 5631 1943 5705 cl.
2047 5643 2276 5705 gustana
2309 5641 2529 5685 exstare
2553 5633 2745 5694 sciam,
2776 5631 2914 5687 bona
2937 5647 3061 5701 spes
3094 5648 3180 5688 me
3211 5633 3371 5705 habet
3401 5633 3516 5688 fore
3540 5633 3639 5687 ali-

387 5726 443 5769 v.
478 5701 759 5765 Joacliiiiio
793 5701 1289 5778 Hoppe'roBelgico
1324 5705 1375 5758 in
1419 5701 1947 5778 llispatiiis_'prtcsidi
2048 5703 2261 5778 quando
2297 5713 2353 5778 u_t
2392 5715 2485 5756 aut
2523 5717 2636 5756 mea
2670 5713 2782 5766 aut,
2820 5706 2967 5778 quod
3002 5719 3107 5778 non
3147 5704 3458 5778 inviderim,
3492 5705 3631 5759 alte-

385 5785 607 5866 copiam.
631 5772 1096 5866 fecissemi,‘pei;iit
1135 5772 1268 5866 mihi
1301 5791 1411 5866 una
1447 5790 1568 5866 cum
1608 5775 1814 5856 optimoo
1857 5773 1948 5866 illo
2052 5772 2165 5866 rius
2189 5772 2419 5854 alicujus
2443 5788 2605 5866 epcra
2636 5775 3034 5866 aneturilsimul
3060 5786 3112 5828 et
3141 5774 3375 5866 sibilia?
3482 5783 3638 5845 parte

390 5843 811 5921 doctissimoque
843 5843 979 5906 viro.
1013 5847 1143 5905 Cum
1174 5855 1351 5904 tamen
1375 5845 1712 5919 ἀντίγραφον
1739 5843 1857 5916 ejus
1887 5843 1946 5900 li-
2047 5845 2414 5905 subveniatur.
2449 5843 2776 5912 Vutcutus,
2803 5844 2890 5900 ubi
2919 5847 3053 5902 uotis
3084 5847 3193 5902 suis
3223 5843 3506 5917 praefatur.
