4068 6324
376 290 445 360 15
520 317 523 321 «
1484 291 1891 355 VARIORUM
1918 286 2484 352 PHEFATIONES.
3545 280 3611 344 ts

1766 594 2209 659 MONITUM.

439 763 585 820 Libri
616 761 688 818 De
717 760 1055 819 thematibus
1091 763 1261 832 partis
1301 761 1526 818 alterius
1559 754 1812 832 recensio
1834 774 1981 832 nova
2008 758 2277 832 'l'ubingaa
2305 760 2505 832 prodiit
2532 775 2677 832 anno
2712 757 3333 832 i8i7subhoctttulo“:
3362 758 3628 832 Constan-

362 838 510 892 tinus
560 834 1035 904 Porphyrogmitua
1080 828 1144 888 de
1187 832 1470 904 provinciis
1510 832 1656 902 regni
1696 831 2005 901 Byzantini.
2054 828 2217 885 Liber
2243 828 2525 887 secundus.
2564 830 3063 904 Europa.rdrcedit_
3091 830 3353 904 appeltdia:
3397 831 3626 904 aliorum

367 900 684 970 libellorum,
715 900 848 973 citur
881 905 1136 969 civilium,
1173 900 1283 959 tum
1332 900 1840 966 ecclesiasticarum,
1868 911 2095 956 veterem
2123 904 2497 973 geographica:
2534 919 2652 957 cunt
2691 900 3629 973 medio,imprimisﬂyznntinmfil-

358 976 745 1033 iustrantium.
781 972 946 1030 Novis
970 978 1115 1031 curis
1149 977 1315 1031 edidit
1348 975 1732 1044 epistulamque
1769 974 2014 1044 criticum
2045 971 2305 1039 prdmisit
2334 973 2647 1044 Theophilus
2666 974 2794 1028 Luc.
2825 971 3136 1044 Friller-ictu
3170 971 3340 1044 Talet.
3366 972 3478 1039 phil
3507 972 3625 1044 _Dr.

364 1051 481 1105 litt.
506 1048 673 1119 antiq.
710 1046 764 1101 in
799 1062 908 1119 reg.
944 1045 1296 1119 Unioersitate
1326 1042 1738 1119 Tubingensi:_P.
1785 1044 1847 1119 1³.
1885 1042 1979 1119 ρ.,
2011 1042 2915 1119 .‘llonpcensisAdgddetnitesqdqlis,
2952 1043 3228 1119 Societaii-
3256 1042 3633 1119 Geographicw

376 1113 817 1189 Francoftirtensi
856 1113 1146 1189 ascriptus.
1182 1117 1438 1189 Tubingc
1459 1113 1847 1189 inibibliopolio
1878 1114 2095 1189 Henrici
2122 1113 2329 1189 Laupp.
2352 1115 2403 1189 11
2417 1114 2696 1189 DCCCXL
2711 1115 2843 1181 VII,
2872 1116 2951 1189 ιτ.
2983 1146 3051 1189 7—
3088 1114 3629 1189 i‘rmiationenropu-

377 1190 533 1246 sculo
560 1185 921 1260 praemissam,
947 1205 1069 1260 qua:
1100 1185 1449 1257 Constantini
1478 1186 1927 1260 librumegrcgic
1958 1185 2225 1260 illustrat,
2247 1187 2591 1260 exhibemus.
2615 1186 2734 1260 lant
2753 1185 3025 1260 superiori
3039 1194 3188 1260 torno
3214 1185 3631 1260 observationes

375 1254 627 1332 ejusdem
666 1260 733 1314 ad
768 1274 925 1317 usum
966 1254 1215 1316 nostrum
1249 1254 1618 1316 derivavimus
1646 1258 1737 1312 ubi
1756 1254 1833 1317 de
1853 1254 2297 1313 Stadiodromico
2330 1254 2918 1329 Byzantino‘Cretensi
2946 1259 3126 1330 agitur
3157 1254 3283 1328 (col.
3322 1255 3506 1327 i25l).

442 1529 781 1588 Constantini
830 1536 1129 1588 thematum
1181 1503 1603 1603 (provinciarum
1645 1534 1796 1605 regni
1844 1532 1945 1605 By-
1973 1540 2020 1598 Α
2051 1531 2321 1597 Rhodum,
2381 1529 2630 1586 hostibus
2675 1529 2977 1600 expositus,
3023 1542 3193 1599 quare
3241 1541 3350 1582 uno
3392 1527 3633 1582 themate

373 1623 604 1697 aarttiui)
638 1624 850 1680 libellus
888 1626 1020 1681 duas
1055 1626 1221 1681 habet
1258 1634 1462 1697 partes,
1501 1641 1730 1697 quarum
1770 1636 1948 1697 poste-

379 1717 579 1771 riorem
627 1714 952 1791 (Europam)
998 1718 1149 1773 novis
1185 1719 1333 1773 curis
1377 1721 1429 1773 in
1468 1719 1640 1774 lucem
1677 1718 1947 1789 publicam

379 1809 695 1864 emittimus.
760 1807 985 1863 Titulus
1025 1808 1269 1878 opusculi
1310 1819 1392 1865 est
1424 1824 1438 1862 :
1478 1807 1588 1862 Τοῦ
1632 1810 1948 1878 σοφωτάτου

378 1900 642 1971 βασιλέως
683 1902 1095 1956 Κωνσταντίνου
1133 1900 1229 1957 τοῦ
1272 1904 1789 1976 Πορφυρογεννήτου
1820 1906 1951 1977 περὶ

2050 1624 2543 1691 circumscribitur,
2568 1638 2678 1679 non
2723 1622 2893 1676 multo
2916 1620 3203 1687 pluribus?
3231 1620 3459 1689 ipseque
3501 1617 3628 1673 ilie-

2055 1719 2249 1780 rocles,
2290 1716 2602 1772 Justiniano
2631 1718 2897 1780 lcomvns,
2930 1714 3109 1768 Asiam
3130 1712 3418 1777 Minorem,
3446 1728 3473 1763 a
3506 1711 3633 1764 Bar-

2052 1812 2202 1867 baris
2234 1813 2470 1866 nomium
2519 1812 2777 1873 accisam,
2820 1811 2874 1863 in
2908 1807 3218 1879 provincias
3256 1806 3410 1877 longe
3448 1806 3631 1875 plures

2054 1905 2356 1975 distinguit,
2400 1919 2560 1975 quam
2585 1907 2820 1973 scriptor
2853 1916 3040 1958 noster
3070 1911 3421 1971 purpuratus.
3466 1897 3628 1965 Quid,

373 1992 486 2047 τῶν
513 1991 786 2065 θεμάτων,
818 1992 928 2047 τῶν
958 1994 1270 2063 ἀνηκόντων
1301 1998 1368 2067 τῇ
1402 1994 1646 2068 βασιλείᾳ
1675 1996 1779 2050 τῶν
1818 1998 1951 2050 Ῥω-

2060 1997 2195 2068 quod
2244 2006 2487 2068 tempore
2536 1996 2799 2051 Marmolis
2841 1994 3192 2065 imperatoris
3237 1992 3414 2046 omnis
3459 1990 3633 2044 ferme

382 2088 581 2158 μαίων,
601 2086 768 2141 πόθεν
797 2085 953 2157 ἔσχον
981 2088 1080 2150 τὰς
1118 2087 1435 2159 ὀνομασίας,
1458 2088 1553 2143 καὶ
1578 2088 1632 2142 τί
1654 2090 1952 2159 σημαίνου-

373 2195 463 2233 σιν
490 2181 541 2233 αἱ
563 2178 769 2233 τούτων
792 2181 1175 2251 προσηγορίαι,
1203 2180 1298 2234 καὶ
1325 2179 1491 2237 aues
1514 2179 1617 2252 μὲν
1639 2180 1821 2236 αὐτῶν
1851 2182 1954 2253 ἁρ-

387 2266 660 2342 χαῒζουσι,
701 2270 771 2325 τὰ
814 2269 872 2323 δὲ
922 2271 1051 2325 νέαν
1083 2270 1382 2342 ἐκτήσαντο
1414 2270 1520 2341 τὴν
1555 2273 1949 2345 προσηγορίαν.

452 2361 710 2431 Sequitur
737 2359 1003 2433 prmiatio,
1038 2360 1091 2414 in
1118 2375 1223 2429 qua
1256 2360 1554 2430 imperator
1582 2377 1642 2416 se
1668 2365 1950 2432 expositu-

382 2471 501 2513 rum
558 2454 867 2527 pollicetur,
918 2454 1059 2510 unde
1097 2452 1334 2524 θέματος
1379 2454 1747 2509 denominatio
1810 2455 1955 2509 deri-
2004 2458 2007 2459 ⁷

378 2549 555 2605 vanda
587 2549 695 2617 sit;
721 2562 827 2618 quo
851 2561 974 2602 eum
1005 2546 1276 2618 promisso
1296 2561 1404 2601 non
1432 2547 1653 2604 stetisse
1687 2549 1951 2605 videmus.

372 2641 572 2715 Neque
604 2642 747 2698 enim
782 2640 931 2697 aliud
979 2652 1186 2707 narrat,
1223 2640 1326 2695 nisi
1366 2642 1469 2696 hoc
1504 2637 1517 2697 Ξ
1562 2640 1806 2712 legiones
1847 2644 1952 2697 Ro-

373 2748 669 2789 manorum
702 2731 768 2788 ab
790 2731 933 2787 Julio
960 2730 1179 2787 Caesare
1208 2731 1274 2785 ad
1301 2728 1671 2787 Theodosium
1708 2747 1877 2802 usque
1903 2740 1956 2786 et

293 2841 297 2845 ·
387 2827 620 2898 reliquos
650 2826 1009 2898 imperatores
1036 2821 1379 2880 Christianos
1411 2823 1628 2879 nomina
1663 2839 1693 2881 e
1721 2825 1953 2879 nationi-

2054 2089 2286 2145 Thracia
2336 2104 2441 2144 uno
2479 2090 2714 2144 themate
2759 2088 3154 2156 comprehensa
3208 2100 3327 2140 esse
3375 2082 3631 2137 videtur?

2053 2181 2327 2238 Caeterum
2358 2183 2472 2252 ipse
2504 2183 2638 2236 liber
2673 2182 2902 2249 primus,
2940 2179 3182 2249 exceptis
3216 2174 3424 2247 paucis,
3459 2174 3634 2228 multo

2058 2273 2251 2329 melius
2285 2290 2343 2328 se
2384 2274 2564 2338 habet,
2618 2288 2781 2343 quam
2823 2271 3124 2336 secundus;
3182 2270 3233 2323 id
3278 2268 3421 2338 quod
3457 2267 3637 2322 omnis

2058 2375 2242 2420 nostra
2270 2366 2519 2420 tractatio
2543 2367 2595 2418 in
2628 2364 2929 2419 clarissima
2956 2362 3075 2417 luce
3103 2360 3411 2415 collocabit.

2127 2456 2283 2512 Liber
2309 2460 2532 2529 primus,
2568 2458 2755 2513 Oriens
2789 2474 2836 2513 s.
2867 2458 3024 2511 Asia.
3058 2456 3465 2510 Enumerantur
3489 2451 3634 2508 XVII

2056 2553 2345 2619 provinciae
2370 2568 2417 2608 s.
2454 2553 2688 2607 themata
2715 2552 2934 2607 totidem
2970 2549 3259 2621 capitibus.
3297 2550 3352 2603 1.
3387 2548 3637 2603 Anatoli-

2055 2657 2202 2698 Cum.
2240 2643 2295 2697 2.
2345 2642 2748 2697 Armeniacum.
2799 2643 2852 2697 5.
2902 2640 3340 2697 'l‘bracesiorum.
3389 2639 3445 2695 ι.
3476 2637 3637 2708 Opsi-

2057 2736 2221 2789 cium.
2251 2732 2304 2789 5.
2344 2734 2702 2803 Optintatum.
2733 2733 2787 2789 6.
2823 2733 3271 2788 Bucellariorum.
3312 2732 3362 2786 7.
3401 2731 3639 2803 Paphla-

2061 2827 2238 2898 gonia.
2269 2825 2324 2880 3.
2355 2826 2603 2882 Cbaldia.
2632 2827 2686 2882 9.
2724 2827 3129 2897 Mes0potamia.
3163 2826 3251 2882 10.
3276 2826 3516 2881 Colonia.
3546 2825 3635 2879 ii.

385 2922 486 2975 bus
516 2916 599 2972 vel
625 2917 841 2971 aliunde
870 2917 1035 2987 petita
1070 2915 1344 2982 habuisse,
1380 2914 1537 2986 cujus
1557 2916 1802 2985 exempla
1829 2915 1951 2971 all‘e-
1991 2916 2029 2971 Β
2063 2917 2449 2988 δεικιειίοηίὲ.
2476 2916 2784 3005 Lycandus.
2815 2919 2899 2973 15.
2927 2918 3193 2973 Seleucia.
3226 2918 3311 2973 id.
3334 2917 3639 2987 Cibyrraeo-

389 3018 612 3074 runtur;
649 3010 862 3078 istoque
894 3020 1009 3063 arvo
1043 3008 1399 3079 imperatores
1431 3023 1617 3063 curam
1656 3008 1778 3063 belli
1816 3009 1960 3076 ipsos

385 3103 817 3162 administrasse.
858 3100 933 3156 Ea
969 3099 1258 3155 immutata
1290 3116 1411 3155 csse
1444 3101 1569 3157 inde
1607 3102 1673 3157 ab
1714 3100 1961 3157 Heraclio

382 3203 733 3271 imperatore.
756 3198 832 3253 Eo
854 3207 1093 3266 tempore
1109 3195 1280 3251 aceidi
1303 3195 1435 3252 ﬁnies
1460 3197 1672 3267 imperii
1692 3198 1957 3268 coepisse;

371 3293 522 3348 thinc
550 3291 696 3361 ipsas
722 3300 937 3358 quoque
958 3286 1268 3357 provincias
1308 3296 1638 3354 contractas,
1662 3299 1715 3342 el
1743 3288 1962 3343 nomina

391 3384 574 3438 Graeca
615 3396 711 3451 pro
746 3379 954 3435 Latinis
992 3394 1087 3451 per
1120 3376 1525 3435 allectationem
1565 3380 1772 3448 electa;
1812 3379 1955 3450 οὲμα

288 3535 292 3538 ρ
382 3491 519 3531 'vcro
547 3490 577 3530 a
609 3488 739 3529 voce
764 3472 911 3536 θέσις
936 3470 1290 3529 descendere.

464 3567 518 3622 Id
549 3564 882 3636 praafationis
914 3577 1319 3634 argumentum,
1341 3580 1444 3619 non
1484 3564 1650 3621 aliud.
1673 3562 1793 3632 Quo
1816 3565 1962 3621 enim

393 3659 634 3732 θέματος
669 3660 753 3714 vis
780 3667 1049 3714 etsensus
1075 3659 1261 3713 tendat
1302 3656 1465 3730 (legio
1512 3656 1735 3728 ejusque
1772 3660 1963 3724 sedes,

393 3754 436 3810 ἰ.
480 3748 875 3823 θοιιῐονίιιοίε),
901 3751 1002 3806 hoc
1032 3751 1222 3805 melius
1240 3765 1268 3804 a
1290 3751 1364 3805 Dn
1396 3750 1601 3816 Cangio
1630 3765 1675 3806 s.
1695 3766 1746 3805 ν.
1772 3751 1967 3807 edoce-

396 3862 537 3911 mur,
576 3859 755 3915 quam
809 3844 877 3897 ab
923 3842 1038 3914 ipso
1091 3844 1441 3912 imperatore.
1512 3841 1718 3898 Revera
1780 3853 1962 3899 autem

396 3934 979 4007 Coustantinopolitaui
1056 3933 1436 4004 imperatores,
1501 3933 1779 4005 Byzantini
1845 3940 1967 4002 post

410 4030 783 4096 lheodosium,
832 4043 940 4084 non
997 4025 1202 4092 Latini,
1242 4025 1426 4082 Graeca
1488 4026 1667 4098 lingua
1705 4038 1807 4083 suo
1846 4024 1966 4090 iure

396 4124 709 4187 utebantur,
754 4120 881 4176 talia
932 4119 1299 4191 iucogitanter
1340 4119 1423 4174 vel
1467 4134 1562 4189 per
1597 4119 1963 4174 adulationem

394 4215 737 4285 improbante
766 4209 1461 4283 Laurentio.Lydo,-Graeco
1484 4211 1772 4282 scriptore,
1795 4210 1965 4266 Justi-

397 4303 544 4360 niani
572 4302 592 4358 Ι
622 4303 755 4373 imp.
790 4316 991 4367 coasvo,
1028 4300 1080 4355 in
1108 4300 1247 4357 libro
1277 4300 1356 4356 De
1400 4301 1807 4373 magistratibus
1842 4299 1961 4366 111,

382 4395 495 4463 4.58;
523 4408 729 4452 morem
754 4404 882 4449 vero
908 4392 1273 4461 antiquiorem
1297 4392 1459 4448 iidem
1490 4407 1597 4448 non
1625 4392 1964 4465 abiecerunt,

399 4498 448 4543 rt
479 4486 749 4558 legionum
790 4498 1009 4540 suarum
1047 4484 1263 4539 nomina
1300 4498 1336 4540 e
1363 4484 1659 4554 provinciis
1703 4483 1968 4540 maximo-

386 4596 525 4651 pere
572 4582 892 4640 hauserunt,
947 4578 1087 4633 unde
1144 4576 1346 4633 milites
1402 4575 1757 4647 cogebantur,
1812 4591 1965 4633 usum

398 4674 498 4729 aevi
534 4672 618 4730 sui
650 4681 800 4726 recte
833 4679 1129 4734 sectantes,
1165 4683 1271 4723 non
1308 4668 1528 4737 prioris.
1576 4666 1716 4734 Quid
1757 4666 1966 4722 multa?

397 4763 697 4836 imperator
727 4762 1063 4817 orthodoxus
1096 4760 1273 4829 carpit
1308 4758 1632 4825 Heracliam,
1667 4774 1832 4813 unum
1869 4774 1969 4813 an-

400 4867 755 4918 tecessorum,
774 4853 977 4922 optime
1005 4852 1071 4905 de
1103 4865 1270 4922 regno
1292 4849 1543 4905 orientali
1572 4850 1844 4916 meritum,
1873 4852 1966 4905 sed

407 4951 589 5004 minus
630 4946 1015 5003 orthodoxum.
1075 4946 1148 5001 De
1203 4945 1320 5015 ipso
1358 4942 1481 5000 iibri
1526 4954 1865 5015 argumento,
1912 4945 1967 5000 id

398 5041 545 5112 quod
578 5040 1045 5112 exspectabamus,
1096 5053 1195 5093 nec
1231 5036 1353 5093 vola
1388 5052 1486 5094 nec
1524 5037 1827 5108 vestigium.
1872 5034 1969 5094 Se-

402 5134 575 5189 cunda
598 5132 877 5203 scriptoris
905 5130 1154 5186 socordia
1183 5131 1235 5185 in
1263 5144 1331 5187 eo
1366 5139 1638 5198 versatur,
1666 5134 1808 5201 quod
1828 5134 1966 5202 parti

399 5244 512 5284 sua:
546 5228 733 5293 prima
756 5226 843 5295 (de
875 5224 1099 5282 Oriente
1124 5240 1171 5280 s.
1194 5224 1341 5297 Asia)
1395 5224 1611 5279 titulum
1642 5224 1967 5295 peculiarem

404 5339 511 5380 non
552 5321 829 5391 imposuit,
880 5316 1120 5375 secundo
1153 5318 1430 5387 imposuit.
1462 5315 1745 5374 Postremo
1781 5332 1881 5373 nec
1908 5331 1970 5372 ea

400 5416 619 5489 quidem
646 5414 782 5469 satis
817 5422 962 5469 recta
1001 5422 1149 5481 sunt,
1184 5428 1300 5481 qua:
1333 5413 1399 5468 de
1427 5412 1631 5468 ambitu
1661 5411 1972 5483 provincia.

398 5526 523 5564 rum
570 5525 600 5564 a
640 5506 898 5564 Barbaris
954 5508 1137 5564 acciso
1185 5507 1557 5578 perhibentur.
1612 5504 1973 5577 imperatores

2064 3020 2261 3065 tarum.
2298 3012 2384 3065 l5.
2422 3008 2653 3080 Cyprus.
2683 3012 2767 3065 ili.
2816 3010 3031 3066 Samus.
3075 3012 3159 3065 l7.
3190 3011 3332 3065 Mare
3369 3009 3633 3080 Egmum.

2130 3099 2361 3172 Jamque
2404 3103 2470 3158 de
2510 3104 2593 3157 bis
2647 3105 2913 3172 capitibus
2954 3118 3251 3174 eorumque
3295 3112 3631 3173 argumento.

2064 3194 2206 3264 quod
2260 3191 2608 3249 multifariam
2661 3193 2965 3249 illustratur
3009 3196 3147 3251 libro
3204 3194 3282 3250 De
3334 3195 3636 3249 adminislr.

2062 3288 2214 3356 inm,
2248 3302 2370 3357 cap.
2406 3287 2497 3355 50,
2561 3288 2630 3343 ob
2663 3288 2834 3344 solam
2868 3289 3235 3360 maximopere
3271 3290 3634 3358 comparatio-

2066 3395 2212 3447 nem,
2254 3382 2398 3437 inter
2431 3380 2660 3452 primam
2691 3391 2745 3437 et
2785 3383 3074 3437 secundam
3108 3392 3312 3453 partem
3346 3382 3641 3438 instituen—

2065 3473 2209 3539 dam,
2228 3476 2474 3543 quaadam
2492 3472 2807 3545 exponenda
2836 3484 2891 3529 et
2920 3474 3186 3530 mouenda
3222 3489 3343 3530 esse
3366 3475 3642 3530 videntur.

2138 3561 2376 3619 Primum
2417 3565 2612 3630 thema,
2657 3566 3012 3620 Anatolicum.
3057 3562 3133 3620 ita
3165 3567 3296 3633 dici,
3345 3567 3646 3637 imperator

2065 3658 2161 3725 ait,
2198 3667 2446 3728 respectu
2486 3656 2716 3726 Europae
2746 3656 3145 3729 Byzantiique;
3182 3670 3425 3729 respectu
3458 3656 3643 3716 Meso-

2065 3752 2333 3823 potamia,
2354 3749 2545 3821 Syriae,
2563 3762 2699 3813 etc.,
2722 3750 3018 3819 nuncupari
3039 3747 3382 3807 Occidentale
3402 3753 3639 3807 medium

2062 3846 2150 3918 (τὸ
2176 3844 2402 3900 Δυτικδν
2433 3840 2623 3915 μέσον)
2645 3854 2697 3912 et
2716 3842 2902 3897 Asiam
2928 3841 3212 3898 Minorem.
3241 3843 3456 3898 Initium
3483 3846 3643 3902 habet

2060 3938 2162 4007 .(ita
2193 3933 2601 4003 Constantinus)
2634 3934 2986 4003 aboppidulo
3027 3935 3241 4006 Μηρὸς,
3274 3944 3329 3989 et
3368 3937 3420 3989 in
3457 3934 3635 4009 lungi-

2071 4029 2309 4085 tudinem
2341 4029 2682 4100 protenditur
2728 4043 2899 4098 usque
2936 4030 3003 4084 ad
3040 4037 3250 4083 montes
3286 4025 3540 4095 Isauriae;
3585 4029 3639 4083 in

2068 4122 2412 4205 latitudinem
2450 4135 2479 4175 a
2510 4120 2729 4176 sinistra
2770 4120 2943 4191 tangit
2990 4117 3423 4176 Buceilariorum
3460 4121 3642 4175 thema

2069 4222 2123 4267 et
2148 4211 2565 4283 Cappadociam,
2597 4227 2628 4267 a
2669 4214 2859 4267 dextra
2903 4211 3165 4269 lsauriam
3198 4221 3252 4268 et
3282 4213 3494 4268 initium
3531 4214 3645 4269 the-

1993 4258 2037 4321 ϐ
2069 4258 2743 4373 ωειὶέὲἱὺγττωοίατυω.
2782 4301 3178 4374 Complectitur
3217 4305 3456 4374 quinque
3488 4314 3643 4359 vete-

2070 4413 2187 4450 rnm
2250 4396 2583 4467 provincias,
2638 4411 2765 4466 qua
2810 4405 2942 4452 sunt
2995 4413 3011 4450 :
3066 4396 3297 4469 Phrygia
3351 4397 3641 4465 Salutaris,

2067 4489 2363 4562 Lycaonia,
2396 4489 2629 4555 isauria,
2650 4487 3245 4562 Pamphylia,-Pisidia.
3277 4491 3478 4546 Deinde
3505 4493 3642 4546 bona

2066 4582 2313 4652 quaidam
2371 4580 2843 4653 intersperguntur
2893 4583 2960 4635 de
3018 4580 3283 4651 regimine
3335 4592 3389 4635 et
3448 4582 3644 4638 ﬁnibus

2037 4704 2039 4706 -
2068 4672 2227 4740 hujus
2259 4672 2513 4726 thematis
2542 4683 2668 4726 ante
2707 4671 3018 4733 Arcadium,
3044 4671 3173 4724 item
3200 4672 3301 4726 sub
3324 4671 3481 4741 ipso;
3518 4673 3644 4725 hinc

2067 4777 2190 4837 post
2233 4765 2568 4828 Mauricium,
2611 4763 2849 4819 instante
2889 4780 3004 4818 arvo
3048 4763 3471 4819 Saracenorum.
3528 4766 3643 4819 Ad-

2067 4857 2271 4913 ‘duntnr
2315 4857 2560 4925 quaedam
2596 4856 2663 4910 de
2702 4854 2989 4910 Persarum
3023 4870 3136 4909 aevo
3174 4866 3228 4909 et
3263 4854 3638 4916 Macedonum.

2140 4948 2443 5005 Secundum
2473 4948 2671 5011 thema,
2703 4947 3096 5002 Armeniacum.
3135 4946 3515 5005 Oenominatio
3560 4961 3644 5006 cst

2065 5038 2388 5109 impropria,
2420 5051 2521 5092 nec
2550 5035 2797 5091 ileraclio
2825 5037 2957 5108 imp.
2985 5037 3211 5109 ejusque
3231 5039 3643 5096 successoribus

2071 5133 2354 5188 vetustior.
2397 5130 2705 5202 Respondet
2746 5130 3099 5202 Cappadociae
3136 5143 3400 5198 veterum,
3447 5134 3643 5203 majori

2072 5238 2149 5280 sc.
2179 5222 2504 5293 minorique.
2532 5221 2826 5277 Justiniani
2853 5222 2871 5275 l
2897 5223 3108 5279 aliusve
3153 5222 3500 5292 imperatoris
3529 5239 3644 5278 αξνο

2073 5314 2411 5386 Cappadocia
2443 5314 2709 5385 tripartita
2735 5329 2856 5371 esse
2885 5316 3083 5386 coepit;
3111 5326 3165 5371 et
3201 5316 3444 5387 superior
3480 5332 3642 5386 parva

2074 5410 2375 5473 dicebatur,
2412 5409 2583 5464 media
2623 5408 3009 5476 Cbarsianum,
3055 5409 3326 5465 maritima
3364 5410 3647 5467 Armenia-

2073 5518 2195 5561 cum
2226 5503 2317 5574 (ob
2349 5505 2618 5558 Armenia:
2653 5502 2951 5576 viciniam).
2985 5502 3146 5558 Varia
3187 5503 3262 5559 ibi
3292 5505 3645 5575 interponun-

399 5599 687 5674 Byzantini
706 5599 1115 5674 provinciarum
1148 5599 1283 5656 lines
1312 5609 1366 5655 et
1407 5597 1621 5655 nomina
1645 5613 1745 5668 pro
1766 5607 1969 5667 tempo-
1999 5616 2045 5672 ι)
2075 5606 2163 5654 tur
2201 5598 2269 5654 de
2320 5599 2538 5668 antiqua
2583 5598 2937 5668 Cappadocia:
2992 5598 3240 5653 historia.
3293 5596 3427 5654 llinc
3479 5600 3642 5655 urbes

405 5708 521 5748 rum
556 5693 767 5750 ratione
787 5694 1090 5761 mutabant,
1114 5707 1219 5749 non
1245 5701 1454 5748 tantum
1478 5691 1739 5749 bellorum
1762 5691 1969 5748 eventi-

404 5786 507 5844 bus
537 5786 689 5846 moti.
718 5787 782 5845 Et
807 5803 1035 5861 magnus
1070 5788 1172 5846 iste
1219 5796 1424 5847 tractus
1452 5784 1697 5845 Ciliciam
1736 5785 1880 5843 inter
1913 5794 1968 5842 et

2073 5691 2313 5763 potiores
2346 5691 2511 5745 totius
2534 5688 2881 5761 Cappadocia
2910 5701 2965 5745 et
3004 5689 3263 5746 nobilium
3288 5692 3644 5763 quorumdam

2075 5784 2453 5856 Cappadocum
2494 5784 2708 5841 nomina
2746 5790 3136 5842 memorantur.
