4060 6328
340 245 406 313 I7
1459 247 1867 315 VARIORUM
1906 248 2479 323 PREFATIONES‘.
3532 242 3613 311 18ης

411 356 646 412 Tertium
705 358 898 425 thema,
949 356 1377 417 Thracesiorum.
1426 362 1601 416 Antea
1648 359 1929 416 dicebatur
1959 365 2005 418 Λν
2037 367 2215 415 autem
2258 359 2519 425 Seleuciae
2563 356 2675 427 sola
2713 352 2838 414 ante
2876 356 3080 415 elisum
3118 364 3271 427 erat;
3324 356 3601 419 Romanus

341 452 465 505 Asia
520 440 742 508 Minor.
774 450 977 509 Nomen
1018 455 1282 508 novitium
1333 456 1498 508 traxit
1541 470 1570 507 a
1619 453 1935 523 Thracibus,

348 542 532 613 Mysiae
561 542 856 614 Europae,
892 561 957 601 eo
991 547 1293 603 translatis.
1345 546 1738 615 Cotnplectitur
1779 554 1925 601 rete-

340 653 460 691 rum
483 635 680 709 Lydos,
702 637 953 705 Matones,
975 638 1163 708 Cares,
1194 638 1362 697 Iones.
1389 641 1449 697 In
1496 640 1605 696 line
1636 641 1924 695 traduntur

345 732 556 787 urbium
577 749 667 789 ut
690 734 845 802 hujus
865 736 1005 790 Asiae
1021 735 1347 805 (Thracesii)
1366 737 1607 800 nomina,
1627 752 1732 792 non
1750 736 1933 805 plura,

410 822 673 890 Quartum
718 828 915 889 theam,
964 826 1240 896 Opsia‘am
1278 827 1683 901 (Obsequium).
1730 825 1923 882 Latina

348 928 449 970 vos
488 931 584 972 eos
621 918 912 987 signiﬁcat,
950 920 1037 989 qui
1087 920 1399 987 imperatori
1432 930 1676 990 praeeunt
1715 920 1925 976 ordinis

349 1008 532 1064 tuendi
554 1019 607 1064 et
641 1010 862 1065 honoris
897 1026 1082 1075 causa,
1110 1010 1223 1067 sive
1249 1022 1305 1066 ut
1338 1011 1453 1067 vias
1482 1013 1533 1065 ei
1569 1022 1624 1066 et
1651 1012 1921 1067 domicilia

348 1110 674 1172 prmparent.
708 1100 863 1158 Unde
892 1119 994 1158 non
1034 1104 1336 1176 στρατηγὸς
1360 1105 1606 1177 (prator)
1638 1104 1777 1161 illius
1799 1120 1927 1176 pro-

347 1193 539 1249 vincim
566 1209 813 1252 summus
852 1197 1204 1267 magistratus
1238 1198 1458 1265 dicitur,
1486 1200 1580 1255 sed
1620 1214 1802 1255 comes
1838 1215 1925 1255 so-

353 1283 643 1340 lummodo.
693 1283 766 1341 Ea
813 1288 964 1357 regio
1006 1286 1287 1357 Bithynos,
1333 1286 1597 1361 Phryges,
1649 1289 1925 1345 Dardanos

351 1375 663 1449 (Troianos)
690 1378 1090 1448 complectitur.
1122 1377 1294 1436 Urbes
1320 1392 1711 1437 enumerantur
1741 1384 1925 1438 decem

354 1469 703 1535 illustriores,
762 1486 871 1526 non
934 1472 1142 1541 plures.
1200 1470 1470 1528 Ceterum
1518 1472 1655 1527 lines
1696 1483 1927 1541 quatuor

352 1564 587 1634 partium
626 1565 919 1635 provincia:
966 1564 1110 1620 haud
1148 1565 1511 1637 indiligenter,
1550 1577 1609 1622 ut
1643 1582 1743 1622 nec
1776 1566 1926 1635 alibi,

352 1655 776 1724 distinguuntur.
796 1655 870 1710 De
887 1652 1108 1720 Opsicio
1129 1658 1181 1711 v.
1201 1657 1425 1711 omnino
1454 1655 1532 1712 Du
1553 1655 1788 1727 Congius
1808 1674 1854 1715 ε.
1870 1672 1920 1710 v.

2027 451 2158 522 imp.
2198 467 2318 508 eam
2367 452 2495 509 fecit
2533 452 2891 523 στρατηγίαν.
2939 450 3340 509 Enumerantur
3382 456 3603 528 nomina

2027 544 2210 599 decem
2234 545 2470 611 urbium,
2489 561 2609 616 qua:
2631 556 2805 599 tamen
2827 544 3032 601 Cilicia:
3057 545 3236 616 potius
3258 554 3600 618 erant,qnam

2027 636 2267 698 Isauriae.
2307 636 2369 694 V.
2408 653 2624 709 quoque
2654 636 2853 693 Leonis
2883 636 3014 709 Sap.
3049 638 3446 706 expositionem
3476 641 3606 695 hsc-

2026 732 2251 796 viorem,
2288 733 2376 787 ubi
2413 744 2594 788 nostra
2623 730 2870 789 Seleu'cia
2902 733 3039 789 adeo
3076 732 3403 805 Pamphylia:
3431 737 3606 791 ascri-

2027 824 2191 881 bitur.
2232 826 2384 882 Adde
2419 826 2743 884 Hieroclem.

2058 962 2061 965 ρ
2096 919 2370 974 Decimum
2394 932 2640 992 quartum
2678 921 2871 987 thema,
2897 919 3374 993 Cibyrmotarum.
3400 919 3601 976 Nomen

2025 1014 2319 1083 provincia:
2350 1015 2575 1084 petitum
2607 1015 2675 1070 ad
2706 1015 3060 1086 ignominiam
3097 1013 3367 1086 Cibyrrac,
3399 1014 3607 1084 ignobi-

2026 1104 2092 1160 lis
2114 1106 2317 1177 oppidi,
2347 1106 2509 1175 cujus
2536 1106 2684 1161 cives
2712 1108 2834 1177 plus
2864 1107 3031 1163 semel
3065 1105 3362 1161 refractarii
3394 1104 3611 1161 fuerant

2026 1198 2284 1254 adversus
2310 1198 2692 1271 imperatores.
2731 1198 2890 1255 Fines
2920 1202 3221 1271 permagni,
3258 1216 3335 1254 se.
3364 1216 3392 1253 a
3422 1198 3604 1253 Tauro

2029 1287 2236 1345 Ciliciae
2261 1303 2431 1360 usque
2468 1289 2534 1343 ad
2573 1288 2812 1345 Miletum
2848 1290 3201 1358 pertinentes.
3236 1288 3376 1360 Ergo
3403 1286 3606 1343 Ciliciae

2029 1388 2269 1446 partem,
2309 1378 2708 1451 Pamphyliam,
2741 1380 2983 1453 Lyciam,
3020 1379 3238 1436 Cariam
3273 1378 3601 1436 continebat.

2027 1472 2084 1525 In
2117 1470 2293 1527 medio
2315 1472 2570 1527 thematis
2599 1474 2819 1529 Rhodus
2855 1473 3050 1541 insula,
3077 1474 3229 1545 cuius
3254 1474 3608 1545 antiquitates

2030 1572 2351 1634 tanguntur,
2372 1564 2587 1621 aliunde
2609 1566 2821 1635 plenius
2849 1576 3006 1622 notae.
3034 1563 3327 1638 Praecipua:
3350 1567 3609 1621 thematis

2029 1658 2191 1713 urbes
2233 1672 2358 1713 cum
2402 1658 2627 1729 singulis
2667 1659 2949 1729 regionum
3000 1660 3198 1715 linibus
3234 1661 3374 1715 haud
3425 1660 3609 1714 indili-

422 1744 674 1812 Quintum
701 1748 895 1811 thema,
928 1746 1274 1815 Optimatunt.
1310 1745 1485 1804 Iulimi
1516 1749 1720 1804 ordinis
1746 1751 1921 1805 thema
1958 1734 2001 1791 Β
2031 1759 2219 1819 genter
2253 1762 2661 1807 enumerantur.

353 1839 482 1894 dicit
517 1850 727 1903 auctor,
761 1841 1155 1912 pmsidemque
1199 1842 1320 1913 ejus
1361 1841 1535 1897 solum
1565 1844 1921 1899 domesticum

355 1935 691 2003 nuncupari;
727 1935 1051 2005 quibuscum
1082 1935 1160 1991 Du
1193 1935 1431 2006 Cangius
1454 1935 1766 1992 conferatur
1786 1950 1837 1994 s.
1868 1954 1922 1992 γ.

348 2024 741 2095 Complectitur
764 2025 1048 2096 Bithynos,
1083 2024 1386 2093 Tarsiatas,
1427 2025 1668 2101 Thynos.
1699 2026 1927 2084 Urbium

353 2114 592 2185 quinque
686 2115 1014 2172 celebriores
1107 2128 1518 2181 enumerantur.
1600 2118 1930 2177 Memoratur

358 2221 576 2277 quoque
617 2206 917 2280 Sangarius
955 2206 1174 2275 ﬂuvius,
1207 2224 1329 2266 cum
1371 2220 1533 2281 ponte
1565 2209 1927 2271 Justiuianeo.

425 2298 650 2355 Sextum
692 2302 892 2368 thema,
938 2301 1387 2372 Bucellariorum,
1436 2319 1482 2361 s.
1545 2303 1927 2363 Bucellariunt.

353 2391 463 2447 Nec
500 2394 614 2448 haec
648 2394 928 2465 provincia
971 2410 999 2449 a
1044 2404 1202 2469 gente
1234 2398 1467 2467 quadam
1518 2414 1716 2456 nomen
1747 2402 1929 2469 habet,

351 2485 447 2540 sed
472 2500 501 2540 a
525 2485 863 2555 bucellariis,
902 2488 939 2543 l.
969 2502 1019 2543 e.
1051 2489 1142 2559 qui
1162 2502 1527 2546 commeatum
1558 2493 1819 2549 militibus
1847 2511 1933 2551 vc-

355 2578 579 2647 hebant,
638 2578 763 2634 coll.
812 2579 1102 2637 etiam'Du
1136 2580 1307 2655 Cang.
1350 2599 1398 2640 s.
1447 2600 1498 2636 v.
1545 2584 1934 2641 Describuntur

354 2674 495 2727 lines
542 2674 864 2744 provinciae,
921 2687 1315 2733 enumerantur
1362 2678 1605 2749 quinque
1639 2681 1797 2736 urbes
1833 2697 1933 2752 po-

351 2768 543 2822 tiores.
571 2766 762 2823 Incol:
788 2766 1015 2834 Galatae,
1047 2768 1405 2843 Mariandyni,
1443 2772 1678 2845 Bithyni.

425 2857 720 2929 Septimum
759 2864 956 2926 thema,
1001 2862 1389 2933 Paphlagonia.
1428 2865 1503 2920 De
1529 2868 1852 2936 antiquitate
1878 2881 1941 2923 et

353 2950 579 3008 infamia
597 2964 843 3010 veterum
869 2953 1297 3027 Paphlagonum.
1322 2957 1431 3014 Sex
1464 2962 1625 3015 urbes
1652 2964 1937 3018 interiores

348 3055 745 3101 enumerantur
769 3058 822 3103 et
850 3059 1085 3118 quatuor
1113 3051 1420 3108 maritimae.

430 3139 689 3195 Octavum
740 3140 935 3208 thema,
978 3141 1224 3200 Chaldio.
1262 3142 1540 3214 Trapesus
1592 3147 1929 3217 metropolis.

349 3232 624 3287 Interiora
657 3243 785 3309 sunt
815 3235 1087 3291 Armenia:
1123 3236 1347 3293 minoris
1385 3239 1700 3307 primordia.
1745 3241 1933 3298 Trium

348 3324 584 3381 aliarum
619 3326 834 3381 urbium
862 3327 1107 3395 nomina,
1135 3343 1186 3382 e.
1219 3342 1270 3398 g.
1302 3326 1581 3392 Celtzene,
1611 3339 1715 3383 etc.

432 3415 648 3469 Nonum
676 3418 873 3486 thema,
906 3416 1307 3488 Mesopotamia.
1339 3418 1511 3475 Parva
1543 3421 1709 3491 regio,
1762 3422 1939 3477 nomi-

351 3509 444 3564 nis
482 3512 824 3576 recentioris,
867 3512 1047 3582 potius
1091 3513 1293 3568 clisura
1337 3514 1456 3569 sine
1502 3516 1740 3581 nomine,
1776 3532 1934 3586 quam

350 3603 703 3674 praefectura.
734 3605 956 3675 Spectat
993 3604 1192 3662 Leonis
1224 3608 1351 3677 imp.
1388 3623 1586 3665 mum.

432 3695 715 3751 Decimum
738 3694 1360 3763 thema,Colonia.Parva
1377 3702 1673 3773 regio,cnm
1691 3717 1941 3766 arce,un-

356 3792 429 3845 de
451 3790 771 3845 nomen.Est
794 3791 1003 3845 initium
1023 3793 1295 3849 Armenia;
1310 3794 1721 3850 minoris.Fines
1742 3794 1948 3849 descri-

356 3881 729 3939 buntur.Noto
747 3885 800 3939 in
816 3884 943 3949 line,
960 3888 1123 3939 verba
1145 3884 1647 3942 testusBekkeriaui
1668 3887 1940 3957 (Βασίλεια

355 3993 422 4039 ος
450 4006 519 4018 --—
549 3976 823 4049 βασιλεὺς)
852 3977 933 4035 sic
961 3977 1137 4048 legere
1167 3979 1460 4035 editionem
1499 3981 1889 4036 Vulcanianatn
1924 4001 1937 4037 :

354 4074 388 4124 ὁ
421 4070 553 4141 ἐμὸς
567 4071 1013 4145 πάππος,κύριος
1039 4070 1338 4139 Βασίλειος,
1357 4075 1385 4128 ὁ
1405 4073 1535 4141 τῶν,
1556 4092 1609 4129 κ.
1630 4092 1679 4131 τ.
1703 4076 1753 4131 λ.
1777 4077 1935 4132 Unde

356 4165 525 4235 plane
560 4165 848 4230 evincitur,
873 4165 1015 4221 hunc
1054 4165 1249 4221 librum
1288 4181 1480 4223 revera
1511 4172 1727 4239 quidem
1766 4172 1934 4241 impe-

358 4257 563 4311 ratoris
589 4258 763 4311 nostri
795 4259 1056 4327 scriptum
1081 4271 1224 4325 esse,
1263 4260 1355 4314 sed
1378 4260 1672 4332 privatum,
1702 4278 1805 4317 non
1840 4279 1941 4333 pu-

357 4347 502 4403 blica
532 4350 855 4405 auctoritate
879 4350 1234 4419 compositum
1264 4360 1426 4421 atque
1445 4352 1686 4420 editum;
1718 4353 1768 4409 id
1797 4355 1939 4424 quod

2098 1840 2373 1896 Decimum
2413 1844 2655 1912 quintum
2696 1845 2891 1910 thema,
2935 1845 3110 1899 insula
3154 1843 3379 1915 Cyprus.
3418 1844 3495 1901 Ea
3539 1845 3607 1897 ad

2028 1935 2277 2001 verbum,
2309 1937 2554 2008 exceptis
2598 1940 2804 2009 paucis,
2843 1954 2907 1995 ex
2948 1937 3195 1995 Hierocle
3229 1955 3338 1993 non
3390 1954 3597 1993 utentu-

2032 2033 2149 2082 rato
2174 2028 2456 2098 desumpta
2488 2038 2635 2094 sunt,
2671 2030 3032 2100 inmgitauler
3064 2031 3290 2101 repetita
3329 2029 3599 2086 Hierocle;

2030 2119 2224 2188 Capitis
2275 2120 2649 2190 inscriptione.
2681 2121 2961 2177 Adduntur
2993 2124 3238 2193 quaedam
3272 2121 3338 2178 de
3370 2122 3595 2200 historia

2034 2212 2241 2268 insulae.
2279 2214 2529 2270 Auctoris
2559 2215 2729 2271 nostri
2760 2231 2875 2270 aevo
2913 2214 3199 2269 Saracenis
3238 2214 3413 2270 denuo
3448 2229 3598 2286 pare-

2035 2305 2161 2359 bat:
2193 2320 2363 2375 quare
2395 2306 2558 2376 igitur
2578 2306 2811 2378 scriptor
2834 2322 2955 2362 eam
2980 2308 3273 2377 provinciis
3298 2305 3607 2379 Byzantian

2035 2397 2396 2453 adnumerat?
2429 2397 2665 2456 Basilius
2701 2401 2855 2469 imp.,
2888 2399 3057 2455 nostri
3092 2398 3328 2455 Cesaris
3360 2398 3606 2465 πάππος,

2038 2498 2176 2546 teste
2211 2490 2538 2547 Vulcaniana
2570 2494 2825 2557 editione,
2845 2494 3083 2566 Cyprum
3118 2494 3186 2549 ad
3212 2496 3390 2549 thema
3410 2510 3611 2551 evexe-

2039 2591 2155 2647 rat,
2190 2586 2241 2638 id
2267 2584 2408 2654 quod
2441 2585 2495 2640 in
2527 2593 2753 2651 textum,
2788 2596 2842 2640 ut
2867 2586 3009 2642 idem
3047 2586 3228 2654 plane,
3257 2586 3402 2656 quod
3432 2586 3484 2640 in
3515 2587 3611 2642 de-

2036 2674 2180 2727 cimo
2203 2676 2438 2730 themate
2463 2676 2712 2745 legimus,
2737 2678 2977 2747 recipere
3000 2676 3233 2732 debebat
3252 2671 3299 2729 I.
3320 2673 3614 2740 Bekkerus,

2042 2766 2207 2822 libelli
2264 2783 2501 2837 nuperus
2530 2768 2727 2824 editor.

2117 2857 2391 2915 Decimum
2434 2872 2637 2917 sextum
2674 2862 2868 2927 thema,
2919 2860 3113 2917 Samus
3150 2862 3350 2917 insula.
3401 2860 3478 2916 De
3519 2874 3623 2914 no-

2044 2953 2192 3010 mine
2227 2954 2377 3011 Sami
2407 2956 2797 3027 archaeological
2828 2958 3096 3025 quaedam.
3136 2955 3244 3011 Viri
3276 2954 3496 3025 quidam
3523 2968 3619 3010 ve-

1967 3084 2017 3152 α
2047 3057 2220 3103 terum
2256 3047 2493 3105 illustres
2517 3059 2927 3103 enumerantur.
2954 3046 3237 3106 Thematis
3261 3046 3395 3103 lines
3424 3045 3619 3118 (Ephe-

2045 3155 2140 3197 sus
2186 3170 2255 3183 --
2308 3140 2756 3213 Adramyttium).
2810 3140 3041 3215 Smyrna
3113 3140 3354 3209 [incincti
3423 3141 3631 3207 sedes;-

2043 3232 2293 3303 quod,ut
2315 3232 2445 3296 alia,
2470 3233 2675 3288 utinam
2708 3233 2760 3287 in
2800 3232 3025 3303 reliquis
3048 3246 3265 3303 quoque
3287 3233 3621 3289 thematibus

2044 3324 2433 3397 signiﬁcasset!

2067 3400 2072 3405 ’
2118 3418 2386 3473 Decimum
2409 3418 2686 3487 septimum
2708 3416 2904 3482 thema,
2926 3432 3071 3471 mare
3096 3413 3169 3471 1E
3172 3416 3622 3487 gremiuhrchteo-

2041 3508 2213 3580 logica
2257 3509 2323 3564 de
2360 3523 2412 3562 v.
2445 3507 2671 3577 Αἰγαῖον
2709 3506 2968 3575 πέλαγος.
3013 3504 3262 3575 Quinque
3308 3507 3620 3563 Graecorum

2043 3601 2285 3667 dialecti.
2320 3599 2485 3656 Fines
2516 3597 2743 3670 Spatiosi
2779 3617 2795 3656 :
2828 3607 2955 3654 sunt
2984 3597 3127 3653 enim
3172 3597 3329 3666 hujus
3369 3598 3625 3654 thematis

2043 3694 2323 3765 Cyclades,
2375 3692 2679 3763 Sporadum
2725 3688 2980 3760 majores,
3030 3689 3280 3761 Mitylene
3342 3689 3629 3762 (Lesbos),

2042 3786 2229 3855 Chius,
2254 3785 2514 3850 Lemnus,
2562 3784 2822 3841 ulteriora
2855 3796 3028 3853 usque
3054 3783 3119 3837 ad
3159 3783 3337 3837 sinum
3370 3782 3624 3849 Cianum,

2042 3876 2515 3947 Constantinotioli
2548 3876 2878 3948 proximum.

2117 3970 2274 4025 Liber
2300 3968 2580 4035 secundus,
2605 3968 2862 4025 Occidens
2881 3986 2927 4027 s.
2954 3967 3193 4038 Europa.
3227 3967 3626 4022 Enumerantur

2044 4063 2141 4121 XII
2195 4063 2489 4134 provincia:
2537 4079 2582 4119 s.
2652 4064 2890 4118 themata
2945 4062 3165 4118 totidem
3228 4059 3513 4129 capitibus.
3571 4059 3621 4115 I.

2043 4157 2299 4214 Thracia.
2336 4158 2390 4211 2.
2428 4154 2764 4211 Macedonia.
2804 4155 2859 4210 3.
2902 4153 3185 4226 Strymon.
3227 4154 3284 4208 4.
3333 4151 3623 4207 Thessalo-

2043 4251 2186 4306 nica.
2231 4249 2286 4306 5.
2338 4248 2521 4304 Helias
2560 4247 2834 4319 (Graecia).
2876 4245 2932 4303 ϐ.
2970 4243 3400 4316 Pel0ponnesus.
3433 4242 3486 4300 7.
3519 4241 3623 4298 Ce-

2043 4347 2316 4418 phalenia.
2357 4344 2411 4401 8.
2447 4343 2742 4415 Nicopolis.
2768 4342 2825 4399 9.
2870 4340 3247 4414 Dyrrachium.
3281 4339 3368 4394 I0.
3413 4337 3627 4395 Sicilia.

359 4438 531 4493 etiam
570 4453 636 4493 ex
671 4438 926 4493 aﬂ‘ectato
957 4446 1201 4493 veterum
1238 4448 1521 4494 auctorum
1564 4454 1661 4495 usu
1692 4428 1941 4511 sequitur
1974 4447 2019 4503 Ι)
2048 4442 2134 4496 Il.
2158 4440 2557 4513 Longobardia.
2592 4436 2679 4491 l2.
2702 4435 2969 4492 Cherson.
3001 4432 3206 4489 Horum
3229 4448 3443 4504 quoque
3473 4432 3623 4502 capi.-

359 4544 535 4605 atque
572 4531 925 4605 negligentia,
957 4548 1064 4605 qua
1104 4534 1276 4588 utitur
1314 4535 1365 4587 in
1400 4532 1611 4589 urbium
1656 4549 1941 4589 enumera-

360 4632 539 4691 tione,
569 4626 815 4699 potiores
846 4641 1174 4695 memorans,
1212 4637 1321 4681 non
1349 4641 1576 4693 omnes;
1610 4628 1754 4698 quod
1784 4642 1943 4685 secus

360 4722 423 4779 in
454 4721 725 4778 indicibus
755 4718 1184 4791 episcopalibus,
1212 4719 1344 4777 Item
1377 4720 1431 4776 in
1465 4718 1735 4785 Hierocle,
1771 4737 1943 4792 quau-

360 4830 528 4887 quam
551 4815 818 4883 scriptore
840 4816 1072 4885 privato.

441 4905 788 4962 Undecimum
824 4909 1021 4975 thema,
1064 4905 1330 4966 Seleucia.
1381 4906 1436 4964 Id
1483 4924 1701 4981 quoque
1744 4909 1941 4967 Arme—

363 5001 472 5058 nim
509 5000 737 5056 minoris
778 5014 905 5072 pars
942 5009 1045 5057 cst.
1084 4998 1399 5072 Sequuntur
1428 5002 1673 5081 vulgaria
1717 5015 1772 5060 et
1817 5005 1943 5060 trita

363 5092 513 5149 circa
540 5106 590 5147 v.
617 5092 844 5147 Cameris
872 5090 1274 5163 etymologiam.

440 5183 825 5238 Duodecimum
855 5184 1055 5250 thema,
1093 5181 1398 5255 Lycamlus.
1431 5182 1510 5240 Ea
1552 5195 1716 5253 terra,
1751 5186 1947 5241 Arme-

367 5277 473 5334 nia:
497 5292 640 5348 pars,
672 5293 777 5332 non
800 5276 970 5332 multo
986 5287 1117 5331 ante
1138 5277 1393 5332 thematis
1411 5276 1584 5333 locum
1611 5277 1944 5343 obtinuerat,

370 5387 453 5426 sc.
481 5369 680 5427 Leonis
707 5369 837 5441 imp.
864 5369 1135 5441 Sapientis
1160 5385 1296 5427 aevo.
1336 5370 1589 5438 Quadam
1622 5372 1688 5427 de
1718 5372 1945 5429 historia

372 5464 543 5522 urbis.

444 5560 715 5616 Decimum
758 5560 970 5615 tertium
1003 5561 1203 5626 thensa,
1252 5560 1519 5616 Seleucia.
1554 5559 1691 5616 Dicit
1734 5573 1945 5631 partem

374 5655 607 5722 Isauriae,
662 5653 910 5724 ﬁnesque
979 5653 1260 5710 describit.
1326 5652 1694 5709 Memorantur
1748 5654 1949 5712 dehinc

375 5749 536 5807 urbes
561 5748 807 5822 potiores
835 5746 1057 5816 Ciliciae,
1100 5747 1241 5819 quod
1280 5746 1471 5805 abesse
1509 5755 1739 5819 poterat.
1778 5748 1948 5819 Regio

2053 4550 2163 4592 tum
2186 4543 2584 4606 argumentum,
2612 4541 2672 4587 ut
2696 4529 2816 4587 libri
2850 4528 3035 4599 primi,
3058 4526 3292 4583 breviter
3321 4540 3629 4597 exponam,

2056 4632 2427 4702 rnasimopere
2466 4630 2535 4685 ob
2577 4623 2965 4684 instituendam
3023 4622 3109 4697 (ut
3151 4621 3286 4694 disi)
3344 4622 3628 4693 utriusque

2051 4721 2537 4794 comparationem.
2700 4782 2703 4787 η

2127 4816 2371 4873 Primum
2415 4815 2619 4882 thema,
2650 4810 2906 4867 Thracia.
2932 4806 3182 4881 Byzantii
3208 4806 3349 4862 laus.
3377 4803 3627 4860 Thracia:

2052 4917 2236 4972 thema
2266 4911 2618 4969 constitutum
2658 4916 2742 4963 est
2779 4914 3027 4976 tempore
3054 4901 3353 4959 invasionis
3382 4897 3628 4966 Bulgaria»

2053 5021 2149 5062 ore.
2188 5005 2328 5060 Ante
2356 5002 2725 5058 Rotnanorum
2766 5011 2966 5063 aevum,
3003 5009 3112 5065 quo
3147 5000 3308 5048 erant
3342 4990 3412 5046 55
3442 4988 3626 5055 urbes,

2053 5100 2160 5154 duo
2193 5110 2354 5168 regna
2387 5091 2594 5149 habuit.
2619 5088 2866 5159 uulgari,
2891 5102 3039 5143 nunc
3076 5084 3302 5151 domini,
3335 5080 3623 5137 Thraciam

2054 5192 2108 5248 in
2165 5191 2381 5246 minora
2435 5184 2707 5242 territoria
2760 5180 3102 5237 dividebant.
3165 5177 3308 5234 Ante
3364 5174 3626 5247 Bulgaros

2054 5286 2287 5342 Thracia
2345 5286 2413 5337 ab
2453 5281 2571 5347 ipso
2608 5273 2907 5348 Byzantino
2948 5273 3276 5345 imperatore
3313 5267 3633 5340 regebatur,

2055 5394 2164 5435 non
2195 5390 2225 5430 a
2257 5382 2491 5446 prstare
2514 5363 2878 5441 (στρατηγῷ),
2900 5372 2958 5420 ut
2978 5376 3142 5418 nunc.
3163 5358 3377 5430 Bulgari
3410 5357 3626 5430 quando

2055 5478 2284 5537 regnum
2325 5457 2683 5533 Byzantinnm
2728 5452 3049 5509 invaserint.
3092 5448 3455 5506 Eallierocle
3486 5461 3628 5517 quae-

2056 5560 2181 5613 dam
2229 5556 2297 5610 de
2336 5550 2607 5613 Doloucis,
2659 5562 2780 5617 qum
2823 5546 2897 5602 ibi
2946 5558 3050 5599 non
3105 5541 3477 5633 inveniuntur.
3532 5539 3629 5593 Ar-

2058 5650 2405 5719 cbmologica.
2434 5644 2746 5714 Sequuntur
2775 5640 3014 5709 qulnque
3035 5632 3303 5707 eparchiaa
3326 5632 3625 5699 Thraciae,

2056 5762 2118 5805 ex
2155 5740 2405 5802 llierot-le
2431 5752 2553 5796 cum
2594 5733 2819 5790 urbibus
2864 5729 3102 5802 repetitae
3130 5726 3201 5799 (is
3223 5726 3383 5784 habet
3417 5723 3525 5797 Vl),
3563 5735 3619 5782 et
