4068 6324
436 292 513 365 sa‘
1551 278 1958 349 ramorum
2003 276 2575 346 amamus.
3146 342 3149 343 ί
3196 296 3201 301 -
3618 276 3701 345 ει.

438 434 550 478 non
577 414 744 478 etiam
773 417 994 475 nomina
1018 407 1282 472 urbium!
1307 408 1660 482 Respondere
1685 406 1740 463 in
1766 417 2016 478 promptu
2121 429 2217 486 αθ,
2248 413 2527 480 habuisse,
2562 422 2767 482 εοηιω
2801 408 3170 465 ﬁnitimorum
3198 418 3417 480 qm
3441 406 3692 463 δοπηιπης

440 524 547 571 cst.
594 511 993 581 Estrevagatus
1034 516 1175 571 erat,
1220 521 1341 562 cum
1388 518 1453 560 ex
1510 497 1757 558 Hierocle
1788 497 2012 555 Daciam

442 605 898 664 mediterraneum
929 614 1050 657 cum
1073 601 1299 655 urbibus
1337 604 1625 669 repeteret,
1649 592 1791 667 quod
1823 608 2017 662 reapse

442 701 637 759 melius
660 698 1020 757 conveniebat
1063 696 1219 752 initio
1270 691 1538 765 opusculi,
1570 704 1729 761 quam
1768 687 1858 742 lini
1891 700 1909 754 ;
1962 697 2017 742 et

444 792 777 851 Dardaniam
832 789 945 845 fere
980 802 1104 845 cum
1141 788 1379 844 themate
1406 800 1505 841 suo
1534 782 1849 855 Strymonio
1893 781 2018 851 jun-

444 903 576 959 gere
613 893 846 955 poterat,
874 892 931 937 ul
984 890 1193 952 partem
1245 877 1543 935 borealem.
1589 875 1709 932 iam
1755 888 1907 941 vero,
1949 874 2015 928 ad

446 991 639 1036 sanam
670 987 909 1035 mentem
952 990 1227 1040 reversus,
1264 972 1467 1042 reliqua
1494 972 1731 1027 themata
1763 966 2017 1041 aggredi-

449 1078 560 1139 tur,
595 1072 859 1135 Siciliam,
890 1068 1352 1142 Longobardiam,
1375 1064 1704 1122 Chersonem
1733 1077 1771 1131 ς’
1805 1064 1872 1117 de
1895 1062 2020 1131 qui-

450 1167 557 1225 bus
602 1181 733 1222 vero
775 1164 847 1220 nil
897 1162 1035 1233 apud
1087 1158 1409 1217 Hieroclem.
1469 1157 1524 1212 in
1576 1155 1743 1211 altera
1799 1151 2018 1225 capituli

444 1267 603 1329 parte
636 1258 786 1311 varia
810 1254 1051 1311 inculcat
1081 1252 1147 1307 de
1169 1248 1580 1321 antiquitatibus
1621 1246 2013 1318 Dyrrachinis;

449 1354 516 1408 de
536 1350 896 1408 Constantino
922 1347 1014 1412 δίη
1061 1345 1345 1416 imperium
1386 1341 1746 1396 Romanorum
1797 1340 1938 1393 inter
1959 1335 2022 1391 fi-

448 1447 550 1499 lios
578 1445 881 1513 partiente;
915 1451 1187 1506 postremo
1227 1437 1294 1491 de
1340 1434 1625 1500 Dalmatia,
1653 1431 1819 1486 italiae
1848 1429 2019 1485 ascri-

448 1538 645 1603 benda,
678 1535 849 1606 patria
890 1528 1233 1597 Diocletiani,
1267 1529 1445 1600 impia:
1490 1524 1765 1582 memoriae
1789 1524 2023 1595 impera-

449 1632 608 1694 toris,
636 1630 819 1698 illique
842 1642 977 1698 aqua
996 1622 1417 1696 iucundissima.

528 1722 796 1776 Decimum
820 1718 1018 1781 thema,
1077 1715 1287 1772 Sicilia.
1318 1714 1374 1768 ln
1423 1714 1524 1768 hoc
1584 1712 1850 1773 themate,
1882 1708 2018 1763 utin

452 1816 677 1887 reliquis
716 1810 944 1878 duobus,
967 1810 1225 1866 immunis
1252 1818 1333 1863 est
1360 1804 1553 1862 Noster
1603 1802 1894 1859 Hieroclem
1922 1815 2022 1854 au-

452 1905 762 1971 ctoritatis;
800 1916 960 1972 quem
990 1901 1315 1970 scriptorem
1342 1897 1406 1952 de
1467 1896 1554 1951 his
1607 1893 1682 1948 nil
1731 1890 2023 1946 tradidisse

453 1998 725 2061 existimo,
776 2005 869 2049 ant
893 1993 1141 2066 periisse,
1175 2006 1296 2060 qua:
1332 1988 1579 2044 tradidit.

524 2092 667 2163 Ergo
691 2090 931 2146 Siciliam
979 2093 1106 2143 ante
1141 2099 1291 2156 νίψω
1322 2083 1553 2138 Romani
1602 2080 1886 2149 imperium
1916 2090 2021 2130 non

454 2186 768 2257 Byzantinis
799 2182 1047 2253 paruisse
1070 2182 1166 2245 ait,
1197 2181 1291 2234 sed
1335 2176 1631 2239 Romanis;
1678 2171 2021 2243 postmodum

457 2276 794 2350 Byzalltinis,
828 2275 1024 2345 quibus
1060 2287 1222 2327 omne
1250 2271 1392 2326 iatud
1427 2282 1577 2324 mare
1617 2272 1811 2336 pareat
1849 2276 2025 2331 usque

459 2374 527 2428 ad
588 2370 867 2426 columnas
914 2365 1231 2423 Herculeas.
1286 2362 1359 2418 De
1410 2360 1719 2416 nominibus
1767 2354 1965 2411 Sicilire
1995 2367 2025 2409 e

459 2463 739 2531 Stephano
762 2460 893 2529 (imo
914 2455 1196 2511 Hellanico
1221 2451 1573 2520 Timaaoque).
1605 2447 1799 2503 lnsuhe
1826 2455 2025 2501 nostra:

460 2555 796 2625 aliarumque
826 2552 1162 2621 magnitudo.
1207 2545 1490 2610 Saraceni,
1519 2543 1710 2598 ultimo
1737 2554 1853 2597 aevo
1894 2537 2029 2594 Sici-

459 2642 547 2703 lire
576 2645 779 2702 domini
832 2641 985 2710 facti,
1016 2641 1320 2697 Calabriam
1360 2638 1527 2694 solam
1564 2634 1892 2692 Christianis
1940 2645 2027 2687 ree

456 2742 735 2809 linquunt,
785 2736 943 2810 cujus
981 2732 1286 2806 στρατηγὸν
1330 2732 1531 2787 Noster
1576 2734 1863 2792 memorat,
1900 2737 2024 2780 cum

460 2830 687 2886 orbibus
716 2824 1058 2901 quibusdam,
1105 2839 1337 2897 quarum
1381 2822 1598 2878 nomina
1636 2820 1834 2874 ibidem
1893 2816 2027 2886 legi-

466 2937 583 2980 mus
612 2921 922 2995 (Rhegium,
961 2921 1020 2975 S.
1056 2918 1305 2992 Cyriaca,
1343 2916 1402 2973 S.
1437 2916 1721 2978 Severius,
1772 2909 2023 2983 Croton).

465 3019 646 3085 Quare
682 3029 811 3071 vero
860 3008 1117 3069 Siciliam
1163 3012 1341 3067 thema
1392 3009 1475 3064 sui
1527 3008 1623 3063 aevi
1672 3005 2024 3078 Byzantinum

467 3119 760 3179 nuncupat,
790 3120 842 3162 et
870 3105 1175 3181 στρατηγὸν
1206 3110 1472 3159 memorat
1513 3110 1908 3168 numerumque
1936 3110 2029 3150 ur-

466 3202 612 3255 ilium
651 3198 764 3254 2‘2?
796 3198 1080 3254 Postremo
1112 3196 1239 3251 trita
1271 3196 1338 3251 de
1380 3191 1616 3248 llierone
1665 3202 1721 3246 et
1767 3186 2027 3259 Dionysio

467 3291 734 3364 tyrannis,
773 3291 898 3345 item
924 3288 990 3344 de
1012 3286 1338 3343 Archimede
1362 3285 1743 3355 Marcelloque.

539 3382 881 3438 l’ndecimum
908 3379 1099 3441 thema,
1132 3377 1522 3450 longobardia.
1552 3374 1831 3430 inferioris
1863 3372 2031 3428 Italia:

466 3474 922 3546 Longobarlliam,
967 3473 1005 3529 i.
1033 3486 1081 3528 e.
1115 3470 1447 3539 Calabriam,
1479 3468 1797 3541 signiﬁcari,
1836 3477 2033 3538 praeter

468 3571 573 3626 alia
620 3586 682 3625 ex
729 3564 1069 3623 antecedenti
1119 3564 1297 3635 capite
1338 3563 1703 3634 cognoscitur,
1750 3560 1841 3615 ubi
1878 3568 2032 3613 vetus

466 3663 734 3719 Calabria:
780 3675 977 3717 nomen
1035 3659 1102 3714 de
1152 3657 1341 3714 eodem
1400 3655 1515 3713 fere
1564 3664 1735 3708 tractu
1772 3650 2029 3707 occurrit.

468 3755 587 3811 3am
636 3757 704 3811 de
744 3755 959 3811 nomine
1028 3752 1187 3824 hujus
1242 3749 1631 3821 Longobardiae
1673 3746 2032 3819 etymologica

468 3849 736 3919 quaedam.
784 3848 923 3903 llinc
963 3846 1068 3900 alia
1119 3843 1345 3916 insipida
1394 3843 1463 3899 de
1507 3842 1844 3897 Butbrenoto
1892 3839 2034 3911 (sic),

468 3943 715 4013 Neapoli,
779 3941 971 3996 Besbio
1007 3940 1125 4012 (sic)
1168 3944 1348 3994 monte
1390 3936 1575 4006 ibique
1619 3935 1868 3990 Bureauo
1913 3934 2032 4004 (sic)

472 4037 784 4093 Grmcoruln
813 4033 1061 4090 coloniis.
1098 4031 1357 4102 Equidem
1386 4030 1722 4103 signiﬁcasse
1755 4029 2035 4085 Beneven-

476 4142 589 4184 tum
610 4139 758 4199 puto,
796 4143 899 4181 non
927 4125 1320 4181 Butilrenotum
1362 4120 1745 4195 (Butrintum),
1781 4122 1923 4188 quod
1954 4129 2036 4175 est

474 4222 648 4291 Epiri,
698 4219 781 4274 vel
812 4219 993 4290 potius
1023 4214 1368 4288 Hydruntum
1408 4212 1764 4286 (Otrantum).
1808 4212 1873 4267 Et
1906 4211 2038 4265 Βέσο

477 4317 591 4368 διον
616 4314 743 4385 ὅρος
767 4320 851 4368 est
878 4308 1143 4376 Vesuvius
1180 4323 1338 4365 mons
1376 4322 1497 4365 eum
1529 4315 1743 4363 cratere
1774 4321 1872 4360 suo
1906 4306 2039 4377 (vul-

475 4406 663 4476 cano);
713 4404 1018 4460 Graecorum
1074 4415 1204 4459 vero
1258 4399 1483 4457 colonia:
1539 4407 1670 4455 sunt
1704 4416 1723 4455 :
1764 4392 1934 4451 Coma
1984 4404 2041 4450 et

476 4500 817 4568 Parthenope
853 4494 1180 4566 (Neapolis),
1211 4502 1340 4558 etc.,
1374 4506 1483 4547 non
1522 4505 1676 4547 mons
1704 4489 1796 4545 ille
1828 4489 2037 4558 ignivoo
2071 4483 2117 4541 D

476 4610 714 4647 mus.—
742 4587 1045 4659 Imperante
1086 4585 1417 4650 Iustiniano,
1478 4584 1588 4647 imo
1635 4582 1755 4656 (sic
1823 4583 1936 4652 ipse
1982 4596 2041 4637 se

479 4682 766 4754 emendat)
804 4681 1039 4747 Zenone,
1088 4680 1248 4737 Gothi
1285 4678 1543 4749 Neapolin
1591 4677 1837 4749 aliasque
1881 4678 2042 4733 urbes

481 4775 724 4846 capiunt.
757 4774 984 4837 Narses,
1018 4770 1059 4827 ιτ
1067 4785 1353 4827 raucorum
1383 4771 1581 4834 victor,
1610 4766 2041 4840 Longobardiam

483 4868 629 4923 illam
657 4863 862 4921 Gracia
894 4862 1134 4932 subiicit.
1177 4861 1571 4933 imperantibus
1596 4858 1919 4930 Theophila,
1948 4857 2046 4913 Ill-

485 4943 691 5013 chaelis
722 4955 853 5021 lilio,
883 4960 938 5009 et
968 4952 1167 5008 Basilio
1199 4950 1589 5007 SaraccuiAfri
1630 4938 1811 5022 partes
1850 4949 2043 5021 lliyrici

487 5052 763 5105 incassum
795 5048 997 5114 adorti,
1041 5045 1344 5103 Calabriam
1384 5044 1624 5112 capiunt,
1654 5058 1686 5099 e
1718 5057 1822 5114 qua
1868 5053 2045 5097 tamen

485 5142 680 5207 Greci,
707 5140 857 5196 socio
900 5139 1189 5203 Ludovico,
1252 5135 1679 5192 France-Calliae
1746 5151 1892 5207 rege,
1941 5136 2045 5202 usi,

486 5247 583 5289 eos
664 5231 925 5301 cjiciunt.
1017 5229 1270 5286 Calabria
1310 5232 1313 5235 ’
1358 5231 1555 5285 exinde
1624 5227 2046 5300 Byzantinorulu

490 5330 692 5382 thema.
842 5382 845 5385 λ

558 5417 937 5474 Duodecimum
957 5417 1150 5484 thema,
1169 5416 1421 5473 Cllersou.
1437 5416 1603 5485 Hujus
1616 5431 1835 5487 quoque
1855 5415 2050 5487 capitis

490 5516 705 5572 initium
736 5514 872 5570 male
888 5530 947 5575 se
963 5516 1143 5581 habet,
1165 5515 1446 5585 scriptoris
1474 5514 1649 5585 culpa.
1672 5512 1864 5570 Dicere
1891 5512 2053 5569 debe-

494 5609 605 5672 bat,
635 5607 944 5679 antiquiore
990 5617 1232 5677 tempore
1276 5622 1395 5662 eam
1431 5615 1651 5672 terram,
1702 5620 1822 5676 qua:
1857 5604 2054 5661 smelllo

493 5698 697 5756 Christi
746 5700 955 5757 decimo
998 5697 1243 5757 Cllerson
1285 5699 1582 5765 dicebatur,
1624 5715 1731 5755 non
1773 5698 2049 5771 Byzantini

494 5790 706 5863 imperii
732 5801 939 5865 partem
964 5790 1152 5861 luisse,
1192 5793 1288 5851 sed
1320 5792 1542 5865 Bospori
1571 5793 1787 5851 nomine
1816 5805 1947 5848 suos
1973 5806 2056 5858 re-

2117 510 2415 566 easlitisse.
2449 505 2673 563 Terram
2704 504 3072 576 Bosporanam
3111 500 3419 573 insequenti
3448 512 3694 568 tempore

2116 602 2448 660 Chersonem
2499 600 2698 657 dictam
2736 614 2763 652 a
2814 595 3096 667 metropoli
3140 594 3381 665 ejusdem
3431 595 3689 650 nom'nis.

2117 690 2236 749 iam
2286 691 2659 762 sequentibus,
2705 704 2824 760 quae
2879 696 3047 758 agunt
3093 687 3160 742 de
3178 688 3399 756 antiqua
3462 684 3693 753 Bospori

2120 784 2369 851 historia,
2408 783 2745 854 negligenter
2788 781 2901 835 haec
2943 778 3249 848 praeludunt
3289 798 3303 835 :
3351 777 3505 849 Ἐχει
3549 779 3606 832 δὲ
3653 779 3690 851 ἡ

2118 880 2335 950 ἱστορία
2358 876 2550 941 οὕτως.
2598 875 2900 946 Statimque
2942 889 3005 928 ea
3062 872 3341 943 leguntur,
3397 887 3517 942 quae
3563 880 3689 927 nota

2117 981 2246 1028 sunt
2291 988 2322 1029 e
2376 972 2653 1040 Stephano
2699 969 3025 1038 epitomatu;
3056 1035 3059 1039 .
3095 982 3203 1037 quo
3239 967 3485 1038 pleniore
3534 980 3689 1023 usum

2120 1064 2308 1128 fuisse,
2348 1081 2377 1120 e
2407 1063 2625 1133 reliquis
2658 1071 2827 1134 patet,
2860 1063 2949 1117 ubi
2995 1061 3296 1118 testimonia
3328 1059 3484 1116 affert
3532 1059 3692 1115 Pille-

2119 1158 2323 1229 goutis,
2357 1155 2667 1218 Strabonis,
2710 1153 3025 1223 Pbavorini,
3056 1168 3175 1224 quae
3214 1152 3519 1224 antiquiora
3558 1150 3692 1209 Bosv

2122 1255 2236 1322 puri
2266 1262 2533 1323 spectant.
2565 1252 2811 1309 Grtrcum
2834 1265 3050 1321 quoque
3074 1250 3405 1320 epigramma
3424 1247 3491 1302 de
3515 1246 3691 1317 Chry-

2120 1345 2297 1416 sopoii
2329 1361 2361 1402 e
2402 1346 2678 1415 Stephano
2722 1345 2965 1416 pleniore
2998 1346 3248 1399 haustum
3288 1353 3441 1412 puto.
3491 1340 3691 1397 Ultima

2121 1430 2342 1510 capituli
2373 1453 2564 1493 manca
2597 1452 2717 1493 esse
2744 1446 2980 1502 constat,
3032 1451 3153 1506 qua:
3192 1435 3272 1490 sic
3295 1451 3326 1489 e
3354 1444 3540 1489 nostro
3570 1435 3693 1490 Ste-

2122 1534 2301 1606 pbano
2325 1534 2575 1590 resarciri
2607 1542 2855 1605 poterunt
2893 1551 2906 1588 :
2941 1528 3437 1607 ..πολιορκῶν-ξος,
3466 1528 3559 1584 καὶ
3586 1528 3693 1583 διοο

2126 1628 2383 1699 ρύξαντος
2397 1627 2599 1682 εἴσοδον
2628 1627 2894 1698 κρυπτὴν,
2912 1626 3035 1680 ὅθεν
3056 1623 3276 1694 ἀφανῶς
3297 1624 3347 1677 οἱ
3373 1622 3694 1693 ὀρύττοντες

2125 1721 2355 1793 ἔμελλον
2402 1719 2496 1775 τοῦ
2551 1720 2863 1792 ὀρύγματος
2924 1718 3203 1782 ἀναδῦναι,
3248 1717 3342 1770 καὶ
3395 1715 3527 1787 (dele
3559 1716 3694 1769 hanc

2127 1812 2381 1882 Stephani
2406 1810 2746 1881 particulam)
2784 1810 2984 1881 Ἑκάτη
3014 1810 3300 1878 φωσφόρος
3344 1802 3484 1862 οὖσα
3529 1807 3693 1878 δᾷδας

2125 1908 2349 1978 ἐποίησε
2369 1906 2585 1975 νύκτωρ
2622 1907 2731 1970 τοῖς
2766 1903 3011 1967 πολίταις
3045 1902 3301 1973 φανῆναι,
3332 1902 3429 1954 καὶ
3466 1901 3566 1972 τὴν
3596 1915 3692 1955 πο·

2126 2004 2374 2075 λιορκῐαν
2402 2004 2669 2074 φυγόντες
2712 2001 3025 2072 Φωσφόριον
3055 2000 3146 2052 τὸν
3178 1997 3343 2052 τόπον
3379 1996 3692 2066 ὠνόμασαν.

2196 2096 2262 2151 Et
2288 2096 2403 2152 haec
2431 2096 2648 2165 quidem
2677 2095 2744 2149 de
2775 2104 3005 2163 utroque
3032 2090 3275 2161 opusculi
3317 2085 3691 2143 Constantinei

2127 2192 2266 2245 libro
2329 2184 2621 2249 subiciant,
2696 2185 2971 2256 prmmissa
3039 2182 3269 2245 scilicet,
3328 2189 3385 2233 ut
3408 2180 3475 2234 iis
3522 2176 3696 2234 solido

2126 2295 2348 2339 utamur
2409 2279 2596 2350 iudicii
2648 2277 3019 2343 fundamento,
3071 2274 3215 2346 quod
3266 2272 3487 2344 jamde
3532 2270 3697 2326 totius

2126 2376 2313 2447 scripti
2387 2374 2613 2433 consilio
2680 2374 2965 2444 pretioque
3032 2370 3313 2425 ferendum
3374 2381 3491 2422 esse
3542 2364 3694 2420 vide-

2129 2483 2233 2526 llil'.

2197 2564 2587 2620 Constantinus
2643 2557 3140 2631 Porphyrogenilus
3191 2557 3299 2610 duo
3331 2555 3531 2623 scripta
3563 2563 3693 2622 geov

2128 2657 2383 2730 graphice
2414 2656 2679 2721 exaravit,
2706 2669 2867 2708 unum
2907 2651 2982 2707 De
3006 2650 3427 2706 administrando
3456 2647 3693 2715 imperio.

2128 2745 2242 2803 tilio
2264 2761 2362 2802 suo
2386 2744 2637 2801 Romano
2675 2744 3032 2813 inscriptum;
3070 2740 3402 2797 alterumve
3449 2741 3696 2792 ιιρεηιηιὲ-

2129 2837 2223 2894 bus
2253 2836 2593 2911 (provinciis)
2634 2835 2848 2905 imperii
2900 2833 3207 2905 Byzantini.
3247 2830 3363 2886 Jam
3399 2832 3480 2886 .de
3515 2828 3698 2899 priore

2128 2932 2272 2987 inter
2301 2932 2490 2987 doctos
2530 2932 2664 2987 satis
2697 2938 2933 2991 constat,
2964 2927 3152 2999 quanti
3200 2940 3384 2981 revera
3422 2924 3698 2979 aestiman-

2132 3031 2255 3087 dum
2288 3029 2379 3091 sit,
2407 3024 2587 3096 magni
2614 3022 2844 3081 scilicet.
2881 3020 3053 3077 Habet
3096 3020 3310 3099 quidem
3360 3014 3698 3087 negligentia:

2052 3140 2098 3202 α
2131 3122 2278 3179 varia
2306 3121 2553 3190 vestigia,
2574 3119 2889 3189 jnstumque
2926 3118 2981 3169 in
3012 3129 3078 3169 eo
3108 3114 3348 3169 ordinem
3403 3127 3465 3165 ac
3497 3110 3695 3165 decur-

2130 3225 2251 3269 sum
2298 3209 2556 3265 narrandi
2597 3206 2796 3263 frustra
2827 3220 3063 3277 quaeres.
3116 3203 3225 3258 lmo
3249 3212 3372 3257 sunt
3401 3200 3697 3257 subitaneus

2132 3303 2442 3361 notationcs
2470 3300 2538 3354 de
2569 3297 2778 3369 populis
2811 3295 3132 3366 quibusdam
3169 3292 3378 3357 vicinis,
3405 3305 3482 3346 sc.
3516 3290 3699 3346 orien-

2135 3397 2354 3463 talibus,
2390 3392 2718 3456 horealibus,
2739 3389 3188 3455 occidentalibus,
3214 3401 3469 3456 quarum,
3490 3399 3568 3441 eae
3591 3398 3695 3453 po-

2135 3486 2403 3543 tissimum
2450 3499 2572 3556 quae
2625 3482 3049 3551 septentrionem
3086 3478 3375 3542 illustrant,
3424 3493 3528 3531 non
3586 3489 3699 3529 uno

2136 3589 2345 3635 tantum
2382 3577 2541 3633 titulo
2587 3574 2744 3630 valde
2787 3571 3071 3628 laudanda
3109 3579 3255 3625 sunt.
3306 3567 3517 3623 Etenim
3561 3566 3699 3622 bona

2135 3670 2326 3728 mellite
2353 3668 2697 3741 geographia
2732 3681 2878 3736 pars,
2909 3676 3177 3734 quatenus
3216 3662 3436 3717 boream
3469 3666 3699 3727 spectat,

2135 3763 2233 3821 soli
2263 3763 2377 3819 fere
2402 3762 2541 3819 libro
2562 3758 2955 3818 Constantiueo
2979 3757 3262 3822 innititur;
3294 3754 3384 3823 qui
3413 3770 3537 3809 num
3567 3754 3703 3807 inte-

2136 3872 2233 3930 ger
2250 3858 2318 3913 ad
2343 3869 2444 3911 nos
2471 3840 2796 3925 pervenerit,
2822 3865 3015 3915 necne,
3056 3849 3109 3905 id
3142 3864 3271 3904 vero
3311 3846 3525 3902 diilicile
3558 3846 3703 3899 dictu

2137 3964 2258 4007 esse
2284 3950 2557 4006 existimo.
2586 3945 2761 4002 liabet
2783 3944 2943 4000 etiam
2971 3942 3109 3998 male
3137 3941 3341 4010 digesta
3359 3939 3493 3995 satis
3513 3937 3702 4003 multa,

2137 4045 2345 4103 scilicet
2400 4043 2539 4097 varii
2586 4040 2807 4112 generis
2851 4038 2971 4094 sive
3010 4036 3288 4090 notamina
3337 4034 3452 4087 sive
3492 4032 3706 4088 addita-

2138 4145 2344 4204 menta,
2376 4133 2715 4190 antecedenti
2744 4129 3045 4186 narrationi
3080 4142 3212 4183 voce
3245 4125 3444 4190 ἰστέον,
3489 4143 3541 4180 κ.
3578 4140 3629 4177 τ.
3651 4121 3703 4179 λ.

2142 4228 2463 4301 agglutinari
2512 4226 2694 4289 solita,
2740 4239 2892 4279 more
2940 4220 3377 4281 scholiastarum,
3429 4216 3583 4285 cujus
3629 4216 3707 4270 rei

2142 4334 2403 4376 nauseam
2448 4317 2590 4381 alius
2632 4317 2874 4386 scriptor
2910 4316 3133 4369 vitasset
3179 4330 3194 4365 :
3228 4322 3321 4364 aut
3361 4310 3567 4363 alienus
3618 4322 3707 4374 ea,

2142 4426 2241 4484 per
2262 4427 2321 4469 se
2355 4427 2462 4467 non
2486 4406 2901 4475 contemnenda,
2930 4404 3167 4460 intrusit.
3200 4402 3464 4457 Caeterum
3496 4401 3578 4453 sui
3606 4400 3707 4453 aevi

2144 4503 2552 4576 geographiam,
2602 4512 2656 4557 et
2699 4498 2914 4571 quidem
2939 4508 3275 4559 extraneum,
3308 4494 3580 4549 illustrare
3613 4505 3707 4546 vo-

2144 4598 2264 4661 luit,
2297 4596 2476 4653 minus
2504 4596 2601 4651 (sui
2646 4593 2983 4655 remotioris;
3021 4591 3086 4645 de
3131 4603 3236 4659 quo
3285 4603 3403 4658 qua:
3454 4586 3590 4642 forte
3621 4586 3713 4640 ad-

2144 4693 2366 4756 duntur,
2400 4688 2626 4744 minoris
2647 4700 2707 4739 ea
2736 4684 2990 4739 momenti
3014 4699 3133 4740 esse
3169 4681 3435 4737 videnlur.
3469 4678 3711 4747 Namque

2146 4781 2452 4839 totusiiber
2475 4779 2654 4836 saeculi
2707 4778 2899 4833 decimi
2952 4786 3152 4832 statum
3205 4784 3433 4841 spectat,
3493 4788 3595 4827 non
3633 4787 3714 4827 rc-

2148 4877 2430 4933 motioreln
2458 4873 2869 4943 antiquitatem,
2910 4873 2977 4926 de
3022 4885 3126 4939 qua
3161 4869 3383 4923 omnino
3430 4867 3714 4938 penitioris

2147 4965 2467 5023 eruditionis
2494 4962 2799 5034 specimina
2822 4963 2906 5016 vix
2938 4962 3098 5016 edere
3143 4968 3355 5028 poterat
3398 4959 3712 5028 imperator,

2148 5057 2344 5113 collato
2392 5056 2691 5110 thematum
2724 5050 2926 5108 libello.
2963 5049 3229 5107 thterum
3282 5051 3520 5120 speciem
3568 5061 3715 5101 com-

2151 5146 2567 5209 mentariorum,
2595 5143 2806 5215 publica
2846 5140 3169 5197 auctoritate
3201 5137 3555 5199 munitorum,
3603 5149 3716 5190 ma-

2154 5239 2354 5295 nifcsto
2385 5252 2493 5307 prae
2533 5251 2593 5293 se
2646 5235 2750 5291 fert
2804 5246 2987 5290 noster
3032 5229 3371 5287 Constantini
3425 5227 3562 5283 liber
3592 5240 3607 5279 :
3634 5236 3718 5281 est

2151 5331 2583 5387 euillllliomauo
2616 5328 2726 5385 lilio
2781 5327 3084 5392 dedicatus,
3134 5324 3257 5380 coll.
3322 5320 3714 5393 inscriptione:

2153 5425 2590 5489 Κωνσταντὶνου,
2620 5420 2714 5477 τοῦ
2734 5423 2795 5479 ἐν
2824 5420 3045 5494 Χριστῷ
3068 5417 3277 5490 βασιλεῖ
3323 5415 3524 5484 αἰωνίῳ
3560 5414 3711 5484 βασιο

2153 5518 2290 5583 λέως
2329 5518 2637 5589 Ῥωμαίων,
2675 5512 2812 5587 πρὸς
2843 5514 2935 5570 τὸν
2963 5514 3096 5569 ἴδιον
3148 5513 3266 5567 υἱὸν
3305 5509 3597 5582 ’1³ωμανδν,
3626 5508 3719 5562 τὸν

2156 5606 2424 5676 Osos-raw]
2455 5607 2549 5662 καὶ
2593 5605 3099 5677 πορφυρογέννητον
3135 5602 3382 5675 βασιλέα.
3442 5600 3720 5657 Postremo

2157 5697 2403 5754 Graecum
2440 5695 2555 5766 ejus
2584 5694 2819 5761 titulum,
2852 5695 2998 5749 unde
3039 5702 3418 5764 argumentum
3468 5688 3717 5762 cognosci

2155 5788 2351 5865 possit,
2382 5788 2619 5846 nondum
2654 5788 2898 5859 equidem
2932 5786 3113 5846 iuveni
3140 5800 3156 5853 ;
3188 5783 3377 5839 Latina
3401 5798 3534 5861 vero
3562 5780 3718 5840 inter-
