4068 6324
443 302 519 370 25
594 336 597 337 ν
1557 289 1964 362 VARIORUM
2002 285 2571 359 PBJSFATIONES.
3624 295 3697 365 26

443 422 654 481 pretum
704 404 1010 481 inscriptio,
1058 425 1138 465 sc.
1176 406 1250 466 De
1300 410 1725 467 adtttinistrattdo
1775 412 2016 481 imperio,
2047 420 2094 479 Α
2126 416 2231 473 tur,
2281 424 2590 483 quanquam
2634 423 2740 469 non
2790 408 3027 468 alienum
3083 419 3203 468 erat
3253 428 3283 468 a
3341 427 3423 481 re,
3464 410 3704 473 veterem

442 519 621 575 neque
658 514 977 575 argumento
1004 503 1170 572 ipsius
1208 504 1539 559 narrationis
1585 506 1899 576 respondet,
1927 518 2023 557 nc-

440 613 549 669 que
579 599 714 654 adeo
754 599 1054 669 pratiationi
1092 618 1104 652 :
1163 598 1294 652 Ἰδοὺ
1335 598 1592 670 ὲκτίθημί
1639 615 1720 653 σοι
1763 598 2020 652 διδασκα-

440 690 587 759 λίαν,
618 690 761 745 ὥστε
804 694 871 762 τῇ
906 693 969 744 ἐκ
1011 690 1216 761 ταύτης
1263 690 1432 763 πείρᾳ
1485 692 1583 745 ’καὶ
1630 691 1830 760 γνώσει
1867 709 2020 746 συνεί

441 784 695 838 τισθᾶψτα
740 786 868 856 περὶ
910 786 1008 849 τὰς
1059 783 1341 855 βελτίστας
1389 785 1584 855 βουλὰς
1620 787 1715 839 καὶ
1764 785 1825 839 τὸ
1866 785 2020 855 κοινῇ

444 872 724 944 συμφέρον
790 874 864 944 μὴ
929 873 1340 943 διαμαρτάνειν.
1395 875 1598 945 Πρῶτα
1672 874 1771 944 μὲν
1800 913 1815 938 ,
1870 875 2022 927 ποῖον

442 965 597 1030 ἔθνος
642 966 787 1021 κατὰ
828 967 879 1020 τί
939 967 1038 1035 μὲν
1088 966 1367 1036 ὠφελῆσαι
1408 967 1630 1022 δύναται
1690 966 2020 1039 Ῥωμαίους,

444 1058 584 1113 κατᾶ
604 1060 653 1113 τι
687 1059 741 1112 δὲ
773 1059 993 1130 βλάψαι,
1030 1060 1145 1131 [καὶ
1172 1058 1344 1132 ποῖον]
1372 1061 1465 1114 καὶ
1491 1060 1605 1124 πῶς
1633 1060 1862 1114 ἕκαστον
1894 1058 2021 1113 τού-

443 1168 576 1213 των.
610 1152 706 1206 καὶ
737 1155 889 1222 παρὰ
927 1152 1086 1206 ποίου
1131 1154 1351 1207 δύναται
1397 1151 1584 1216 ἔθνους
1631 1154 1724 1207 καὶ
1762 1154 2019 1223 πολεμεῖ-

447 1243 574 1297 σθαι
604 1243 698 1297 καὶ
742 1243 1172 1299 ὑποτάσσεσθαι·
1225 1246 1412 1299 ἔπειτα
1448 1246 1574 1315 περὶ
1610 1247 1709 1315 τῆς
1746 1246 2021 1314 ἀπλήστου

444 1339 543 1394 καὶ
575 1338 874 1409 ἀκορέστου
911 1340 1106 1393 ,αὐτῶν
1156 1341 1404 1412 γνώμης,
1447 1340 1543 1394 καὶ
1573 1334 1648 1394 ὧν
1698 1341 2022 1410 παραλόγως

443 1427 783 1497 ιξαιτοῦνται
812 1431 1110 1503 λαμῦάνειν
1132 1450 1147 1465 ⁸
1199 1428 1298 1487 εἷθ’
1336 1432 1508 1497 οὕτως
1543 1436 1634 1487 καὶ
1666 1436 1794 1505 περὶ
1838 1434 2025 1499 διαιρο-

448 1525 552 1596 ρᾶς
600 1525 802 1595 ἑτέρων
838 1525 1028 1592 ἐθνῶν,
1067 1527 1423 1596 γενεαλογίας
1468 1543 1527 1580 τε
1566 1527 1737 1581 ἐθνῶν
1768 1528 1860 1579 καὶ
1907 1526 2024 1598 βίου

443 1614 743 1685 διαγωγῆς,
792 1618 888 1671 καὶ
942 1618 1144 1682 θέσεως
1191 1622 1286 1673 καὶ
1317 1619 1565 1690 κράσεως
1596 1618 1692 1689 τῆς
1738 1636 2025 1673 κατοικου-

450 1711 616 1783 μένης
643 1712 776 1781 παρ’
805 1713 983 1767 αὐτῶν
1017 1714 1117 1782 γῆς
1144 1714 1239 1767 καὶ
1268 1715 1651 1786 περιηγήσεως
1689 1714 1881 1782 αὐτῆς,
1930 1714 2025 1766 καὶ

2128 510 2328 559 statum
2342 503 2772 574 provinciarum,
2804 503 3102 576 pmsertim
3125 506 3344 563 nomina
3372 506 3705 579 antiquiora,

2128 611 2249 651 cum
2296 612 2398 651 usu
2435 597 2533 651 aevi
2578 598 2765 653 novitii
2822 612 3161 668 comparare,
3201 609 3363 669 atque
3416 601 3488 656 ita
3536 604 3701 656 vitam

2127 688 2415 758 quamdam
2442 687 2709 758 inspirare
2732 686 3088 759 imagunculis
3133 688 3528 758 geographicis.
3563 702 3702 757 qua-

2130 797 2245 837 rum
2277 781 2410 837 lines
2445 791 2650 836 tantum
2687 781 2964 853 lineasque
3002 792 3253 835 externas
3299 782 3696 853 conspicimus,

2130 876 2385 931 interiora
2448 876 2839 932 desideramus.
2890 876 2946 931 ld
2981 876 3121 946 quod
3170 876 3405 930 maxime
3457 877 3599 932 cadit
3644 877 3698 931 in

2129 969 2325 1025 librum
2364 970 2685 1035 secundum,
2742 968 3044 1025 incredibili
3097 970 3343 1025 socordia
3396 969 3698 1039 scriptum;

2130 1070 2222 1115 aut
2251 1062 2469 1117 meliora
2505 1062 2624 1132 ejus
2672 1061 2907 1116 fatorum
2962 1060 3221 1129 iniquitas
3269 1062 3553 1129 abstraxit,
3601 1075 3701 1116 cx-

2131 1157 2323 1225 ceptis,
2361 1165 2415 1209 ut
2444 1154 2574 1219 dixi,
2618 1152 2823 1209 ultimis
2868 1154 3157 1224 capitibus,
3190 1154 3282 1207 ubi
3335 1152 3569 1225 scriptor
3601 1153 3701 1208 im-

2133 1250 2310 1304 munis
2337 1255 2454 1303 erat
2492 1265 2518 1301 a
2553 1248 2865 1303 recoetione
2901 1246 3199 1301 llieroclea.

2200 1339 2296 1395 llis
2321 1341 2606 1410 expositis,
2640 1353 2827 1394 verum
2873 1339 3245 1395 Constantinei
3274 1339 3436 1395 libelli
3466 1340 3699 1408 pretium

2131 1431 2291 1487 facile
2355 1430 2637 1499 ponderari
2673 1444 2832 1501 posse
2880 1430 3117 1487 videtur.
3170 1429 3303 1485 lllud
3356 1445 3506 1495 vero,
3557 1432 3700 1500 quod

2131 1526 2433 1589 miraberis,
2469 1528 2555 1581 vix
2589 1527 2652 1580 ad
2684 1526 2953 1589 ultimam,
3011 1525 3056 1581 si
3108 1525 3236 1597 quid
3294 1525 3471 1592 video,
3517 1535 3698 1580 notam

2130 1621 2341 1675 detrudi
2376 1620 2594 1689 paterit.
2629 1618 2811 1676 Primo
2866 1620 3009 1676 enim
3040 1622 3157 1676 ista:
3211 1623 3448 1690 capitum
3500 1621 3699 1675 inscri-

2134 1715 2343 1782 ptiones
2394 1714 2613 1771 unicum
2676 1715 2853 1779 nobis,
2910 1714 3051 1782 quod
3099 1724 3300 1779 exstat,
3363 1712 3704 1785 geographia:

449 1803 779 1875 σταδιασμοῦ
808 1806 943 1876 πρὸς
993 1806 1221 1871 τούτοις,
1255 1810 1350 1861 καὶ
1391 1808 1647 1878 περὶτῶν
1679 1806 1734 1860 ἕν
1768 1824 1873 1861 τινι
1903 1824 2018 1861 και-

2126 1807 2439 1880 Byzantina:
2473 1808 2750 1877 exemplar
2799 1817 2855 1864 et
2901 1808 3188 1863 formulam
3235 1811 3303 1863 ob
3364 1806 3549 1862 oculos
3605 1821 3699 1877 po-

449 1899 530 1969 ρῷ
558 1900 759 1970 μεταξὺ
803 1901 1088 1970 Ῥωμαίων
1131 1901 1225 1955 καὶ
1250 1900 1522 1971 διαφόρων
1550 1901 1719 1954 ἐθνῶν
1747 1900 2021 1971 συμὸεόη·

444 1991 641 2055 κότων,
671 1992 764 2046 καὶ
810 1992 944 2063 μετὰ
977 1991 1151 2045 ταῦτα
1174 1992 1273 2047 ὅσα
1310 1993 1368 2046 ἐν
1395 1997 1458 2063 τῇ
1511 1990 1634 2048 καθ’
1677 1994 1826 2064 ἡμᾶς
1868 1992 2021 2046 πολι-

445 2082 593 2155 τείᾳ,
628 2084 761 2137 ἀλλὰ
808 2084 902 2137 καὶ
947 2086 1004 2137 ὲν
1050 2083 1198 2157 πάσῃ
1241 2088 1306 2157 τῇ
1351 2083 1633 2156 Ῥωμαίων
1686 2086 1827 2156 ἀρχῇ
1883 2085 2022 2140 κατά

452 2192 606 2239 τινας
636 2176 862 2246 χρόνους
902 2177 1328 2248 ἐκαινοτομήθη.
1373 2178 1515 2246 Agit,
1549 2188 1607 2231 ut
1636 2178 1767 2244 dixi,
1804 2178 1870 2232 de
1909 2192 2021 2232 ex-

447 2272 636 2320 tranea
680 2271 761 2322 sui
792 2270 889 2323 :evi
926 2269 1275 2338 geOgrapltia,
1318 2268 1665 2338 interspersis
1694 2270 1780 2324 hic
1814 2269 1885 2323 ibi
1924 2283 2020 2322 no-

447 2359 576 2414 Iulis
610 2372 770 2437 atque
800 2363 1263 2417 admonitionibus
1292 2360 1357 2417 de
1378 2363 1461 2417 via
1488 2379 1550 2417 ac
1583 2366 1813 2429 ratione,
1858 2378 2018 2432 quam

447 2453 575 2507 belli
608 2454 863 2523 pacisque
889 2456 1211 2511 commercia
1235 2472 1354 2512 cum
1382 2457 1680 2526 potioribus
1718 2457 2017 2512 vicinorum

445 2547 694 2613 gentibus
722 2547 1059 2602 instituenda
1085 2549 1238 2620 sequi
1267 2551 1489 2604 omnino
1511 2550 1765 2615 debeant.
1796 2547 2020 2604 Cautius

446 2638 503 2697 in
540 2639 629 2693 bis
654 2649 925 2694 versatum
953 2640 1113 2695 video
1142 2638 1230 2696 εἷο.
1263 2642 1417 2714 Bapt.
1453 2643 1740 2713 Egnatium
1769 2642 1841 2697 De
1864 2644 2016 2713 prin-

445 2728 649 2793 cipibus
695 2729 947 2787 Romanis
979 2730 1117 2789 libro
1157 2749 1194 2788 tt
1240 2734 1505 2804 (llancke,
1555 2733 1798 2805 DeByz.
1845 2750 2018 2788 rerum

443 2822 789 2887 scriptoribus
844 2823 1041 2880 ercis
1080 2840 1132 2896 ρ.
1164 2825 1287 2897 477)
1332 2844 1346 2882 :
1380 2826 1480 2879 llic
1525 2827 2016 2898 (Constantinus)...

447 2915 640 2968 librant
670 2916 905 2972 Romano
928 2918 1040 2986 ﬁlio
1074 2919 1302 2990 reliquit,
1339 2922 1391 2971 in
1422 2937 1522 2989 quo
1571 2937 1828 2975 summam
1861 2922 2019 2975 totius

445 3009 679 3074 itttoerii,
716 3010 982 3065 sociorum
1033 3013 1267 3065 omnium
1310 3011 1531 3080 fmdera,
1586 3015 1811 3069 hostium
1859 3016 2015 3076 uires,

444 3104 701 3169 rationes,
731 3103 954 3157 consilia
1007 3105 1327 3171 explicuit...
1383 3107 1525 3176 Ergo
1572 3107 1853 3179 Egnatius,
1894 3107 2016 3160 libri

447 3210 554 3250 ms.
581 3209 883 3263 possessor,
910 3212 1015 3252 non
1034 3196 1199 3252 alium
1219 3200 1397 3269 operis
1417 3201 1630 3255 titulum
1650 3209 1830 3264 norat,
1852 3213 2012 3269 quam

443 3288 616 3343 solam
661 3289 903 3357 epistola:
936 3290 1365 3361 inscriptionem.

516 3377 700 3450 Longe
730 3380 888 3434 aliam
924 3380 1114 3436 faciem
1154 3382 1405 3452 aliudque
1466 3386 1745 3443 consilium
1796 3387 2018 3441 alterius

448 3472 570 3526 libri
604 3488 743 3538 esse,
771 3474 860 3543 qui
893 3473 1208 3530 inscribitur
1235 3475 1305 3529 De
1332 3477 1633 3543 provinciis,
1663 3479 1713 3532 id
1738 3494 1880 3533 nunc
1908 3494 2021 3534 nta-

448 3565 594 3618 xime
624 3567 993 3631 exponendum
1028 3579 1152 3622 esse
1183 3567 1416 3621 videtur.
1448 3567 1565 3622 Jaut
1597 3570 1737 3624 hunc
1779 3571 2014 3625 libellum

447 3654 760 3729 Byzantina:
792 3658 1033 3713 historia:
1084 3659 1319 3714 editores
1355 3661 1424 3713 ita
1478 3660 1589 3715 fere
1643 3671 1897 3723 tractant,
1961 3671 2018 3714 ttt

446 3766 571 3807 eum
606 3750 779 3819 primo
809 3750 928 3806 loco
956 3760 1176 3820 ponant,
1204 3752 1447 3807 secundo
1493 3751 1709 3814 librum.
1742 3768 1901 3824 quem
1929 3753 2019 3807 di-

446 3855 579 3897 cunt
612 3840 687 3897 De
724 3844 1148 3897 administrando
1198 3845 1456 3910 imperio.
1492 3844 1630 3910 Quid
1670 3859 1819 3910 vero,
1856 3846 1900 3899 si
1931 3845 2018 3897 in-

446 3951 608 3991 verso
631 3936 823 3989 ordine
857 3930 1178 3991 uterentur?
1211 3935 1399 3991 Nonne
1438 3937 1700 3993 lectorum
1730 3936 2019 4007 unusquis-

446 4044 575 4098 que,
603 4028 830 4083 lustrato
851 4037 976 4084 ante
1000 4029 1231 4084 alterum
1259 4030 1399 4084 libro
1427 4033 1748 4098 posteriore,
1783 4031 1872 4099 qui
1908 4030 2017 4100 agit

447 4126 516 4178 de
576 4121 997 4193 Byzantinorum
1040 4123 1362 4194 geographia
1414 4125 1572 4177 medii
1628 4125 1726 4177 aevi
1780 4132 2015 4190 extenta,

447 4220 748 4273 thcmatum
784 4214 978 4271 librum
1004 4218 1370 4285 conspicatus,
1401 4218 1780 4287 geographiam
1809 4215 2018 4284 Byzan-

449 4311 683 4365 tiuorum
709 4310 947 4379 ejusdem
970 4310 1068 4364 aevi
1092 4309 1354 4363 intentam
1379 4311 1767 4381 exspectaret?
1799 4310 1849 4364 Id
1875 4309 2015 4381 quod

448 4405 577 4472 ipsa:
598 4417 809 4471 quoque
833 4404 1063 4465 capitum
1101 4402 1468 4470 inscriptiones
1516 4400 1735 4455 indnbie
1764 4401 2012 4456 suadent.

2125 1912 2281 1961 nunt,
2331 1902 2583 1969 exiguam
2638 1900 2786 1965 licet,
2846 1914 2931 1955 me
2986 1899 3235 1965 Hercule,
3292 1913 3463 1966 neque
3518 1906 3696 1952 tamen

2122 2005 2344 2058 prorsus
2386 1991 2832 2046 contemnendam
2868 2009 2884 2058 ;
2923 1992 3117 2045 deinde
3170 1990 3305 2045 liber
3361 1993 3495 2058 ipse,
3530 1988 3700 2044 maxi-

2123 2099 2344 2153 mopere
2371 2100 2493 2154 pars
2533 2084 2821 2153 posterior,
2859 2100 2906 2140 s.
2952 2083 3185 2151 Europa,
3232 2082 3502 2137 Ilieroclei
3546 2082 3699 2137 codi—

2122 2177 2201 2233 cis
2231 2179 2583 2245 mamtscripti
2604 2178 2721 2233 vice
2744 2176 2992 2249 fungitur
3015 2172 3348 2245 {postremo
3379 2174 3695 2230 Constanti-

2124 2287 2226 2325 nus
2252 2271 2529 2339 Stephano
2554 2272 2795 2340 pleniore
2823 2286 2949 2324 usus
2966 2280 3068 2333 est,
3099 2286 3203 2340 qua
3232 2270 3296 2325 de
3316 2285 3373 2323 re
3398 2277 3522 2323 ante
3561 2268 3698 2324 alios

2122 2364 2402 2419 adeundus
2422 2363 2869 2425 Westcrmaunus
2892 2364 2943 2418 in
2963 2364 3275 2431 praefatione
3292 2364 3510 2432 Optima:
3526 2360 3698 2432 frugis

2122 2456 2303 2527 plena,
2345 2471 2509 2529 quam
2535 2456 2760 2511 editioni
2812 2471 2923 2511 sua:
2986 2455 3365 2524 Stephaniana:
3412 2456 3694 2525 prmntisit.

2193 2546 2369 2615 Atque
2434 2545 2612 2601 dehis
2644 2545 2860 2615 quidem
2898 2546 3175 2599 hactenus.
3213 2540 3457 2613 Namque
3493 2543 3696 2599 editio-

2123 2653 2245 2693 nem
2300 2638 2559 2694 librorutn
2584 2637 2921 2694 Constantini
2952 2635 3436 2707 geographicorum
3471 2635 3697 2691 minime

2120 2732 2367 2801 equidem
2436 2746 2585 2799 paro,
2639 2741 2723 2785 sat
2772 2731 3023 2796 habens,
3088 2730 3362 2785 monuisse
3427 2731 3694 2798 quaedam,

2121 2828 2301 2881 minus
2354 2826 2435 2880 vel
2481 2826 2697 2895 cognita
2731 2825 2811 2879 vel
2837 2825 3219 2893 pervcstigata,
3262 2824 3402 2878 unde
3452 2837 3696 2878 commo-

2120 2917 2220 2974 dus
2249 2920 2315 2972 ad
2377 2918 2581 2986 reliqua
2645 2917 2803 2985 hujus
2853 2917 3096 2986 epistolas
3166 2916 3425 2970 transitus
3488 2915 3694 2969 institui

2120 3026 2279 3081 posse
2336 3012 2565 3076 videtur,
2615 3026 2733 3079 (pta:
2770 3009 3064 3079 periculum
3095 3008 3437 3079 geographia:
3483 3010 3695 3079 Byzan-

2125 3106 2267 3168 tinze,
2308 3104 2520 3159 tandem
2554 3102 2845 3173 aliquando
2875 3101 3189 3167 condendae,
3227 3099 3508 3169 suscipere
3560 3098 3697 3155 velle

2121 3197 2419 3265 proﬁtetur.

2193 3287 2250 3343 In
2285 3288 2594 3343 Occidentis
2640 3296 2694 3341 et
2734 3285 2969 3342 Orientis
3022 3284 3369 3340 distinctione
3422 3282 3694 3339 Constan-

2122 3384 2289 3437 linunt
2327 3399 2542 3451 sequor,
2570 3385 2657 3451 qui
2698 3400 2790 3437 sua
2831 3383 3054 3451 Europa!
3124 3383 3358 3437 themata
3410 3378 3693 3437 Occidentl

2122 3476 2327 3540 tribuit,
2400 3475 2541 3529 Asia:
2593 3476 2823 3529 themata
2873 3476 3101 3530 Orienti.
3139 3472 3337 3540 Prona,
3371 3471 3599 3542 inquies,
3633 3486 3696 3525 ea

2117 3568 2299 3621 omnia
2351 3574 2475 3619 sunt
2507 3576 2558 3619 ct
2594 3578 2773 3633 aperta
2815 3584 2828 3619 :
2865 3580 3095 3633 namque
3141 3565 3352 3632 Europa
3406 3574 3490 3619 est
3539 3562 3696 3618 Occi-

2119 3662 2315 3723 dentis,
2364 3660 2486 3716 Asia
2538 3659 2793 3714 Orientis.
2861 3652 3055 3713 Verum
3113 3657 3469 3730 inspiciamus
3527 3655 3690 3709 alium

2096 3754 2355 3822 ejusdem
2391 3754 2674 3823 scriptoris
2697 3752 2912 3817 librum,
2939 3766 3016 3805 sc.
3051 3751 3123 3805 De
3157 3750 3454 3804 cerimoniis
3496 3762 3559 3816 tt,
3597 3749 3688 3805 59..

2118 3848 2192 3904 lbi
2249 3856 2634 3902 enumerantur
2660 3861 2883 3900 summa:
2932 3844 3139 3914 imperii
3195 3842 3475 3915 Byzantini
3522 3842 3694 3911 digni-

2122 3952 2283 4005 tates,
2335 3955 2564 3995 numero
2616 3938 2702 3998 60.
2735 3948 2995 4008 regnante
3046 3938 3215 4006 ipsius
3278 3946 3452 4004 patre,
3508 3933 3689 3990 Leone

2120 4034 2397 4101 Sapienlc,
2424 4032 2682 4087 valentes.
2712 4032 2932 4087 Classes
2951 4045 3136 4084 earum
3166 4046 3256 4084 sex
3281 4038 3438 4083 erant
3472 4045 3485 4079 :
3518 4029 3691 4099 prima

2118 4138 2499 4196 strategornnt,
2530 4141 2645 4194 qum
2668 4124 2799 4179 duas
2828 4123 3057 4179 habebat
3084 4134 3282 4192 partes,
3307 4121 3541 4179 Orientis
3567 4121 3696 4185 (τῶν

2132 4217 2511 4285 Ἀνατολικῶν)
2563 4228 2615 4272 et
2665 4215 2974 4272 Occidentis
3027 4216 3147 4286 (τῆς
3193 4205 3450 4280 Ᾰύσεως).
3516 4212 3572 4266 In
3604 4212 3692 4266 illa

2121 4313 2403 4384 (Orientis,
2435 4309 2700 4381 inquam.)
2772 4318 2888 4379 post
2930 4308 3066 4363 alios
3130 4307 3282 4361 venit
3324 4306 3353 4357 ὁ
3385 4304 3693 4378 στρατηγὸς

2118 4404 2217 4472 τῆς
2250 4400 2491 4471 Θρᾴκης
2517 4401 2544 4451 ὁ
2569 4398 2873 4469 στρατηγὸς
2926 4399 3024 4469 τῆς
3070 4397 3428 4461 Μακεδονίας·
3467 4396 3496 4448 ὁ
3527 4414 3692 4466 στρα-

444 4496 587 4562 Ouid
622 4509 750 4549 vero
784 4507 1003 4565 pI‘J'Slai
1038 4496 1336 4548 tltematum
1368 4493 1621 4548 libellus?
1653 4492 1768 4547 Non
1792 4509 2016 4563 geogra-

2122 4493 2284 4567 τηγδς
2324 4497 2423 4565 τῆς
2480 4494 2737 4556 Χαλόἔας.
2770 4493 3071 4561 Statimque
3090 4492 3167 4547 sic
3197 4493 3435 4559 pergitur
3473 4508 3485 4543 :
3522 4483 3691 4543 Λῦται

448 4588 629 4658 phiam
661 4586 830 4656 ipsius
866 4588 1013 4654 regni
1048 4589 1428 4648 recentiorem,
1492 4587 1586 4642 sed
1641 4589 2016 4650 retustiorem,

447 4682 483 4735 i.
520 4694 569 4735 c.
599 4679 1013 4746 Justiniancant,
1035 4689 1247 4735 servata
1274 4682 1644 4735 tantummodo
1672 4681 1866 4734 ttovitia
1890 4696 2017 4749 pro-

446 4775 748 4828 vinciarum
776 4764 1274 4829 nomenclatura'et
1312 4773 1621 4839 divisione;
1672 4776 1816 4846 quod
1857 4788 2016 4843 quam

447 4868 735 4921 tttolestum
768 4867 1214 4937 legentibusesse
1244 4867 1459 4931 debeat,
1491 4865 1542 4921 id
1574 4868 1825 4938 equidem
1850 4868 2019 4935 inau-

449 4958 818 5014 tecedentibus
849 4960 981 5015 satis
1016 4974 1285 5029 superque
1321 4968 1682 5015 monstratum
1706 4967 1759 5016 et
1782 4951 2017 5017 evictum

442 5068 567 5109 esse
596 5053 868 5123 existimo.

522 5145 665 5216 Ergo
700 5147 862 5202 libelli
892 5146 1179 5201 consilium
1215 5146 1437 5201 minime
1464 5146 1516 5201 in
1555 5148 1787 5204 obscuro
1833 5163 2019 5203 versa-

448 5249 559 5302 tttr,
611 5237 810 5293 collato
852 5236 1125 5306 Hierocle,
1159 5237 1249 5309 qui
1290 5238 1355 5293 ad
1393 5241 1614 5293 verbum
1667 5241 2013 5304 exscribitur,

444 5332 575 5387 item
606 5330 883 5402 Stephano
930 5331 1246 5402 Byzantino,
1279 5347 1341 5387 ex
1394 5345 1500 5401 quo
1553 5331 1664 5386 fere
1712 5332 1827 5388 solo
1873 5334 2016 5387 anti-

445 5426 636 5494 quiora
672 5427 834 5495 petita
872 5438 995 5478 esse
1019 5424 1287 5479 videntur.
1330 5423 1403 5478 De
1437 5440 1535 5478 usu
1592 5440 1807 5495 quoque
1858 5441 2012 5482 cent-

449 5520 798 5573 mentationis
812 5516 1132 5588 quotidiana
1153 5533 1198 5571 s.
1228 5518 1433 5587 vulgari
1451 5517 1536 5571 vix
1560 5518 1795 5579 dubitari
1818 5527 2013 5587 potest.

447 5610 659 5666 Etenim
691 5619 902 5681 spectat
936 5611 1232 5666 studiosam
1260 5610 1601 5681 antiquitatis
1650 5610 2014 5680 iuventutem,

446 5707 534 5762 cui
570 5705 844 5762 llic-roclcs
871 5707 1285 5762 commendatur
1315 5721 1435 5759 cum
1481 5705 1749 5761 similibus
1783 5706 2015 5776 scripto-

446 5800 616 5854 ribus.
653 5796 992 5867 Gtographia
1026 5797 1185 5852 medii
1229 5796 1325 5852 aevi
1363 5797 1590 5852 summis
1613 5796 1809 5854 labris.
1840 5801 2012 5871 tangi-

2120 4584 2211 4642 οὖν
2241 4588 2297 4641 oti
2326 4588 2651 4656 στρατηγίαι
2707 4584 2811 4657 [tv]
2864 4588 2972 4648 τοῖς
3025 4583 3387 4646 ’Λνατολικοῖς
3460 4581 3693 4651 θέμασιν

2122 4680 2500 4751 ἀριθμοῦνται,
2538 4680 2602 4733 Ai
2622 4680 2679 4733 δὲ
2711 4680 2812 4748 τῆς
2842 4678 3060 4741 Δύσεὼς
3079 4679 3218 4731 εἰσιν
3244 4671 3402 4730 αὗται
3424 4692 3435 4704 ·
3462 4676 3490 4727 ὁ
3533 4692 3695 4744 στρα-

2120 4777 2283 4847 τηγὸς
2344 4774 2791 4845 Πελοποννήσουῇ
2826 4774 2854 4826 ὁ
2886 4770 3189 4843 στρατηγὸς
3248 4769 3595 4831 Νικοπόλεως
3618 4785 3629 4804 σ
3664 4769 3692 4821 ὁ

2121 4868 2424 4941 στρατηγὸς
2453 4865 2887 4940 Κιϐυρῥαιωτῶν
2905 4882 2918 4895 ·
2947 4867 2975 4919 ὁ
2993 4863 3296 4936 στρατηγὸς
3346 4862 3615 4924 Ἑλλάδος.
3641 4904 3651 4916 .
3676 4900 3690 4916 .

2117 4963 2147 5014 ὁ
2177 4960 2481 5033 στρατηγὸς
2533 4960 2636 5031 τῆς
2680 4960 2862 5029 Σάμου
2886 4974 2901 4989 ·
2931 4960 2958 5012 ὁ
2990 4955 3293 5028 στρατηγὸς
3326 4953 3420 5009 τοῦ
3467 4954 3693 5022 Αἰγαίου

2119 5052 2389 5120 πελάγους
2411 5068 2425 5083 ο
2457 5053 2484 5106 ὁ
2506 5050 2809 5121 στρατηγὸς
2839 5048 3172 5119 Δαλματίας,
3201 5066 3255 5101 κ.
3283 5063 3332 5101 τ.
3361 5046 3410 5101 λ.
3437 5047 3515 5101 Eu
3541 5060 3691 5108 vero,

2118 5163 2278 5217 quam
2340 5156 2499 5201 tenax
2554 5145 2719 5201 fuerit
2764 5145 3018 5199 saeculum
3070 5143 3361 5207 decimum,
3398 5141 3506 5197 imo
3536 5148 3693 5193 ante-

2122 5240 2284 5303 riora,
2328 5239 2514 5294 formae
2564 5238 2823 5309 pristiuze,
2895 5251 3015 5304 qum
3071 5246 3188 5289 erat
3245 5232 3425 5289 saeculi
3492 5229 3690 5302 quarti.

2120 5336 2360 5406 Namque
2389 5336 2452 5390 de
2514 5332 2871 5391 Constantino
2919 5329 3076 5402 plane
3109 5330 3186 5384 sic
3231 5327 3392 5383 refert
3444 5325 3695 5381 Zosimus

2122 5447 2182 5493 tt,
2203 5432 2272 5485 55
2299 5431 2373 5500 (p.
2404 5429 2471 5492 98
2499 5428 2584 5484 ed.
2612 5428 2810 5497 Bona.)
2837 5444 2850 5480 :
2882 5426 3294 5485 κωνσταντῖνος
3317 5423 3395 5489 δὲ,
3417 5421 3483 5474 τὰ
3511 5416 3692 5481 καλῶς

2119 5522 2438 5578 καθεστῶτα
2484 5520 2668 5577 κινῶν,
2742 5519 2870 5589 μίαν
2911 5512 3076 5572 οὖσαν
3106 5518 3162 5579 ἐς
3188 5514 3458 5582 τέσσαρας
3498 5510 3690 5563 διεῖλεν
3786 5571 3798 5583 ⁸

2118 5615 2313 5690 ἀρχάς.
2352 5613 2612 5686 ’Υπάρχῳ
2634 5613 2739 5683 γὰρ
2771 5611 2853 5664 ἐνὶ
2880 5613 2977 5681 τὴν
3003 5610 3276 5677 Αἴγυπτον
3303 5606 3520 5662 ἃπασαν
3553 5602 3689 5675 πρὸς

2119 5712 2184 5780 τῇ
2214 5706 2562 5771 ,ΙΙενταπῶλει
2622 5704 2830 5775 Auﬁdi};
2855 5703 2951 5757 καὶ
2984 5703 3082 5772 τὴν
3110 5700 3251 5772 ἑῴαν
3282 5700 3408 5769 ἄχρι
3435 5697 3682 5750 Μεσοπο-

2119 5801 2324 5877 ταμίας
2377 5802 2468 5855 καὶ
2532 5800 2747 5871 προσέτι
2783 5813 2846 5867 γε
2895 5796 3122 5860 Κίλικας
3164 5791 3255 5847 καὶ
3307 5788 3681 5850 Καππάδοκας
