4068 6324
458 251 527 320 31
1577 250 1987 333 VARIORUM
2013 250 2605 323 Pammenes.
3656 258 3731 323 32*

461 376 541 439 (p.
567 364 672 425 663
701 367 788 422 ed.
820 365 1021 439 Bontt.)
1054 385 1067 422 :
1094 365 1285 439 Τούτῳ
1332 365 1410 440 τῷ
1470 367 1579 424 ἔτει
1631 368 2042 427 Κωνσταντῖνος

2159 376 2370 421 currere
2393 362 2638 420 memini.
2679 361 2819 433 Ergo
2870 361 3126 419 thematis
3160 372 3357 419 nomen
3408 360 3465 419 in
3507 364 3741 421 unicam

460 461 561 527 τὰς
593 460 735 517 κατὰ
764 460 1105 515 Μακεδονίαν
1134 455 1459 528 Σκλασινίας
1486 461 1898 536 ῂχμαλώτευσε.
1925 474 2034 531 quo

462 555 529 608 tle
573 552 690 609 loco
722 551 807 608 adi
842 567 958 607 mea
1010 551 1505 609 Thessalonicensia
1542 556 1811 627 .(prolegg.
1860 568 1914 623 p.
1967 568 2036 609 cv

464 646 645 715 ibique
676 644 835 716 not.).
869 644 1014 701 Idem
1049 646 1115 700 ad
1143 662 1194 700 a.
1226 646 1330 702 794
1363 646 1568 719 (Irenes
1605 661 1657 703 ιι.
1695 647 1748 719 5)
1790 647 1876 704 ed.
1934 647 2029 702 cit.

461 752 519 808 p.
561 737 663 792 737
696 755 710 792 :
743 736 1201 810 Μονοστράτηγον
1240 740 1320 802 είς
1347 739 1444 811 τὴν
1472 739 1696 815 Θρᾴκην
1719 740 1812 794 καὶ
1850 741 2040 794 Μακιε‹⁵

462 829 643 884 δονίαν
676 828 808 886 :ubi
843 832 1284 903 μονοστράτηγος
1315 834 1432 888 usui
1476 834 1683 905 vulgari
1722 834 2035 903 Opponitur,

464 924 757 980 secundum
800 940 963 997 quem
991 924 1223 982 Thracia
1254 942 1411 983 suum
1446 926 1753 999 στρατηγὸν
1782 926 2041 991 habebat,

464 1028 520 1070 et
546 1015 857 1073 Macedonia
892 1033 1068 1072 suum.
1123 1015 1269 1072 Idem
1307 1034 1361 1090 p.
1403 1018 1510 1073 7'72
1544 1020 1617 1091 (a.
1656 1017 1783 1089 80-I)
1822 1037 1835 1071 :
1877 1018 1940 1071 0i
1983 1018 2042 1073 δὲ

464 1107 767 1180 Βούλγαροι
797 1107 957 1162 πλέον
976 1109 1310 1181 κατίσχυσαν
1328 1108 1557 1183 Θρᾴκης
1571 1109 1663 1164 καὶ
1678 1108 2039 1175 Μακεδονίας.

465 1201 599 1256 Τότε
630 1200 723 1255 καὶ
757 1200 1063 1272 Ἀγχίαλον,
1105 1219 1159 1255 κ.
1196 1219 1248 1257 τ.
1271 1202 1321 1257 λ.
1354 1202 1499 1257 Idem
1538 1219 1591 1271 p.
1628 1202 1723 1256 781
1759 1200 1829 1272 (a.
1859 1201 1983 1274 805)
2026 1219 2042 1257 :

464 1296 574 1350 Καὶ
616 1295 869 1369 Ἰωάννης
898 1296 1207 1367 (πατρίκιος
1233 1296 1329 1349 καὶ
1355 1296 1657 1368 στρατηγὸς
1682 1294 2042 1360 Μακεδονίας,

465 1392 547 1443 sic
577 1388 1043 1460 distinguendum)
1110 1390 1138 1444 ὁ
1173 1388 1473 1461 Ἀπλάκης.

538 1479 900 1551 Nicephorus,
944 1482 1281 1553 Cpolitanus.
1330 1493 1387 1539 ut
1436 1492 1649 1554 putant,
1706 1484 2040 1552 patriarcha,

465 1576 644 1643 quide
664 1578 824 1632 rebus
851 1584 971 1646 post
1012 1573 1335 1632 Mauricium
1380 1577 1549 1649 gestis
1595 1577 1838 1648 scripsit,
1899 1594 2044 1632 mor-

470 1675 595 1722 tuus
626 1682 677 1721 a.
706 1666 831 1723 828.
865 1667 912 1722 Is
946 1670 1150 1722 novitio
1203 1667 1530 1725 Macedoniae
1587 1685 1686 1723 usu
1739 1670 2047 1731 abstinens,

2144 467 2256 514 tum
2299 460 2558 517 thematis
2600 460 2950 532 metropoliu,
2982 457 3351 533 Naupactum,
3404 461 3733 523 translatum

2147 553 2365 621 putabis
2386 554 2412 608 ?
3080 554 3083 557 ’

2224 643 2615 701 Constantinus
2670 643 3165 718 Porphyrngenitus
3203 642 3221 715 (
3254 646 3441 715 3.19M
3469 679 3539 689 -
3575 648 3724 720 945).

2150 735 2226 792 De
2278 735 2593 791 cerimoniis
2622 735 2684 803 II,
2707 735 2775 791 52
2811 754 2826 790 z
2863 734 2922 789 Ἦ
2957 734 3123 807 (ἀξία)
3153 737 3246 790 τοῦ
3286 741 3591 811 στρατηγοῦ
3630 744 3729 812 τῆς

2148 830 2394 902 Θρᾴκης.
2433 828 2492 883 Ἠ
2524 828 2616 882 τοῦ
2650 828 2958 902 στρατηγοῦ
2988 830 3348 896 Μακεδονίας.
3391 833 3592 889 Ibidem
3627 835 3731 890 :‘0

2151 922 2455 995 στρατηγὸς
2503 924 2603 995 τῆς
2661 924 2902 995 Θρᾴκης.
2946 922 3010 978 ’0
3039 924 3339 996 στρατηγὸς
3367 927 3731 991 Μακεδονίας.

2149 1017 2351 1072 Ibidem
2379 1038 2391 1073 :
2420 1016 2479 1069 Ὀ
2504 1013 2815 1080 ἀνθύπατος
2841 1016 3127 1087 πατρίκιος
3160 1017 3254 1071 καὶ
3300 1020 3609 1091 στρατηγὸς
3636 1020 3735 1086 τῖς

2151 1109 2417 1183 Θρᾴκης..
2446 1111 2474 1161 ὁ
2506 1110 2625 1163 ἀνθ.
2657 1126 2819 1180 πατρ.
2840 1110 2936 1163 καὶ
2971 1127 3158 1181 στρατ.
3201 1112 3559 1177 Μακεδονίας.
3593 1114 3733 1165 Idem

2152 1203 2221 1259 de
2258 1203 2449 1260 cerim.
2484 1218 2541 1266 ιι,
2571 1201 2640 1257 44
2666 1220 2679 1257 :
2711 1203 2994 1275 Σχολάριοι
3022 1202 3396 1275 Θρᾳκησιάνοι
3424 1205 3516 1258 καὶ
3546 1208 3736 1259 Μακε-

2150 1288 2303 1359 δόνες
2359 1296 2517 1351 I037.
2547 1294 2716 1350 Ibid.:
2754 1296 3121 1367 Θρᾳκησιάνοι
3169 1296 3265 1350 καὶ
3299 1298 3607 1362 Μακεδὶνες
3636 1299 3736 1369 ἆρ-

2154 1406 2341 1461 χοντες
2371 1388 2498 1453 902,
2530 1389 2807 1459 σχολὰριοι
2846 1389 3147 1459 (veterani)
3179 1390 3266 1455 99,
3310 1392 3422 1443 νέοι
3462 1390 3735 1461 quidpth

2155 1480 2281 1536 608.
2316 1482 2460 1535 idem
2493 1480 2620 1536 ibid.
2652 1480 2799 1547 13,45
2829 1499 2842 1535 :
2888 1478 3021 1534 Ἀπὸ
3050 1480 3142 1535 τοῦ
3167 1482 3399 1553 Οέματος
3436 1484 3655 1556 Θρᾴκης
3674 1521 3690 1537 .
3712 1522 3729 1538 .

2155 1574 2261 1629 ἀπο
2287 1574 2381 1627 τοῦ
2408 1573 2643 1644 Θέματος
2665 1573 3023 1639 Μακεδονίας.
3060 1574 3197 1630 Ibid.
3225 1592 3238 1629 :
3276 1577 3370 1628 Διὰ
3399 1576 3504 1628 τῶν
3530 1578 3562 1631 4
3602 1593 3737 1644 ταγ-

2159 1667 2345 1735 μάτων
2389 1665 2631 1737 Θρᾴκης.
2669 1705 2682 1721 .
2702 1665 2788 1720 διὰ
2845 1666 2955 1719 τῶν
2977 1668 3009 1722 5
3040 1667 3338 1738 ταγμάτων
3368 1668 3732 1733 Μακεδονίας.

469 1760 746 1828 puriorem
796 1760 1088 1816 dictionem
1142 1760 1279 1815 adeo
1328 1760 1563 1824 aifectat,
1606 1772 1664 1815 ut
1713 1776 1819 1815 non
1880 1761 2046 1815 semel
2086 1736 2129 1790 Β
2156 1760 2299 1816 idem
2358 1736 2755 1814 deiadrninistr.
2793 1759 2921 1829 imp.
2964 1776 3085 1828 cap.
3117 1736 3187 1816 30
3220 1779 3231 1814 :
3262 1761 3415 1817 Μετὰ
3452 1761 3735 1827 δυνάμεως

474 1862 680 1907 tantum
707 1868 805 1924 pro
838 1855 948 1922 ipsa
978 1840 1228 1922 Thracia,
1252 1872 1360 1910 non
1387 1855 1453 1911 de
1480 1856 1706 1911 col-Iniis
1730 1855 2044 1909 Graecorum

476 1942 782 2013 Thracicis,
812 1944 958 2001 dicat
996 1945 1065 1998 τὰ
1106 1945 1199 2000 ἐπὶ
1231 1945 1477 2019 Θρᾴκης,
1522 1946 1685 2000 simil.
1727 1946 1859 1998 Vide
1904 1944 2044 2000 Bon-

473 2052 696 2092 nensem
750 2040 867 2109 ejus
916 2039 1209 2095 editionem
1270 2056 1321 2109 ιι.
1370 2038 1443 2093 20
1508 2038 1621 2108 (τὸν
1687 2041 1779 2092 ἐπὶ
1826 2038 2047 2109 Θρᾴκης

473 2129 709 2202 χῶρον);
743 2145 795 2202 p.
825 2130 894 2187 40
924 2132 1013 2201 (τὰ
1043 2133 1132 2185 ἐπὶ
1173 2131 1394 2203 Θρᾴκης
1429 2132 1606 2203 χωρία
1632 2149 1690 2185 τε
1727 2132 1821 2184 καὶ
1862 2130 2050 2184 πολίσ-

480 2219 683 2291 ματα);
724 2238 776 2290 p.
810 2222 877 2277 54
919 2220 1009 2294 (τὰ
1050 2223 1142 2276 ἐπὶ
1188 2222 1406 2294 Θρᾴκης
1460 2222 1692 2292 χωρία);
1739 2239 1792 2292 p.
1839 2222 1908 2276 59
1946 2220 2047 2294 (τὰ

475 2314 571 2369 ἐπὶ
608 2315 879 2387 Θρᾴκης);
929 2334 978 2386 p.
1036 2317 1102 2371 74
1157 2315 1246 2384 (τὰ
1293 2316 1385 2370 επὶ
1436 2315 1657 2388 Θρᾴκης
1705 2315 1926 2387 χωρία).
1975 2313 2049 2368 Ea

475 2406 718 2477 exempla
752 2406 836 2461 his
866 2408 1021 2469 adde,
1048 2422 1168 2479 quae
1222 2407 1289 2461 de
1329 2406 1429 2459 hac
1461 2405 1879 2477 Byzantinorum
1929 2404 2055 2458 τιιῖυ.

474 2497 717 2553 ctatione
754 2500 805 2552 in
844 2497 1157 2567 Egnatianis
1193 2498 1459 2567 congessi,
1484 2507 1833 2554 cuttttuentat.
1881 2513 1938 2561 ιι,
1985 2512 2038 2566 p.

476 2588 567 2645 ιιι.
597 2588 656 2644 In
692 2590 909 2660 reliquis
940 2589 1259 2659 simpliciter
1301 2589 1460 2646 habet
1488 2605 1575 2645 vv.
1609 2590 1855 2662 Θρᾴκην,
1903 2590 2051 2661 Θρᾳ-

475 2681 615 2753 κῷα,
678 2680 929 2752 Θρᾳκικᾶ
967 2683 1043 2752 (p.
1070 2680 1161 2748 ‘18,
1198 2683 1287 2747 39,
1312 2681 1402 2747 4|,
1428 2696 1535 2752 quo
1566 2681 1754 2737 ultimo
1793 2682 1910 2737 loco
1951 2693 2055 2735 ter-

479 2790 594 2830 ram
629 2776 762 2829 adeo
800 2774 1173 2848 Strymoniam
1203 2775 1333 2830 dicit
1364 2775 1675 2848 Θρᾳκῴαν;
1715 2792 1768 2846 p.
1817 2774 1908 2839 I9,
1960 2776 2052 2844 55,

479 2867 607 2939 69).
640 2867 838 2924 Verum
870 2869 935 2924 de
986 2884 1098 2925 mro
1128 2867 1286 2938 hujus
1311 2869 1594 2941 scriptoris
1630 2869 1824 2925 dubius
1857 2870 2055 2926 haereo.

548 2960 778 3018 Omissis
819 2962 885 3017 iis
924 2963 1309 3032 scriptoribus,
1345 2963 1433 3032 qui
1476 2962 1825 3033 Theophanis
1882 2967 2059 3019 conti-

2145 1851 2239 1904 xz).
2292 1851 2474 1922 ἰσχύος
2516 1850 2757 1922 πολλῆς,
2799 1852 2966 1923 ἤγουν
3016 1853 3247 1924 Θρᾳκῶν
3277 1856 3369 1906 καὶ
3400 1853 3729 1915 Μακεδόνων

2146 1945 2240 1999 καὶ
2275 1944 2383 1999 τῶν
2420 1945 2627 1997 λοιπῶν
2652 1946 2889 1999 δυτικῶν
2941 1944 3196 2016 Θεμὰτων
3240 1946 3412 2016 (imp.
3453 1946 3730 2011 Mlcltaele,

2147 2036 2432 2109 Theophili
2459 2039 2556 2104 iil.,
2593 2054 2643 2092 a.
2677 2038 2963 2111 842-867).

2217 2131 2461 2186 Incertus
2478 2130 2824 2200 Theophanis
2840 2132 3207 2197 contittuator,
3231 2135 3407 2188 medio
3424 2134 3623 2190 saeculo
3640 2135 3731 2190 de-

2145 2222 2288 2277 cimo
2327 2223 2707 2293 assignandus,
2747 2224 3012 2294 quijussu
3046 2224 3387 2281 Constantini
3424 2225 3734 2299 Porpher-

2145 2315 2311 2385 geniti
2348 2317 2487 2370 vitas
2514 2316 2903 2386 imperatorum
2936 2316 3136 2374 Leonis
3167 2318 3412 2372 Armenii
3442 2334 3612 2389 usque
3661 2322 3730 2376 ad

2150 2406 2479 2473 Romanum,
2500 2407 2840 2463 Constantini
2868 2407 3134 2483 Porpbyr.
3176 2411 3249 2464 ﬁl.
3287 2411 3361 2481 (at.
3388 2411 3564 2467 813-
3581 2412 3732 2485 959),

2146 2500 2297 2555 libris
2327 2515 2419 2554 sex
2478 2500 2797 2571 perscripsit
2845 2501 2954 2570 (ed.
2996 2503 3169 2557 Bonu.
3231 2519 3282 2573 p.
3311 2504 3343 2558 3
3374 2535 3442 2544 —-
3476 2505 3573 2559 481
3607 2505 3649 2576 ).
3686 2505 3733 2559 Is

2150 2608 2278 2662 ergo
2317 2591 2457 2648 libro
2490 2592 2716 2661 t,19(p.
2750 2593 2889 2663 '60):
2928 2593 3036 2646 Καὶ
3080 2594 3264 2659 πόλεις
3315 2596 3584 2667 πολλαχοῦ
3623 2596 3733 2651 τῶν

2162 2684 2302 2737 κατὰ
2327 2684 2547 2755 Θρᾴκην
2572 2684 2663 2737 καὶ
2691 2683 3033 2738 Μακεδονίαν
3056 2724 3071 2739 .
3094 2725 3108 2738 .
3148 2686 3444 2759 ἀνεγείρων
3468 2686 3599 2758 (Leo
3630 2687 3735 2742 Ar-

2152 2779 2367 2833 menius
2401 2794 2450 2832 a.
2492 2778 2596 2833 815
2630 2793 2752 2847 sqq.
2792 2778 2834 2845 ).
2867 2777 3013 2834 Idem
3065 2779 3117 2833 in
3158 2778 3295 2834 libro
3342 2798 3377 2835 ll
3412 2781 3520 2849 (de
3569 2780 3732 2837 Micb.

2157 2871 2462 2925 Amoriensi
2490 2870 2508 2940 )
2546 2872 2661 2925 solo
2696 2870 2943 2927 Thracia:
2975 2873 3197 2926 nomine
3221 2874 3294 2927 uti
3345 2873 3502 2928 solet.
3531 2873 3634 2929 Sed
3669 2873 3735 2929 Ii-

2154 2964 2250 3017 bro
2283 2980 2354 3026 ιν,
2378 2962 2493 3033 24(
2525 2980 2576 3033 p.
2636 2962 2755 3033 I77)
2788 2982 2799 3017 :
2846 2962 2906 3015 Ὀ
2938 2964 3156 3035 Μιχαὴλ
3189 2964 3508 3035 (Theophili
3538 2964 3686 3037 6L).
3719 3006 3734 3022 .

481 3065 735 3112 nuatores
764 3057 867 3111 dici
900 3056 1094 3122 solent,
1125 3057 1189 3111 ad
1229 3056 1387 3132 linem
1419 3056 1659 3127 ejusdem
1694 3057 1873 3112 δευουιί
1903 3058 2050 3126 (noni

2159 3055 2380 3126 Θρᾷκάς
2430 3073 2486 3107 τε
2554 3055 2647 3107 καὶ
2700 3055 3018 3120 Μακεδόνας
3081 3055 3241 3127 μέχρι
3290 3058 3399 3109 τῶν
3458 3058 3740 3131 τεσσάρων

479 3148 803 3217 initiumque
840 3148 1059 3213 decimi)
1103 3147 1491 3217 transgredior.
1520 3148 1594 3203 llli
1644 3148 1787 3203 enim
1832 3162 1959 3203 suos
1989 3149 2055 3203 de

482 3240 748 3312 proximis
789 3241 1208 3309 imperatoribus
1250 3240 1669 3296 Commentarios
1716 3242 1915 3297 saecqu
1961 3242 2058 3296 dea

482 3333 624 3387 rimo
656 3341 864 3402 etpost
916 3340 1232 3386 exararunt.
1289 3330 1501 3387 Citandi
1548 3333 1712 3405 igitur
1774 3333 1886 3389 fere
1934 3344 2060 3390 ante

482 3423 717 3480 Leonem
753 3424 1047 3479 Diaconum
1079 3439 1198 3480 esse
1229 3424 1501 3490 ridentur,
1530 3441 1669 3481 unus
1694 3439 1881 3479 eorum
1932 3437 2056 3497 post

480 3519 784 3574 Cedrcnum
818 3534 938 3572 cum
967 3518 1223 3587 Scylitza.
1258 3518 1525 3572 Incertum
1558 3516 1904 3589 Theophanis
1927 3535 2059 3574 con-

483 3612 806 3668 tinuatorem
864 3626 1027 3682 regno
1074 3611 1412 3667 Constantini
1457 3609 1907 3684 Porphyrogeniti
1968 3627 2056 3667 as-

485 3705 664 3777 signo.

557 3797 668 3852 Leo
704 3796 931 3867 Sapiens
968 3799 1037 3870 (a.
1077 3798 1181 3855 886
1210 3798 1447 3873 ~907).
1486 3798 1536 3854 Is
1570 3800 1621 3853 in
1661 3815 1761 3855 suo
1801 3800 2064 3856 ecclesia-

482 3906 604 3947 rum
638 3891 813 3947 indice
848 3892 921 3963 (1)
951 3894 1065 3948 haec
1098 3894 1262 3948 habet
1287 3911 1300 3948 :
1330 3893 1421 3963 Τῷ
1465 3892 1811 3964 Ἡρακλείας,
1838 3894 2061 3967 Θρᾴκης

482 3986 578 4040 καὶ
607 3985 966 4053 Μακεδονίας,
990 4003 1044 4042 κ.
1063 4003 1111 4039 τ.
1132 3986 1183 4040 λ.
1211 3986 1362 4053 Quod
1386 3988 1632 4042 ultimum
1657 3987 1896 4044 additum
1918 3997 2063 4058 patet

483 4076 550 4132 ad
584 4078 1021 4149 distinguendam
1054 4081 1195 4135 hanc
1236 4080 1461 4152 Europae
1501 4080 1816 4138 Heracleam
1853 4082 2062 4153 (Perin-

483 4167 657 4239 thum)
677 4172 743 4225 ab
760 4170 951 4238 altera,
972 4172 1137 4237 Asiae,
1154 4187 1230 4226 sc.
1246 4171 1693 4229 Pontolteraclea.
1714 4173 1881 4230 Usum
1902 4175 2063 4228 medii

480 4264 583 4321 teri
613 4264 857 4332 sequitur
882 4265 1047 4319 etiam
1078 4265 1183 4319 alio
1214 4265 1349 4330 loco,
1384 4266 1470 4321 ubi
1513 4264 1783 4322 Larissam
1838 4265 2063 4323 Gracia!

482 4356 734 4412 secunda:
752 4355 959 4421 tribuit,
978 4361 1289 4428 pariterque
1306 4356 1746 4415 ThessaIOnicam
1770 4359 2064 4415 Thessalia:

2157 3145 2527 3216 συνηθροικὼς
2599 3144 2896 3215 μυριάδων.
2968 3144 3102 3200 Ibid.
3152 3162 3201 3199 c.
3267 3146 3338 3201 25
3397 3148 3489 3218 (p.
3561 3145 3736 3218 ISI):

2167 3240 2260 3291 καὶ
2328 3238 2437 3291 τῶν
2503 3238 2724 3310 Θρᾴκης
2799 3239 2893 3290 καὶ
2969 3236 3311 3303 Μακεδονίας
3390 3241 3736 3312 στρατηγῶν.

2161 3333 2305 3389 Idem
2344 3335 2479 3387 libro
2524 3348 2552 3385 ν
2581 3375 2594 3397 ,
2625 3333 2649 3386 1
2678 3333 2772 3403 (p.
2813 3332 2991 3401 2H):
3044 3332 3409 3407 Αὐτοκράτωρ
3457 3336 3738 3402 Βασίλειος

2156 3426 2382 3498 ὡρμᾶτο
2429 3424 2525 3495 μὲν
2582 3428 2647 3479 ὲκ
2713 3426 2815 3495 τῆς
2856 3425 3181 3481 Μακεδόνων
3230 3427 3353 3499 γῆς,
3400 3427 3459 3481 τὸ
3515 3429 3570 3481 δὲ
3588 3428 3742 3497 γένος

2156 3512 2340 3574 εἷλκεν
2370 3521 2427 3586 ἐξ
2474 3520 2776 3590 Ἀρμενίων
2841 3519 3030 3581 ἔθνους
3071 3520 3395 3592 Ἀρσακίων.
3460 3521 3590 3575 Ibid.
3625 3537 3672 3577 c.
3706 3521 3743 3576 2

2160 3613 2249 3684 (p.
2275 3610 2400 3686 214)
2431 3636 2441 3668 ;
2481 3612 2573 3676 Εἰς
2605 3613 2782 3681 Νίκην
2832 3612 2972 3665 κατὰ
3004 3613 3345 3683 Μακεδονίαν
3407 3613 3594 3667 πόλιν.
3622 3654 3634 3667 .
3661 3614 3743 3677 είς

2157 3705 2457 3766 Φιλίππους
2478 3704 2944 3774 (Philippopolin),
2986 3705 3117 3775 μίαν
3144 3704 3239 3758 καὶ
3270 3704 3439 3775 αὐτὴν
3461 3705 3570 3758 τῶν
3602 3712 3745 3760 κατὰ

2159 3796 2530 3852 Μακεδονίαν.
2558 3837 2571 3850 .
2632 3795 2839 3849 πόλεων
2864 3834 2913 3851 ..
2938 3833 2954 3850 .
3005 3797 3087 3861 είς
3129 3796 3591 3868 Ἀδριανούπολιν.
3636 3796 3744 3853 Ibi-

2161 3892 2281 3947 dem
2318 3906 2365 3945 c.
2392 3890 2460 3946 65
2488 3890 2506 3961 (
2545 3906 2596 3961 ρ.
2631 3889 2759 3960 505)
2810 3907 2823 3943 :
2860 3890 3014 3944 Λέων
3038 3893 3065 3943 ὁ
3088 3890 3194 3943 τῶν
3218 3890 3447 3962 Θρᾳκῶν
3474 3892 3568 3945 καὶ
3609 3892 3737 3945 Μα-

2159 3984 2397 4040 κεδόνων
2437 3983 2742 4054 στρατηγός
2768 3983 2932 4054 (imp.
2970 3981 3170 4038 Basilio
3221 3982 3513 4038 Macedone
3557 3987 3595 4053 ).
3662 3982 3739 4038 Ib.

2161 4093 2212 4133 υ.
2255 4076 2323 4133 66
2346 4078 2364 4147 (
2384 4092 2434 4145 p.
2467 4075 2620 4147 306):
2648 4076 2804 4129 Μετὰ
2825 4075 2933 4127 τῶν
2964 4075 3201 4147 Θρᾳκῶν
3248 4093 3305 4128 τε
3340 4076 3436 4128 καὶ
3491 4074 3743 4152 ΜακεεδΑ-ιν

2160 4186 2287 4225 νων.
2320 4168 2397 4224 Ib.
2418 4183 2466 4224 c.
2503 4168 2564 4221 7-1
2604 4166 2623 4241 (
2651 4166 2835 4236 μὸιὲ)
2864 4183 2878 4218 :
2908 4168 3220 4239 Στρατηγδν
3245 4168 3354 4221 τῶν
3380 4170 3437 4220 ὲν
3461 4169 3737 4237 Λαγοϐνιτ..

2163 4262 2254 4334 δίᾳ
2282 4262 2568 4333 δυνάμεων
2595 4260 2738 4335 μετὰ
2767 4259 2999 4331 Θρᾳκῶν
3030 4262 3125 4315 καὶ
3143 4262 3477 4316 Μακεδόνων
3501 4263 3594 4317 xa'l.
3618 4264 3735 4315 ἐπιν

2166 4357 2375 4412 λέκτων
2408 4357 2788 4430 Χαρσιανιτῶν
2822 4359 2915 4412 καὶ
2945 4358 3354 4414 Καππαδόκων.
3403 4360 3548 4414 Idem
3605 4359 3743 4415 Iibrtv:

482 4449 742 4520 assignat.
780 4447 836 4502 In
880 4450 1099 4519 reliquis
1136 4452 1441 4520 antiquiora
1494 4460 1663 4516 tenet,
1702 4467 1780 4507 sc.
1829 4454 1880 4507 in
1916 4453 2060 4507 Nau-
2095 4442 2141 4498 Ῑ)
2173 4466 2243 4514 νι,
2270 4451 2325 4519 9,
2369 4467 2422 4521 p.
2450 4451 2553 4507 358
2599 4452 2755 4521 (imp.
2789 4451 2970 4507 Leone
3010 4451 3137 4522 Sap.
3172 4454 3191 4519 )
3228 4472 3239 4508 :
3272 4452 3557 4523 Συμϐολῆς
3590 4453 3645 4507 δὲ
3680 4455 3740 4505 ὲν

488 4552 669 4611 paeto,
696 4540 1075 4611 Philippopoli,
1116 4540 1484 4611 Trajanopoli,
1516 4542 1895 4613 Adrianopoli,
1927 4559 2062 4616 quas

491 4632 632 4687 vide.
661 4632 714 4691 In
737 4634 839 4687 line
863 4632 1103 4701 ejusdem
1135 4633 1348 4697 indicis,
1373 4633 1462 4687 ubi
1499 4635 1823 4705 metropoles
1844 4651 2063 4693 enume-

494 4737 685 4782 rantur
715 4737 823 4780 tum
856 4729 1116 4797 temporis
1155 4744 1181 4781 a
1221 4727 1417 4782 tbrono
1461 4724 1705 4782 Romano
1747 4729 1966 4790 avulsae.
2010 4738 2064 4785 et

493 4819 1099 4889 Constantinopolitano
1142 4818 1430 4888 adiunctae,
1476 4829 1595 4889 post
1639 4819 1775 4875 alios
1823 4824 2067 4877 occurrit

489 4915 517 4966 ὁ
549 4912 897 4977 Νικοπόλεως
933 4913 1350 4983 (metropolita),
1382 4915 1472 4983 qui
1526 4916 1679 4969 locus
1706 4916 1845 4971 haud
1874 4931 2063 4986 parum

493 5005 828 5062 diﬂicullatis
878 5006 1009 5062 mihi
1050 5008 1267 5078 quidem
1311 5007 1513 5063 habere
1555 5008 1787 5064 videtur.
1823 5007 2069 5080 Namque

493 5101 673 5155 thema
696 5099 1124 5170 Nicopolitanum
1160 5112 1218 5155 ut
1241 5100 1559 5169 metropolin
1589 5100 1818 5157 habebat
1849 5100 2066 5172 Naupa-

494 5203 683 5259 ctum,
749 5195 874 5249 coll.
946 5192 1131 5249 Leone
1191 5194 1331 5248 libro
1396 5194 1652 5261 laudato,
1719 5194 1807 5250 ubi
1872 5195 2067 5264 singuli

495 5287 819 5358 sull‘raganci
864 5290 1425 5357 metnorantur,inter
1460 5307 1593 5359 quos
1649 5292 1876 5360 primus,
1924 5307 2001 5347 sc.
2039 5291 2068 5343 ὁ

498 5380 840 5450 Βουνδίτξης,
902 5383 1040 5437 idem
1099 5382 1209 5437 fere
1247 5399 1367 5438 cum
1422 5382 1798 5453 Nieopolitano
1857 5383 2060 5451 fuerit;

502 5488 735 5543 namque
765 5470 1051 5542 Nicopoliu
1097 5482 1206 5526 tum
1241 5488 1426 5529 revera
1476 5491 1579 5527 non
1633 5474 1905 5528 exstitisse
1952 5474 2067 5529 exi-

502 5566 683 5635 stimo,
716 5582 1022 5639 quanquam
1064 5583 1258 5622 nomen
1295 5567 1409 5638 ejus
1442 5576 1631 5638 postea
1669 5567 1956 5637 aliquoties
1982 5583 2065 5624 re-

2170 4544 2480 4617 Μακεδονίᾳ
2496 4544 2813 4615 γενομένης,
2844 4545 3115 4615 ἡττῶνται
3142 4545 3425 4618 Ῥωμαῖοι.
3445 4546 3573 4601 Ibid.
3607 4561 3654 4602 c.
3678 4544 3745 4600 15

2172 4638 2190 4711 (
2214 4654 2267 4709 p.
2304 4639 2431 4709 ⁸565)
2458 4656 2472 4692 :
2500 4638 2608 4690 Καὶ
2654 4639 2712 4689 ὲν
2747 4637 3059 4709 Μακεδονίᾳ
3085 4638 3403 4692 ἀπέστειλεν
3424 4678 3438 4690 .
3466 4678 3479 4691 .
3521 4636 3747 4706 ἀγαγὼν

2171 4729 2231 4784 δὲ
2268 4732 2329 4784 ὲκ
2353 4728 2695 4792 Μακεδονίας
2728 4728 3035 4783 Βασίλειον.
3064 4769 3078 4783 .
3113 4729 3253 4783 Idem
3288 4731 3339 4783 in
3370 4729 3613 4784 Romano
3640 4729 3747 4783 La-

2170 4834 2379 4887 capeno
2426 4835 2544 4889 cap.
2604 4818 2949 4891 15(ρ.406)τ
2986 4816 3230 4889 Συμεὼν,
3272 4819 3457 4889 ἄρχων
3502 4817 3748 4886 Βουλγα-

2176 4913 2298 4984 ρίας
2324 4952 2338 4968 .
2364 4950 2376 4963 .
2420 4912 2667 4981 ληῒζεται
2701 4912 2798 4981 μὲν
2847 4911 3069 4983 Θρᾴκην
3111 4911 3204 4963 καὶ
3246 4910 3606 4963 Μακεδονίαν.
3648 4911 3754 4965 Ibi-

2173 5006 2293 5062 dem
2326 5020 2374 5060 c.
2406 5003 2475 5059 22
2506 5007 2578 5075 (p.
2607 5004 2767 5073 412):
2800 5004 2911 5058 Καὶ
2944 5006 3001 5057 ἐν
3035 5003 3345 5076 Μακεδονίᾳ
3395 5003 3752 5076 καταλαμϐά-

2173 5116 2375 5153 νουσιν.
2409 5098 2541 5153 Ibid.
2580 5112 2629 5152 c.
2660 5097 2729 5154 ἓξ)
2760 5098 2836 5169 (p.
2866 5096 2991 5152 420)
3027 5115 3040 5151 :
3093 5091 3257 5150 Ὥστε
3296 5114 3361 5149 συ
3375 5098 3596 5169 μθῆναι,
3629 5097 3755 5151 τού-

2174 5211 2300 5257 τους
2329 5191 2762 5266 (Bnlgaros)&1to
2800 5190 3104 5254 Μακέτιδος
3147 5189 3235 5243 διὰ
3258 5192 3569 5262 Στρυμόνος
3611 5189 3750 5260 πρὸς

2186 5288 2416 5344 Ἐλλάδα
2448 5287 2542 5339 καὶ
2576 5289 2674 5358 τὴν
2704 5285 2999 5338 Νικόπολιν
3030 5285 3406 5357 προχωρῆσαι.
3466 5283 3541 5337 Ib.
3584 5298 3634 5337 c.
3677 5280 3751 5337 53

2175 5383 2251 5455 (p.
2288 5381 2447 5453 491):
2472 5382 2749 5443 Βασίλειος
2777 5379 2833 5433 δέ
2852 5396 2937 5443 τις
2954 5377 3240 5433 Μακεδών.
3263 5376 3338 5431 Ib.
3366 5392 3415 5432 c.
3451 5376 3521 5430 45
3549 5394 3563 5429 :
3588 5373 3749 5428 ιιλει.

2175 5488 2327 5535 σταις
2366 5471 2715 5544 (Ι.πλείστας)
2749 5470 2935 5524 πόλεσι
2971 5470 3028 5541 (I.
3064 5469 3282 5537 πόλεις)
3315 5467 3454 5521 κατὰ
3498 5465 3747 5521 Μακεδο-

2173 5567 2291 5620 νίαν
2331 5566 2423 5619 καὶ
2445 5564 2666 5637 Θρᾴκην
2694 5607 2704 5621 .
2736 5606 2747 5618 .
2779 5607 2787 5614 .
2821 5564 2962 5622 Idem
2994 5565 3050 5620 in
3095 5563 3450 5621 Constantino
3499 5559 3755 5632 Porpbyu

568 5751 648 5810 (ii
682 5752 863 5807 lixstut
894 5754 1029 5807 inter
1062 5750 1181 5823 ejus
1216 5765 1379 5823 opera
1404 5751 1553 5807 varia
1578 5750 1629 5806 in
1661 5761 1802 5809 torno
1828 5748 1964 5807 CVII
2004 5748 2049 5806 Ρ

2159 5746 2331 5820 plagita
2355 5756 2570 5804 ιιοδιιιυ.
