4068 6324
290 284 398 358 161

1325 290 1429 354 DE
1465 289 2106 352 ADMINISTRANDO
2138 289 2483 351 IMPERIO.

3443 289 3551 354 102

297 409 385 461 καὶ
417 407 480 459 τὺ
523 405 814 479 διηρμένον
843 401 1181 476 atumem,
1234 406 1329 460 καὶ
1393 406 1598 477 ὑψηλοῦ
1638 407 1864 474 ποιῆσαι

1974 421 2093 461 men
2143 406 2305 460 edere
2346 406 2399 458 in
2433 403 2620 459 animo
2675 402 2874 469 habui;
2914 403 3006 460 sed
3050 403 3233 475 potius
3274 417 3555 475 communi

299 497 612 553 ἐσπούδασα
631 514 644 529 ο
684 499 820 553 ἀλλὰ
855 497 1056 570 μᾶλλον
1093 497 1184 551 διὰ
1215 500 1401 570 κοινῆς
1427 500 1522 552 καὶ
1551 498 1870 570 καθωμιλη-

301 591 468 660 μένης
500 588 844 658 ἀπαγγελίας
866 588 1080 656 διδάξαι
1104 606 1164 642 σε
1212 588 1477 654 ἔσπευσα,
1509 591 1649 662 ἅπερ
1686 590 1872 661 οίομαι

296 680 403 732 δεῖν
433 696 494 732 σε
523 680 597 751 μὴ
621 681 858 748 ἀγνοεῖν,
891 681 986 733 καὶ
1019 678 1054 733 ἃ
1087 679 1186 751 τὴν
1216 680 1281 732 ἐκ
1319 681 1535 752 μακρᾶς
1583 681 1874 753 ἐμπειρίας

303 773 519 825 σύνεσίν
541 789 599 824 τε
625 773 719 824 καὶ
747 772 1011 844 φρόνησιν
1043 772 1301 844 εὐμαρῶς
1323 790 1407 826 σοι
1428 773 1649 827 δύναται
1678 773 1875 844 προξε-

300 870 433 922 νεῖν.
483 867 887 938 Ὑπολαμϐάνω
917 868 1026 940 γὰρ
1053 868 1191 922 κατὰ
1218 869 1354 921 πολὺ
1417 868 1718 938 συμφέρειν
1785 867 1875 921 ἀεὶ

299 960 374 1030 τῷ
409 960 624 1030 βασιλεῖ
655 961 960 1030 Ῥωμαίων,
995 961 1222 1032 είρήνην
1269 960 1476 1014 ἐθέλειν
1534 961 1678 1031 ἔχειν
1734 961 1872 1030 μετὰ

300 1053 392 1106 τοῦ
424 1053 611 1116 ἔθνους
635 1053 744 1106 τῶν
777 1051 1207 1119 Πατζινακιτῶν,
1232 1053 1323 1106 καὶ
1352 1053 1570 1122 φιλικὰς
1611 1054 1747 1125 πρὸς
1772 1055 1874 1108 αὺ-

302 1145 425 1206 τοὺς
467 1143 741 1197 ποιεῖσθαι
769 1141 1041 1214 συνθήκας
1072 1161 1131 1197 τε
1162 1144 1259 1197 καὶ
1318 1145 1566 1208 σπονδὰς,
1598 1147 1690 1198 καὶ
1737 1146 1873 1198 ἀπο-

307 1234 547 1288 στέλλειν
576 1235 697 1287 καθ’
728 1235 958 1287 ἕκαστον
987 1237 1179 1306 χρόνον
1212 1235 1465 1289 ἐντεῦθεν
1519 1237 1656 1306 πρὸς
1679 1235 1875 1300 αὐτοὺς

304 1325 860 1398 ἀποκρισιάριον(70)
929 1325 1070 1396 μετὰ
1130 1326 1318 1392 ξενίων
1371 1327 1723 1396 ἁρμοζόντων
1783 1326 1877 1381 καὶ

1973 513 2037 552 ac
2085 496 2340 551 familiari
2381 511 2633 552 sermone
2667 510 2729 551 ea
2775 495 3066 551 enuntiare
3109 494 3390 560 destinati,
3431 511 3555 566 quae

1973 604 2084 644 non
2140 589 2326 659 ignota
2367 587 2466 644 tibi
2507 603 2630 644 esse
2673 587 2871 643 debere
2911 589 3123 658 putavi,
3157 602 3386 658 quaeque
3433 587 3559 644 diu-

1974 691 2136 741 turno
2184 699 2284 738 usu
2337 691 2391 740 et
2429 682 2828 753 experimento,
2897 681 3314 753 intelligentiam
3353 681 3452 737 tibi
3491 697 3557 736 ac

1930 792 1933 796 ·
1974 775 2326 844 prudentiam
2369 772 2529 828 facile
2560 773 2856 829 conciliare
2910 774 3146 845 possint.
3180 773 3434 828 Arbitror
3457 786 3557 827 au-

1975 874 2082 921 tom
2109 873 2163 920 te
2212 881 2271 920 re
2320 866 2668 936 imperatoris
2712 867 3085 921 Romanorum
3127 881 3273 930 esse,
3318 874 3380 920 ut
3429 877 3557 919 cum

1972 957 2328 1013 Patzinacitis
2378 974 2564 1027 pacem
2607 974 2823 1030 semper
2865 965 3010 1027 agat,
3055 959 3229 1013 amice
3279 972 3404 1013 cum
3446 957 3557 1012 illis

1975 1051 2314 1122 paciscatur,
2363 1060 2416 1104 et
2463 1051 2666 1105 fuadera
2724 1051 2890 1116 ineat,
2946 1052 3175 1122 singulis
3213 1052 3371 1105 annis
3414 1052 3558 1120 Apo-

1976 1142 2282 1196 crisiarium
2351 1157 2475 1198 cum
2550 1144 2708 1198 donis
2775 1145 2921 1214 genti
2987 1142 3426 1213 competentibus
3487 1142 3555 1195 ad

1979 1235 2101 1290 illos
2135 1237 2348 1300 mittat;
2387 1236 2513 1291 inde
2542 1252 2672 1292 vero
2701 1237 2925 1292 obsides
2973 1237 3203 1306 recipiat
3238 1242 3293 1290 et
3329 1234 3560 1305 Apocri-

1976 1328 2203 1382 siarium
2255 1330 2345 1396 qui
2373 1328 2426 1383 in
2489 1330 2675 1383 urbem
2722 1329 2864 1383 hanc
2904 1341 2936 1381 a
2975 1327 3085 1382 Deo
3124 1336 3398 1382 servatam
3430 1341 3555 1380 cum

303 1419 435 1489 πρὸς
469 1418 529 1471 τὸ
563 1419 713 1481 ἔθνος
744 1419 1200 1488 ἐπιτηδείωνικαὶ
1223 1421 1701 1491 ἀναλαμϐάνεσθαι
1735 1422 1874 1475 ἐκεῑ-

1979 1418 2305 1474 administro
2356 1421 2705 1483 convenient,
2742 1434 2805 1473 ac
2842 1419 3130 1490 condignis
3159 1419 3415 1474 omnibus
3462 1419 3559 1473 be-

302 1512 391 1564 θεν
442 1512 706 1583 ὁμήρους,
737 1511 853 1581 ἦτοι
904 1511 1091 1581 δψιδας
1119 1512 1230 1584 (71)
1279 1514 1374 1566 καὶ
1419 1513 1874 1584 ἀποκρισιάριον·

1979 1513 2194 1568 ncficiis
2265 1513 2680 1583 honoribusque
2732 1511 2801 1568 ab
2853 1512 3183 1584 imperatore
3230 1511 3555 1566 afficientur.

301 1600 496 1664 οἵτινες
524 1602 580 1654 ὲν
613 1604 678 1673 τῇ
707 1602 1052 1672 θεοςρυλάκτιι·
1086 1600 1258 1673 ταύτῃ
1285 1601 1436 1655 πόλει
1467 1604 1606 1674 μετὰ
1624 1603 1718 1657 τοῦ
1747 1602 1874 1657 καθ-

1981 1602 2108 1660 Haec
2143 1605 2346 1676 quippe
2389 1603 2856 1660 Patzinacitarum
2907 1618 3040 1675 gens
3075 1604 3215 1674 parti
3257 1604 3556 1659 Cbersonis

303 1693 712 1763 υπουργοῢντος
742 1696 821 1757 είς
869 1694 1046 1748 ταῦτα
1075 1695 1504 1761 συνελεύσονται,
1554 1696 1647 1748 καὶ
1677 1695 1874 1766 βασιλι-

1984 1695 2213 1751 finitima
2252 1705 2358 1763 est,
2404 1707 2459 1752 et
2507 1697 2614 1753 nisi
2676 1697 2849 1752 amice
2892 1697 3178 1752 nobiscum
3238 1696 3457 1762 sentiat,
3500 1696 3557 1750 in

301 1783 411 1839 κῶν
445 1785 778 1856 εὐεργεσιῶν
809 1786 902 1840 καὶ
937 1785 1261 1856 φιλοτιμιῶν
1318 1786 1429 1839 τῶν
1457 1785 1696 1851 ἐπαξίων
1744 1787 1874 1841 πάν-

1976 1789 2312 1846 Chersonem
2370 1791 2792 1862 impressionem
2849 1796 2906 1844 et
2964 1789 3320 1844 excursiones
3376 1785 3558 1842 facere

298 1891 406 1926 των
435 1874 528 1927 τοῦ
555 1873 932 1944 βασιλεύοντος
979 1875 1380 1930 ἀπολαύσουσιν
1399 1892 1416 1908 ο
1463 1878 1542 1930 ὃτι
1575 1879 1872 1947 γειτνιάζει

1979 1882 2158 1949 valet,
2188 1883 2474 1954 ipsamque
2515 1883 2853 1940 Chersonem
2904 1889 2959 1937 et
3001 1881 3253 1952 regiones
3297 1879 3558 1936 infestare

299 1967 354 2019 τὺ
384 1966 633 2022 τοιοῦτον
659 1967 811 2031 ἔθνος
835 1967 950 2040 (72)
976 1969 1084 2022 τῶν
1108 1969 1526 2034 Πατζινακιτῶν
1587 1971 1665 2043 τῷ
1717 1973 1871 2044 μέρει

1981 1988 2045 2028 ac
2077 1975 2422 2046 depopulari.

297 2060 392 2128 τῆς
417 2055 719 2127 Χερσῶνος,
743 2061 836 2113 καὶ
863 2061 912 2113 εί
955 2062 1030 2132 μὴ
1057 2062 1248 2131 φιλίως
1280 2062 1464 2134 έχουσι
1499 2064 1635 2134 πρὸς
1687 2067 1854 2134 ἡμᾶς,
1898 2065 2155 2122 δύνανται
2183 2069 2325 2123 κατὰ
2347 2071 2445 2139 τῆς
2471 2071 2764 2142 Χερσῶνος
2813 2070 3154 2143 ἐξέρχεσθαι,
3224 2067 3318 2122 καὶ
3390 2084 3554 2137 κουρ-

302 2151 479 2204 σεύειν
522 2152 656 2223 (75),
685 2153 781 2206 καὶ
831 2153 1116 2224 ληῖζεσθαι
1167 2157 1339 2228 αὐτήν
1361 2174 1421 2210 τε
1466 2158 1565 2227 τὴν
1610 2157 1873 2226 Χερσῶνα
1913 2160 2008 2212 καὶ
2036 2160 2103 2213 τὰ
2125 2161 2394 2232 λεγόμενα
2425 2163 2851 2235 Κλήματα(74).

912 2247 1166 2303 ΚΕΦΑΛ.
1197 2250 1272 2303 B'.

447 2338 586 2406 Περὶ
617 2340 736 2394 τῶν
773 2339 1209 2401 Πατζὶνακιτῶν
1249 2343 1349 2397 καὶ
1381 2342 1501 2398 τῶν
1549 2344 1713 2410 Ῥῶς.

371 2431 494 2483 Ὅτι
532 2431 626 2483 καὶ
657 2434 771 2495 τοῖς
805 2432 941 2495 Ῥῶς
965 2434 1014 2485 oi
1060 2433 1454 2494 Πατζινακῖται
1486 2436 1727 2503 γείτονες
1751 2435 1866 2508 (75)

301 2524 392 2575 καὶ
452 2525 644 2595 ὅμοροι
701 2525 1098 2597 καθεστήκασι,
1157 2528 1252 2581 καὶ
1309 2528 1569 2591 πολλάκις
1616 2530 1745 2582 ὅταν
1800 2530 1875 2601 μὴ

302 2618 439 2687 πρὸς
498 2617 760 2688 ἀλλήλους
820 2619 1162 2689 εἰρηνεύουσι
1221 2621 1574 2692 πραιδεύουσι
1605 2621 1705 2692 τὴν
1743 2620 1874 2675 Ῥω-

302 2710 420 2763 σίαν
452 2710 588 2782 (76),
641 2711 736 2765 καὶ
777 2711 980 2776 ἱκανῶς
1022 2713 1195 2784 αὐτὴν
1252 2713 1706 2783 παραὸλάπτουσι
1778 2714 1875 2768 καὶ

299 2802 680 2873 λυμαίνονται.
718 2804 840 2857 Ὅτι
865 2804 962 2858 καὶ
985 2805 1034 2856 oi
1074 2804 1211 2868 Ῥὦς
1259 2804 1347 2858 διὰ
1385 2805 1619 2875 σπουδῆς
1660 2804 1876 2876 ἔχουσιν

300 2896 526 2966 εἰρήνην
555 2895 700 2966 ἔχειν
735 2898 870 2968 μετά
903 2898 1006 2950 τῶν
1041 2898 1473 2962 Πατζινακιτῶν.
1518 2898 1877 2969 Ἀγοράζουσι

306 2988 414 3057 γὰρ
440 2987 502 3052 ἐξ
534 2987 716 3041 αὐτῶν
749 2987 896 3058 βόας,
928 2989 1022 3040 κα)⁸
1068 2988 1286 3051 ἵππους,
1349 2989 1445 3040 καὶ⁹
1477 2987 1748 3058 πρόϐατα,
1781 2989 1876 3040 καὶ

2603 2255 2836 2314 CAPUT
2873 2257 2942 2311 II.

2368 2349 2442 2404 De
2486 2347 2841 2405 Patzinacitis
2874 2360 2921 2403 et
2957 2347 3169 2405 Bussis.

2045 2442 2245 2499 Russis
2295 2441 2651 2498 Patzinacitae
2691 2443 2857 2498 vicini
2901 2455 3028 2499 sunt
3066 2452 3120 2496 et
3167 2438 3490 2495 contermini
3537 2455 3552 2494 τ

1973 2552 2141 2607 quare
2188 2536 2296 2592 nisi
2346 2551 2531 2606 pacein
2581 2536 2814 2590 invicem
2863 2535 3069 2597 colant,
3103 2531 3366 2587 Russiam
3411 2545 3557 2600 saepe

1977 2629 2366 2700 depraedantur
2447 2628 2767 2698 ingentique
2840 2627 3043 2680 damno
3093 2625 3353 2684 alliciunt.
3429 2623 3555 2679 ideo

1976 2719 2140 2776 Bussi
2182 2723 2436 2790 “operam
2485 2720 2639 2786 dant,
2691 2729 2749 2774 ut
2789 2733 2977 2788 pacem
3033 2731 3158 2772 cum
3201 2715 3555 2770 Patzinacitis

1978 2809 2235 2865 habeant.
2272 2809 2353 2863 Ab
2377 2809 2512 2880 ipsis
2546 2811 2690 2864 enim
2729 2808 2916 2873 boves,
2948 2822 3119 2879 equos
3158 2816 3211 2862 et
3246 2822 3374 2861 oves
3397 2821 3554 2861 com-

1980 2908 2198 2970 parant,
2245 2908 2409 2971 atque
2443 2901 2637 2956 borum
2681 2915 2783 2971 ope
2810 2899 2918 2973 56
2958 2898 3172 2953 facilius
3219 2897 3554 2968 suaviusque

1982 2991 2146 3046 vitam
2183 2999 2352 3062 agunt
2390 2991 2639 3045 :nulluin
2677 2991 2877 3061 quippe
2905 2991 3097 3044 borum
3143 2987 3461 3042 animalium
3497 2987 3552 3041 in

297 3083 362 3134 ἐκ
384 3081 594 3134 τούτων
625 3080 1028 3152 εὐμαρέστερον
1053 3078 1277 3144 διαζῶσι
1303 3081 1398 3133 καὶ
1420 3079 1872 3150 ζτρυφερὼτερον·

1981 3079 2180 3138 Russia
2234 3083 2499 3138 nascitur.
2550 3082 2657 3139 Sed
2714 3099 2889 3152 neque
2933 3083 3000 3136 ad
3053 3081 3193 3136 bella
3237 3094 3358 3149 quae
3395 3086 3552 3134 extra

298 3173 424 3226 ἐπεὶ
461 3173 634 3245 μηδὲν
682 3173 789 3225 τῶν
854 3173 1270 3244 προειρημένων
1293 3171 1447 3237 ζώων
1501 3173 1559 3225 ἐν
1579 3175 1643 3243 τῇ
1681 3172 1880 3243 Ῥωσίᾳ

299 3266 666 3336 καθέστηκεν.
711 3264 852 3318 Ἀλλ’
885 3265 1003 3319 ούδέ
1033 3265 1171 3337 πρὸς
1224 3265 1549 3336 ὑπερορίους
1607 3265 1878 3336 πολέμους

297 3356 638 3428 ἀπέρχεσθαι
661 3356 911 3409 δύνανται
939 3356 1076 3419 ὅλως
1130 3355 1180 3409 οἱ
1223 3355 1381 3420 Ῥῶς,
1413 3357 1460 3407 εί
1504 3357 1580 3426 μὴ
1604 3357 1743 3426 μετὰ
1768 3356 1878 3409 τῶν

301 3450 723 3516 Πατζινακιτῶν
778 3448 1174 3522 εἰρηνεύοντες,
1213 3448 1347 3501 διότι
1380 3448 1635 3503 δύνανται
1688 3451 1748 3503 ἐν
1799 3449 1876 3520 τῷ

297 3545 549 3609 ἐκείνους
579 3543 686 3597 τῶν
713 3544 928 3598 οἰκείων
963 3543 1285 3613 ὑποχωρεῖν,
1311 3542 1465 3596 αὐτοὶ
1517 3543 1876 3614 ἐπερχόμενοι

297 3641 366 3698 τὰ
395 3640 628 3695 ἐκείνων
662 3638 946 3711 ἀφανίζειν
968 3656 1025 3692 τε
1060 3639 1154 3693 καὶ
1187 3637 1543 3709 λυμαίνεσθαι
1569 3655 1582 3669 ο
1633 3637 1711 3691 διὸ
1742 3638 1879 3708 μᾶλ-

298 3734 388 3787 λον
410 3735 500 3788 ἀεὶ
533 3733 769 3803 σπουδὴν
799 3735 848 3787 οἱ
892 3732 1026 3796 Ῥῶς
1054 3732 1295 3787 τίθενται
1318 3732 1407 3787 διά
1424 3749 1483 3785 τε
1515 3732 1574 3785 τὸ
1602 3731 1678 3802 μὴ
1697 3749 1877 3803 παρα-

297 3827 645 3882 ϐλάπτεσθαι
679 3824 809 3899 παρ’
844 3824 1044 3892 αὐτῶν,
1072 3825 1165 3880 καὶ
1189 3824 1276 3878 διὰ
1302 3824 1364 3878 τὸ
1397 3825 1615 3895 ἰσχυρὸν
1647 3819 1783 3876 εἶναι
1817 3822 1877 3875 τὸ

1981 3175 2117 3230 ﬁnes
2160 3187 2446 3246 geruntur,
2508 3175 2590 3232 ire
2637 3177 2863 3231 omnino
2912 3173 3079 3231 Russi
3144 3179 3392 3244 possunt,
3443 3171 3551 3225 nisi

1981 3283 2106 3322 cum
2151 3265 2502 3323 Patzinacitis
2537 3283 2725 3338 pacem
2777 3275 2998 3323 servent
3045 3283 3060 3321 :
3116 3265 3373 3336 quoniam
3420 3263 3549 3319 dum

1978 3360 2058 3416 illi
2082 3370 2235 3416 extra
2264 3363 2400 3417 fines
2430 3360 2752 3426 abscedunt,
2784 3360 2890 3431 ipsi
2917 3361 3289 3429 irrumpenles
3314 3366 3551 3428 possunt

1980 3461 2179 3509 terram
2222 3469 2410 3510 eorum
2458 3455 2817 3526 pessumdare
2862 3461 2919 3509 et
2975 3453 3276 3508 devastare.
3316 3451 3550 3520 Ideoque

1977 3543 2144 3601 Russi
2205 3540 2552 3617 summopere
2600 3553 2855 3617 satagunt
2918 3559 2989 3600 ne
3025 3544 3282 3598 damnum
3325 3541 3393 3595 ab
3441 3542 3550 3596 ista

1975 3650 2135 3709 gente
2177 3641 2279 3694 sibi
2313 3639 2642 3710 importetur
2679 3656 2694 3694 :
2726 3647 2778 3694 et
2809 3637 2936 3708 quia
2980 3647 3205 3692 strenua
3241 3634 3330 3688 illa
3362 3640 3418 3687 et
3457 3633 3552 3685 ad-

1977 3731 2198 3786 modum
2234 3733 2491 3788 bellicosa
2521 3741 2624 3796 est,
2662 3748 2782 3787 eam
2815 3732 2919 3787 sibi
2961 3729 3027 3785 ad
3058 3729 3183 3784 belli
3211 3727 3547 3781 consortium

1973 3832 2028 3877 et
2064 3823 2322 3876 auxilium
2373 3822 2626 3894 pellicere
2657 3831 2877 3889 curant,
2906 3821 2984 3878 uti
3020 3819 3182 3876 simul
3215 3829 3268 3874 et
3293 3815 3414 3887 ejus
3451 3816 3553 3870 ini-

1453 3942 1544 3997 AN
1552 3939 1756 3997 SELMI
1787 3940 2014 3998 BANDU
2027 3942 2119 3997 Ill]
2147 3939 2382 3997 ΝΟΤιΕ.

367 4057 483 4130 (70)
527 4055 585 4112 Id
612 4063 714 4120 est,
742 4055 1045 4130 Legatum;
1078 4058 1282 4130 passim
1318 4059 1538 4128 quidem
1571 4060 1671 4114 hac
1701 4059 1872 4130 signi-

297 4129 556 4184 ficatiuue
585 4131 824 4198 occurrit
871 4129 1012 4198 apud
1039 4129 1339 4197 scriptores
1377 4130 1566 4184 mediae
1594 4140 1645 4185 et
1676 4129 1872 4184 infimae

295 4199 613 4255 Graecitatis
642 4213 705 4252 ac
735 4197 1065 4270 Latinitatis,
1111 4199 1235 4253 vide
1278 4199 1540 4270 Ducaingii
1582 4208 1877 4270 utrumque

295 4271 641 4342 Glossarium
663 4286 678 4336 ;
707 4268 851 4323 unde
873 4278 1147 4324 nostrates
1172 4271 1401 4342 legatum
1422 4268 1664 4326 Poclisar
1690 4268 1876 4342 appel-

295 4342 427 4396 lant.
447 4339 652 4407 Incipit
674 4353 868 4411 nomen
894 4346 946 4393 et
963 4354 1160 4394 munus
1180 4339 1520 4394 Cbustantini
1542 4339 1879 4411 magui'tem-

296 4428 447 4480 pure,
480 4417 542 4462 ut
576 4406 771 4463 scribit
805 4406 1127 4463 Hincmarus
1167 4411 1330 4478 epist.
1362 4426 1440 4475 III,
1475 4427 1592 4478 cap.
1622 4406 1737 4466 itu.
1767 4413 1878 4466 Nec

295 4485 362 4535 ab
402 4480 625 4550 origine
679 4494 774 4549 pro
827 4480 1019 4549 quovis
1058 4481 1232 4549 legato
1263 4485 1600 4545 sumebatur,
1656 4483 1746 4536 sed
1785 4486 1876 4550 qui

294 4552 564 4606 Ecclesiae
603 4551 816 4619 negotia
877 4550 1146 4604 tractabat
1200 4551 1430 4620 legatus,
1478 4553 1877 4619 Apocrisiarius

293 4622 616 4694 dicebatur;
654 4620 939 4690 posteriori
971 4630 1149 4674 autem
1180 4637 1295 4675 arvo
1343 4636 1442 4692 pro
1472 4623 1664 4692 quovis
1700 4624 1877 4694 legato

293 4693 675 4747 indiii’erenter
707 4699 1023 4759 usurpatum
1047 4700 1147 4746 est.

364 4762 484 4831 (7i)
554 4760 716 4829 Ὀψις
763 4760 1050 4829 multiplici
1114 4761 1512 4832 significatioiie
1551 4763 1692 4831 apud
1740 4765 1876 4819 scri-

293 4849 491 4904 ptores
537 4832 803 4904 occurrit,
837 4833 1296 4904 quemadmodum
1333 4834 1496 4887 etiam
1541 4835 1684 4904 apud
1717 4850 1874 4889 eum-

293 4902 416 4960 item
453 4903 927 4965 Constantinum;
960 4902 1065 4973 hoc
1108 4903 1343 4972 ipsomet
1385 4902 1592 4973 quippe
1625 4904 1764 4958 libro
1807 4905 1874 4962 de

296 4977 458 5028 Adin.
487 4977 623 5042 imp.
645 4987 763 5041 cap.
797 4973 886 5036 53,
921 4971 1098 5041 p.149
1119 4971 1244 5044 δψις
1269 4987 1368 5040 pro
1398 4971 1546 5044 bullit
1564 4975 1832 5044 accipitur
1858 4993 1871 5030 :

297 5048 406 5100 Καὶ
431 5046 576 5097 ἴδετε
598 5044 732 5116 stiti
757 5045 1100 5116 Σαυροματος
1124 5048 1192 5098 τὰ
1225 5045 1370 5116 νῶτα
1399 5043 1564 5097 αὑτοῦ
1595 5043 1706 5116 exet
1740 5046 1874 5116 πρὸς

293 5117 467 5186 ἡμᾶς,
520 5115 619 5169 καὶ
663 5113 924 5188 τὴνμῦψιν
956 5115 1092 5188 προς
1121 5114 1487 5188 τοὺςῌίδίους,
1517 5113 1727 5182 ἐγὼδέ
1749 5187 1753 5188 ν
1776 5113 1875 5188 τὴν

291 5183 423 5256 θέην
449 5203 559 5256 μου
592 5184 727 5254 πρὸς
765 5183 1073 5256 ύμᾶςλκαὶγ
1106 5185 1174 5256 τὰ
1219 5184 1361 5256 νῶτα
1399 5185 1534 5252 πρὸς
1578 5183 1870 5250 ἐναντίους.

295 5254 349 5310 In
393 5254 645 5310 Tat‘ticis
690 5255 830 5324 apud
908 5254 1227 5310 Mauricium
1297 5255 1419 5325 ὄψις
1470 5270 1568 5325 pro
1614 5259 1872 5312 exercitus

293 5331 466 5396 fronte
495 5335 823 5394 usurpatur.
841 5326 908 5379 At
933 5327 984 5379 in
1008 5327 1417 5395 praesentiarum
1433 5326 1554 5395 ὄψις
1575 5337 1659 5396 est
1678 5342 1871 5396 purum

298 5395 488 5467 putum
525 5396 802 5463 Latinum,
833 5397 1139 5465 obseuqua
1171 5399 1392 5452 notione
1417 5395 1689 5466 accipitur
1707 5399 1872 5451 etiam

295 5484 413 5539 cap.
482 5467 815 5539 7Aejusdem
873 5468 1132 5539 Iibri_de
1181 5467 1341 5521 Δάοι.
1397 5468 1528 5538 imp.
1583 5468 1692 5539 καὶ
1754 5469 1874 5520 ἐπι-

296 5536 480 5610 ζητείν
522 5537 716 5608 ὅψιδας
763 5539 858 5591 καὶ
885 5537 1186 5600 διασώστας
1228 5551 1440 5592 necnon
1475 5536 1609 5608 ‘cap.
1635 5536 1667 5590 8
1696 5546 1749 5591 et
1777 5539 1866 5594 45.

362 5610 480 5642 Ιῗόὶ
505 5608 581 5642 Ii"
606 5609 706 5642 illic
729 5623 848 5642 num
869 5610 920 5642 ι..
943 5607 1292 5642 nonnunl'thun
1313 5609 1465 5642 Ital-ai
1489 5607 1732 5642 Ωιι-ἕηκεν
1749 5625 1866 5642 “nec

350 5607 480 5680 '(7‘2)
505 5608 584 5663 Ex
606 5609 708 5663 illis
729 5623 849 5678 quae
869 5610 922 5662 in
942 5607 1296 5677 sequentibus
1313 5609 1471 5662 habet
1489 5607 1732 5678 Scriptor
1748 5625 1872 5665 uos-

297 5689 376 5734 ter
424 5681 592 5750 facile
619 5694 809 5735 eorum
846 5680 1081 5748 regionis
1107 5680 1303 5733 limites
1339 5679 1580 5750 dignosci
1621 5692 1867 5750 possunt.

367 5750 485 5823 (75)
527 5749 593 5806 Id
627 5761 713 5807 est
744 5765 975 5818 cursare,
1013 5751 1265 5823 pra'dari,
1301 5749 1632 5806 excursiones
1673 5749 1864 5821 facere.

1976 4056 2091 4114 Hac
2138 4059 2359 4112 notione
2400 4073 2540 4125 sape
2577 4059 2820 4114 occurrit
2854 4058 2997 4128 apud
3038 4053 3450 4128 Theophanem,
3491 4061 3548 4128 et

1979 4132 2116 4184 alios
2143 4129 2478 4199 scriptores;
2506 4145 2719 4182 necnon
2743 4125 3008 4199 eumdem
3039 4125 3455 4182 Constantinum
3494 4126 3549 4178 in

1979 4199 2239 4269 Tacticis.
2259 4197 2414 4254 'Vide
2437 4199 2694 4269 Ducangii
2722 4198 2899 4269 Gloss.
2926 4197 3100 4253 Gmc.

2051 4267 2162 4340 (74)
2205 4267 2596 4340 Interpretatus
2629 4264 2770 4324 'sum
2816 4268 3068 4340 Regiones
3115 4265 3374 4340 exemplo
3415 4264 3546 4340 edit.

1980 4336 2100 4394 Lat.
2143 4336 2419 4393 canonum
2471 4339 2730 4395 Ecclesiae
2779 4336 2950 4394 Afric.
3003 4352 3128 4392 can.
3184 4336 3305 4398 107,
3357 4336 3417 4388 ἐν
3481 4339 3546 4406 τῇ

1982 4411 2282 4478 Χαλκηδόνι
2304 4411 2382 4480 εἰς
2410 4408 2507 4480 τὴν
2528 4410 2818 4480 ἐκκλησίαν
2847 4409 2940 4462 τοῦ
2973 4408 3221 4478 δευτέρου
3251 4407 3547 4480 κλήματος,

1911 4472 1953 4527 ι)
1982 4485 2035 4534 in
2069 4472 2305 4534 Basilica
2340 4472 2583 4550 Regionis
2615 4472 2875 4534 secundm.
2922 4472 3186 4532 (Imteruin
3222 4472 3371 4550 apud
3396 4491 3551 4530 eum-

1981 4553 2102 4606 dem
2136 4547 2558 4606 Coustantinum
2601 4552 2862 4604 scribitur
2890 4549 3073 4617 κλῆμα
3102 4556 3154 4600 et
3190 4547 3380 4617 κλίμα,
3422 4562 3546 4600 cum

1992 4639 2050 4690 η.
2084 4636 2204 4690 cap.
2239 4623 2352 4690 hoc,
2368 4620 2582 4689 primo;
2622 4636 2771 4675 cum.
2803 4616 3023 4688 cap.57,
3054 4625 3106 4672 et
3139 4632 3259 4687 cap.
3290 4616 3378 4690 42.
3409 4617 3552 4686 ejus-

1980 4687 2101 4746 dem
2151 4687 2270 4744 libri
2325 4687 2392 4745 de
2436 4690 2594 4746 Adm.
2657 4692 2789 4760 imp.
2849 4693 2998 4744 ctita
3057 4690 3206 4760 varie
3255 4687 3544 4760 scriptum,

1980 4764 2168 4816 eadem
2206 4769 2388 4818 tamen
2432 4763 2657 4816 notione
2692 4759 2894 4832 passim
2942 4759 3211 4829 reperitur
3247 4759 3390 4827 apud
3435 4759 3546 4810 An-

1977 4841 2178 4888 ctores.

2051 4903 2168 4973 (75)
2207 4901 2282 4955 De
2311 4901 2584 4973 Russisct
2609 4899 2806 4957 Russia
2838 4898 3544 4973 pluribusriloquiturjnfra

1981 4967 2228 5042 Scriptor
2268 4986 2472 5027 noster.
2510 4972 2581 5027 Dc
2623 4967 3043 5029 Russis'autem
3093 4967 3328 5042 Symcon
3371 4967 3544 5042 Lugo-

1980 5040 2122 5098 tlieta
2164 5045 2218 5097 in
2248 5043 2522 5098 Chronico
2551 5043 2662 5097 MS.
2700 5047 2781 5098 sic
2814 5043 3090 5113 loquitur:
3125 5040 3259 5103 Ῥῶς
3279 5040 3336 5113 δέ
3370 5041 3418 5113 οἱ
3450 5042 3544 5113 καὶ

1977 5117 2259 5184 Δρομῖται,
2293 5116 2634 5184 φερώνυμον,
2678 5115 2784 5166 ἀπὸ
2825 5109 2960 5177 Ῥὶἷις
2991 5129 3136 5184 τινος
3166 5109 3400 5184 σφοδρῷ
3458 5109 3544 5184 διῖ

1977 5179 2215 5254 έδραμεν
2239 5179 2423 5255 dvrqu
2433 5179 2597 5255 ματος
2623 5185 2731 5237 τῶν
2754 5183 3114 5254 χρησαμένων
3125 5182 3186 5255 ἐξ
3208 5179 3484 5255 ὑποθήκης
3508 5179 3538 5248 ἢ

1977 5251 2292 5316 θεοκλυσίας
2308 5251 2472 5318 sine,
2491 5257 2584 5308 καὶ
2607 5251 2980 5324 ὑπερεχόντων
2990 5253 3206 5317 αὐτοὺς.
3219 5251 3542 5319 ἐπικέκλην-

1974 5344 2085 5381 ται.
2111 5327 2372 5395 Δρομῖται
2399 5325 2454 5378 δὲ
2484 5325 2592 5378 ἀπὸ
2620 5327 2711 5377 τοῦ
2743 5325 2908 5391 ὀξέως
2921 5325 3134 5395 τρέχειν
3158 5325 3341 5385 αὐτοῖς
3372 5338 3529 5393 προσ-

1976 5394 2171 5469 ήγετοβ
2203 5399 2268 5469 ἐκ
2300 5397 2488 5464 γένους
2519 5396 2574 5469 δὲ
2603 5395 2711 5448 τῶν
2728 5394 2993 5469 operm
3022 5394 3397 5469 καθίστανται.

2047 5467 2158 5536 (76)
2202 5466 2257 5520 Id
2294 5461 2396 5530 est,
2436 5468 2746 5538 przedautur
2775 5461 2952 5538 alios
2986 5467 3166 5538 verba
3191 5465 3365 5538 utitur
3407 5461 3540 5538 Cun-

1974 5533 2248 5607 sta’utinus
2293 5533 2456 5592 etiam
2490 5552 2608 5607 cap.
2653 5537 2739 5603 It),
2770 5537 2856 5600 l3,
2895 5535 2982 5602 50,
3017 5535 3104 5596 δί.
3141 5535 3232 5599 44,
3264 5534 3355 5607 45,
3385 5540 3440 5584 et
3481 5533 3535 5584 in

1963 5606 2212 5679 _'_I‘acticis
2254 5603 2664 5679 nonnunquam.
2709 5608 2866 5677 Apud
2907 5607 3044 5661 alios
3063 5609 3198 5679 item
3241 5603 3541 5679 scriptores

1974 5677 2303 5760 Byzantinos
2341 5675 2542 5750 passim
2567 5675 2811 5734 occurrit
2835 5679 2938 5734 hoc
2962 5677 3186 5734 verbum
3219 5675 3408 5730 eadem
3441 5687 3531 5728 uo-

1974 5759 2139 5807 tione.
