  <div class='ocr_page' id='page_1' title='image "/cluster/home/n/w/nwhite01/storage/ocr_20150623/113/mdp.39015078384305/111.png"; bbox 0 0 4070 6326; ppageno 0'>
   <div class='ocr_carea' id='block_1_1' title="bbox 472 251 572 360">
    <p class='ocr_par' dir='ltr' id='par_1_1' title="bbox 472 251 572 360">
     <span class='ocr_line' id='line_1_1' title="bbox 472 251 572 360; baseline 0 0"><span class='ocrx_word' id='word_1_1' title='bbox 472 251 572 360; x_wconf 53' lang='grc' dir='ltr'><strong>ιρι</strong></span> 
     </span>
    </p>
   </div>
   <div class='ocr_carea' id='block_1_2' title="bbox 1427 295 2719 365">
    <p class='ocr_par' dir='ltr' id='par_1_2' title="bbox 1427 295 2719 365">
     <span class='ocr_line' id='line_1_2' title="bbox 1427 295 2719 365; baseline 0.001 -3"><span class='ocrx_word' id='word_1_2' title='bbox 1427 295 1431 297; x_wconf 45' lang='grc'><em>’</em></span> <span class='ocrx_word' id='word_1_3' title='bbox 1495 300 2002 362; x_wconf 71' lang='lat' dir='ltr'><strong>CONSTANTINI</strong></span> <span class='ocrx_word' id='word_1_4' title='bbox 2033 303 2719 365; x_wconf 76' lang='lat' dir='ltr'><strong>PORPIIYROGENITI</strong></span> 
     </span>
    </p>
   </div>
   <div class='ocr_carea' id='block_1_3' title="bbox 3608 293 3717 356">
    <p class='ocr_par' dir='ltr' id='par_1_3' title="bbox 3608 293 3717 356">
     <span class='ocr_line' id='line_1_3' title="bbox 3608 293 3717 356; baseline 0.009 -1"><span class='ocrx_word' id='word_1_5' title='bbox 3608 293 3717 356; x_wconf 70' lang='lat'><strong>208</strong></span> 
     </span>
    </p>
   </div>
   <div class='ocr_carea' id='block_1_4' title="bbox 541 407 2059 483">
    <p class='ocr_par' dir='ltr' id='par_1_4' title="bbox 541 407 2042 478">
     <span class='ocr_line' id='line_1_4' title="bbox 541 407 2042 478; baseline -0.003 -12"><span class='ocrx_word' id='word_1_6' title='bbox 541 409 642 466; x_wconf 73' lang='lat' dir='ltr'><strong>1E5</strong></span> <span class='ocrx_word' id='word_1_7' title='bbox 677 417 878 474; x_wconf 84' lang='lat' dir='ltr'><strong>autem,</strong></span> <span class='ocrx_word' id='word_1_8' title='bbox 903 423 964 462; x_wconf 76' lang='lat' dir='ltr'><strong>ex</strong></span> <span class='ocrx_word' id='word_1_9' title='bbox 1003 422 1110 478; x_wconf 91' lang='lat' dir='ltr'><strong>quo</strong></span> <span class='ocrx_word' id='word_1_10' title='bbox 1141 407 1427 464; x_wconf 80' lang='lat' dir='ltr'><strong>confectus</strong></span> <span class='ocrx_word' id='word_1_11' title='bbox 1453 417 1590 474; x_wconf 89' lang='lat' dir='ltr'><strong>erat,</strong></span> <span class='ocrx_word' id='word_1_12' title='bbox 1613 409 1858 474; x_wconf 74' lang='lat' dir='ltr'><strong>abstulit,</strong></span> <span class='ocrx_word' id='word_1_13' title='bbox 1889 417 2042 464; x_wconf 81' lang='lat' dir='ltr'><strong>tran-</strong></span> 
     </span>
    </p>
   </div>
   <div class='ocr_carea' id='block_1_5' title="bbox 2164 407 3718 483">
    <p class='ocr_par' dir='ltr' id='par_1_5' title="bbox 2164 407 3718 483">
     <span class='ocr_line' id='line_1_5' title="bbox 2164 407 3718 483; baseline -0.002 -20"><span class='ocrx_word' id='word_1_14' title='bbox 2164 412 2347 465; x_wconf 78' lang='grc' dir='ltr'>Ἐλαϐε</span> <span class='ocrx_word' id='word_1_15' title='bbox 2397 414 2454 466; x_wconf 80' lang='grc' dir='ltr'><strong>δὲ</strong></span> <span class='ocrx_word' id='word_1_16' title='bbox 2499 413 2591 467; x_wconf 74' lang='grc' dir='ltr'>τὸν</span> <span class='ocrx_word' id='word_1_17' title='bbox 2640 411 2839 483; x_wconf 78' lang='grc' dir='ltr'>χαλκὸν</span> <span class='ocrx_word' id='word_1_18' title='bbox 2867 409 3031 464; x_wconf 86' lang='grc' dir='ltr'>αὐτοῦ</span> <span class='ocrx_word' id='word_1_19' title='bbox 3069 411 3161 464; x_wconf 81' lang='grc' dir='ltr'>καὶ</span> <span class='ocrx_word' id='word_1_20' title='bbox 3191 407 3514 478; x_wconf 70' lang='grc' dir='ltr'><strong>διεπέρασεν</strong></span> <span class='ocrx_word' id='word_1_21' title='bbox 3547 407 3606 458; x_wconf 81' lang='grc' dir='ltr'><strong>ὲν</strong></span> <span class='ocrx_word' id='word_1_22' title='bbox 3651 409 3718 477; x_wconf 79' lang='grc' dir='ltr'><strong>τῇ</strong></span> 
     </span>
    </p>
   </div>
   <div class='ocr_carea' id='block_1_6' title="bbox 476 500 2044 572">
    <p class='ocr_par' dir='ltr' id='par_1_6' title="bbox 476 500 2044 572">
     <span class='ocr_line' id='line_1_6' title="bbox 476 500 2044 572; baseline -0.002 -16"><span class='ocrx_word' id='word_1_23' title='bbox 476 503 850 572; x_wconf 84' lang='lat' dir='ltr'><strong>sportavitque</strong></span> <span class='ocrx_word' id='word_1_24' title='bbox 881 500 933 554; x_wconf 91' lang='lat' dir='ltr'><strong>in</strong></span> <span class='ocrx_word' id='word_1_25' title='bbox 975 500 1209 572; x_wconf 83' lang='lat' dir='ltr'><strong>Syriam,</strong></span> <span class='ocrx_word' id='word_1_26' title='bbox 1263 509 1317 555; x_wconf 90' lang='lat' dir='ltr'><strong>et</strong></span> <span class='ocrx_word' id='word_1_27' title='bbox 1352 501 1581 556; x_wconf 87' lang='lat' dir='ltr'><strong>cuilibet</strong></span> <span class='ocrx_word' id='word_1_28' title='bbox 1620 502 1814 557; x_wconf 80' lang='lat' dir='ltr'><strong>venale</strong></span> <span class='ocrx_word' id='word_1_29' title='bbox 1845 516 2044 572; x_wconf 84' lang='lat' dir='ltr'><strong>prupu-</strong></span> 
     </span>
    </p>
   </div>
   <div class='ocr_carea' id='block_1_7' title="bbox 472 591 2044 663">
    <p class='ocr_par' dir='ltr' id='par_1_7' title="bbox 472 591 2044 663">
     <span class='ocr_line' id='line_1_7' title="bbox 472 591 2044 663; baseline -0.001 -15"><span class='ocrx_word' id='word_1_30' title='bbox 472 595 602 648; x_wconf 86' lang='lat' dir='ltr'><strong>suit.</strong></span> <span class='ocrx_word' id='word_1_31' title='bbox 637 592 779 647; x_wconf 88' lang='lat' dir='ltr'><strong>Emit</strong></span> <span class='ocrx_word' id='word_1_32' title='bbox 808 609 936 648; x_wconf 87' lang='lat' dir='ltr'><strong>vero</strong></span> <span class='ocrx_word' id='word_1_33' title='bbox 978 592 1111 647; x_wconf 84' lang='lat' dir='ltr'><strong>illud</strong></span> <span class='ocrx_word' id='word_1_34' title='bbox 1150 591 1412 648; x_wconf 70' lang='lat' dir='ltr'><strong>Hebrmus</strong></span> <span class='ocrx_word' id='word_1_35' title='bbox 1443 592 1665 663; x_wconf 79' lang='lat' dir='ltr'><strong>quidam</strong></span> <span class='ocrx_word' id='word_1_36' title='bbox 1721 593 2044 656; x_wconf 84' lang='lat' dir='ltr'><strong>Emesenus,</strong></span> 
     </span>
    </p>
   </div>
   <div class='ocr_carea' id='block_1_8' title="bbox 472 686 2041 758">
    <p class='ocr_par' dir='ltr' id='par_1_8' title="bbox 472 686 2041 758">
     <span class='ocr_line' id='line_1_8' title="bbox 472 686 2041 758; baseline 0.001 -18"><span class='ocrx_word' id='word_1_37' title='bbox 472 689 562 758; x_wconf 85' lang='lat' dir='ltr'><strong>qui</strong></span> <span class='ocrx_word' id='word_1_38' title='bbox 598 703 625 742; x_wconf 88' lang='lat' dir='ltr'><strong>a</strong></span> <span class='ocrx_word' id='word_1_39' title='bbox 659 687 794 742; x_wconf 89' lang='lat' dir='ltr'><strong>mari</strong></span> <span class='ocrx_word' id='word_1_40' title='bbox 824 687 1203 742; x_wconf 77' lang='lat' dir='ltr'><strong>advcltendum</strong></span> <span class='ocrx_word' id='word_1_41' title='bbox 1247 686 1513 758; x_wconf 85' lang='lat' dir='ltr'><strong>imposuit</strong></span> <span class='ocrx_word' id='word_1_42' title='bbox 1548 687 1772 742; x_wconf 79' lang='lat' dir='ltr'><strong>camelis</strong></span> <span class='ocrx_word' id='word_1_43' title='bbox 1795 701 2041 758; x_wconf 87' lang='lat' dir='ltr'><strong>nongen-</strong></span> 
     </span>
    </p>
   </div>
   <div class='ocr_carea' id='block_1_9' title="bbox 472 779 948 848">
    <p class='ocr_par' dir='ltr' id='par_1_9' title="bbox 472 779 948 848">
     <span class='ocr_line' id='line_1_9' title="bbox 472 779 948 848; baseline 0 -17"><span class='ocrx_word' id='word_1_44' title='bbox 472 779 544 832; x_wconf 86' lang='lat' dir='ltr'><strong>tis</strong></span> <span class='ocrx_word' id='word_1_45' title='bbox 577 786 629 830; x_wconf 92' lang='lat' dir='ltr'><strong>ct</strong></span> <span class='ocrx_word' id='word_1_46' title='bbox 655 779 948 848; x_wconf 84' lang='lat' dir='ltr'><strong>octoginta.</strong></span> 
     </span>
    </p>
   </div>
   <div class='ocr_carea' id='block_1_10' title="bbox 542 869 2047 942">
    <p class='ocr_par' dir='ltr' id='par_1_10' title="bbox 542 869 2047 942">
     <span class='ocr_line' id='line_1_10' title="bbox 542 869 2047 942; baseline 0.003 -21"><span class='ocrx_word' id='word_1_47' title='bbox 542 869 756 940; x_wconf 76' lang='lat' dir='ltr'><strong>Mortuq</strong></span> <span class='ocrx_word' id='word_1_48' title='bbox 799 870 964 939; x_wconf 78' lang='lat' dir='ltr'><strong>igitur</strong></span> <span class='ocrx_word' id='word_1_49' title='bbox 1010 870 1324 934; x_wconf 83' lang='lat' dir='ltr'><strong>Uthmane.</strong></span> <span class='ocrx_word' id='word_1_50' title='bbox 1394 870 1635 926; x_wconf 82' lang='lat' dir='ltr'><strong>Arabum</strong></span> <span class='ocrx_word' id='word_1_51' title='bbox 1686 872 2047 942; x_wconf 84' lang='lat' dir='ltr'><strong>principatum</strong></span> 
     </span>
    </p>
   </div>
   <div class='ocr_carea' id='block_1_11' title="bbox 486 961 2050 1036">
    <p class='ocr_par' dir='ltr' id='par_1_11' title="bbox 486 961 2050 1036">
     <span class='ocr_line' id='line_1_11' title="bbox 486 961 2050 1036; baseline 0.003 -22"><span class='ocrx_word' id='word_1_52' title='bbox 486 961 591 1030; x_wconf 82' lang='lat'><strong>73</strong></span> <span class='ocrx_word' id='word_1_53' title='bbox 636 963 880 1032; x_wconf 79' lang='lat' dir='ltr'><strong>suscepit</strong></span> <span class='ocrx_word' id='word_1_54' title='bbox 922 962 1166 1032; x_wconf 70' lang='lat' dir='ltr'><strong>Marias;</strong></span> <span class='ocrx_word' id='word_1_55' title='bbox 1206 979 1268 1019; x_wconf 87' lang='lat' dir='ltr'><strong>ac</strong></span> <span class='ocrx_word' id='word_1_56' title='bbox 1308 965 1410 1020; x_wconf 85' lang='lat' dir='ltr'><strong>sub</strong></span> <span class='ocrx_word' id='word_1_57' title='bbox 1455 965 1682 1036; x_wconf 86' lang='lat' dir='ltr'><strong>imperio</strong></span> <span class='ocrx_word' id='word_1_58' title='bbox 1721 982 1821 1020; x_wconf 90' lang='lat' dir='ltr'><strong>suo</strong></span> <span class='ocrx_word' id='word_1_59' title='bbox 1863 967 2050 1020; x_wconf 85' lang='lat' dir='ltr'><strong>habuit</strong></span> 
     </span>
    </p>
   </div>
   <div class='ocr_carea' id='block_1_12' title="bbox 472 1055 2050 1127">
    <p class='ocr_par' dir='ltr' id='par_1_12' title="bbox 472 1055 2050 1127">
     <span class='ocr_line' id='line_1_12' title="bbox 472 1055 2050 1127; baseline 0.003 -20"><span class='ocrx_word' id='word_1_60' title='bbox 472 1062 720 1107; x_wconf 84' lang='lat' dir='ltr'><strong>sanctam</strong></span> <span class='ocrx_word' id='word_1_61' title='bbox 753 1055 963 1120; x_wconf 76' lang='lat' dir='ltr'><strong>urbem,</strong></span> <span class='ocrx_word' id='word_1_62' title='bbox 994 1055 1299 1111; x_wconf 72' lang='lat' dir='ltr'><strong>Palaestinae</strong></span> <span class='ocrx_word' id='word_1_63' title='bbox 1328 1068 1532 1127; x_wconf 87' lang='lat' dir='ltr'><strong>partes,</strong></span> <span class='ocrx_word' id='word_1_64' title='bbox 1561 1056 1912 1122; x_wconf 84' lang='lat' dir='ltr'><strong>Damascum,</strong></span> <span class='ocrx_word' id='word_1_65' title='bbox 1941 1060 2050 1112; x_wconf 79' lang='lat' dir='ltr'><strong>Au-</strong></span> 
     </span>
    </p>
   </div>
   <div class='ocr_carea' id='block_1_13' title="bbox 475 1147 2050 1220">
    <p class='ocr_par' dir='ltr' id='par_1_13' title="bbox 475 1147 2050 1220">
     <span class='ocr_line' id='line_1_13' title="bbox 475 1147 2050 1220; baseline 0.003 -22"><span class='ocrx_word' id='word_1_66' title='bbox 475 1147 757 1213; x_wconf 82' lang='lat' dir='ltr'><strong>tiocltiam,</strong></span> <span class='ocrx_word' id='word_1_67' title='bbox 799 1157 850 1201; x_wconf 89' lang='lat' dir='ltr'><strong>et</strong></span> <span class='ocrx_word' id='word_1_68' title='bbox 895 1163 1082 1204; x_wconf 86' lang='lat' dir='ltr'><strong>omnes</strong></span> <span class='ocrx_word' id='word_1_69' title='bbox 1109 1149 1325 1220; x_wconf 68' lang='lat' dir='ltr'><strong>Egypti</strong></span> <span class='ocrx_word' id='word_1_70' title='bbox 1369 1149 1558 1205; x_wconf 88' lang='lat' dir='ltr'><strong>urbes.</strong></span> <span class='ocrx_word' id='word_1_71' title='bbox 1603 1151 1743 1204; x_wconf 84' lang='lat' dir='ltr'><strong>Alim</strong></span> <span class='ocrx_word' id='word_1_72' title='bbox 1783 1165 1915 1206; x_wconf 83' lang='lat' dir='ltr'><strong>vero</strong></span> <span class='ocrx_word' id='word_1_73' title='bbox 1958 1150 2050 1220; x_wconf 87' lang='lat' dir='ltr'><strong>qui</strong></span> 
     </span>
    </p>
   </div>
   <div class='ocr_carea' id='block_1_14' title="bbox 474 1239 2054 1307">
    <p class='ocr_par' dir='ltr' id='par_1_14' title="bbox 474 1239 2054 1307">
     <span class='ocr_line' id='line_1_14' title="bbox 474 1239 2054 1307; baseline 0.003 -15"><span class='ocrx_word' id='word_1_74' title='bbox 474 1239 798 1295; x_wconf 80' lang='lat' dir='ltr'><strong>Mabometis</strong></span> <span class='ocrx_word' id='word_1_75' title='bbox 830 1240 992 1295; x_wconf 82' lang='lat' dir='ltr'><strong>ﬁliam</strong></span> <span class='ocrx_word' id='word_1_76' title='bbox 1025 1241 1311 1297; x_wconf 86' lang='lat' dir='ltr'><strong>Phatimeu</strong></span> <span class='ocrx_word' id='word_1_77' title='bbox 1342 1256 1565 1296; x_wconf 91' lang='lat' dir='ltr'><strong>uxorem</strong></span> <span class='ocrx_word' id='word_1_78' title='bbox 1599 1243 1850 1307; x_wconf 91' lang='lat' dir='ltr'><strong>duxerat,</strong></span> <span class='ocrx_word' id='word_1_79' title='bbox 1877 1243 2054 1296; x_wconf 87' lang='lat' dir='ltr'><strong>tenuit</strong></span> 
     </span>
    </p>
   </div>
   <div class='ocr_carea' id='block_1_15' title="bbox 472 1331 2056 1390">
    <p class='ocr_par' dir='ltr' id='par_1_15' title="bbox 472 1331 2056 1390">
     <span class='ocr_line' id='line_1_15' title="bbox 472 1331 2056 1390; baseline 0.003 -6"><span class='ocrx_word' id='word_1_80' title='bbox 472 1331 788 1388; x_wconf 63' lang='lat' dir='ltr'><strong>Aitbribum</strong></span> <span class='ocrx_word' id='word_1_81' title='bbox 816 1341 869 1388; x_wconf 91' lang='lat' dir='ltr'><strong>et</strong></span> <span class='ocrx_word' id='word_1_82' title='bbox 897 1335 1153 1387; x_wconf 84' lang='lat' dir='ltr'><strong>Arabiam</strong></span> <span class='ocrx_word' id='word_1_83' title='bbox 1181 1333 1442 1388; x_wconf 66' lang='lat' dir='ltr'><strong>Pctraaam</strong></span> <span class='ocrx_word' id='word_1_84' title='bbox 1470 1335 1808 1390; x_wconf 84' lang='lat' dir='ltr'><strong>universam.</strong></span> <span class='ocrx_word' id='word_1_85' title='bbox 1836 1333 1932 1390; x_wconf 85' lang='lat' dir='ltr'><strong>His</strong></span> <span class='ocrx_word' id='word_1_86' title='bbox 1961 1335 2056 1388; x_wconf 86' lang='lat' dir='ltr'><strong>ita-</strong></span> 
     </span>
    </p>
   </div>
   <div class='ocr_carea' id='block_1_16' title="bbox 473 1424 2055 1497">
    <p class='ocr_par' dir='ltr' id='par_1_16' title="bbox 473 1424 2055 1497">
     <span class='ocr_line' id='line_1_16' title="bbox 473 1424 2055 1497; baseline 0.004 -23"><span class='ocrx_word' id='word_1_87' title='bbox 473 1438 580 1492; x_wconf 90' lang='lat' dir='ltr'><strong>que</strong></span> <span class='ocrx_word' id='word_1_88' title='bbox 623 1424 816 1478; x_wconf 88' lang='lat' dir='ltr'><strong>diebus</strong></span> <span class='ocrx_word' id='word_1_89' title='bbox 866 1424 931 1479; x_wconf 89' lang='lat' dir='ltr'><strong>de</strong></span> <span class='ocrx_word' id='word_1_90' title='bbox 973 1425 1145 1495; x_wconf 68' lang='lat' dir='ltr'><strong>Syria:</strong></span> <span class='ocrx_word' id='word_1_91' title='bbox 1185 1426 1417 1494; x_wconf 86' lang='lat' dir='ltr'><strong>imperio</strong></span> <span class='ocrx_word' id='word_1_92' title='bbox 1457 1434 1647 1479; x_wconf 89' lang='lat' dir='ltr'><strong>mutuu</strong></span> <span class='ocrx_word' id='word_1_93' title='bbox 1683 1425 2055 1497; x_wconf 85' lang='lat' dir='ltr'><strong>disceptantes</strong></span> 
     </span>
    </p>
   </div>
   <div class='ocr_carea' id='block_1_17' title="bbox 474 1515 2052 1588">
    <p class='ocr_par' dir='ltr' id='par_1_17' title="bbox 474 1515 2052 1588">
     <span class='ocr_line' id='line_1_17' title="bbox 474 1515 2052 1588; baseline 0.001 -18"><span class='ocrx_word' id='word_1_94' title='bbox 474 1517 614 1570; x_wconf 78' lang='lat' dir='ltr'><strong>Alim</strong></span> <span class='ocrx_word' id='word_1_95' title='bbox 657 1527 710 1570; x_wconf 90' lang='lat' dir='ltr'><strong>et</strong></span> <span class='ocrx_word' id='word_1_96' title='bbox 751 1515 974 1580; x_wconf 79' lang='lat' dir='ltr'><strong>Mavias,</strong></span> <span class='ocrx_word' id='word_1_97' title='bbox 1022 1517 1076 1570; x_wconf 94' lang='lat' dir='ltr'><strong>in</strong></span> <span class='ocrx_word' id='word_1_98' title='bbox 1120 1526 1369 1588; x_wconf 89' lang='lat' dir='ltr'><strong>apertum</strong></span> <span class='ocrx_word' id='word_1_99' title='bbox 1413 1519 1614 1572; x_wconf 64' lang='lat' dir='ltr'><strong>bellum</strong></span> <span class='ocrx_word' id='word_1_100' title='bbox 1664 1525 2052 1588; x_wconf 89' lang='lat' dir='ltr'><strong>proruperunt,</strong></span> 
     </span>
    </p>
   </div>
   <div class='ocr_carea' id='block_1_18' title="bbox 473 1609 2051 1680">
    <p class='ocr_par' dir='ltr' id='par_1_18' title="bbox 473 1609 2051 1680">
     <span class='ocr_line' id='line_1_18' title="bbox 473 1609 2051 1680; baseline 0.001 -17"><span class='ocrx_word' id='word_1_101' title='bbox 473 1619 740 1680; x_wconf 76' lang='lat' dir='ltr'><strong>atroxque</strong></span> <span class='ocrx_word' id='word_1_102' title='bbox 793 1610 1040 1679; x_wconf 66' lang='lat' dir='ltr'><strong>praelium</strong></span> <span class='ocrx_word' id='word_1_103' title='bbox 1097 1610 1163 1663; x_wconf 88' lang='lat' dir='ltr'><strong>ad</strong></span> <span class='ocrx_word' id='word_1_104' title='bbox 1217 1609 1549 1680; x_wconf 83' lang='lat' dir='ltr'><strong>Euphratem</strong></span> <span class='ocrx_word' id='word_1_105' title='bbox 1601 1621 2051 1678; x_wconf 87' lang='lat' dir='ltr'><strong>conseruerunt;</strong></span> 
     </span>
    </p>
   </div>
   <div class='ocr_carea' id='block_1_19' title="bbox 473 1701 2050 1771">
    <p class='ocr_par' dir='ltr' id='par_1_19' title="bbox 473 1701 2050 1771">
     <span class='ocr_line' id='line_1_19' title="bbox 473 1701 2050 1771; baseline 0.001 -15"><span class='ocrx_word' id='word_1_106' title='bbox 473 1703 710 1757; x_wconf 86' lang='lat' dir='ltr'><strong>durante</strong></span> <span class='ocrx_word' id='word_1_107' title='bbox 753 1701 1035 1768; x_wconf 84' lang='lat' dir='ltr'><strong>conﬂictu,</strong></span> <span class='ocrx_word' id='word_1_108' title='bbox 1070 1716 1133 1757; x_wconf 86' lang='lat' dir='ltr'><strong>ac</strong></span> <span class='ocrx_word' id='word_1_109' title='bbox 1166 1703 1356 1758; x_wconf 92' lang='lat' dir='ltr'><strong>multis</strong></span> <span class='ocrx_word' id='word_1_110' title='bbox 1389 1703 1518 1758; x_wconf 87' lang='lat' dir='ltr'><strong>hinc</strong></span> <span class='ocrx_word' id='word_1_111' title='bbox 1549 1704 1674 1758; x_wconf 90' lang='lat' dir='ltr'><strong>inde</strong></span> <span class='ocrx_word' id='word_1_112' title='bbox 1705 1704 2050 1771; x_wconf 81' lang='lat' dir='ltr'><strong>cadentibus,</strong></span> 
     </span>
    </p>
   </div>
   <div class='ocr_carea' id='block_1_20' title="bbox 472 1795 2046 1865">
    <p class='ocr_par' dir='ltr' id='par_1_20' title="bbox 472 1795 2046 1865">
     <span class='ocr_line' id='line_1_20' title="bbox 472 1795 2046 1865; baseline 0 -17"><span class='ocrx_word' id='word_1_113' title='bbox 472 1809 536 1848; x_wconf 77' lang='lat' dir='ltr'><strong>ex</strong></span> <span class='ocrx_word' id='word_1_114' title='bbox 572 1803 805 1864; x_wconf 86' lang='lat' dir='ltr'><strong>utraque</strong></span> <span class='ocrx_word' id='word_1_115' title='bbox 849 1795 1228 1864; x_wconf 82' lang='lat' dir='ltr'><strong>Agarenorum</strong></span> <span class='ocrx_word' id='word_1_116' title='bbox 1275 1802 1430 1865; x_wconf 84' lang='lat' dir='ltr'><strong>parte</strong></span> <span class='ocrx_word' id='word_1_117' title='bbox 1477 1796 1882 1850; x_wconf 84' lang='lat' dir='ltr'><strong>conclamatum</strong></span> <span class='ocrx_word' id='word_1_118' title='bbox 1921 1805 2046 1852; x_wconf 90' lang='lat' dir='ltr'><strong>est:</strong></span> 
     </span>
    </p>
   </div>
   <div class='ocr_carea' id='block_1_21' title="bbox 473 1884 2054 1963">
    <p class='ocr_par' dir='ltr' id='par_1_21' title="bbox 473 1884 2054 1963">
     <span class='ocr_line' id='line_1_21' title="bbox 473 1884 2054 1963; baseline 0.002 -23"><span class='ocrx_word' id='word_1_119' title='bbox 473 1884 654 1952; x_wconf 78' lang='lat' dir='ltr'><strong>Quare</strong></span> <span class='ocrx_word' id='word_1_120' title='bbox 696 1894 940 1940; x_wconf 88' lang='lat' dir='ltr'><strong>mutuam</strong></span> <span class='ocrx_word' id='word_1_121' title='bbox 987 1886 1042 1940; x_wconf 94' lang='lat' dir='ltr'><strong>in</strong></span> <span class='ocrx_word' id='word_1_122' title='bbox 1089 1887 1291 1942; x_wconf 83' lang='lat' dir='ltr'><strong>caedem</strong></span> <span class='ocrx_word' id='word_1_123' title='bbox 1333 1887 1583 1953; x_wconf 86' lang='lat' dir='ltr'><strong>ruimus,</strong></span> <span class='ocrx_word' id='word_1_124' title='bbox 1624 1902 1909 1963; x_wconf 84' lang='lat' dir='ltr'><strong>genusque</strong></span> <span class='ocrx_word' id='word_1_125' title='bbox 1955 1903 2054 1944; x_wconf 85' lang='lat' dir='ltr'><strong>no—</strong></span> 
     </span>
    </p>
   </div>
   <div class='ocr_carea' id='block_1_22' title="bbox 475 1979 2056 2038">
    <p class='ocr_par' dir='ltr' id='par_1_22' title="bbox 475 1979 2056 2038">
     <span class='ocr_line' id='line_1_22' title="bbox 475 1979 2056 2038; baseline 0.001 -3"><span class='ocrx_word' id='word_1_126' title='bbox 475 1989 648 2035; x_wconf 89' lang='lat' dir='ltr'><strong>strum</strong></span> <span class='ocrx_word' id='word_1_127' title='bbox 683 1995 749 2036; x_wconf 78' lang='lat' dir='ltr'><strong>ex</strong></span> <span class='ocrx_word' id='word_1_128' title='bbox 781 1979 1102 2036; x_wconf 71' lang='lat' dir='ltr'><strong>hominibus</strong></span> <span class='ocrx_word' id='word_1_129' title='bbox 1135 1981 1384 2034; x_wconf 75' lang='lat' dir='ltr'><strong>tollitur?</strong></span> <span class='ocrx_word' id='word_1_130' title='bbox 1417 1981 1614 2038; x_wconf 80' lang='lat' dir='ltr'><strong>Verum</strong></span> <span class='ocrx_word' id='word_1_131' title='bbox 1633 1982 1742 2037; x_wconf 90' lang='lat' dir='ltr'><strong>duo</strong></span> <span class='ocrx_word' id='word_1_132' title='bbox 1773 1995 1934 2037; x_wconf 84' lang='lat' dir='ltr'><strong>senes</strong></span> <span class='ocrx_word' id='word_1_133' title='bbox 1963 1981 2056 2037; x_wconf 87' lang='lat' dir='ltr'><strong>de-</strong></span> 
     </span>
    </p>
   </div>
   <div class='ocr_carea' id='block_1_23' title="bbox 473 2071 2054 2143">
    <p class='ocr_par' dir='ltr' id='par_1_23' title="bbox 473 2071 2054 2143">
     <span class='ocr_line' id='line_1_23' title="bbox 473 2071 2054 2143; baseline 0 -17"><span class='ocrx_word' id='word_1_134' title='bbox 473 2073 715 2143; x_wconf 76' lang='lat' dir='ltr'><strong>ligantur</strong></span> <span class='ocrx_word' id='word_1_135' title='bbox 751 2087 818 2126; x_wconf 91' lang='lat' dir='ltr'><strong>ex</strong></span> <span class='ocrx_word' id='word_1_136' title='bbox 861 2081 1098 2142; x_wconf 85' lang='lat' dir='ltr'><strong>utraque</strong></span> <span class='ocrx_word' id='word_1_137' title='bbox 1138 2081 1312 2141; x_wconf 80' lang='lat' dir='ltr'><strong>parte,</strong></span> <span class='ocrx_word' id='word_1_138' title='bbox 1345 2082 1399 2126; x_wconf 91' lang='lat' dir='ltr'><strong>et</strong></span> <span class='ocrx_word' id='word_1_139' title='bbox 1429 2071 1475 2126; x_wconf 92' lang='lat' dir='ltr'><strong>is</strong></span> <span class='ocrx_word' id='word_1_140' title='bbox 1505 2071 1874 2143; x_wconf 90' lang='lat' dir='ltr'><strong>principatum</strong></span> <span class='ocrx_word' id='word_1_141' title='bbox 1907 2071 2054 2126; x_wconf 87' lang='lat' dir='ltr'><strong>obti-</strong></span> 
     </span>
    </p>
   </div>
   <div class='ocr_carea' id='block_1_24' title="bbox 471 2164 2054 2235">
    <p class='ocr_par' dir='ltr' id='par_1_24' title="bbox 471 2164 2054 2235">
     <span class='ocr_line' id='line_1_24' title="bbox 471 2164 2054 2235; baseline -0.001 -15"><span class='ocrx_word' id='word_1_142' title='bbox 471 2173 622 2228; x_wconf 78' lang='lat' dir='ltr'><strong>neat,</strong></span> <span class='ocrx_word' id='word_1_143' title='bbox 646 2180 805 2235; x_wconf 91' lang='lat' dir='ltr'><strong>quem</strong></span> <span class='ocrx_word' id='word_1_144' title='bbox 833 2165 938 2234; x_wconf 82' lang='lat' dir='ltr'><strong>ipsi</strong></span> <span class='ocrx_word' id='word_1_145' title='bbox 959 2165 1116 2219; x_wconf 80' lang='lat' dir='ltr'><strong>alteri</strong></span> <span class='ocrx_word' id='word_1_146' title='bbox 1134 2165 1500 2235; x_wconf 86' lang='lat' dir='ltr'><strong>praetulerint.</strong></span> <span class='ocrx_word' id='word_1_147' title='bbox 1525 2164 1741 2220; x_wconf 90' lang='lat' dir='ltr'><strong>Placuit</strong></span> <span class='ocrx_word' id='word_1_148' title='bbox 1761 2164 2054 2220; x_wconf 85' lang='lat' dir='ltr'><strong>consilium</strong></span> 
     </span>
    </p>
   </div>
   <div class='ocr_carea' id='block_1_25' title="bbox 471 2258 2057 2329">
    <p class='ocr_par' dir='ltr' id='par_1_25' title="bbox 471 2258 2057 2329">
     <span class='ocr_line' id='line_1_25' title="bbox 471 2258 2057 2329; baseline 0.001 -16"><span class='ocrx_word' id='word_1_149' title='bbox 471 2259 612 2313; x_wconf 80' lang='lat' dir='ltr'><strong>Alim</strong></span> <span class='ocrx_word' id='word_1_150' title='bbox 644 2267 699 2314; x_wconf 89' lang='lat' dir='ltr'><strong>et</strong></span> <span class='ocrx_word' id='word_1_151' title='bbox 733 2258 923 2314; x_wconf 82' lang='lat' dir='ltr'><strong>Mavlae</strong></span> <span class='ocrx_word' id='word_1_152' title='bbox 949 2300 965 2326; x_wconf 94' lang='lat'><strong>,</strong></span> <span class='ocrx_word' id='word_1_153' title='bbox 1015 2258 1412 2329; x_wconf 78' lang='lat' dir='ltr'><strong>detractasque</strong></span> <span class='ocrx_word' id='word_1_154' title='bbox 1439 2258 1505 2314; x_wconf 93' lang='lat' dir='ltr'><strong>de</strong></span> <span class='ocrx_word' id='word_1_155' title='bbox 1537 2259 1791 2314; x_wconf 86' lang='lat' dir='ltr'><strong>manibus</strong></span> <span class='ocrx_word' id='word_1_156' title='bbox 1823 2258 2057 2314; x_wconf 89' lang='lat' dir='ltr'><strong>annulos</strong></span> 
     </span>
    </p>
   </div>
   <div class='ocr_carea' id='block_1_26' title="bbox 473 2352 2056 2423">
    <p class='ocr_par' dir='ltr' id='par_1_26' title="bbox 473 2352 2056 2423">
     <span class='ocr_line' id='line_1_26' title="bbox 473 2352 2056 2423; baseline -0.001 -16"><span class='ocrx_word' id='word_1_157' title='bbox 473 2353 690 2407; x_wconf 88' lang='lat' dir='ltr'><strong>duobus</strong></span> <span class='ocrx_word' id='word_1_158' title='bbox 722 2353 950 2408; x_wconf 87' lang='lat' dir='ltr'><strong>senibus</strong></span> <span class='ocrx_word' id='word_1_159' title='bbox 977 2352 1285 2419; x_wconf 90' lang='lat' dir='ltr'><strong>dederunt;</strong></span> <span class='ocrx_word' id='word_1_160' title='bbox 1315 2352 1462 2423; x_wconf 90' lang='lat' dir='ltr'><strong>quod</strong></span> <span class='ocrx_word' id='word_1_161' title='bbox 1490 2353 1710 2422; x_wconf 87' lang='lat' dir='ltr'><strong>quidem</strong></span> <span class='ocrx_word' id='word_1_162' title='bbox 1743 2352 1890 2423; x_wconf 89' lang='lat' dir='ltr'><strong>apud</strong></span> <span class='ocrx_word' id='word_1_163' title='bbox 1914 2353 2056 2422; x_wconf 84' lang='lat' dir='ltr'><strong>Aga-</strong></span> 
     </span>
    </p>
   </div>
   <div class='ocr_carea' id='block_1_27' title="bbox 472 2447 2057 2516">
    <p class='ocr_par' dir='ltr' id='par_1_27' title="bbox 472 2447 2057 2516">
     <span class='ocr_line' id='line_1_27' title="bbox 472 2447 2057 2516; baseline -0.001 -15"><span class='ocrx_word' id='word_1_164' title='bbox 472 2461 635 2502; x_wconf 88' lang='lat' dir='ltr'><strong>reuos</strong></span> <span class='ocrx_word' id='word_1_165' title='bbox 667 2447 1012 2515; x_wconf 87' lang='lat' dir='ltr'><strong>principatus</strong></span> <span class='ocrx_word' id='word_1_166' title='bbox 1045 2447 1260 2515; x_wconf 86' lang='lat' dir='ltr'><strong>signum</strong></span> <span class='ocrx_word' id='word_1_167' title='bbox 1287 2453 1395 2509; x_wconf 82' lang='lat' dir='ltr'><strong>est,</strong></span> <span class='ocrx_word' id='word_1_168' title='bbox 1427 2454 1866 2516; x_wconf 84' lang='lat' dir='ltr'><strong>potestatemque</strong></span> <span class='ocrx_word' id='word_1_169' title='bbox 1898 2460 2057 2500; x_wconf 88' lang='lat' dir='ltr'><strong>suam</strong></span> 
     </span>
    </p>
   </div>
   <div class='ocr_carea' id='block_1_28' title="bbox 473 2539 2059 2604">
    <p class='ocr_par' dir='ltr' id='par_1_28' title="bbox 473 2539 2059 2604">
     <span class='ocr_line' id='line_1_28' title="bbox 473 2539 2059 2604; baseline -0.002 -7"><span class='ocrx_word' id='word_1_170' title='bbox 473 2554 668 2597; x_wconf 85' lang='lat' dir='ltr'><strong>senum</strong></span> <span class='ocrx_word' id='word_1_171' title='bbox 695 2540 930 2594; x_wconf 87' lang='lat' dir='ltr'><strong>duorum</strong></span> <span class='ocrx_word' id='word_1_172' title='bbox 963 2539 1233 2594; x_wconf 83' lang='lat' dir='ltr'><strong>voluntati</strong></span> <span class='ocrx_word' id='word_1_173' title='bbox 1259 2539 1686 2604; x_wconf 87' lang='lat' dir='ltr'><strong>commiserunt,</strong></span> <span class='ocrx_word' id='word_1_174' title='bbox 1711 2547 2059 2594; x_wconf 85' lang='lat' dir='ltr'><strong>sacramento</strong></span> 
     </span>
    </p>
   </div>
   <div class='ocr_carea' id='block_1_29' title="bbox 477 2631 2060 2704">
    <p class='ocr_par' dir='ltr' id='par_1_29' title="bbox 477 2631 2060 2704">
     <span class='ocr_line' id='line_1_29' title="bbox 477 2631 2060 2704; baseline 0.001 -18"><span class='ocrx_word' id='word_1_175' title='bbox 477 2634 632 2704; x_wconf 84' lang='lat' dir='ltr'><strong>prius</strong></span> <span class='ocrx_word' id='word_1_176' title='bbox 663 2633 831 2698; x_wconf 75' lang='lat' dir='ltr'><strong>edi-to,</strong></span> <span class='ocrx_word' id='word_1_177' title='bbox 871 2647 930 2688; x_wconf 86' lang='lat' dir='ltr'><strong>se</strong></span> <span class='ocrx_word' id='word_1_178' title='bbox 970 2647 1357 2704; x_wconf 86' lang='lat' dir='ltr'><strong>quemcunque</strong></span> <span class='ocrx_word' id='word_1_179' title='bbox 1392 2647 1554 2688; x_wconf 82' lang='lat' dir='ltr'><strong>senes</strong></span> <span class='ocrx_word' id='word_1_180' title='bbox 1598 2631 1916 2703; x_wconf 76' lang='lat' dir='ltr'><strong>deligerent,</strong></span> <span class='ocrx_word' id='word_1_181' title='bbox 1959 2648 2060 2704; x_wconf 88' lang='lat' dir='ltr'><strong>pro</strong></span> 
     </span>
    </p>
   </div>
   <div class='ocr_carea' id='block_1_30' title="bbox 475 2723 2061 2796">
    <p class='ocr_par' dir='ltr' id='par_1_30' title="bbox 475 2723 2061 2796">
     <span class='ocr_line' id='line_1_30' title="bbox 475 2723 2061 2796; baseline -0.001 -16"><span class='ocrx_word' id='word_1_182' title='bbox 475 2725 702 2780; x_wconf 86' lang='lat' dir='ltr'><strong>domino</strong></span> <span class='ocrx_word' id='word_1_183' title='bbox 735 2739 800 2780; x_wconf 83' lang='lat' dir='ltr'><strong>ac</strong></span> <span class='ocrx_word' id='word_1_184' title='bbox 831 2724 1077 2796; x_wconf 81' lang='lat' dir='ltr'><strong>principe</strong></span> <span class='ocrx_word' id='word_1_185' title='bbox 1127 2725 1369 2779; x_wconf 91' lang='lat' dir='ltr'><strong>omnium</strong></span> <span class='ocrx_word' id='word_1_186' title='bbox 1405 2723 1808 2779; x_wconf 82' lang='lat' dir='ltr'><strong>Saracenorum</strong></span> <span class='ocrx_word' id='word_1_187' title='bbox 1839 2723 2061 2778; x_wconf 88' lang='lat' dir='ltr'><strong>habitu-</strong></span> 
     </span>
    </p>
   </div>
   <div class='ocr_carea' id='block_1_31' title="bbox 475 2817 2058 2888">
    <p class='ocr_par' dir='ltr' id='par_1_31' title="bbox 475 2817 2058 2888">
     <span class='ocr_line' id='line_1_31' title="bbox 475 2817 2058 2888; baseline -0.001 -16"><span class='ocrx_word' id='word_1_188' title='bbox 475 2833 592 2875; x_wconf 85' lang='lat' dir='ltr'><strong>ros.</strong></span> <span class='ocrx_word' id='word_1_189' title='bbox 643 2818 990 2888; x_wconf 86' lang='lat' dir='ltr'><strong>Senibusque</strong></span> <span class='ocrx_word' id='word_1_190' title='bbox 1039 2819 1308 2875; x_wconf 76' lang='lat' dir='ltr'><strong>ambobus</strong></span> <span class='ocrx_word' id='word_1_191' title='bbox 1359 2817 1413 2873; x_wconf 90' lang='lat' dir='ltr'><strong>in</strong></span> <span class='ocrx_word' id='word_1_192' title='bbox 1465 2817 1704 2872; x_wconf 88' lang='lat' dir='ltr'><strong>medium</strong></span> <span class='ocrx_word' id='word_1_193' title='bbox 1753 2827 2058 2874; x_wconf 87' lang='lat' dir='ltr'><strong>castrorum</strong></span> 
     </span>
    </p>
   </div>
   <div class='ocr_carea' id='block_1_32' title="bbox 476 2907 2062 2980">
    <p class='ocr_par' dir='ltr' id='par_1_32' title="bbox 476 2907 2062 2980">
     <span class='ocr_line' id='line_1_32' title="bbox 476 2907 2062 2980; baseline 0 -16"><span class='ocrx_word' id='word_1_194' title='bbox 476 2909 806 2980; x_wconf 78' lang='lat' dir='ltr'><strong>progressis,</strong></span> <span class='ocrx_word' id='word_1_195' title='bbox 839 2916 893 2964; x_wconf 90' lang='lat' dir='ltr'><strong>et</strong></span> <span class='ocrx_word' id='word_1_196' title='bbox 923 2909 978 2962; x_wconf 94' lang='lat' dir='ltr'><strong>in</strong></span> <span class='ocrx_word' id='word_1_197' title='bbox 1009 2909 1189 2978; x_wconf 87' lang='lat' dir='ltr'><strong>spatio</strong></span> <span class='ocrx_word' id='word_1_198' title='bbox 1219 2909 1364 2963; x_wconf 89' lang='lat' dir='ltr'><strong>inter</strong></span> <span class='ocrx_word' id='word_1_199' title='bbox 1393 2907 1532 2964; x_wconf 87' lang='lat' dir='ltr'><strong>duas</strong></span> <span class='ocrx_word' id='word_1_200' title='bbox 1554 2911 1702 2964; x_wconf 87' lang='lat' dir='ltr'><strong>acies</strong></span> <span class='ocrx_word' id='word_1_201' title='bbox 1731 2908 2062 2979; x_wconf 86' lang='lat' dir='ltr'><strong>interposito</strong></span> 
     </span>
    </p>
   </div>
   <div class='ocr_carea' id='block_1_33' title="bbox 479 2985 2058 3070">
    <p class='ocr_par' dir='ltr' id='par_1_33' title="bbox 479 2985 2058 3070">
     <span class='ocr_line' id='line_1_33' title="bbox 479 2985 2058 3070; baseline -0.001 -14"><span class='ocrx_word' id='word_1_202' title='bbox 479 2985 957 3064; x_wconf 77' lang='lat' dir='ltr'><strong>consistentibus;</strong></span> <span class='ocrx_word' id='word_1_203' title='bbox 991 3000 1081 3070; x_wconf 90' lang='lat' dir='ltr'><strong>qui</strong></span> <span class='ocrx_word' id='word_1_204' title='bbox 1122 3015 1150 3054; x_wconf 91' lang='lat' dir='ltr'><strong>a</strong></span> <span class='ocrx_word' id='word_1_205' title='bbox 1185 2999 1438 3070; x_wconf 87' lang='lat' dir='ltr'><strong>partibus</strong></span> <span class='ocrx_word' id='word_1_206' title='bbox 1477 2999 1619 3054; x_wconf 79' lang='lat' dir='ltr'><strong>Alim</strong></span> <span class='ocrx_word' id='word_1_207' title='bbox 1654 2999 1838 3056; x_wconf 84' lang='lat' dir='ltr'><strong>stabat</strong></span> <span class='ocrx_word' id='word_1_208' title='bbox 1870 3015 2058 3065; x_wconf 83' lang='lat' dir='ltr'><strong>senex,</strong></span> 
     </span>
    </p>
   </div>
   <div class='ocr_carea' id='block_1_34' title="bbox 2148 498 3717 577">
    <p class='ocr_par' dir='ltr' id='par_1_34' title="bbox 2148 498 3717 577">
     <span class='ocr_line' id='line_1_34' title="bbox 2148 498 3717 577; baseline -0.002 -19"><span class='ocrx_word' id='word_1_209' title='bbox 2148 506 2337 577; x_wconf 80' lang='grc' dir='ltr'>Συρίᾳ,</span> <span class='ocrx_word' id='word_1_210' title='bbox 2367 509 2458 560; x_wconf 72' lang='grc' dir='ltr'>καὶ</span> <span class='ocrx_word' id='word_1_211' title='bbox 2491 506 2715 577; x_wconf 67' lang='grc' dir='ltr'>ἔστησεν</span> <span class='ocrx_word' id='word_1_212' title='bbox 2744 506 2903 559; x_wconf 68' lang='grc' dir='ltr'>αὐτὸν</span> <span class='ocrx_word' id='word_1_213' title='bbox 2934 507 3015 569; x_wconf 85' lang='grc' dir='ltr'><strong>είς</strong></span> <span class='ocrx_word' id='word_1_214' title='bbox 3044 503 3250 573; x_wconf 84' lang='grc' dir='ltr'>ἀγορὰν</span> <span class='ocrx_word' id='word_1_215' title='bbox 3276 501 3439 556; x_wconf 72' lang='grc' dir='ltr'>παντὶ</span> <span class='ocrx_word' id='word_1_216' title='bbox 3471 498 3550 570; x_wconf 79' lang='grc' dir='ltr'>τῷ</span> <span class='ocrx_word' id='word_1_217' title='bbox 3597 499 3717 570; x_wconf 85' lang='grc' dir='ltr'><strong>βου·</strong></span> 
     </span>
    </p>
   </div>
   <div class='ocr_carea' id='block_1_35' title="bbox 2148 589 3724 670">
    <p class='ocr_par' dir='ltr' id='par_1_35' title="bbox 2148 589 3724 670">
     <span class='ocr_line' id='line_1_35' title="bbox 2148 589 3724 670; baseline 0.005 -22"><span class='ocrx_word' id='word_1_218' title='bbox 2148 595 2360 667; x_wconf 83' lang='grc' dir='ltr'>λομένῳ</span> <span class='ocrx_word' id='word_1_219' title='bbox 2378 613 2389 626; x_wconf 83' lang='lat'><strong><em>°</em></strong></span> <span class='ocrx_word' id='word_1_220' title='bbox 2424 599 2672 670; x_wconf 78' lang='grc' dir='ltr'>ὠνήσατο</span> <span class='ocrx_word' id='word_1_221' title='bbox 2689 598 2741 651; x_wconf 87' lang='grc' dir='ltr'><strong>δὲ</strong></span> <span class='ocrx_word' id='word_1_222' title='bbox 2780 597 2940 652; x_wconf 75' lang='grc' dir='ltr'>αὐτὸν</span> <span class='ocrx_word' id='word_1_223' title='bbox 2978 597 3226 667; x_wconf 84' lang='grc' dir='ltr'>Ἐϐραῖος</span> <span class='ocrx_word' id='word_1_224' title='bbox 3247 592 3591 666; x_wconf 73' lang='grc' dir='ltr'>όἙμεσηνδς</span> <span class='ocrx_word' id='word_1_225' title='bbox 3609 589 3724 662; x_wconf 80' lang='grc' dir='ltr'><strong>(Π)</strong></span> 
     </span>
    </p>
   </div>
   <div class='ocr_carea' id='block_1_36' title="bbox 2148 687 3723 761">
    <p class='ocr_par' dir='ltr' id='par_1_36' title="bbox 2148 687 3723 761">
     <span class='ocr_line' id='line_1_36' title="bbox 2148 687 3723 761; baseline -0.003 -20"><span class='ocrx_word' id='word_1_226' title='bbox 2148 690 2530 761; x_wconf 83' lang='grc' dir='ltr'>ὲπιφορτώσας</span> <span class='ocrx_word' id='word_1_227' title='bbox 2577 691 2744 742; x_wconf 71' lang='grc' dir='ltr'>αὐτὸν</span> <span class='ocrx_word' id='word_1_228' title='bbox 2783 690 2890 743; x_wconf 71' lang='grc' dir='ltr'><strong>ἀπὸ</strong></span> <span class='ocrx_word' id='word_1_229' title='bbox 2918 689 3197 759; x_wconf 73' lang='grc' dir='ltr'><strong>θαλάσσης</strong></span> <span class='ocrx_word' id='word_1_230' title='bbox 3244 687 3521 757; x_wconf 80' lang='grc' dir='ltr'><strong>καμήλους</strong></span> <span class='ocrx_word' id='word_1_231' title='bbox 3564 687 3723 738; x_wconf 76' lang='grc' dir='ltr'>ἐννα-</span> 
     </span>
    </p>
   </div>
   <div class='ocr_carea' id='block_1_37' title="bbox 2150 781 2992 853">
    <p class='ocr_par' dir='ltr' id='par_1_37' title="bbox 2150 781 2992 853">
     <span class='ocr_line' id='line_1_37' title="bbox 2150 781 2992 853; baseline 0 -19"><span class='ocrx_word' id='word_1_232' title='bbox 2150 781 2340 845; x_wconf 87' lang='grc' dir='ltr'>κοσίας</span> <span class='ocrx_word' id='word_1_233' title='bbox 2373 782 2467 835; x_wconf 71' lang='grc' dir='ltr'>καὶ</span> <span class='ocrx_word' id='word_1_234' title='bbox 2501 782 2833 852; x_wconf 73' lang='grc' dir='ltr'>ὁγδοήκοντα</span> <span class='ocrx_word' id='word_1_235' title='bbox 2859 781 2992 853; x_wconf 86' lang='grc'><strong>(18).</strong></span> 
     </span>
    </p>
   </div>
   <div class='ocr_carea' id='block_1_38' title="bbox 2224 869 3725 945">
    <p class='ocr_par' dir='ltr' id='par_1_38' title="bbox 2224 869 3725 945">
     <span class='ocr_line' id='line_1_38' title="bbox 2224 869 3725 945; baseline -0.004 -18"><span class='ocrx_word' id='word_1_236' title='bbox 2224 873 2656 944; x_wconf 79' lang='grc' dir='ltr'><strong>Τελευτήσαντος</strong></span> <span class='ocrx_word' id='word_1_237' title='bbox 2677 870 2768 927; x_wconf 81' lang='grc' dir='ltr'><strong>οὖν</strong></span> <span class='ocrx_word' id='word_1_238' title='bbox 2794 873 2888 927; x_wconf 81' lang='grc' dir='ltr'><strong>τοῦ</strong></span> <span class='ocrx_word' id='word_1_239' title='bbox 2913 875 3156 945; x_wconf 76' lang='grc' dir='ltr'>Οὐθμὰν,</span> <span class='ocrx_word' id='word_1_240' title='bbox 3181 874 3292 940; x_wconf 85' lang='grc'><strong>(19)</strong></span> <span class='ocrx_word' id='word_1_241' title='bbox 3316 870 3587 935; x_wconf 80' lang='grc' dir='ltr'><strong>διεδέξατο</strong></span> <span class='ocrx_word' id='word_1_242' title='bbox 3625 869 3725 938; x_wconf 84' lang='grc' dir='ltr'>τὴν</span> 
     </span>
    </p>
   </div>
   <div class='ocr_carea' id='block_1_39' title="bbox 2149 961 3726 1038">
    <p class='ocr_par' dir='ltr' id='par_1_39' title="bbox 2149 961 3726 1038">
     <span class='ocr_line' id='line_1_39' title="bbox 2149 961 3726 1038; baseline -0.004 -17"><span class='ocrx_word' id='word_1_243' title='bbox 2149 967 2258 1021; x_wconf 89' lang='grc' dir='ltr'><strong>τῶν</strong></span> <span class='ocrx_word' id='word_1_244' title='bbox 2293 966 2542 1038; x_wconf 80' lang='grc' dir='ltr'>Ἀράϐων</span> <span class='ocrx_word' id='word_1_245' title='bbox 2596 969 2772 1038; x_wconf 81' lang='grc' dir='ltr'>ἀρχὴν</span> <span class='ocrx_word' id='word_1_246' title='bbox 2827 971 2855 1021; x_wconf 89' lang='grc' dir='ltr'><strong>ό</strong></span> <span class='ocrx_word' id='word_1_247' title='bbox 2884 968 3124 1030; x_wconf 88' lang='grc' dir='ltr'>Μαϐίας.</span> <span class='ocrx_word' id='word_1_248' title='bbox 3172 965 3478 1037; x_wconf 78' lang='grc' dir='ltr'><strong>Ἐκράτησε</strong></span> <span class='ocrx_word' id='word_1_249' title='bbox 3522 963 3577 1015; x_wconf 78' lang='grc' dir='ltr'>δὲ</span> <span class='ocrx_word' id='word_1_250' title='bbox 3625 961 3726 1028; x_wconf 84' lang='grc' dir='ltr'>τῆς</span> 
     </span>
    </p>
   </div>
   <div class='ocr_carea' id='block_1_40' title="bbox 2151 1053 3725 1130">
    <p class='ocr_par' dir='ltr' id='par_1_40' title="bbox 2151 1053 3725 1130">
     <span class='ocr_line' id='line_1_40' title="bbox 2151 1053 3725 1130; baseline -0.007 -16"><span class='ocrx_word' id='word_1_251' title='bbox 2151 1060 2313 1130; x_wconf 83' lang='grc' dir='ltr'>ἁγίας</span> <span class='ocrx_word' id='word_1_252' title='bbox 2342 1060 2546 1124; x_wconf 83' lang='grc' dir='ltr'>πόλεως</span> <span class='ocrx_word' id='word_1_253' title='bbox 2579 1063 2673 1114; x_wconf 71' lang='grc' dir='ltr'>καὶ</span> <span class='ocrx_word' id='word_1_254' title='bbox 2706 1061 2816 1114; x_wconf 84' lang='grc' dir='ltr'><strong>τῶν</strong></span> <span class='ocrx_word' id='word_1_255' title='bbox 2845 1061 2941 1130; x_wconf 79' lang='grc' dir='ltr'>τῆς</span> <span class='ocrx_word' id='word_1_256' title='bbox 2970 1058 3341 1126; x_wconf 77' lang='grc' dir='ltr'>Παλαιστίνης</span> <span class='ocrx_word' id='word_1_257' title='bbox 3397 1053 3602 1126; x_wconf 85' lang='grc' dir='ltr'><strong>μερῶν,</strong></span> <span class='ocrx_word' id='word_1_258' title='bbox 3626 1054 3725 1121; x_wconf 73' lang='grc' dir='ltr'><strong>τήν</strong></span> 
     </span>
    </p>
   </div>
   <div class='ocr_carea' id='block_1_41' title="bbox 2152 1145 3728 1222">
    <p class='ocr_par' dir='ltr' id='par_1_41' title="bbox 2152 1145 3728 1222">
     <span class='ocr_line' id='line_1_41' title="bbox 2152 1145 3728 1222; baseline -0.006 -17"><span class='ocrx_word' id='word_1_259' title='bbox 2152 1168 2212 1205; x_wconf 90' lang='grc' dir='ltr'>τε</span> <span class='ocrx_word' id='word_1_260' title='bbox 2267 1151 2580 1222; x_wconf 82' lang='grc' dir='ltr'>Δαμασκὸν,</span> <span class='ocrx_word' id='word_1_261' title='bbox 2619 1153 2713 1206; x_wconf 80' lang='grc' dir='ltr'>καὶ</span> <span class='ocrx_word' id='word_1_262' title='bbox 2763 1151 3114 1221; x_wconf 84' lang='grc' dir='ltr'><strong>Ἀντιόχειαν,</strong></span> <span class='ocrx_word' id='word_1_263' title='bbox 3145 1149 3238 1202; x_wconf 73' lang='grc' dir='ltr'>καὶ</span> <span class='ocrx_word' id='word_1_264' title='bbox 3295 1145 3475 1208; x_wconf 86' lang='grc' dir='ltr'>πάσας</span> <span class='ocrx_word' id='word_1_265' title='bbox 3507 1146 3604 1207; x_wconf 83' lang='grc' dir='ltr'>τὰς</span> <span class='ocrx_word' id='word_1_266' title='bbox 3629 1145 3728 1212; x_wconf 74' lang='grc' dir='ltr'><strong>τῆς</strong></span> 
     </span>
    </p>
   </div>
   <div class='ocr_carea' id='block_1_42' title="bbox 2154 1235 3729 1314">
    <p class='ocr_par' dir='ltr' id='par_1_42' title="bbox 2154 1235 3729 1314">
     <span class='ocr_line' id='line_1_42' title="bbox 2154 1235 3729 1314; baseline -0.006 -17"><span class='ocrx_word' id='word_1_267' title='bbox 2154 1245 2431 1313; x_wconf 82' lang='grc' dir='ltr'><strong>Αἰγύπτου</strong></span> <span class='ocrx_word' id='word_1_268' title='bbox 2471 1245 2674 1308; x_wconf 84' lang='grc' dir='ltr'>πόλεις.</span> <span class='ocrx_word' id='word_1_269' title='bbox 2722 1246 2780 1298; x_wconf 87' lang='grc' dir='ltr'><strong>Ὀ</strong></span> <span class='ocrx_word' id='word_1_270' title='bbox 2819 1245 2874 1298; x_wconf 80' lang='grc' dir='ltr'><strong>δὲ</strong></span> <span class='ocrx_word' id='word_1_271' title='bbox 2921 1243 3114 1314; x_wconf 84' lang='grc' dir='ltr'>Ἀλὴμ,</span> <span class='ocrx_word' id='word_1_272' title='bbox 3139 1241 3198 1306; x_wconf 79' lang='grc' dir='ltr'>ὃς</span> <span class='ocrx_word' id='word_1_273' title='bbox 3231 1235 3299 1312; x_wconf 83' lang='grc' dir='ltr'><strong>ἦν</strong></span> <span class='ocrx_word' id='word_1_274' title='bbox 3337 1239 3585 1311; x_wconf 73' lang='grc' dir='ltr'>γαμϐρὸς</span> <span class='ocrx_word' id='word_1_275' title='bbox 3633 1236 3729 1290; x_wconf 81' lang='grc' dir='ltr'><strong>τοῦ</strong></span> 
     </span>
    </p>
   </div>
   <div class='ocr_carea' id='block_1_43' title="bbox 2154 1331 3730 1412">
    <p class='ocr_par' dir='ltr' id='par_1_43' title="bbox 2154 1331 3730 1412">
     <span class='ocr_line' id='line_1_43' title="bbox 2154 1331 3730 1412; baseline -0.005 -19"><span class='ocrx_word' id='word_1_276' title='bbox 2154 1339 2416 1409; x_wconf 60' lang='grc' dir='ltr'>ἣίουάμεθ</span> <span class='ocrx_word' id='word_1_277' title='bbox 2439 1340 2534 1393; x_wconf 72' lang='grc' dir='ltr'>ἐπὶ</span> <span class='ocrx_word' id='word_1_278' title='bbox 2558 1338 2792 1411; x_wconf 68' lang='grc' dir='ltr'>θυγατρὶ</span> <span class='ocrx_word' id='word_1_279' title='bbox 2809 1342 2874 1412; x_wconf 80' lang='grc' dir='ltr'><strong>τῇ</strong></span> <span class='ocrx_word' id='word_1_280' title='bbox 2894 1336 3205 1410; x_wconf 78' lang='grc' dir='ltr'>καλουμένῃ</span> <span class='ocrx_word' id='word_1_281' title='bbox 3225 1331 3730 1406; x_wconf 67' lang='grc' dir='ltr'>Φατιμὲ,ὲκράτησε</span> 
     </span>
    </p>
   </div>
   <div class='ocr_carea' id='block_1_44' title="bbox 2156 1425 3730 1505">
    <p class='ocr_par' dir='ltr' id='par_1_44' title="bbox 2156 1425 3730 1505">
     <span class='ocr_line' id='line_1_44' title="bbox 2156 1425 3730 1505; baseline -0.006 -18"><span class='ocrx_word' id='word_1_282' title='bbox 2156 1434 2257 1502; x_wconf 76' lang='grc' dir='ltr'>τῆς</span> <span class='ocrx_word' id='word_1_283' title='bbox 2291 1433 2573 1505; x_wconf 80' lang='grc' dir='ltr'>Ᾱῑθρίϐου,</span> <span class='ocrx_word' id='word_1_284' title='bbox 2624 1434 2718 1487; x_wconf 76' lang='grc' dir='ltr'>καὶ</span> <span class='ocrx_word' id='word_1_285' title='bbox 2755 1435 2936 1504; x_wconf 83' lang='grc' dir='ltr'><strong>πάσης</strong></span> <span class='ocrx_word' id='word_1_286' title='bbox 2995 1432 3094 1503; x_wconf 80' lang='grc' dir='ltr'>τῆς</span> <span class='ocrx_word' id='word_1_287' title='bbox 3132 1431 3405 1502; x_wconf 83' lang='grc' dir='ltr'>Τραχείας</span> <span class='ocrx_word' id='word_1_288' title='bbox 3448 1425 3730 1499; x_wconf 80' lang='grc' dir='ltr'>Ἀραϐίας.</span> 
     </span>
    </p>
   </div>
   <div class='ocr_carea' id='block_1_45' title="bbox 2169 1515 3734 1594">
    <p class='ocr_par' dir='ltr' id='par_1_45' title="bbox 2169 1515 3734 1594">
     <span class='ocr_line' id='line_1_45' title="bbox 2169 1515 3734 1594; baseline -0.007 -15"><span class='ocrx_word' id='word_1_289' title='bbox 2169 1525 2258 1578; x_wconf 86' lang='grc' dir='ltr'><strong>Ἐν</strong></span> <span class='ocrx_word' id='word_1_290' title='bbox 2282 1526 2512 1588; x_wconf 79' lang='grc' dir='ltr'><strong>ταύταις</strong></span> <span class='ocrx_word' id='word_1_291' title='bbox 2540 1520 2633 1579; x_wconf 80' lang='grc' dir='ltr'>οὖν</span> <span class='ocrx_word' id='word_1_292' title='bbox 2661 1528 2780 1587; x_wconf 84' lang='grc' dir='ltr'>ταῖς</span> <span class='ocrx_word' id='word_1_293' title='bbox 2808 1526 3047 1594; x_wconf 79' lang='grc' dir='ltr'><strong>ἡμέραις</strong></span> <span class='ocrx_word' id='word_1_294' title='bbox 3077 1522 3452 1594; x_wconf 79' lang='grc' dir='ltr'>διηγέρθησαν</span> <span class='ocrx_word' id='word_1_295' title='bbox 3479 1519 3612 1588; x_wconf 78' lang='grc' dir='ltr'>πρὸς</span> <span class='ocrx_word' id='word_1_296' title='bbox 3631 1515 3734 1569; x_wconf 81' lang='grc' dir='ltr'>πό-</span> 
     </span>
    </p>
   </div>
   <div class='ocr_carea' id='block_1_46' title="bbox 2155 1607 3731 1689">
    <p class='ocr_par' dir='ltr' id='par_1_46' title="bbox 2155 1607 3731 1689">
     <span class='ocr_line' id='line_1_46' title="bbox 2155 1607 3731 1689; baseline -0.007 -18"><span class='ocrx_word' id='word_1_297' title='bbox 2155 1619 2320 1689; x_wconf 81' lang='grc' dir='ltr'>λεμον</span> <span class='ocrx_word' id='word_1_298' title='bbox 2355 1619 2468 1686; x_wconf 75' lang='lat'><strong>(9.0)</strong></span> <span class='ocrx_word' id='word_1_299' title='bbox 2498 1621 2618 1673; x_wconf 76' lang='grc' dir='ltr'>κατ’</span> <span class='ocrx_word' id='word_1_300' title='bbox 2644 1619 2890 1688; x_wconf 72' lang='grc' dir='ltr'>ἀλλήλων</span> <span class='ocrx_word' id='word_1_301' title='bbox 2927 1618 2954 1670; x_wconf 81' lang='grc' dir='ltr'>ὅ</span> <span class='ocrx_word' id='word_1_302' title='bbox 2983 1633 3044 1670; x_wconf 78' lang='grc' dir='ltr'>τε</span> <span class='ocrx_word' id='word_1_303' title='bbox 3091 1614 3266 1685; x_wconf 78' lang='grc' dir='ltr'>’Δλὴμ</span> <span class='ocrx_word' id='word_1_304' title='bbox 3292 1613 3386 1667; x_wconf 70' lang='grc' dir='ltr'>καὶ</span> <span class='ocrx_word' id='word_1_305' title='bbox 3437 1613 3465 1664; x_wconf 84' lang='grc' dir='ltr'><strong>ό</strong></span> <span class='ocrx_word' id='word_1_306' title='bbox 3490 1607 3731 1670; x_wconf 85' lang='grc' dir='ltr'>Μαϐίας,</span> 
     </span>
    </p>
   </div>
   <div class='ocr_carea' id='block_1_47' title="bbox 2159 1701 3734 1782">
    <p class='ocr_par' dir='ltr' id='par_1_47' title="bbox 2159 1701 3734 1782">
     <span class='ocr_line' id='line_1_47' title="bbox 2159 1701 3734 1782; baseline -0.018 -1"><span class='ocrx_word' id='word_1_307' title='bbox 2159 1712 2431 1782; x_wconf 63' lang='grc' dir='ltr'><strong>ὲρίξοντες</strong></span> <span class='ocrx_word' id='word_1_308' title='bbox 2463 1712 2591 1782; x_wconf 73' lang='grc' dir='ltr'>περὶ</span> <span class='ocrx_word' id='word_1_309' title='bbox 2634 1713 2730 1780; x_wconf 76' lang='grc' dir='ltr'>τῆς</span> <span class='ocrx_word' id='word_1_310' title='bbox 2757 1711 2953 1781; x_wconf 81' lang='grc' dir='ltr'>ἀρχῆς,</span> <span class='ocrx_word' id='word_1_311' title='bbox 2985 1709 3067 1771; x_wconf 86' lang='grc' dir='ltr'><strong>τίς</strong></span> <span class='ocrx_word' id='word_1_312' title='bbox 3093 1706 3272 1761; x_wconf 87' lang='grc' dir='ltr'>αὐτῶν</span> <span class='ocrx_word' id='word_1_313' title='bbox 3318 1704 3596 1774; x_wconf 69' lang='grc' dir='ltr'>κυριεῦσει</span> <span class='ocrx_word' id='word_1_314' title='bbox 3627 1701 3734 1753; x_wconf 79' lang='grc' dir='ltr'><strong>πά-</strong></span> 
     </span>
    </p>
   </div>
   <div class='ocr_carea' id='block_1_48' title="bbox 2161 1795 3737 1874">
    <p class='ocr_par' dir='ltr' id='par_1_48' title="bbox 2161 1795 3737 1874">
     <span class='ocr_line' id='line_1_48' title="bbox 2161 1795 3737 1874; baseline -0.008 -17"><span class='ocrx_word' id='word_1_315' title='bbox 2161 1821 2261 1874; x_wconf 87' lang='grc' dir='ltr'><strong>σης</strong></span> <span class='ocrx_word' id='word_1_316' title='bbox 2289 1803 2508 1873; x_wconf 83' lang='grc' dir='ltr'>Συρίας.</span> <span class='ocrx_word' id='word_1_317' title='bbox 2538 1801 2894 1873; x_wconf 80' lang='grc' dir='ltr'>Συνήχθησαν</span> <span class='ocrx_word' id='word_1_318' title='bbox 2927 1799 2982 1852; x_wconf 83' lang='grc' dir='ltr'><strong>δὲ</strong></span> <span class='ocrx_word' id='word_1_319' title='bbox 3011 1797 3159 1870; x_wconf 80' lang='grc' dir='ltr'>παρὰ</span> <span class='ocrx_word' id='word_1_320' title='bbox 3191 1798 3285 1852; x_wconf 85' lang='grc' dir='ltr'>τὸν</span> <span class='ocrx_word' id='word_1_321' title='bbox 3314 1795 3608 1867; x_wconf 80' lang='grc' dir='ltr'><strong>Εὐφράτην</strong></span> <span class='ocrx_word' id='word_1_322' title='bbox 3638 1809 3737 1844; x_wconf 89' lang='grc' dir='ltr'><strong>πο-</strong></span> 
     </span>
    </p>
   </div>
   <div class='ocr_carea' id='block_1_49' title="bbox 2155 1886 3732 1966">
    <p class='ocr_par' dir='ltr' id='par_1_49' title="bbox 2155 1886 3732 1966">
     <span class='ocr_line' id='line_1_49' title="bbox 2155 1886 3732 1966; baseline -0.007 -16"><span class='ocrx_word' id='word_1_323' title='bbox 2155 1897 2350 1966; x_wconf 76' lang='grc' dir='ltr'>ταμὸν,</span> <span class='ocrx_word' id='word_1_324' title='bbox 2396 1897 2492 1950; x_wconf 79' lang='grc' dir='ltr'>καὶ</span> <span class='ocrx_word' id='word_1_325' title='bbox 2519 1896 2849 1948; x_wconf 77' lang='grc' dir='ltr'>συνάπτουσι</span> <span class='ocrx_word' id='word_1_326' title='bbox 2889 1892 3128 1962; x_wconf 85' lang='grc' dir='ltr'>πόλεμον</span> <span class='ocrx_word' id='word_1_327' title='bbox 3158 1888 3378 1962; x_wconf 84' lang='grc' dir='ltr'>ίσχυρδν</span> <span class='ocrx_word' id='word_1_328' title='bbox 3421 1890 3538 1959; x_wconf 83' lang='grc' dir='ltr'>μετ’</span> <span class='ocrx_word' id='word_1_329' title='bbox 3561 1886 3732 1956; x_wconf 78' lang='grc' dir='ltr'>ἀλλή-</span> 
     </span>
    </p>
   </div>
   <div class='ocr_carea' id='block_1_50' title="bbox 2156 1978 3738 2055">
    <p class='ocr_par' dir='ltr' id='par_1_50' title="bbox 2156 1978 3738 2055">
     <span class='ocr_line' id='line_1_50' title="bbox 2156 1978 3738 2055; baseline -0.006 -15"><span class='ocrx_word' id='word_1_330' title='bbox 2156 1985 2284 2041; x_wconf 87' lang='grc' dir='ltr'>λων.</span> <span class='ocrx_word' id='word_1_331' title='bbox 2324 1985 2430 2041; x_wconf 81' lang='grc' dir='ltr'><strong>Τοῦ</strong></span> <span class='ocrx_word' id='word_1_332' title='bbox 2473 1987 2530 2040; x_wconf 85' lang='grc' dir='ltr'><strong>δὲ</strong></span> <span class='ocrx_word' id='word_1_333' title='bbox 2571 1986 2808 2054; x_wconf 86' lang='grc' dir='ltr'>πολέμου</span> <span class='ocrx_word' id='word_1_334' title='bbox 2846 1982 3208 2055; x_wconf 81' lang='grc' dir='ltr'>κρατοῦντος,</span> <span class='ocrx_word' id='word_1_335' title='bbox 3265 1981 3356 2036; x_wconf 77' lang='grc' dir='ltr'>καὶ</span> <span class='ocrx_word' id='word_1_336' title='bbox 3416 1978 3627 2033; x_wconf 84' lang='grc' dir='ltr'>πολλῶν</span> <span class='ocrx_word' id='word_1_337' title='bbox 3676 1979 3738 2042; x_wconf 75' lang='grc' dir='ltr'><strong>ἐξ</strong></span> 
     </span>
    </p>
   </div>
   <div class='ocr_carea' id='block_1_51' title="bbox 2159 2070 3740 2150">
    <p class='ocr_par' dir='ltr' id='par_1_51' title="bbox 2159 2070 3740 2150">
     <span class='ocr_line' id='line_1_51' title="bbox 2159 2070 3740 2150; baseline -0.007 -16"><span class='ocrx_word' id='word_1_338' title='bbox 2159 2078 2486 2150; x_wconf 82' lang='grc' dir='ltr'><strong>ἀμφοτέρων</strong></span> <span class='ocrx_word' id='word_1_339' title='bbox 2512 2078 2845 2140; x_wconf 77' lang='grc' dir='ltr'>πιπτόντων,</span> <span class='ocrx_word' id='word_1_340' title='bbox 2880 2072 3120 2146; x_wconf 74' lang='grc' dir='ltr'>ἔκραξαν</span> <span class='ocrx_word' id='word_1_341' title='bbox 3142 2073 3212 2127; x_wconf 82' lang='grc' dir='ltr'>τὰ</span> <span class='ocrx_word' id='word_1_342' title='bbox 3241 2072 3422 2143; x_wconf 80' lang='grc' dir='ltr'><strong>πλήθη</strong></span> <span class='ocrx_word' id='word_1_343' title='bbox 3451 2070 3560 2124; x_wconf 90' lang='grc' dir='ltr'><strong>τῶν</strong></span> <span class='ocrx_word' id='word_1_344' title='bbox 3575 2071 3740 2137; x_wconf 82' lang='grc' dir='ltr'>’Δγα-</span> 
     </span>
    </p>
   </div>
   <div class='ocr_carea' id='block_1_52' title="bbox 2160 2163 3738 2243">
    <p class='ocr_par' dir='ltr' id='par_1_52' title="bbox 2160 2163 3738 2243">
     <span class='ocr_line' id='line_1_52' title="bbox 2160 2163 3738 2243; baseline -0.006 -19"><span class='ocrx_word' id='word_1_345' title='bbox 2160 2171 2338 2243; x_wconf 82' lang='grc' dir='ltr'>ρηνῶν</span> <span class='ocrx_word' id='word_1_346' title='bbox 2366 2169 2693 2240; x_wconf 71' lang='grc' dir='ltr'>ἀμφοτέρων</span> <span class='ocrx_word' id='word_1_347' title='bbox 2724 2167 2949 2237; x_wconf 61' lang='grc' dir='ltr'>τῶνδύο</span> <span class='ocrx_word' id='word_1_348' title='bbox 2982 2164 3165 2236; x_wconf 84' lang='grc' dir='ltr'>μερῶν</span> <span class='ocrx_word' id='word_1_349' title='bbox 3189 2181 3202 2198; x_wconf 84' lang='grc'>·</span> <span class='ocrx_word' id='word_1_350' title='bbox 3235 2163 3354 2217; x_wconf 88' lang='grc' dir='ltr'>Τίνι</span> <span class='ocrx_word' id='word_1_351' title='bbox 3373 2164 3562 2234; x_wconf 84' lang='grc' dir='ltr'>τρόπῳ</span> <span class='ocrx_word' id='word_1_352' title='bbox 3593 2163 3738 2228; x_wconf 78' lang='grc' dir='ltr'>σφά-</span> 
     </span>
    </p>
   </div>
   <div class='ocr_carea' id='block_1_53' title="bbox 2160 2255 3738 2334">
    <p class='ocr_par' dir='ltr' id='par_1_53' title="bbox 2160 2255 3738 2334">
     <span class='ocr_line' id='line_1_53' title="bbox 2160 2255 3738 2334; baseline -0.007 -17"><span class='ocrx_word' id='word_1_353' title='bbox 2160 2264 2324 2334; x_wconf 79' lang='grc' dir='ltr'>ζομεν</span> <span class='ocrx_word' id='word_1_354' title='bbox 2343 2263 2438 2317; x_wconf 70' lang='grc' dir='ltr'>καὶ</span> <span class='ocrx_word' id='word_1_355' title='bbox 2467 2259 2806 2331; x_wconf 73' lang='grc' dir='ltr'>σφαζόμεθα,</span> <span class='ocrx_word' id='word_1_356' title='bbox 2841 2257 3277 2326; x_wconf 68' lang='grc' dir='ltr'>καὶάφανίζεται</span> <span class='ocrx_word' id='word_1_357' title='bbox 3309 2256 3367 2310; x_wconf 84' lang='grc' dir='ltr'>τὸ</span> <span class='ocrx_word' id='word_1_358' title='bbox 3398 2256 3554 2324; x_wconf 80' lang='grc' dir='ltr'>γένος</span> <span class='ocrx_word' id='word_1_359' title='bbox 3575 2255 3738 2325; x_wconf 78' lang='grc' dir='ltr'>ἡμῶν</span> 
     </span>
    </p>
   </div>
   <div class='ocr_carea' id='block_1_54' title="bbox 2160 2347 3737 2426">
    <p class='ocr_par' dir='ltr' id='par_1_54' title="bbox 2160 2347 3737 2426">
     <span class='ocr_line' id='line_1_54' title="bbox 2160 2347 3737 2426; baseline -0.008 -16"><span class='ocrx_word' id='word_1_360' title='bbox 2160 2358 2224 2410; x_wconf 82' lang='grc' dir='ltr'>ὲκ</span> <span class='ocrx_word' id='word_1_361' title='bbox 2254 2355 2354 2426; x_wconf 82' lang='grc' dir='ltr'>τῆς</span> <span class='ocrx_word' id='word_1_362' title='bbox 2387 2354 2496 2408; x_wconf 87' lang='grc' dir='ltr'><strong>τῶν</strong></span> <span class='ocrx_word' id='word_1_363' title='bbox 2538 2354 2843 2425; x_wconf 85' lang='grc' dir='ltr'>ἀνθρώπων</span> <span class='ocrx_word' id='word_1_364' title='bbox 2875 2351 3057 2421; x_wconf 83' lang='grc' dir='ltr'>βιοτῆς</span> <span class='ocrx_word' id='word_1_365' title='bbox 3081 2366 3096 2415; x_wconf 93' lang='lat'><strong>;</strong></span> <span class='ocrx_word' id='word_1_366' title='bbox 3120 2349 3281 2401; x_wconf 80' lang='grc' dir='ltr'>Ἀλλὰ</span> <span class='ocrx_word' id='word_1_367' title='bbox 3307 2347 3737 2420; x_wconf 85' lang='grc' dir='ltr'>χωρισθήτωσαν</span> 
     </span>
    </p>
   </div>
   <div class='ocr_carea' id='block_1_55' title="bbox 2159 2437 3739 2518">
    <p class='ocr_par' dir='ltr' id='par_1_55' title="bbox 2159 2437 3739 2518">
     <span class='ocr_line' id='line_1_55' title="bbox 2159 2437 3739 2518; baseline -0.009 -15"><span class='ocrx_word' id='word_1_368' title='bbox 2159 2448 2252 2503; x_wconf 80' lang='grc' dir='ltr'><strong>δύο</strong></span> <span class='ocrx_word' id='word_1_369' title='bbox 2281 2449 2537 2518; x_wconf 82' lang='grc' dir='ltr'>γέροντες</span> <span class='ocrx_word' id='word_1_370' title='bbox 2573 2446 2633 2512; x_wconf 73' lang='grc' dir='ltr'><strong>ἐξ</strong></span> <span class='ocrx_word' id='word_1_371' title='bbox 2665 2444 2993 2516; x_wconf 77' lang='grc' dir='ltr'>ἀμφοτέρων</span> <span class='ocrx_word' id='word_1_372' title='bbox 3044 2441 3153 2495; x_wconf 87' lang='grc' dir='ltr'><strong>τῶν</strong></span> <span class='ocrx_word' id='word_1_373' title='bbox 3207 2439 3412 2512; x_wconf 82' lang='grc' dir='ltr'>μερῶν,</span> <span class='ocrx_word' id='word_1_374' title='bbox 3443 2440 3538 2494; x_wconf 78' lang='grc' dir='ltr'>καὶ</span> <span class='ocrx_word' id='word_1_375' title='bbox 3579 2439 3636 2491; x_wconf 90' lang='grc' dir='ltr'>ὃν</span> <span class='ocrx_word' id='word_1_376' title='bbox 3670 2437 3739 2490; x_wconf 78' lang='grc' dir='ltr'>ἂν</span> 
     </span>
    </p>
   </div>
   <div class='ocr_carea' id='block_1_56' title="bbox 2163 2529 3739 2614">
    <p class='ocr_par' dir='ltr' id='par_1_56' title="bbox 2163 2529 3739 2614">
     <span class='ocr_line' id='line_1_56' title="bbox 2163 2529 3739 2614; baseline -0.008 -18"><span class='ocrx_word' id='word_1_377' title='bbox 2163 2542 2560 2614; x_wconf 85' lang='grc' dir='ltr'>προκρίνωσιν,</span> <span class='ocrx_word' id='word_1_378' title='bbox 2597 2538 2770 2609; x_wconf 76' lang='grc' dir='ltr'>ἐχέτω</span> <span class='ocrx_word' id='word_1_379' title='bbox 2798 2538 2894 2606; x_wconf 82' lang='grc' dir='ltr'>τὴν</span> <span class='ocrx_word' id='word_1_380' title='bbox 2927 2535 3122 2605; x_wconf 75' lang='grc' dir='ltr'><strong>ἀρχήν.</strong></span> <span class='ocrx_word' id='word_1_381' title='bbox 3167 2534 3224 2587; x_wconf 90' lang='lat'><strong>&#39;0</strong></span> <span class='ocrx_word' id='word_1_382' title='bbox 3277 2532 3334 2586; x_wconf 83' lang='grc' dir='ltr'><strong>δὲ</strong></span> <span class='ocrx_word' id='word_1_383' title='bbox 3368 2531 3541 2602; x_wconf 80' lang='grc' dir='ltr'>’Δλὴμ</span> <span class='ocrx_word' id='word_1_384' title='bbox 3588 2529 3682 2582; x_wconf 71' lang='grc' dir='ltr'>καὶ</span> <span class='ocrx_word' id='word_1_385' title='bbox 3709 2531 3739 2583; x_wconf 83' lang='grc' dir='ltr'><strong><em>ὁ</em></strong></span> 
     </span>
    </p>
   </div>
   <div class='ocr_carea' id='block_1_57' title="bbox 2161 2623 3739 2707">
    <p class='ocr_par' dir='ltr' id='par_1_57' title="bbox 2161 2623 3739 2707">
     <span class='ocr_line' id='line_1_57' title="bbox 2161 2623 3739 2707; baseline -0.01 -16"><span class='ocrx_word' id='word_1_386' title='bbox 2161 2636 2382 2700; x_wconf 81' lang='grc' dir='ltr'>Μαϐίας</span> <span class='ocrx_word' id='word_1_387' title='bbox 2416 2633 2731 2707; x_wconf 79' lang='grc' dir='ltr'>ἡρέσθησαν</span> <span class='ocrx_word' id='word_1_388' title='bbox 2753 2630 2845 2684; x_wconf 71' lang='grc' dir='ltr'><strong>ἐπὶ</strong></span> <span class='ocrx_word' id='word_1_389' title='bbox 2885 2629 2963 2700; x_wconf 84' lang='grc' dir='ltr'>τῷ</span> <span class='ocrx_word' id='word_1_390' title='bbox 2991 2627 3132 2697; x_wconf 80' lang='grc' dir='ltr'>λόγῳ</span> <span class='ocrx_word' id='word_1_391' title='bbox 3163 2624 3371 2680; x_wconf 89' lang='grc' dir='ltr'>αὐτῶν·</span> <span class='ocrx_word' id='word_1_392' title='bbox 3405 2625 3501 2680; x_wconf 73' lang='grc' dir='ltr'>καὶ</span> <span class='ocrx_word' id='word_1_393' title='bbox 3540 2623 3739 2678; x_wconf 73' lang='grc' dir='ltr'>ἐκϐάλ-</span> 
     </span>
    </p>
   </div>
   <div class='ocr_carea' id='block_1_58' title="bbox 2161 2713 3740 2793">
    <p class='ocr_par' dir='ltr' id='par_1_58' title="bbox 2161 2713 3740 2793">
     <span class='ocr_line' id='line_1_58' title="bbox 2161 2713 3740 2793; baseline -0.009 -13"><span class='ocrx_word' id='word_1_394' title='bbox 2161 2725 2346 2789; x_wconf 90' lang='grc' dir='ltr'>λοντες</span> <span class='ocrx_word' id='word_1_395' title='bbox 2373 2725 2437 2778; x_wconf 80' lang='grc' dir='ltr'>ὲκ</span> <span class='ocrx_word' id='word_1_396' title='bbox 2468 2724 2573 2777; x_wconf 86' lang='grc' dir='ltr'><strong>τῶν</strong></span> <span class='ocrx_word' id='word_1_397' title='bbox 2600 2723 2798 2793; x_wconf 86' lang='grc' dir='ltr'>χειρῶν</span> <span class='ocrx_word' id='word_1_398' title='bbox 2827 2719 2953 2780; x_wconf 77' lang='grc' dir='ltr'>τοὺς</span> <span class='ocrx_word' id='word_1_399' title='bbox 2993 2718 3203 2771; x_wconf 79' lang='grc' dir='ltr'>ἑαυτῶν</span> <span class='ocrx_word' id='word_1_400' title='bbox 3232 2715 3552 2779; x_wconf 80' lang='grc' dir='ltr'>δακτυλίους</span> <span class='ocrx_word' id='word_1_401' title='bbox 3575 2713 3740 2768; x_wconf 79' lang='grc' dir='ltr'><strong>δεδώ-</strong></span> 
     </span>
    </p>
   </div>
   <div class='ocr_carea' id='block_1_59' title="bbox 2165 2808 3742 2885">
    <p class='ocr_par' dir='ltr' id='par_1_59' title="bbox 2165 2808 3742 2885">
     <span class='ocr_line' id='line_1_59' title="bbox 2165 2808 3742 2885; baseline -0.006 -14"><span class='ocrx_word' id='word_1_402' title='bbox 2165 2835 2294 2871; x_wconf 89' lang='grc' dir='ltr'>κασι</span> <span class='ocrx_word' id='word_1_403' title='bbox 2320 2819 2432 2881; x_wconf 84' lang='grc' dir='ltr'>τοῖς</span> <span class='ocrx_word' id='word_1_404' title='bbox 2459 2816 2582 2868; x_wconf 72' lang='grc' dir='ltr'>δυσὶ</span> <span class='ocrx_word' id='word_1_405' title='bbox 2612 2815 2860 2885; x_wconf 87' lang='grc' dir='ltr'>γέρουσι,</span> <span class='ocrx_word' id='word_1_406' title='bbox 2891 2812 3029 2880; x_wconf 83' lang='grc' dir='ltr'>ὅπερ</span> <span class='ocrx_word' id='word_1_407' title='bbox 3059 2809 3177 2864; x_wconf 66' lang='grc' dir='ltr'>ἐστὶ</span> <span class='ocrx_word' id='word_1_408' title='bbox 3199 2811 3423 2881; x_wconf 85' lang='grc' dir='ltr'>σημεῖον</span> <span class='ocrx_word' id='word_1_409' title='bbox 3447 2811 3545 2880; x_wconf 77' lang='grc' dir='ltr'>τῆς</span> <span class='ocrx_word' id='word_1_410' title='bbox 3565 2808 3742 2880; x_wconf 81' lang='grc' dir='ltr'>ἀρχῆς</span> 
     </span>
    </p>
   </div>
   <div class='ocr_carea' id='block_1_60' title="bbox 2161 2901 3741 2979">
    <p class='ocr_par' dir='ltr' id='par_1_60' title="bbox 2161 2901 3741 2979">
     <span class='ocr_line' id='line_1_60' title="bbox 2161 2901 3741 2979; baseline -0.007 -14"><span class='ocrx_word' id='word_1_411' title='bbox 2161 2910 2274 2965; x_wconf 89' lang='grc' dir='ltr'><strong>τῶν</strong></span> <span class='ocrx_word' id='word_1_412' title='bbox 2320 2908 2656 2979; x_wconf 84' lang='grc' dir='ltr'>Ἀγαρηνῶν,</span> <span class='ocrx_word' id='word_1_413' title='bbox 2696 2905 2788 2959; x_wconf 67' lang='grc' dir='ltr'>καὶ</span> <span class='ocrx_word' id='word_1_414' title='bbox 2821 2903 3098 2974; x_wconf 82' lang='grc' dir='ltr'>παρέσχον</span> <span class='ocrx_word' id='word_1_415' title='bbox 3135 2903 3234 2974; x_wconf 72' lang='grc' dir='ltr'>τὴν</span> <span class='ocrx_word' id='word_1_416' title='bbox 3283 2901 3530 2968; x_wconf 79' lang='grc' dir='ltr'>ἐξουσίαν</span> <span class='ocrx_word' id='word_1_417' title='bbox 3561 2901 3741 2955; x_wconf 86' lang='grc' dir='ltr'>αὐτῶν</span> 
     </span>
    </p>
   </div>
   <div class='ocr_carea' id='block_1_61' title="bbox 2165 2993 3742 3072">
    <p class='ocr_par' dir='ltr' id='par_1_61' title="bbox 2165 2993 3742 3072">
     <span class='ocr_line' id='line_1_61' title="bbox 2165 2993 3742 3072; baseline -0.006 -16"><span class='ocrx_word' id='word_1_418' title='bbox 2165 3003 2248 3066; x_wconf 82' lang='grc' dir='ltr'><strong>είς</strong></span> <span class='ocrx_word' id='word_1_419' title='bbox 2274 3003 2374 3072; x_wconf 84' lang='grc' dir='ltr'><strong>τὴν</strong></span> <span class='ocrx_word' id='word_1_420' title='bbox 2401 2999 2623 3069; x_wconf 82' lang='grc' dir='ltr'>θέλησιν</span> <span class='ocrx_word' id='word_1_421' title='bbox 2645 2998 2753 3052; x_wconf 83' lang='grc' dir='ltr'><strong>τῶν</strong></span> <span class='ocrx_word' id='word_1_422' title='bbox 2783 2995 2877 3049; x_wconf 81' lang='grc' dir='ltr'>δύο</span> <span class='ocrx_word' id='word_1_423' title='bbox 2907 2995 3203 3066; x_wconf 87' lang='grc' dir='ltr'>γερόντων,</span> <span class='ocrx_word' id='word_1_424' title='bbox 3240 2993 3300 3048; x_wconf 79' lang='grc' dir='ltr'><strong>τὸ</strong></span> <span class='ocrx_word' id='word_1_425' title='bbox 3334 2995 3564 3065; x_wconf 80' lang='grc' dir='ltr'>πρᾶγμα</span> <span class='ocrx_word' id='word_1_426' title='bbox 3589 2993 3742 3064; x_wconf 77' lang='grc' dir='ltr'>ἐνορ-</span> 
     </span>
    </p>
   </div>
   <div class='ocr_carea' id='block_1_62' title="bbox 478 3085 2059 3181">
    <p class='ocr_par' dir='ltr' id='par_1_62' title="bbox 478 3092 2059 3163">
     <span class='ocr_line' id='line_1_62' title="bbox 478 3092 2059 3163; baseline 0 -17"><span class='ocrx_word' id='word_1_427' title='bbox 478 3094 564 3148; x_wconf 84' lang='lat' dir='ltr'><strong>vir</strong></span> <span class='ocrx_word' id='word_1_428' title='bbox 591 3093 716 3163; x_wconf 88' lang='lat' dir='ltr'><strong>pius</strong></span> <span class='ocrx_word' id='word_1_429' title='bbox 743 3107 773 3145; x_wconf 86' lang='lat' dir='ltr'><strong>a</strong></span> <span class='ocrx_word' id='word_1_430' title='bbox 804 3092 1097 3148; x_wconf 81' lang='lat' dir='ltr'><strong>Saracenis</strong></span> <span class='ocrx_word' id='word_1_431' title='bbox 1121 3092 1427 3147; x_wconf 85' lang='lat' dir='ltr'><strong>habebatur</strong></span> <span class='ocrx_word' id='word_1_432' title='bbox 1456 3107 1523 3147; x_wconf 89' lang='lat' dir='ltr'><strong>ex</strong></span> <span class='ocrx_word' id='word_1_433' title='bbox 1555 3092 1772 3147; x_wconf 89' lang='lat' dir='ltr'><strong>illorum</strong></span> <span class='ocrx_word' id='word_1_434' title='bbox 1807 3106 2059 3159; x_wconf 89' lang='lat' dir='ltr'><strong>numero,</strong></span> 
     </span>
    </p>
   </div>
   <div class='ocr_carea' id='block_1_63' title="bbox 2164 3085 3742 3181">
    <p class='ocr_par' dir='ltr' id='par_1_63' title="bbox 2167 3085 3742 3164">
     <span class='ocr_line' id='line_1_63' title="bbox 2167 3085 3742 3164; baseline -0.007 -15"><span class='ocrx_word' id='word_1_435' title='bbox 2167 3112 2260 3150; x_wconf 88' lang='grc' dir='ltr'>κον</span> <span class='ocrx_word' id='word_1_436' title='bbox 2287 3096 2671 3164; x_wconf 80' lang='grc' dir='ltr'>ποιησάμενοι,</span> <span class='ocrx_word' id='word_1_437' title='bbox 2699 3092 2792 3144; x_wconf 75' lang='grc' dir='ltr'>καὶ</span> <span class='ocrx_word' id='word_1_438' title='bbox 2819 3090 2978 3145; x_wconf 80' lang='grc' dir='ltr'>τοῦτο</span> <span class='ocrx_word' id='word_1_439' title='bbox 3028 3087 3419 3158; x_wconf 77' lang='grc' dir='ltr'>στοιχίσαντες,</span> <span class='ocrx_word' id='word_1_440' title='bbox 3455 3085 3542 3140; x_wconf 78' lang='grc' dir='ltr'>ἵνα</span> <span class='ocrx_word' id='word_1_441' title='bbox 3569 3086 3628 3139; x_wconf 79' lang='grc' dir='ltr'><strong>ὃν</strong></span> <span class='ocrx_word' id='word_1_442' title='bbox 3675 3085 3742 3139; x_wconf 75' lang='grc' dir='ltr'><strong>ἄν</strong></span> 
     </span>
    </p>
   </div>
   <div class='ocr_carea' id='block_1_64' title="bbox 481 3182 2059 3254">
    <p class='ocr_par' dir='ltr' id='par_1_64' title="bbox 481 3182 2059 3254">
     <span class='ocr_line' id='line_1_64' title="bbox 481 3182 2059 3254; baseline 0 -17"><span class='ocrx_word' id='word_1_443' title='bbox 481 3198 622 3248; x_wconf 90' lang='lat' dir='ltr'><strong>quos</strong></span> <span class='ocrx_word' id='word_1_444' title='bbox 667 3182 773 3254; x_wconf 87' lang='lat' dir='ltr'><strong>ipsi</strong></span> <span class='ocrx_word' id='word_1_445' title='bbox 808 3183 983 3239; x_wconf 86' lang='lat' dir='ltr'><strong>Cadcs</strong></span> <span class='ocrx_word' id='word_1_446' title='bbox 1015 3185 1314 3254; x_wconf 85' lang='lat' dir='ltr'><strong>appellant,</strong></span> <span class='ocrx_word' id='word_1_447' title='bbox 1345 3183 1449 3239; x_wconf 86' lang='lat' dir='ltr'><strong>hoc</strong></span> <span class='ocrx_word' id='word_1_448' title='bbox 1482 3193 1588 3249; x_wconf 87' lang='lat' dir='ltr'><strong>est,</strong></span> <span class='ocrx_word' id='word_1_449' title='bbox 1624 3183 1810 3239; x_wconf 89' lang='lat' dir='ltr'><strong>lideles</strong></span> <span class='ocrx_word' id='word_1_450' title='bbox 1843 3192 1898 3240; x_wconf 90' lang='lat' dir='ltr'><strong>et</strong></span> <span class='ocrx_word' id='word_1_451' title='bbox 1929 3199 2059 3239; x_wconf 85' lang='lat' dir='ltr'><strong>san-</strong></span> 
     </span>
    </p>
   </div>
   <div class='ocr_carea' id='block_1_65' title="bbox 484 3274 2072 3344">
    <p class='ocr_par' dir='ltr' id='par_1_65' title="bbox 484 3274 2072 3344">
     <span class='ocr_line' id='line_1_65' title="bbox 484 3274 2072 3344; baseline -0.003 -15"><span class='ocrx_word' id='word_1_452' title='bbox 484 3283 625 3329; x_wconf 85' lang='lat' dir='ltr'><strong>ctos.</strong></span> <span class='ocrx_word' id='word_1_453' title='bbox 671 3274 861 3328; x_wconf 69' lang='lat' dir='ltr'><strong>Mavize</strong></span> <span class='ocrx_word' id='word_1_454' title='bbox 900 3283 1083 3330; x_wconf 87' lang='lat' dir='ltr'><strong>autem</strong></span> <span class='ocrx_word' id='word_1_455' title='bbox 1122 3290 1288 3330; x_wconf 85' lang='lat' dir='ltr'><strong>senex</strong></span> <span class='ocrx_word' id='word_1_456' title='bbox 1328 3274 1514 3329; x_wconf 86' lang='lat' dir='ltr'><strong>habitu</strong></span> <span class='ocrx_word' id='word_1_457' title='bbox 1555 3282 1765 3329; x_wconf 89' lang='lat' dir='ltr'><strong>tantum</strong></span> <span class='ocrx_word' id='word_1_458' title='bbox 1801 3276 2072 3344; x_wconf 90' lang='lat' dir='ltr'><strong>pietatem.</strong></span> 
     </span>
    </p>
   </div>
   <div class='ocr_carea' id='block_1_66' title="bbox 483 3365 2061 3437">
    <p class='ocr_par' dir='ltr' id='par_1_66' title="bbox 483 3365 2061 3437">
     <span class='ocr_line' id='line_1_66' title="bbox 483 3365 2061 3437; baseline 0 -17"><span class='ocrx_word' id='word_1_459' title='bbox 483 3365 809 3437; x_wconf 62' lang='lat' dir='ltr'><strong>preferebat</strong></span> <span class='ocrx_word' id='word_1_460' title='bbox 838 3410 851 3432; x_wconf 94' lang='lat'><strong>,</strong></span> <span class='ocrx_word' id='word_1_461' title='bbox 897 3375 1097 3422; x_wconf 65' lang='lat' dir='ltr'><strong>CEBlel&#39;O</strong></span> <span class='ocrx_word' id='word_1_462' title='bbox 1152 3367 1377 3423; x_wconf 87' lang='lat' dir='ltr'><strong>dolosus</strong></span> <span class='ocrx_word' id='word_1_463' title='bbox 1429 3374 1859 3436; x_wconf 84' lang='lat' dir='ltr'><strong>contumaxque,</strong></span> <span class='ocrx_word' id='word_1_464' title='bbox 1904 3365 2061 3420; x_wconf 52' lang='lat' dir='ltr'><strong>mali-</strong></span> 
     </span>
    </p>
   </div>
   <div class='ocr_carea' id='block_1_67' title="bbox 484 3450 2061 3525">
    <p class='ocr_par' dir='ltr' id='par_1_67' title="bbox 484 3450 2061 3525">
     <span class='ocr_line' id='line_1_67' title="bbox 484 3450 2061 3525; baseline -0.002 -16"><span class='ocrx_word' id='word_1_465' title='bbox 484 3455 674 3525; x_wconf 80' lang='lat' dir='ltr'><strong>tiaque</strong></span> <span class='ocrx_word' id='word_1_466' title='bbox 713 3455 1041 3509; x_wconf 87' lang='lat' dir='ltr'><strong>mortalibus</strong></span> <span class='ocrx_word' id='word_1_467' title='bbox 1086 3455 1342 3509; x_wconf 89' lang='lat' dir='ltr'><strong>omnibus</strong></span> <span class='ocrx_word' id='word_1_468' title='bbox 1391 3455 1646 3524; x_wconf 91' lang='lat' dir='ltr'><strong>superior</strong></span> <span class='ocrx_word' id='word_1_469' title='bbox 1689 3472 1703 3508; x_wconf 91' lang='lat'><strong>:</strong></span> <span class='ocrx_word' id='word_1_470' title='bbox 1752 3454 1850 3524; x_wconf 86' lang='lat' dir='ltr'><strong>qui</strong></span> <span class='ocrx_word' id='word_1_471' title='bbox 1887 3450 2061 3508; x_wconf 78' lang='lat' dir='ltr'><strong>Alemi</strong></span> 
     </span>
    </p>
   </div>
   <div class='ocr_carea' id='block_1_68' title="bbox 485 3547 2062 3618">
    <p class='ocr_par' dir='ltr' id='par_1_68' title="bbox 485 3547 2062 3618">
     <span class='ocr_line' id='line_1_68' title="bbox 485 3547 2062 3618; baseline -0.002 -16"><span class='ocrx_word' id='word_1_472' title='bbox 485 3562 672 3602; x_wconf 83' lang='lat' dir='ltr'><strong>senem</strong></span> <span class='ocrx_word' id='word_1_473' title='bbox 710 3548 785 3601; x_wconf 88' lang='lat' dir='ltr'><strong>ita</strong></span> <span class='ocrx_word' id='word_1_474' title='bbox 822 3547 1174 3618; x_wconf 88' lang='lat' dir='ltr'><strong>compellavit</strong></span> <span class='ocrx_word' id='word_1_475' title='bbox 1210 3566 1222 3602; x_wconf 92' lang='lat'><strong>:</strong></span> <span class='ocrx_word' id='word_1_476' title='bbox 1257 3547 1361 3611; x_wconf 88' lang='lat' dir='ltr'><strong>Tu,</strong></span> <span class='ocrx_word' id='word_1_477' title='bbox 1404 3548 1606 3617; x_wconf 88' lang='lat' dir='ltr'><strong>inquit,</strong></span> <span class='ocrx_word' id='word_1_478' title='bbox 1649 3548 1800 3617; x_wconf 88' lang='lat' dir='ltr'><strong>prior</strong></span> <span class='ocrx_word' id='word_1_479' title='bbox 1833 3554 2062 3603; x_wconf 80' lang='lat' dir='ltr'><strong>senten-</strong></span> 
     </span>
    </p>
   </div>
   <div class='ocr_carea' id='block_1_69' title="bbox 484 3639 2065 3713">
    <p class='ocr_par' dir='ltr' id='par_1_69' title="bbox 484 3639 2065 3713">
     <span class='ocr_line' id='line_1_69' title="bbox 484 3639 2065 3713; baseline 0.002 -19"><span class='ocrx_word' id='word_1_480' title='bbox 484 3640 616 3696; x_wconf 88' lang='lat' dir='ltr'><strong>tiam</strong></span> <span class='ocrx_word' id='word_1_481' title='bbox 640 3639 831 3706; x_wconf 87' lang='lat' dir='ltr'><strong>dicito,</strong></span> <span class='ocrx_word' id='word_1_482' title='bbox 852 3650 1042 3713; x_wconf 90' lang='lat' dir='ltr'><strong>utpote</strong></span> <span class='ocrx_word' id='word_1_483' title='bbox 1066 3641 1326 3712; x_wconf 89' lang='lat' dir='ltr'><strong>prudens,</strong></span> <span class='ocrx_word' id='word_1_484' title='bbox 1349 3641 1472 3711; x_wconf 90' lang='lat' dir='ltr'><strong>pius</strong></span> <span class='ocrx_word' id='word_1_485' title='bbox 1496 3656 1559 3695; x_wconf 90' lang='lat' dir='ltr'><strong>ac</strong></span> <span class='ocrx_word' id='word_1_486' title='bbox 1583 3656 1668 3696; x_wconf 89' lang='lat' dir='ltr'><strong>me</strong></span> <span class='ocrx_word' id='word_1_487' title='bbox 1691 3641 1881 3697; x_wconf 84' lang='lat' dir='ltr'><strong>multis</strong></span> <span class='ocrx_word' id='word_1_488' title='bbox 1906 3641 2065 3697; x_wconf 80' lang='lat' dir='ltr'><strong>annis</strong></span> 
     </span>
    </p>
   </div>
   <div class='ocr_carea' id='block_1_70' title="bbox 483 3731 2068 3804">
    <p class='ocr_par' dir='ltr' id='par_1_70' title="bbox 483 3731 2068 3804">
     <span class='ocr_line' id='line_1_70' title="bbox 483 3731 2068 3804; baseline 0.001 -18"><span class='ocrx_word' id='word_1_489' title='bbox 483 3735 820 3802; x_wconf 80' lang='lat' dir='ltr'><strong>provectior.</strong></span> <span class='ocrx_word' id='word_1_490' title='bbox 854 3733 1158 3804; x_wconf 77' lang='lat' dir='ltr'><strong>Respondit</strong></span> <span class='ocrx_word' id='word_1_491' title='bbox 1188 3749 1354 3791; x_wconf 82' lang='lat' dir='ltr'><strong>senex</strong></span> <span class='ocrx_word' id='word_1_492' title='bbox 1381 3733 1553 3789; x_wconf 83' lang='lat' dir='ltr'><strong>Alemi</strong></span> <span class='ocrx_word' id='word_1_493' title='bbox 1591 3753 1604 3789; x_wconf 91' lang='lat'><strong>:</strong></span> <span class='ocrx_word' id='word_1_494' title='bbox 1645 3731 1716 3787; x_wconf 89' lang='lat' dir='ltr'><strong>Ut</strong></span> <span class='ocrx_word' id='word_1_495' title='bbox 1745 3734 1886 3787; x_wconf 84' lang='lat' dir='ltr'><strong>Alim</strong></span> <span class='ocrx_word' id='word_1_496' title='bbox 1919 3735 2068 3804; x_wconf 88' lang='lat' dir='ltr'><strong>prin-</strong></span> 
     </span>
    </p>
   </div>
   <div class='ocr_carea' id='block_1_71' title="bbox 484 3823 2062 3895">
    <p class='ocr_par' dir='ltr' id='par_1_71' title="bbox 484 3823 2062 3895">
     <span class='ocr_line' id='line_1_71' title="bbox 484 3823 2062 3895; baseline -0.002 -16"><span class='ocrx_word' id='word_1_497' title='bbox 484 3824 666 3894; x_wconf 82' lang='lat' dir='ltr'><strong>cipatu</strong></span> <span class='ocrx_word' id='word_1_498' title='bbox 702 3824 898 3895; x_wconf 76' lang='lat' dir='ltr'><strong>deieci,</strong></span> <span class='ocrx_word' id='word_1_499' title='bbox 931 3839 1052 3879; x_wconf 88' lang='lat' dir='ltr'><strong>cum</strong></span> <span class='ocrx_word' id='word_1_500' title='bbox 1093 3826 1359 3878; x_wconf 88' lang='lat' dir='ltr'><strong>annulum</strong></span> <span class='ocrx_word' id='word_1_501' title='bbox 1392 3838 1556 3878; x_wconf 91' lang='lat' dir='ltr'><strong>manu</strong></span> <span class='ocrx_word' id='word_1_502' title='bbox 1585 3823 1707 3893; x_wconf 85' lang='lat' dir='ltr'><strong>ejus</strong></span> <span class='ocrx_word' id='word_1_503' title='bbox 1732 3831 2062 3889; x_wconf 82' lang='lat' dir='ltr'><strong>extractum,</strong></span> 
     </span>
    </p>
   </div>
   <div class='ocr_carea' id='block_1_72' title="bbox 484 3915 2066 3987">
    <p class='ocr_par' dir='ltr' id='par_1_72' title="bbox 484 3915 2066 3987">
     <span class='ocr_line' id='line_1_72' title="bbox 484 3915 2066 3987; baseline 0 -16"><span class='ocrx_word' id='word_1_504' title='bbox 484 3917 655 3987; x_wconf 78' lang='lat' dir='ltr'><strong>digito</strong></span> <span class='ocrx_word' id='word_1_505' title='bbox 685 3933 805 3973; x_wconf 85' lang='lat' dir='ltr'><strong>meo</strong></span> <span class='ocrx_word' id='word_1_506' title='bbox 834 3916 1173 3972; x_wconf 88' lang='lat' dir='ltr'><strong>circumdedi</strong></span> <span class='ocrx_word' id='word_1_507' title='bbox 1199 3934 1213 3983; x_wconf 89' lang='lat'><strong>;</strong></span> <span class='ocrx_word' id='word_1_508' title='bbox 1248 3917 1320 3970; x_wconf 88' lang='lat' dir='ltr'><strong>ita</strong></span> <span class='ocrx_word' id='word_1_509' title='bbox 1353 3916 1515 3986; x_wconf 88' lang='lat' dir='ltr'><strong>ejicio</strong></span> <span class='ocrx_word' id='word_1_510' title='bbox 1541 3915 1717 3972; x_wconf 81' lang='lat' dir='ltr'><strong>Alemi</strong></span> <span class='ocrx_word' id='word_1_511' title='bbox 1750 3916 2012 3971; x_wconf 89' lang='lat' dir='ltr'><strong>annulum</strong></span> <span class='ocrx_word' id='word_1_512' title='bbox 2036 3931 2066 3971; x_wconf 90' lang='lat' dir='ltr'><strong>e</strong></span> 
     </span>
    </p>
   </div>
   <div class='ocr_carea' id='block_1_73' title="bbox 484 4006 2068 4082">
    <p class='ocr_par' dir='ltr' id='par_1_73' title="bbox 484 4006 2068 4082">
     <span class='ocr_line' id='line_1_73' title="bbox 484 4006 2068 4082; baseline 0 -19"><span class='ocrx_word' id='word_1_513' title='bbox 484 4011 657 4082; x_wconf 84' lang='lat' dir='ltr'><strong>digito</strong></span> <span class='ocrx_word' id='word_1_514' title='bbox 682 4025 826 4072; x_wconf 86' lang='lat' dir='ltr'><strong>meo,</strong></span> <span class='ocrx_word' id='word_1_515' title='bbox 857 4017 1020 4078; x_wconf 85' lang='lat' dir='ltr'><strong>atque</strong></span> <span class='ocrx_word' id='word_1_516' title='bbox 1055 4023 1161 4064; x_wconf 89' lang='lat' dir='ltr'><strong>una</strong></span> <span class='ocrx_word' id='word_1_517' title='bbox 1203 4008 1384 4078; x_wconf 86' lang='lat' dir='ltr'><strong>ipsum</strong></span> <span class='ocrx_word' id='word_1_518' title='bbox 1414 4024 1444 4065; x_wconf 90' lang='lat' dir='ltr'><strong>e</strong></span> <span class='ocrx_word' id='word_1_519' title='bbox 1475 4007 1808 4079; x_wconf 88' lang='lat' dir='ltr'><strong>principatu.</strong></span> <span class='ocrx_word' id='word_1_520' title='bbox 1843 4006 1944 4062; x_wconf 88' lang='lat' dir='ltr'><strong>Cui</strong></span> <span class='ocrx_word' id='word_1_521' title='bbox 1978 4023 2068 4064; x_wconf 87' lang='lat' dir='ltr'><strong>re-</strong></span> 
     </span>
    </p>
   </div>
   <div class='ocr_carea' id='block_1_74' title="bbox 484 4101 2063 4176">
    <p class='ocr_par' dir='ltr' id='par_1_74' title="bbox 484 4101 2063 4176">
     <span class='ocr_line' id='line_1_74' title="bbox 484 4101 2063 4176; baseline 0 -18"><span class='ocrx_word' id='word_1_522' title='bbox 484 4103 641 4173; x_wconf 82' lang='lat' dir='ltr'><strong>ponit</strong></span> <span class='ocrx_word' id='word_1_523' title='bbox 686 4119 854 4159; x_wconf 80' lang='lat' dir='ltr'><strong>senex</strong></span> <span class='ocrx_word' id='word_1_524' title='bbox 892 4102 1082 4158; x_wconf 81' lang='lat' dir='ltr'><strong>Maviae</strong></span> <span class='ocrx_word' id='word_1_525' title='bbox 1127 4118 1140 4156; x_wconf 92' lang='lat'><strong>:</strong></span> <span class='ocrx_word' id='word_1_526' title='bbox 1187 4101 1257 4158; x_wconf 90' lang='lat' dir='ltr'><strong>Ut</strong></span> <span class='ocrx_word' id='word_1_527' title='bbox 1302 4101 1534 4159; x_wconf 80' lang='lat' dir='ltr'><strong>Maviam</strong></span> <span class='ocrx_word' id='word_1_528' title='bbox 1583 4104 1640 4158; x_wconf 91' lang='lat' dir='ltr'><strong>in</strong></span> <span class='ocrx_word' id='word_1_529' title='bbox 1689 4104 2063 4176; x_wconf 83' lang='lat' dir='ltr'><strong>principatum</strong></span> 
     </span>
    </p>
   </div>
   <div class='ocr_carea' id='block_1_75' title="bbox 484 4195 2064 4267">
    <p class='ocr_par' dir='ltr' id='par_1_75' title="bbox 484 4195 2064 4267">
     <span class='ocr_line' id='line_1_75' title="bbox 484 4195 2064 4267; baseline -0.001 -16"><span class='ocrx_word' id='word_1_530' title='bbox 484 4196 789 4259; x_wconf 73' lang='lat' dir='ltr'><strong>intr-eduxi,</strong></span> <span class='ocrx_word' id='word_1_531' title='bbox 835 4211 959 4251; x_wconf 91' lang='lat' dir='ltr'><strong>cum</strong></span> <span class='ocrx_word' id='word_1_532' title='bbox 999 4196 1265 4250; x_wconf 89' lang='lat' dir='ltr'><strong>annulum</strong></span> <span class='ocrx_word' id='word_1_533' title='bbox 1299 4197 1420 4266; x_wconf 81' lang='lat' dir='ltr'><strong>ejus</strong></span> <span class='ocrx_word' id='word_1_534' title='bbox 1451 4195 1625 4267; x_wconf 82' lang='lat' dir='ltr'><strong>digito</strong></span> <span class='ocrx_word' id='word_1_535' title='bbox 1665 4210 1787 4251; x_wconf 90' lang='lat' dir='ltr'><strong>meo</strong></span> <span class='ocrx_word' id='word_1_536' title='bbox 1821 4197 2064 4263; x_wconf 88' lang='lat' dir='ltr'><strong>inserui;</strong></span> 
     </span>
    </p>
   </div>
   <div class='ocr_carea' id='block_1_76' title="bbox 484 4283 2068 4354">
    <p class='ocr_par' dir='ltr' id='par_1_76' title="bbox 484 4283 2068 4354">
     <span class='ocr_line' id='line_1_76' title="bbox 484 4283 2068 4354; baseline 0.001 -16"><span class='ocrx_word' id='word_1_537' title='bbox 484 4284 860 4343; x_wconf 78' lang='lat' dir='ltr'><strong>itaanuutum</strong></span> <span class='ocrx_word' id='word_1_538' title='bbox 894 4284 1083 4338; x_wconf 74' lang='lat' dir='ltr'><strong>ilia-via:</strong></span> <span class='ocrx_word' id='word_1_539' title='bbox 1114 4285 1168 4341; x_wconf 91' lang='lat' dir='ltr'><strong>in</strong></span> <span class='ocrx_word' id='word_1_540' title='bbox 1195 4285 1421 4354; x_wconf 87' lang='lat' dir='ltr'><strong>digitum</strong></span> <span class='ocrx_word' id='word_1_541' title='bbox 1450 4283 1570 4352; x_wconf 80' lang='lat' dir='ltr'><strong>ejus</strong></span> <span class='ocrx_word' id='word_1_542' title='bbox 1599 4285 1820 4339; x_wconf 90' lang='lat' dir='ltr'><strong>induco.</strong></span> <span class='ocrx_word' id='word_1_543' title='bbox 1843 4285 1910 4340; x_wconf 86' lang='lat' dir='ltr'><strong>Et</strong></span> <span class='ocrx_word' id='word_1_544' title='bbox 1939 4296 2068 4341; x_wconf 91' lang='lat' dir='ltr'><strong>tunc</strong></span> 
     </span>
    </p>
   </div>
   <div class='ocr_carea' id='block_1_77' title="bbox 487 4371 2067 4448">
    <p class='ocr_par' dir='ltr' id='par_1_77' title="bbox 487 4371 2067 4448">
     <span class='ocr_line' id='line_1_77' title="bbox 487 4371 2067 4448; baseline 0.003 -20"><span class='ocrx_word' id='word_1_545' title='bbox 487 4376 556 4430; x_wconf 87' lang='lat' dir='ltr'><strong>ab</strong></span> <span class='ocrx_word' id='word_1_546' title='bbox 598 4371 835 4432; x_wconf 78' lang='lat' dir='ltr'><strong>invicem</strong></span> <span class='ocrx_word' id='word_1_547' title='bbox 886 4375 1285 4433; x_wconf 86' lang='lat' dir='ltr'><strong>discesserunt.</strong></span> <span class='ocrx_word' id='word_1_548' title='bbox 1349 4376 1596 4431; x_wconf 81' lang='lat' dir='ltr'><strong>Assumit</strong></span> <span class='ocrx_word' id='word_1_549' title='bbox 1645 4376 1814 4448; x_wconf 87' lang='lat' dir='ltr'><strong>igitur</strong></span> <span class='ocrx_word' id='word_1_550' title='bbox 1861 4376 2067 4434; x_wconf 74' lang='lat' dir='ltr'><strong>Mavias</strong></span> 
     </span>
    </p>
   </div>
   <div class='ocr_carea' id='block_1_78' title="bbox 2165 3178 3744 3259">
    <p class='ocr_par' dir='ltr' id='par_1_78' title="bbox 2165 3178 3744 3259">
     <span class='ocr_line' id='line_1_78' title="bbox 2165 3178 3744 3259; baseline -0.005 -18"><span class='ocrx_word' id='word_1_551' title='bbox 2165 3186 2536 3259; x_wconf 81' lang='grc' dir='ltr'>προκρίνωσιν</span> <span class='ocrx_word' id='word_1_552' title='bbox 2568 3185 2616 3237; x_wconf 87' lang='grc' dir='ltr'>οί</span> <span class='ocrx_word' id='word_1_553' title='bbox 2659 3185 2940 3254; x_wconf 82' lang='grc' dir='ltr'>γέροντες,</span> <span class='ocrx_word' id='word_1_554' title='bbox 2995 3182 3203 3244; x_wconf 74' lang='grc' dir='ltr'>ἐκεῖνος</span> <span class='ocrx_word' id='word_1_555' title='bbox 3239 3179 3392 3233; x_wconf 75' lang='grc' dir='ltr'>ἔσται</span> <span class='ocrx_word' id='word_1_556' title='bbox 3425 3178 3612 3250; x_wconf 83' lang='grc' dir='ltr'>κύριος</span> <span class='ocrx_word' id='word_1_557' title='bbox 3646 3182 3744 3233; x_wconf 71' lang='grc' dir='ltr'>καὶ</span> 
     </span>
    </p>
   </div>
   <div class='ocr_carea' id='block_1_79' title="bbox 2164 3271 3744 3352">
    <p class='ocr_par' dir='ltr' id='par_1_79' title="bbox 2164 3271 3744 3352">
     <span class='ocr_line' id='line_1_79' title="bbox 2164 3271 3744 3352; baseline -0.005 -18"><span class='ocrx_word' id='word_1_558' title='bbox 2164 3281 2406 3352; x_wconf 83' lang='grc' dir='ltr'>ἀρχηγὸς</span> <span class='ocrx_word' id='word_1_559' title='bbox 2435 3278 2657 3332; x_wconf 82' lang='grc' dir='ltr'>πάντων</span> <span class='ocrx_word' id='word_1_560' title='bbox 2715 3276 2824 3329; x_wconf 89' lang='grc' dir='ltr'><strong>τῶν</strong></span> <span class='ocrx_word' id='word_1_561' title='bbox 2856 3274 3212 3346; x_wconf 84' lang='grc' dir='ltr'>Σαρακηνῶν.</span> <span class='ocrx_word' id='word_1_562' title='bbox 3255 3271 3364 3327; x_wconf 77' lang='grc' dir='ltr'><strong>Καὶ</strong></span> <span class='ocrx_word' id='word_1_563' title='bbox 3397 3271 3744 3326; x_wconf 75' lang='grc' dir='ltr'>εἰσελθόντων</span> 
     </span>
    </p>
   </div>
   <div class='ocr_carea' id='block_1_80' title="bbox 2163 3361 3744 3441">
    <p class='ocr_par' dir='ltr' id='par_1_80' title="bbox 2163 3361 3744 3441">
     <span class='ocr_line' id='line_1_80' title="bbox 2163 3361 3744 3441; baseline -0.004 -17"><span class='ocrx_word' id='word_1_564' title='bbox 2163 3371 2272 3424; x_wconf 86' lang='grc' dir='ltr'><strong>τῶν</strong></span> <span class='ocrx_word' id='word_1_565' title='bbox 2307 3369 2401 3424; x_wconf 83' lang='grc' dir='ltr'><strong>δύο</strong></span> <span class='ocrx_word' id='word_1_566' title='bbox 2456 3369 2731 3441; x_wconf 89' lang='grc' dir='ltr'>γερόντων</span> <span class='ocrx_word' id='word_1_567' title='bbox 2763 3367 2864 3421; x_wconf 82' lang='grc' dir='ltr'><strong>ἀνὰ</strong></span> <span class='ocrx_word' id='word_1_568' title='bbox 2920 3368 3084 3436; x_wconf 88' lang='grc' dir='ltr'>μέσον</span> <span class='ocrx_word' id='word_1_569' title='bbox 3118 3365 3216 3434; x_wconf 84' lang='grc' dir='ltr'>τῆς</span> <span class='ocrx_word' id='word_1_570' title='bbox 3263 3361 3618 3434; x_wconf 79' lang='grc' dir='ltr'>παρεμϐολῆς</span> <span class='ocrx_word' id='word_1_571' title='bbox 3646 3364 3744 3417; x_wconf 75' lang='grc' dir='ltr'><strong>τοῦ</strong></span> 
     </span>
    </p>
   </div>
   <div class='ocr_carea' id='block_1_81' title="bbox 2177 3453 3744 3530">
    <p class='ocr_par' dir='ltr' id='par_1_81' title="bbox 2177 3453 3744 3530">
     <span class='ocr_line' id='line_1_81' title="bbox 2177 3453 3744 3530; baseline -0.004 -17"><span class='ocrx_word' id='word_1_572' title='bbox 2177 3459 2416 3530; x_wconf 85' lang='grc' dir='ltr'>πολέμου</span> <span class='ocrx_word' id='word_1_573' title='bbox 2440 3458 2549 3512; x_wconf 89' lang='grc' dir='ltr'><strong>τῶν</strong></span> <span class='ocrx_word' id='word_1_574' title='bbox 2578 3457 2672 3512; x_wconf 83' lang='grc' dir='ltr'><strong>δύο</strong></span> <span class='ocrx_word' id='word_1_575' title='bbox 2703 3457 2908 3528; x_wconf 86' lang='grc' dir='ltr'>μερῶν,</span> <span class='ocrx_word' id='word_1_576' title='bbox 2936 3455 3032 3510; x_wconf 80' lang='grc' dir='ltr'>καὶ</span> <span class='ocrx_word' id='word_1_577' title='bbox 3077 3454 3383 3509; x_wconf 83' lang='grc' dir='ltr'>σταθέντων</span> <span class='ocrx_word' id='word_1_578' title='bbox 3414 3455 3472 3506; x_wconf 81' lang='grc' dir='ltr'><strong>ὲν</strong></span> <span class='ocrx_word' id='word_1_579' title='bbox 3495 3453 3573 3524; x_wconf 83' lang='grc' dir='ltr'>τῷ</span> <span class='ocrx_word' id='word_1_580' title='bbox 3609 3471 3744 3525; x_wconf 66' lang='grc' dir='ltr'>μετα</span> 
     </span>
    </p>
   </div>
   <div class='ocr_carea' id='block_1_82' title="bbox 2167 3544 3747 3622">
    <p class='ocr_par' dir='ltr' id='par_1_82' title="bbox 2167 3544 3747 3622">
     <span class='ocr_line' id='line_1_82' title="bbox 2167 3544 3747 3622; baseline -0.004 -18"><span class='ocrx_word' id='word_1_581' title='bbox 2167 3550 2371 3622; x_wconf 79' lang='grc' dir='ltr'>αιχμίῳ</span> <span class='ocrx_word' id='word_1_582' title='bbox 2424 3548 2519 3602; x_wconf 81' lang='grc' dir='ltr'><strong>τοῦ</strong></span> <span class='ocrx_word' id='word_1_583' title='bbox 2587 3547 2954 3621; x_wconf 85' lang='grc' dir='ltr'>στρατοπέδου</span> <span class='ocrx_word' id='word_1_584' title='bbox 3002 3545 3442 3616; x_wconf 86' lang='grc' dir='ltr'>ἀντιπροσώπου,</span> <span class='ocrx_word' id='word_1_585' title='bbox 3500 3544 3592 3598; x_wconf 78' lang='grc' dir='ltr'>τοῦ</span> <span class='ocrx_word' id='word_1_586' title='bbox 3645 3546 3747 3616; x_wconf 83' lang='grc' dir='ltr'><strong>μὲν</strong></span> 
     </span>
    </p>
   </div>
   <div class='ocr_carea' id='block_1_83' title="bbox 2179 3638 3747 3715">
    <p class='ocr_par' dir='ltr' id='par_1_83' title="bbox 2179 3638 3747 3715">
     <span class='ocr_line' id='line_1_83' title="bbox 2179 3638 3747 3715; baseline -0.006 -17"><span class='ocrx_word' id='word_1_587' title='bbox 2179 3643 2350 3715; x_wconf 81' lang='grc' dir='ltr'>Ἀλὴμ</span> <span class='ocrx_word' id='word_1_588' title='bbox 2404 3647 2432 3695; x_wconf 82' lang='grc' dir='ltr'>ὁ</span> <span class='ocrx_word' id='word_1_589' title='bbox 2483 3643 2661 3715; x_wconf 88' lang='grc' dir='ltr'>γέρων</span> <span class='ocrx_word' id='word_1_590' title='bbox 2692 3640 2907 3712; x_wconf 83' lang='grc' dir='ltr'>ὐπῆρχε</span> <span class='ocrx_word' id='word_1_591' title='bbox 2943 3638 3084 3693; x_wconf 81' lang='grc' dir='ltr'>κατὰ</span> <span class='ocrx_word' id='word_1_592' title='bbox 3130 3639 3192 3691; x_wconf 81' lang='grc' dir='ltr'>τὸ</span> <span class='ocrx_word' id='word_1_593' title='bbox 3258 3638 3366 3693; x_wconf 87' lang='grc' dir='ltr'><strong>τῶν</strong></span> <span class='ocrx_word' id='word_1_594' title='bbox 3412 3639 3747 3708; x_wconf 87' lang='grc' dir='ltr'>Σαρακηνῶν</span> 
     </span>
    </p>
   </div>
   <div class='ocr_carea' id='block_1_84' title="bbox 2169 3728 3746 3806">
    <p class='ocr_par' dir='ltr' id='par_1_84' title="bbox 2169 3728 3746 3806">
     <span class='ocr_line' id='line_1_84' title="bbox 2169 3728 3746 3806; baseline -0.005 -16"><span class='ocrx_word' id='word_1_595' title='bbox 2169 3736 2318 3798; x_wconf 77' lang='grc' dir='ltr'>ἔθνος</span> <span class='ocrx_word' id='word_1_596' title='bbox 2369 3735 2628 3806; x_wconf 80' lang='grc' dir='ltr'>εὐλαϐὴς,</span> <span class='ocrx_word' id='word_1_597' title='bbox 2663 3733 2810 3796; x_wconf 84' lang='grc' dir='ltr'>οἴους</span> <span class='ocrx_word' id='word_1_598' title='bbox 2876 3728 3073 3786; x_wconf 76' lang='grc' dir='ltr'>ἐκεῖνοι</span> <span class='ocrx_word' id='word_1_599' title='bbox 3118 3730 3337 3799; x_wconf 84' lang='grc' dir='ltr'>λέγουσι</span> <span class='ocrx_word' id='word_1_600' title='bbox 3387 3730 3555 3801; x_wconf 80' lang='grc' dir='ltr'>καδῆς</span> <span class='ocrx_word' id='word_1_601' title='bbox 3610 3729 3746 3798; x_wconf 75' lang='grc'><strong>(21),</strong></span> 
     </span>
    </p>
   </div>
   <div class='ocr_carea' id='block_1_85' title="bbox 2167 3821 3744 3895">
    <p class='ocr_par' dir='ltr' id='par_1_85' title="bbox 2167 3821 3744 3895">
     <span class='ocr_line' id='line_1_85' title="bbox 2167 3821 3744 3895; baseline -0.006 -13"><span class='ocrx_word' id='word_1_602' title='bbox 2167 3829 2414 3882; x_wconf 84' lang='grc' dir='ltr'>τουτέστι</span> <span class='ocrx_word' id='word_1_603' title='bbox 2446 3827 2670 3890; x_wconf 79' lang='grc' dir='ltr'>πιστοὺς</span> <span class='ocrx_word' id='word_1_604' title='bbox 2708 3826 2801 3879; x_wconf 74' lang='grc' dir='ltr'><strong>καὶ</strong></span> <span class='ocrx_word' id='word_1_605' title='bbox 2839 3823 3212 3895; x_wconf 79' lang='grc' dir='ltr'>ἡγιασμένους</span> <span class='ocrx_word' id='word_1_606' title='bbox 3237 3838 3246 3850; x_wconf 92' lang='grc'><strong>·</strong></span> <span class='ocrx_word' id='word_1_607' title='bbox 3275 3822 3304 3873; x_wconf 80' lang='grc' dir='ltr'>ὁ</span> <span class='ocrx_word' id='word_1_608' title='bbox 3328 3822 3384 3874; x_wconf 83' lang='grc' dir='ltr'>δὲ</span> <span class='ocrx_word' id='word_1_609' title='bbox 3405 3823 3499 3875; x_wconf 83' lang='grc' dir='ltr'>τοῦ</span> <span class='ocrx_word' id='word_1_610' title='bbox 3528 3821 3744 3874; x_wconf 85' lang='grc' dir='ltr'>Μαϐίου</span> 
     </span>
    </p>
   </div>
   <div class='ocr_carea' id='block_1_86' title="bbox 2169 3913 3750 3993">
    <p class='ocr_par' dir='ltr' id='par_1_86' title="bbox 2169 3913 3750 3993">
     <span class='ocr_line' id='line_1_86' title="bbox 2169 3913 3750 3993; baseline -0.005 -18"><span class='ocrx_word' id='word_1_611' title='bbox 2169 3923 2347 3993; x_wconf 82' lang='grc' dir='ltr'>γέρων</span> <span class='ocrx_word' id='word_1_612' title='bbox 2377 3923 2434 3974; x_wconf 82' lang='grc' dir='ltr'>ὲν</span> <span class='ocrx_word' id='word_1_613' title='bbox 2470 3921 2708 3991; x_wconf 83' lang='grc' dir='ltr'>σχήματι</span> <span class='ocrx_word' id='word_1_614' title='bbox 2736 3920 2882 3990; x_wconf 85' lang='grc' dir='ltr'>μόνῳ</span> <span class='ocrx_word' id='word_1_615' title='bbox 2915 3913 2983 3990; x_wconf 73' lang='grc' dir='ltr'>ἦν</span> <span class='ocrx_word' id='word_1_616' title='bbox 3015 3917 3276 3985; x_wconf 84' lang='grc' dir='ltr'>εὐλαϐὴς,</span> <span class='ocrx_word' id='word_1_617' title='bbox 3307 3915 3376 3969; x_wconf 84' lang='grc' dir='ltr'><strong>τὰ</strong></span> <span class='ocrx_word' id='word_1_618' title='bbox 3414 3914 3460 3969; x_wconf 83' lang='grc' dir='ltr'><strong>δ’</strong></span> <span class='ocrx_word' id='word_1_619' title='bbox 3506 3915 3639 3970; x_wconf 73' lang='grc' dir='ltr'>ἄλλα</span> <span class='ocrx_word' id='word_1_620' title='bbox 3665 3915 3750 3968; x_wconf 75' lang='lat'><strong>50-</strong></span> 
     </span>
    </p>
   </div>
   <div class='ocr_carea' id='block_1_87' title="bbox 2169 4005 3746 4082">
    <p class='ocr_par' dir='ltr' id='par_1_87' title="bbox 2169 4005 3746 4082">
     <span class='ocr_line' id='line_1_87' title="bbox 2169 4005 3746 4082; baseline -0.004 -18"><span class='ocrx_word' id='word_1_621' title='bbox 2169 4013 2225 4064; x_wconf 85' lang='grc' dir='ltr'><strong>λε</strong></span> <span class='ocrx_word' id='word_1_622' title='bbox 2234 4013 2327 4082; x_wconf 75' lang='grc' dir='ltr'><strong>ρος</strong></span> <span class='ocrx_word' id='word_1_623' title='bbox 2353 4011 2450 4065; x_wconf 72' lang='grc' dir='ltr'>καὶ</span> <span class='ocrx_word' id='word_1_624' title='bbox 2480 4009 2748 4080; x_wconf 83' lang='grc' dir='ltr'>αὐθάδης,</span> <span class='ocrx_word' id='word_1_625' title='bbox 2773 4009 2868 4063; x_wconf 75' lang='grc' dir='ltr'>καὶ</span> <span class='ocrx_word' id='word_1_626' title='bbox 2890 4009 3128 4080; x_wconf 74' lang='grc' dir='ltr'>πονηρίᾳ</span> <span class='ocrx_word' id='word_1_627' title='bbox 3147 4008 3357 4069; x_wconf 84' lang='grc' dir='ltr'>πάντας</span> <span class='ocrx_word' id='word_1_628' title='bbox 3383 4005 3746 4076; x_wconf 82' lang='grc' dir='ltr'>ὑπερϐάλλων</span> 
     </span>
    </p>
   </div>
   <div class='ocr_carea' id='block_1_88' title="bbox 2170 4097 3750 4173">
    <p class='ocr_par' dir='ltr' id='par_1_88' title="bbox 2170 4097 3750 4173">
     <span class='ocr_line' id='line_1_88' title="bbox 2170 4097 3750 4173; baseline -0.004 -16"><span class='ocrx_word' id='word_1_629' title='bbox 2170 4102 2514 4173; x_wconf 81' lang='grc' dir='ltr'>ἀνθρώπους.</span> <span class='ocrx_word' id='word_1_630' title='bbox 2572 4097 2710 4154; x_wconf 68' lang='lat' dir='ltr'><strong>Eine.</strong></span> <span class='ocrx_word' id='word_1_631' title='bbox 2744 4100 2803 4153; x_wconf 80' lang='grc' dir='ltr'>δὲ</span> <span class='ocrx_word' id='word_1_632' title='bbox 2846 4100 2876 4153; x_wconf 85' lang='grc' dir='ltr'><strong>ό</strong></span> <span class='ocrx_word' id='word_1_633' title='bbox 2901 4098 2996 4153; x_wconf 80' lang='grc' dir='ltr'><strong>τοῦ</strong></span> <span class='ocrx_word' id='word_1_634' title='bbox 3025 4098 3243 4153; x_wconf 82' lang='grc' dir='ltr'>Μαϐίου</span> <span class='ocrx_word' id='word_1_635' title='bbox 3266 4098 3446 4168; x_wconf 87' lang='grc' dir='ltr'>γέρων</span> <span class='ocrx_word' id='word_1_636' title='bbox 3491 4099 3628 4170; x_wconf 83' lang='grc' dir='ltr'>πρὸς</span> <span class='ocrx_word' id='word_1_637' title='bbox 3655 4097 3750 4151; x_wconf 79' lang='grc' dir='ltr'>τὸν</span> 
     </span>
    </p>
   </div>
   <div class='ocr_carea' id='block_1_89' title="bbox 2170 4181 3748 4265">
    <p class='ocr_par' dir='ltr' id='par_1_89' title="bbox 2170 4181 3748 4265">
     <span class='ocr_line' id='line_1_89' title="bbox 2170 4181 3748 4265; baseline -0.004 -19"><span class='ocrx_word' id='word_1_638' title='bbox 2170 4193 2398 4265; x_wconf 85' lang='grc' dir='ltr'>γέροντα</span> <span class='ocrx_word' id='word_1_639' title='bbox 2441 4189 2534 4244; x_wconf 80' lang='grc' dir='ltr'>τοῦ</span> <span class='ocrx_word' id='word_1_640' title='bbox 2573 4190 2751 4260; x_wconf 87' lang='grc' dir='ltr'>Ἀλὴμ</span> <span class='ocrx_word' id='word_1_641' title='bbox 2800 4188 2936 4260; x_wconf 70' lang='lat'><strong>(22),</strong></span> <span class='ocrx_word' id='word_1_642' title='bbox 2977 4191 3058 4242; x_wconf 81' lang='grc' dir='ltr'>ὅτι</span> <span class='ocrx_word' id='word_1_643' title='bbox 3112 4189 3183 4241; x_wconf 79' lang='grc' dir='ltr'><strong>Σὺ</strong></span> <span class='ocrx_word' id='word_1_644' title='bbox 3212 4188 3428 4256; x_wconf 84' lang='grc' dir='ltr'>πρῶτος</span> <span class='ocrx_word' id='word_1_645' title='bbox 3458 4181 3578 4241; x_wconf 78' lang='grc' dir='ltr'>εἷπε</span> <span class='ocrx_word' id='word_1_646' title='bbox 3608 4187 3748 4258; x_wconf 83' lang='grc' dir='ltr'>ὅπερ</span> 
     </span>
    </p>
   </div>
   <div class='ocr_carea' id='block_1_90' title="bbox 2174 4280 3745 4356">
    <p class='ocr_par' dir='ltr' id='par_1_90' title="bbox 2174 4280 3745 4356">
     <span class='ocr_line' id='line_1_90' title="bbox 2174 4280 3745 4356; baseline -0.003 -18"><span class='ocrx_word' id='word_1_647' title='bbox 2174 4285 2359 4356; x_wconf 84' lang='grc' dir='ltr'>βούλῃ,</span> <span class='ocrx_word' id='word_1_648' title='bbox 2391 4282 2532 4337; x_wconf 83' lang='grc' dir='ltr'>ὥστε</span> <span class='ocrx_word' id='word_1_649' title='bbox 2563 4285 2828 4354; x_wconf 85' lang='grc' dir='ltr'>φρόνιμος</span> <span class='ocrx_word' id='word_1_650' title='bbox 2866 4280 2979 4354; x_wconf 73' lang='grc'><strong>(25)</strong></span> <span class='ocrx_word' id='word_1_651' title='bbox 3010 4281 3105 4335; x_wconf 74' lang='grc' dir='ltr'>καὶ</span> <span class='ocrx_word' id='word_1_652' title='bbox 3135 4281 3392 4351; x_wconf 78' lang='grc' dir='ltr'>εὐλαϐὴς,</span> <span class='ocrx_word' id='word_1_653' title='bbox 3425 4284 3519 4335; x_wconf 78' lang='grc' dir='ltr'>καὶ</span> <span class='ocrx_word' id='word_1_654' title='bbox 3559 4281 3745 4352; x_wconf 75' lang='grc' dir='ltr'>μακρὰ</span> 
     </span>
    </p>
   </div>
   <div class='ocr_carea' id='block_1_91' title="bbox 2171 4371 3751 4448">
    <p class='ocr_par' dir='ltr' id='par_1_91' title="bbox 2171 4371 3751 4448">
     <span class='ocr_line' id='line_1_91' title="bbox 2171 4371 3751 4448; baseline -0.003 -18"><span class='ocrx_word' id='word_1_655' title='bbox 2171 4380 2283 4440; x_wconf 83' lang='grc' dir='ltr'>τοῖς</span> <span class='ocrx_word' id='word_1_656' title='bbox 2311 4379 2464 4448; x_wconf 75' lang='grc' dir='ltr'>ἐμοῖς</span> <span class='ocrx_word' id='word_1_657' title='bbox 2488 4374 2708 4446; x_wconf 87' lang='grc' dir='ltr'>χρόνοις</span> <span class='ocrx_word' id='word_1_658' title='bbox 2737 4371 3241 4446; x_wconf 82' lang='grc' dir='ltr'>ὑπερϐαλλόμενος.</span> <span class='ocrx_word' id='word_1_659' title='bbox 3267 4374 3378 4428; x_wconf 79' lang='grc' dir='ltr'>Καὶ</span> <span class='ocrx_word' id='word_1_660' title='bbox 3418 4373 3692 4443; x_wconf 79' lang='grc' dir='ltr'>ἀπεκρίθη</span> <span class='ocrx_word' id='word_1_661' title='bbox 3723 4375 3751 4425; x_wconf 86' lang='grc' dir='ltr'>ὁ</span> 
     </span>
    </p>
   </div>
   <div class='ocr_carea' id='block_1_92' title="bbox 489 4463 2059 4540">
    <p class='ocr_par' dir='ltr' id='par_1_92' title="bbox 489 4467 2059 4540">
     <span class='ocr_line' id='line_1_92' title="bbox 489 4467 2059 4540; baseline 0.002 -19"><span class='ocrx_word' id='word_1_662' title='bbox 489 4467 661 4540; x_wconf 76' lang='lat' dir='ltr'><strong>Syria:</strong></span> <span class='ocrx_word' id='word_1_663' title='bbox 696 4469 1088 4539; x_wconf 86' lang='lat' dir='ltr'><strong>principatum,</strong></span> <span class='ocrx_word' id='word_1_664' title='bbox 1123 4469 1268 4539; x_wconf 92' lang='lat' dir='ltr'><strong>quod</strong></span> <span class='ocrx_word' id='word_1_665' title='bbox 1301 4467 1523 4522; x_wconf 76' lang='lat' dir='ltr'><strong>Aminei</strong></span> <span class='ocrx_word' id='word_1_666' title='bbox 1564 4484 1754 4524; x_wconf 89' lang='lat' dir='ltr'><strong>omnes</strong></span> <span class='ocrx_word' id='word_1_667' title='bbox 1782 4469 2059 4539; x_wconf 84' lang='lat' dir='ltr'><strong>jurassent</strong></span> 
     </span>
    </p>
   </div>
   <div class='ocr_carea' id='block_1_93' title="bbox 2164 4463 3747 4540">
    <p class='ocr_par' dir='ltr' id='par_1_93' title="bbox 2171 4463 3747 4540">
     <span class='ocr_line' id='line_1_93' title="bbox 2171 4463 3747 4540; baseline -0.003 -18"><span class='ocrx_word' id='word_1_668' title='bbox 2171 4469 2347 4540; x_wconf 84' lang='grc' dir='ltr'>γέρων</span> <span class='ocrx_word' id='word_1_669' title='bbox 2377 4467 2468 4520; x_wconf 85' lang='grc' dir='ltr'>τοῦ</span> <span class='ocrx_word' id='word_1_670' title='bbox 2510 4466 2683 4537; x_wconf 78' lang='grc' dir='ltr'>Ἀλὴμ</span> <span class='ocrx_word' id='word_1_671' title='bbox 2712 4465 2891 4533; x_wconf 78' lang='grc' dir='ltr'>τοῦτο,</span> <span class='ocrx_word' id='word_1_672' title='bbox 2915 4466 2998 4518; x_wconf 86' lang='grc' dir='ltr'>ὅτι</span> <span class='ocrx_word' id='word_1_673' title='bbox 3035 4463 3321 4529; x_wconf 77' lang='grc' dir='ltr'>Ἐξέϐαλον</span> <span class='ocrx_word' id='word_1_674' title='bbox 3352 4464 3445 4518; x_wconf 81' lang='grc' dir='ltr'>τὸν</span> <span class='ocrx_word' id='word_1_675' title='bbox 3486 4465 3658 4535; x_wconf 83' lang='grc' dir='ltr'>Ἀλὴμ</span> <span class='ocrx_word' id='word_1_676' title='bbox 3681 4467 3747 4517; x_wconf 83' lang='grc' dir='ltr'>ὲκ</span> 
     </span>
    </p>
   </div>
   <div class='ocr_carea' id='block_1_94' title="bbox 489 4558 2061 4631">
    <p class='ocr_par' dir='ltr' id='par_1_94' title="bbox 489 4558 2061 4631">
     <span class='ocr_line' id='line_1_94' title="bbox 489 4558 2061 4631; baseline 0.001 -17"><span class='ocrx_word' id='word_1_677' title='bbox 489 4574 684 4614; x_wconf 84' lang='lat' dir='ltr'><strong>senum</strong></span> <span class='ocrx_word' id='word_1_678' title='bbox 717 4575 776 4615; x_wconf 90' lang='lat' dir='ltr'><strong>se</strong></span> <span class='ocrx_word' id='word_1_679' title='bbox 807 4558 969 4615; x_wconf 87' lang='lat' dir='ltr'><strong>dictis</strong></span> <span class='ocrx_word' id='word_1_680' title='bbox 997 4560 1364 4617; x_wconf 85' lang='lat' dir='ltr'><strong>obsecuturos</strong></span> <span class='ocrx_word' id='word_1_681' title='bbox 1392 4576 1536 4615; x_wconf 88' lang='lat' dir='ltr'><strong>esse.</strong></span> <span class='ocrx_word' id='word_1_682' title='bbox 1564 4561 1706 4616; x_wconf 82' lang='lat' dir='ltr'><strong>Alim</strong></span> <span class='ocrx_word' id='word_1_683' title='bbox 1742 4563 1910 4631; x_wconf 79' lang='lat' dir='ltr'><strong>igitur</strong></span> <span class='ocrx_word' id='word_1_684' title='bbox 1937 4579 2061 4618; x_wconf 89' lang='lat' dir='ltr'><strong>cum</strong></span> 
     </span>
    </p>
   </div>
   <div class='ocr_carea' id='block_1_95' title="bbox 488 4651 2065 4722">
    <p class='ocr_par' dir='ltr' id='par_1_95' title="bbox 488 4651 2065 4722">
     <span class='ocr_line' id='line_1_95' title="bbox 488 4651 2065 4722; baseline 0.003 -17"><span class='ocrx_word' id='word_1_685' title='bbox 488 4651 605 4706; x_wconf 83' lang='lat' dir='ltr'><strong>suis</strong></span> <span class='ocrx_word' id='word_1_686' title='bbox 628 4659 682 4706; x_wconf 87' lang='lat' dir='ltr'><strong>et</strong></span> <span class='ocrx_word' id='word_1_687' title='bbox 711 4659 822 4706; x_wconf 88' lang='lat' dir='ltr'><strong>tota</strong></span> <span class='ocrx_word' id='word_1_688' title='bbox 854 4653 1180 4722; x_wconf 87' lang='lat' dir='ltr'><strong>cognatione</strong></span> <span class='ocrx_word' id='word_1_689' title='bbox 1209 4654 1262 4705; x_wconf 88' lang='lat' dir='ltr'><strong>in</strong></span> <span class='ocrx_word' id='word_1_690' title='bbox 1289 4651 1528 4706; x_wconf 70' lang='lat' dir='ltr'><strong>Aitbribi</strong></span> <span class='ocrx_word' id='word_1_691' title='bbox 1560 4661 1747 4722; x_wconf 89' lang='lat' dir='ltr'><strong>partes</strong></span> <span class='ocrx_word' id='word_1_692' title='bbox 1773 4653 2065 4722; x_wconf 84' lang='lat' dir='ltr'><strong>abscessit,</strong></span> 
     </span>
    </p>
   </div>
   <div class='ocr_carea' id='block_1_96' title="bbox 488 4744 1387 4815">
    <p class='ocr_par' dir='ltr' id='par_1_96' title="bbox 488 4744 1387 4815">
     <span class='ocr_line' id='line_1_96' title="bbox 488 4744 1387 4815; baseline -0.002 -16"><span class='ocrx_word' id='word_1_693' title='bbox 488 4744 675 4815; x_wconf 79' lang='lat' dir='ltr'><strong>ibique</strong></span> <span class='ocrx_word' id='word_1_694' title='bbox 706 4745 850 4799; x_wconf 89' lang='lat' dir='ltr'><strong>diem</strong></span> <span class='ocrx_word' id='word_1_695' title='bbox 882 4745 1016 4798; x_wconf 88' lang='lat' dir='ltr'><strong>obiit</strong></span> <span class='ocrx_word' id='word_1_696' title='bbox 1048 4760 1387 4815; x_wconf 79' lang='lat' dir='ltr'><strong>supremum.</strong></span> 
     </span>
    </p>
   </div>
   <div class='ocr_carea' id='block_1_97' title="bbox 2174 4557 3753 4633">
    <p class='ocr_par' dir='ltr' id='par_1_97' title="bbox 2174 4557 3753 4633">
     <span class='ocr_line' id='line_1_97' title="bbox 2174 4557 3753 4633; baseline -0.003 -19"><span class='ocrx_word' id='word_1_697' title='bbox 2174 4563 2270 4633; x_wconf 82' lang='grc' dir='ltr'>τῆς</span> <span class='ocrx_word' id='word_1_698' title='bbox 2295 4562 2494 4631; x_wconf 74' lang='grc' dir='ltr'>ἀρχῆς,</span> <span class='ocrx_word' id='word_1_699' title='bbox 2520 4559 2592 4622; x_wconf 86' lang='grc' dir='ltr'>ὼς</span> <span class='ocrx_word' id='word_1_700' title='bbox 2621 4558 2892 4628; x_wconf 76' lang='grc' dir='ltr'>ἐξήγαγον</span> <span class='ocrx_word' id='word_1_701' title='bbox 2917 4558 3009 4611; x_wconf 83' lang='grc' dir='ltr'>τὸν</span> <span class='ocrx_word' id='word_1_702' title='bbox 3038 4557 3325 4611; x_wconf 85' lang='grc' dir='ltr'>δακτύλιον</span> <span class='ocrx_word' id='word_1_703' title='bbox 3369 4557 3532 4610; x_wconf 83' lang='grc' dir='ltr'>αὐτοῦ</span> <span class='ocrx_word' id='word_1_704' title='bbox 3561 4558 3623 4610; x_wconf 83' lang='grc' dir='ltr'>ὲκ</span> <span class='ocrx_word' id='word_1_705' title='bbox 3651 4558 3753 4626; x_wconf 84' lang='grc' dir='ltr'><strong>τῆς</strong></span> 
     </span>
    </p>
   </div>
   <div class='ocr_carea' id='block_1_98' title="bbox 2175 4649 3750 4725">
    <p class='ocr_par' dir='ltr' id='par_1_98' title="bbox 2175 4649 3750 4725">
     <span class='ocr_line' id='line_1_98' title="bbox 2175 4649 3750 4725; baseline -0.001 -19"><span class='ocrx_word' id='word_1_706' title='bbox 2175 4654 2356 4725; x_wconf 72' lang='grc' dir='ltr'>χειρὸς</span> <span class='ocrx_word' id='word_1_707' title='bbox 2387 4652 2576 4717; x_wconf 84' lang='grc' dir='ltr'>αὐτοῦ,</span> <span class='ocrx_word' id='word_1_708' title='bbox 2599 4655 2695 4704; x_wconf 72' lang='grc' dir='ltr'><strong>κα)⁵</strong></span> <span class='ocrx_word' id='word_1_709' title='bbox 2727 4651 3021 4721; x_wconf 81' lang='grc' dir='ltr'>εἰσήγαγον</span> <span class='ocrx_word' id='word_1_710' title='bbox 3074 4651 3153 4714; x_wconf 87' lang='grc' dir='ltr'><strong>είς</strong></span> <span class='ocrx_word' id='word_1_711' title='bbox 3187 4649 3275 4704; x_wconf 77' lang='grc' dir='ltr'>τὸν</span> <span class='ocrx_word' id='word_1_712' title='bbox 3305 4651 3435 4719; x_wconf 78' lang='grc' dir='ltr'>ἐμὸν</span> <span class='ocrx_word' id='word_1_713' title='bbox 3463 4649 3750 4715; x_wconf 85' lang='grc' dir='ltr'>δάκτυλον,</span> 
     </span>
    </p>
   </div>
   <div class='ocr_carea' id='block_1_99' title="bbox 2182 4741 3753 4814">
    <p class='ocr_par' dir='ltr' id='par_1_99' title="bbox 2182 4741 3753 4814">
     <span class='ocr_line' id='line_1_99' title="bbox 2182 4741 3753 4814; baseline -0.004 -12"><span class='ocrx_word' id='word_1_714' title='bbox 2182 4747 2429 4802; x_wconf 78' lang='grc' dir='ltr'>ἐκϐάλλω</span> <span class='ocrx_word' id='word_1_715' title='bbox 2453 4746 2548 4800; x_wconf 76' lang='grc' dir='ltr'>καὶ</span> <span class='ocrx_word' id='word_1_716' title='bbox 2570 4746 2660 4798; x_wconf 83' lang='grc' dir='ltr'><strong>τὸν</strong></span> <span class='ocrx_word' id='word_1_717' title='bbox 2683 4745 2968 4799; x_wconf 86' lang='grc' dir='ltr'>δακτύλιον</span> <span class='ocrx_word' id='word_1_718' title='bbox 2992 4741 3084 4796; x_wconf 81' lang='grc' dir='ltr'>τοῦ</span> <span class='ocrx_word' id='word_1_719' title='bbox 3135 4743 3308 4814; x_wconf 85' lang='grc' dir='ltr'>Ἀλὴμ</span> <span class='ocrx_word' id='word_1_720' title='bbox 3337 4745 3401 4796; x_wconf 76' lang='grc' dir='ltr'>ὲκ</span> <span class='ocrx_word' id='word_1_721' title='bbox 3431 4742 3524 4796; x_wconf 81' lang='grc' dir='ltr'><strong>τοῦ</strong></span> <span class='ocrx_word' id='word_1_722' title='bbox 3547 4742 3753 4796; x_wconf 82' lang='grc' dir='ltr'>δακτύ-</span> 
     </span>
    </p>
   </div>
   <div class='ocr_carea' id='block_1_100' title="bbox 488 4834 3753 4909">
    <p class='ocr_par' dir='ltr' id='par_1_100' title="bbox 488 4834 3753 4909">
     <span class='ocr_line' id='line_1_100' title="bbox 488 4834 3753 4909; baseline -0.001 -18"><span class='ocrx_word' id='word_1_723' title='bbox 488 4838 582 4892; x_wconf 84' lang='grc' dir='ltr'><strong>λου</strong></span> <span class='ocrx_word' id='word_1_724' title='bbox 637 4856 761 4907; x_wconf 70' lang='grc' dir='ltr'>μου,</span> <span class='ocrx_word' id='word_1_725' title='bbox 807 4837 1150 4893; x_wconf 85' lang='grc' dir='ltr'>συνεκϐαλὼν</span> <span class='ocrx_word' id='word_1_726' title='bbox 1179 4838 1340 4892; x_wconf 79' lang='grc' dir='ltr'>αὐτὸν</span> <span class='ocrx_word' id='word_1_727' title='bbox 1369 4839 1466 4891; x_wconf 75' lang='grc' dir='ltr'>καὶ</span> <span class='ocrx_word' id='word_1_728' title='bbox 1515 4838 1614 4908; x_wconf 84' lang='grc' dir='ltr'>τῆς</span> <span class='ocrx_word' id='word_1_729' title='bbox 1667 4837 1844 4909; x_wconf 76' lang='grc' dir='ltr'>ἀρχῆς</span> <span class='ocrx_word' id='word_1_730' title='bbox 1877 4840 2064 4894; x_wconf 82' lang='grc' dir='ltr'>αὐτοῦ.</span> <span class='ocrx_word' id='word_1_731' title='bbox 2111 4843 2218 4894; x_wconf 75' lang='grc' dir='ltr'><strong>Καὶ</strong></span> <span class='ocrx_word' id='word_1_732' title='bbox 2253 4838 2633 4909; x_wconf 83' lang='grc' dir='ltr'>ἀνταπεκρίθη</span> <span class='ocrx_word' id='word_1_733' title='bbox 2674 4839 2702 4892; x_wconf 80' lang='grc' dir='ltr'><strong>ὁ</strong></span> <span class='ocrx_word' id='word_1_734' title='bbox 2740 4835 2834 4891; x_wconf 82' lang='grc' dir='ltr'><strong>τοῦ</strong></span> <span class='ocrx_word' id='word_1_735' title='bbox 2871 4835 3084 4892; x_wconf 82' lang='grc' dir='ltr'>Μαϐίου</span> <span class='ocrx_word' id='word_1_736' title='bbox 3116 4834 3315 4907; x_wconf 77' lang='grc' dir='ltr'>γέρων,</span> <span class='ocrx_word' id='word_1_737' title='bbox 3374 4835 3448 4898; x_wconf 80' lang='grc' dir='ltr'>ὡς</span> <span class='ocrx_word' id='word_1_738' title='bbox 3495 4835 3575 4889; x_wconf 77' lang='grc' dir='ltr'>ὅτι</span> <span class='ocrx_word' id='word_1_739' title='bbox 3604 4837 3753 4906; x_wconf 79' lang='grc' dir='ltr'>εἰσή-</span> 
     </span>
    </p>
   </div>
   <div class='ocr_carea' id='block_1_101' title="bbox 650 4931 2581 4990">
    <p class='ocr_par' dir='ltr' id='par_1_101' title="bbox 650 4931 2581 4990">
     <span class='ocr_line' id='line_1_101' title="bbox 650 4931 2581 4990; baseline 0.004 -11"><span class='ocrx_word' id='word_1_740' title='bbox 650 4949 651 4955; x_wconf 51' lang='grc' dir='ltr'><strong>η</strong></span> <span class='ocrx_word' id='word_1_741' title='bbox 1668 4931 1968 4987; x_wconf 79' lang='lat' dir='ltr'><strong>ANSELMI</strong></span> <span class='ocrx_word' id='word_1_742' title='bbox 2001 4933 2328 4990; x_wconf 81' lang='lat' dir='ltr'><strong>BANDURII</strong></span> <span class='ocrx_word' id='word_1_743' title='bbox 2351 4932 2581 4988; x_wconf 67' lang='grc' dir='ltr'><strong>ΝΟΤΕ.</strong></span> 
     </span>
    </p>
   </div>
   <div class='ocr_carea' id='block_1_102' title="bbox 564 5023 2068 5100">
    <p class='ocr_par' dir='ltr' id='par_1_102' title="bbox 564 5023 2068 5100">
     <span class='ocr_line' id='line_1_102' title="bbox 564 5023 2068 5100; baseline 0.002 -20"><span class='ocrx_word' id='word_1_744' title='bbox 564 5025 676 5100; x_wconf 75' lang='grc'><strong>(17)</strong></span> <span class='ocrx_word' id='word_1_745' title='bbox 718 5023 809 5081; x_wconf 90' lang='lat' dir='ltr'><strong>Sic</strong></span> <span class='ocrx_word' id='word_1_746' title='bbox 838 5027 1260 5100; x_wconf 10' lang='lat' dir='ltr'><strong>babetur_etﬁiam</strong></span> <span class='ocrx_word' id='word_1_747' title='bbox 1309 5029 1366 5100; x_wconf 11' lang='lat' dir='ltr'><strong>in,</strong></span> <span class='ocrx_word' id='word_1_748' title='bbox 1391 5043 1492 5083; x_wconf 87' lang='lat' dir='ltr'><strong>ms.</strong></span> <span class='ocrx_word' id='word_1_749' title='bbox 1529 5029 1597 5082; x_wconf 87' lang='lat' dir='ltr'><strong>At</strong></span> <span class='ocrx_word' id='word_1_750' title='bbox 1645 5029 1821 5100; x_wconf 87' lang='lat' dir='ltr'><strong>capite</strong></span> <span class='ocrx_word' id='word_1_751' title='bbox 1865 5045 2068 5100; x_wconf 82' lang='lat' dir='ltr'><strong>praece-</strong></span> 
     </span>
    </p>
   </div>
   <div class='ocr_carea' id='block_1_103' title="bbox 493 5096 2067 5174">
    <p class='ocr_par' dir='ltr' id='par_1_103' title="bbox 493 5096 2067 5174">
     <span class='ocr_line' id='line_1_103' title="bbox 493 5096 2067 5174; baseline 0.002 -24"><span class='ocrx_word' id='word_1_752' title='bbox 493 5097 639 5174; x_wconf 77' lang='lat' dir='ltr'><strong>deuti</strong></span> <span class='ocrx_word' id='word_1_753' title='bbox 667 5098 1019 5174; x_wconf 72' lang='lat' dir='ltr'><strong>huncipsum</strong></span> <span class='ocrx_word' id='word_1_754' title='bbox 1059 5096 1306 5174; x_wconf 66' lang='lat' dir='ltr'><strong>Judaeum</strong></span> <span class='ocrx_word' id='word_1_755' title='bbox 1357 5096 1906 5174; x_wconf 16' lang='lat' dir='ltr'><strong>Edessenutuifuiss&#39;e</strong></span> <span class='ocrx_word' id='word_1_756' title='bbox 1952 5103 2067 5174; x_wconf 64' lang='lat' dir='ltr'><strong>ait;</strong></span> 
     </span>
    </p>
   </div>
   <div class='ocr_carea' id='block_1_104' title="bbox 494 5169 2071 5239">
    <p class='ocr_par' dir='ltr' id='par_1_104' title="bbox 494 5169 2071 5239">
     <span class='ocr_line' id='line_1_104' title="bbox 494 5169 2071 5239; baseline -0.001 -16"><span class='ocrx_word' id='word_1_757' title='bbox 494 5178 547 5223; x_wconf 87' lang='lat' dir='ltr'><strong>et</strong></span> <span class='ocrx_word' id='word_1_758' title='bbox 576 5169 657 5223; x_wconf 90' lang='lat' dir='ltr'><strong>sic</strong></span> <span class='ocrx_word' id='word_1_759' title='bbox 696 5169 913 5238; x_wconf 78' lang='lat' dir='ltr'><strong>qUidem</strong></span> <span class='ocrx_word' id='word_1_760' title='bbox 953 5169 1263 5238; x_wconf 82' lang='lat' dir='ltr'><strong>legendum,</strong></span> <span class='ocrx_word' id='word_1_761' title='bbox 1299 5184 1420 5222; x_wconf 86' lang='lat' dir='ltr'><strong>nam</strong></span> <span class='ocrx_word' id='word_1_762' title='bbox 1471 5170 1561 5223; x_wconf 86' lang='lat' dir='ltr'><strong>hic</strong></span> <span class='ocrx_word' id='word_1_763' title='bbox 1607 5169 1884 5239; x_wconf 75' lang='grc' dir='ltr'>Ἐδεσηνός</span> <span class='ocrx_word' id='word_1_764' title='bbox 1935 5169 2071 5224; x_wconf 73' lang='grc' dir='ltr'><strong>(1ίὶῑί-</strong></span> 
     </span>
    </p>
   </div>
   <div class='ocr_carea' id='block_1_105' title="bbox 496 5239 2069 5322">
    <p class='ocr_par' dir='ltr' id='par_1_105' title="bbox 496 5239 2069 5322">
     <span class='ocr_line' id='line_1_105' title="bbox 496 5239 2069 5322; baseline 0.003 -30"><span class='ocrx_word' id='word_1_765' title='bbox 496 5250 586 5322; x_wconf 69' lang='lat' dir='ltr'><strong>tur</strong></span> <span class='ocrx_word' id='word_1_766' title='bbox 636 5247 690 5293; x_wconf 84' lang='lat' dir='ltr'><strong>c1.</strong></span> <span class='ocrx_word' id='word_1_767' title='bbox 736 5239 1079 5310; x_wconf 84' lang='lat' dir='ltr'><strong>TbeOpbani,</strong></span> <span class='ocrx_word' id='word_1_768' title='bbox 1131 5240 1204 5293; x_wconf 83' lang='lat' dir='ltr'><strong>uti</strong></span> <span class='ocrx_word' id='word_1_769' title='bbox 1257 5239 1324 5294; x_wconf 89' lang='lat' dir='ltr'><strong>ad</strong></span> <span class='ocrx_word' id='word_1_770' title='bbox 1371 5241 1651 5295; x_wconf 76' lang='lat' dir='ltr'><strong>laudatum</strong></span> <span class='ocrx_word' id='word_1_771' title='bbox 1717 5243 1896 5295; x_wconf 90' lang='lat' dir='ltr'><strong>locum</strong></span> <span class='ocrx_word' id='word_1_772' title='bbox 1952 5256 2069 5296; x_wconf 88' lang='lat' dir='ltr'><strong>mo-</strong></span> 
     </span>
    </p>
   </div>
   <div class='ocr_carea' id='block_1_106' title="bbox 494 5325 741 5364">
    <p class='ocr_par' dir='ltr' id='par_1_106' title="bbox 494 5325 741 5364">
     <span class='ocr_line' id='line_1_106' title="bbox 494 5325 741 5364; baseline 0 0"><span class='ocrx_word' id='word_1_773' title='bbox 494 5325 741 5364; x_wconf 82' lang='lat' dir='ltr'><strong>nmmus.</strong></span> 
     </span>
    </p>
   </div>
   <div class='ocr_carea' id='block_1_107' title="bbox 567 5379 2076 5450">
    <p class='ocr_par' dir='ltr' id='par_1_107' title="bbox 567 5379 2076 5450">
     <span class='ocr_line' id='line_1_107' title="bbox 567 5379 2076 5450; baseline 0.002 -18"><span class='ocrx_word' id='word_1_774' title='bbox 567 5380 678 5450; x_wconf 88' lang='grc'><strong>(18)</strong></span> <span class='ocrx_word' id='word_1_775' title='bbox 725 5379 816 5434; x_wconf 92' lang='lat' dir='ltr'><strong>Sic</strong></span> <span class='ocrx_word' id='word_1_776' title='bbox 862 5379 1130 5450; x_wconf 89' lang='lat' dir='ltr'><strong>scriptum</strong></span> <span class='ocrx_word' id='word_1_777' title='bbox 1170 5390 1290 5436; x_wconf 88' lang='lat' dir='ltr'><strong>erat</strong></span> <span class='ocrx_word' id='word_1_778' title='bbox 1339 5381 1516 5450; x_wconf 89' lang='lat' dir='ltr'><strong>prima</strong></span> <span class='ocrx_word' id='word_1_779' title='bbox 1569 5397 1732 5436; x_wconf 87' lang='lat' dir='ltr'><strong>manu</strong></span> <span class='ocrx_word' id='word_1_780' title='bbox 1782 5380 1838 5436; x_wconf 90' lang='lat' dir='ltr'><strong>iu</strong></span> <span class='ocrx_word' id='word_1_781' title='bbox 1887 5380 2076 5435; x_wconf 86' lang='lat' dir='ltr'><strong>codice</strong></span> 
     </span>
    </p>
   </div>
   <div class='ocr_carea' id='block_1_108' title="bbox 496 5451 2077 5532">
    <p class='ocr_par' dir='ltr' id='par_1_108' title="bbox 496 5451 2077 5532">
     <span class='ocr_line' id='line_1_108' title="bbox 496 5451 2077 5532; baseline 0.001 -27"><span class='ocrx_word' id='word_1_782' title='bbox 496 5451 1010 5532; x_wconf 80' lang='lat' dir='ltr'><strong>Regio_vetustiori,</strong></span> <span class='ocrx_word' id='word_1_783' title='bbox 1047 5453 1122 5506; x_wconf 91' lang='lat' dir='ltr'><strong>uti</strong></span> <span class='ocrx_word' id='word_1_784' title='bbox 1154 5453 1220 5506; x_wconf 90' lang='lat' dir='ltr'><strong>ad</strong></span> <span class='ocrx_word' id='word_1_785' title='bbox 1268 5461 1432 5522; x_wconf 88' lang='lat' dir='ltr'><strong>caput</strong></span> <span class='ocrx_word' id='word_1_786' title='bbox 1462 5452 1796 5507; x_wconf 79' lang='lat' dir='ltr'><strong>antecedens</strong></span> <span class='ocrx_word' id='word_1_787' title='bbox 1828 5451 2077 5523; x_wconf 81' lang='lat' dir='ltr'><strong>pluribus</strong></span> 
     </span>
    </p>
   </div>
   <div class='ocr_carea' id='block_1_109' title="bbox 497 5537 836 5578">
    <p class='ocr_par' dir='ltr' id='par_1_109' title="bbox 497 5537 836 5578">
     <span class='ocr_line' id='line_1_109' title="bbox 497 5537 836 5578; baseline 0.009 -3"><span class='ocrx_word' id='word_1_788' title='bbox 497 5537 836 5578; x_wconf 73' lang='grc' dir='ltr'><strong>ιιιοηυιῐηυε.</strong></span> 
     </span>
    </p>
   </div>
   <div class='ocr_carea' id='block_1_110' title="bbox 570 5591 2076 5666">
    <p class='ocr_par' dir='ltr' id='par_1_110' title="bbox 570 5591 2076 5666">
     <span class='ocr_line' id='line_1_110' title="bbox 570 5591 2076 5666; baseline 0.003 -20"><span class='ocrx_word' id='word_1_789' title='bbox 570 5593 682 5663; x_wconf 84' lang='grc'><strong>(19)</strong></span> <span class='ocrx_word' id='word_1_790' title='bbox 749 5591 882 5666; x_wconf 82' lang='lat' dir='ltr'><strong>Vide</strong></span> <span class='ocrx_word' id='word_1_791' title='bbox 928 5593 1318 5666; x_wconf 81' lang='lat' dir='ltr'><strong>Theophanem</strong></span> <span class='ocrx_word' id='word_1_792' title='bbox 1365 5595 1433 5649; x_wconf 88' lang='lat' dir='ltr'><strong>ad</strong></span> <span class='ocrx_word' id='word_1_793' title='bbox 1480 5609 1687 5650; x_wconf 87' lang='lat' dir='ltr'><strong>annum</strong></span> <span class='ocrx_word' id='word_1_794' title='bbox 1739 5594 1807 5651; x_wconf 76' lang='grc'><strong>14</strong></span> <span class='ocrx_word' id='word_1_795' title='bbox 1859 5593 2076 5666; x_wconf 90' lang='lat' dir='ltr'><strong>imperii</strong></span> 
     </span>
    </p>
   </div>
   <div class='ocr_carea' id='block_1_111' title="bbox 500 5660 842 5721">
    <p class='ocr_par' dir='ltr' id='par_1_111' title="bbox 500 5660 842 5721">
     <span class='ocr_line' id='line_1_111' title="bbox 500 5660 842 5721; baseline 0.018 -6"><span class='ocrx_word' id='word_1_796' title='bbox 500 5660 842 5721; x_wconf 79' lang='lat' dir='ltr'><strong>Constantis.</strong></span> 
     </span>
    </p>
   </div>
   <div class='ocr_carea' id='block_1_112' title="bbox 573 5733 2072 5804">
    <p class='ocr_par' dir='ltr' id='par_1_112' title="bbox 573 5733 2072 5804">
     <span class='ocr_line' id='line_1_112' title="bbox 573 5733 2072 5804; baseline 0.006 -19"><span class='ocrx_word' id='word_1_797' title='bbox 573 5733 687 5804; x_wconf 74' lang='lat'><strong>(20)</strong></span> <span class='ocrx_word' id='word_1_798' title='bbox 730 5733 806 5790; x_wconf 89' lang='lat' dir='ltr'><strong>De</strong></span> <span class='ocrx_word' id='word_1_799' title='bbox 836 5734 939 5791; x_wconf 83' lang='lat' dir='ltr'><strong>hoc</strong></span> <span class='ocrx_word' id='word_1_800' title='bbox 961 5735 1192 5792; x_wconf 84' lang='lat' dir='ltr'><strong>dissidio</strong></span> <span class='ocrx_word' id='word_1_801' title='bbox 1220 5734 1363 5791; x_wconf 86' lang='lat' dir='ltr'><strong>inter</strong></span> <span class='ocrx_word' id='word_1_802' title='bbox 1387 5735 1618 5803; x_wconf 81' lang='lat' dir='ltr'><strong>Arabes,</strong></span> <span class='ocrx_word' id='word_1_803' title='bbox 1641 5737 1898 5791; x_wconf 87' lang='lat' dir='ltr'><strong>nimirum</strong></span> <span class='ocrx_word' id='word_1_804' title='bbox 1930 5739 2072 5794; x_wconf 92' lang='lat' dir='ltr'><strong>inter</strong></span> 
     </span>
    </p>
   </div>
   <div class='ocr_carea' id='block_1_113' title="bbox 496 5804 2074 5884">
    <p class='ocr_par' dir='ltr' id='par_1_113' title="bbox 496 5804 2074 5884">
     <span class='ocr_line' id='line_1_113' title="bbox 496 5804 2074 5884; baseline 0.004 -24"><span class='ocrx_word' id='word_1_805' title='bbox 496 5804 640 5860; x_wconf 75' lang='lat' dir='ltr'><strong>Alim</strong></span> <span class='ocrx_word' id='word_1_806' title='bbox 670 5814 724 5863; x_wconf 86' lang='lat' dir='ltr'><strong>et</strong></span> <span class='ocrx_word' id='word_1_807' title='bbox 747 5806 984 5865; x_wconf 74' lang='lat' dir='ltr'><strong>Mariam</strong></span> <span class='ocrx_word' id='word_1_808' title='bbox 1012 5807 1252 5878; x_wconf 88' lang='lat' dir='ltr'><strong>loquitur</strong></span> <span class='ocrx_word' id='word_1_809' title='bbox 1283 5807 1448 5868; x_wconf 79' lang='lat' dir='ltr'><strong>etiam</strong></span> <span class='ocrx_word' id='word_1_810' title='bbox 1478 5823 1647 5881; x_wconf 85' lang='lat' dir='ltr'><strong>supra</strong></span> <span class='ocrx_word' id='word_1_811' title='bbox 1685 5810 1922 5881; x_wconf 85' lang='lat' dir='ltr'><strong>scriptor</strong></span> <span class='ocrx_word' id='word_1_812' title='bbox 1955 5824 2074 5884; x_wconf 85' lang='lat' dir='ltr'><strong>no-</strong></span> 
     </span>
    </p>
   </div>
   <div class='ocr_carea' id='block_1_114' title="bbox 2178 5026 3753 5102">
    <p class='ocr_par' dir='ltr' id='par_1_114' title="bbox 2178 5026 3753 5102">
     <span class='ocr_line' id='line_1_114' title="bbox 2178 5026 3753 5102; baseline -0.003 -16"><span class='ocrx_word' id='word_1_813' title='bbox 2178 5040 2291 5086; x_wconf 88' lang='lat' dir='ltr'><strong>ster</strong></span> <span class='ocrx_word' id='word_1_814' title='bbox 2325 5033 2471 5086; x_wconf 89' lang='lat' dir='ltr'><strong>circa</strong></span> <span class='ocrx_word' id='word_1_815' title='bbox 2507 5031 2723 5086; x_wconf 85' lang='lat' dir='ltr'><strong>initium</strong></span> <span class='ocrx_word' id='word_1_816' title='bbox 2759 5030 2993 5101; x_wconf 85' lang='lat' dir='ltr'><strong>hujusce</strong></span> <span class='ocrx_word' id='word_1_817' title='bbox 3026 5030 3246 5102; x_wconf 87' lang='lat' dir='ltr'><strong>capitis,</strong></span> <span class='ocrx_word' id='word_1_818' title='bbox 3285 5030 3376 5086; x_wconf 91' lang='lat' dir='ltr'><strong>ubi</strong></span> <span class='ocrx_word' id='word_1_819' title='bbox 3405 5029 3636 5100; x_wconf 81' lang='lat' dir='ltr'><strong>vidiquae</strong></span> <span class='ocrx_word' id='word_1_820' title='bbox 3661 5026 3753 5082; x_wconf 55' lang='lat' dir='ltr'><strong>ad.</strong></span> 
     </span>
    </p>
   </div>
   <div class='ocr_carea' id='block_1_115' title="bbox 2178 5103 2510 5157">
    <p class='ocr_par' dir='ltr' id='par_1_115' title="bbox 2178 5103 2510 5157">
     <span class='ocr_line' id='line_1_115' title="bbox 2178 5103 2510 5157; baseline 0.003 -1"><span class='ocrx_word' id='word_1_821' title='bbox 2178 5103 2510 5157; x_wconf 83' lang='lat' dir='ltr'><strong>notavimus.</strong></span> 
     </span>
    </p>
   </div>
   <div class='ocr_carea' id='block_1_116' title="bbox 2251 5169 3756 5244">
    <p class='ocr_par' dir='ltr' id='par_1_116' title="bbox 2251 5169 3756 5244">
     <span class='ocr_line' id='line_1_116' title="bbox 2251 5169 3756 5244; baseline -0.002 -18"><span class='ocrx_word' id='word_1_822' title='bbox 2251 5173 2363 5242; x_wconf 75' lang='grc'><strong>(21)</strong></span> <span class='ocrx_word' id='word_1_823' title='bbox 2401 5173 2587 5244; x_wconf 80' lang='grc' dir='ltr'>Καδής</span> <span class='ocrx_word' id='word_1_824' title='bbox 2619 5181 2690 5244; x_wconf 16' lang='grc' dir='ltr'><strong>ει,</strong></span> <span class='ocrx_word' id='word_1_825' title='bbox 2712 5171 2880 5244; x_wconf 77' lang='grc' dir='ltr'>Καδίς</span> <span class='ocrx_word' id='word_1_826' title='bbox 2909 5171 3049 5241; x_wconf 88' lang='lat' dir='ltr'><strong>apud</strong></span> <span class='ocrx_word' id='word_1_827' title='bbox 3080 5171 3293 5244; x_wconf 76' lang='lat' dir='ltr'><strong>Turcos</strong></span> <span class='ocrx_word' id='word_1_828' title='bbox 3341 5171 3512 5244; x_wconf 76' lang='lat' dir='ltr'><strong>judex</strong></span> <span class='ocrx_word' id='word_1_829' title='bbox 3542 5169 3756 5244; x_wconf 52' lang='lat' dir='ltr'><strong>signifif</strong></span> 
     </span>
    </p>
   </div>
   <div class='ocr_carea' id='block_1_117' title="bbox 2181 5240 3755 5313">
    <p class='ocr_par' dir='ltr' id='par_1_117' title="bbox 2181 5240 3755 5313">
     <span class='ocr_line' id='line_1_117' title="bbox 2181 5240 3755 5313; baseline -0.002 -18"><span class='ocrx_word' id='word_1_830' title='bbox 2181 5240 2287 5306; x_wconf 84' lang='lat' dir='ltr'><strong>cat,</strong></span> <span class='ocrx_word' id='word_1_831' title='bbox 2319 5240 2412 5313; x_wconf 86' lang='lat' dir='ltr'><strong>qui</strong></span> <span class='ocrx_word' id='word_1_832' title='bbox 2448 5243 2513 5298; x_wconf 88' lang='lat' dir='ltr'><strong>de</strong></span> <span class='ocrx_word' id='word_1_833' title='bbox 2542 5240 2729 5298; x_wconf 81' lang='lat' dir='ltr'><strong>causis</strong></span> <span class='ocrx_word' id='word_1_834' title='bbox 2768 5240 3096 5313; x_wconf 87' lang='lat' dir='ltr'><strong>litigantium</strong></span> <span class='ocrx_word' id='word_1_835' title='bbox 3132 5242 3317 5311; x_wconf 90' lang='lat' dir='ltr'><strong>aliquo</strong></span> <span class='ocrx_word' id='word_1_836' title='bbox 3352 5243 3407 5295; x_wconf 92' lang='lat' dir='ltr'><strong>in</strong></span> <span class='ocrx_word' id='word_1_837' title='bbox 3440 5243 3639 5313; x_wconf 64' lang='lat' dir='ltr'><strong>oppido</strong></span> <span class='ocrx_word' id='word_1_838' title='bbox 3670 5240 3755 5293; x_wconf 79' lang='lat' dir='ltr'><strong>vel</strong></span> 
     </span>
    </p>
   </div>
   <div class='ocr_carea' id='block_1_118' title="bbox 2181 5311 3756 5406">
    <p class='ocr_par' dir='ltr' id='par_1_118' title="bbox 2181 5311 3756 5406">
     <span class='ocr_line' id='line_1_118' title="bbox 2181 5311 3756 5406; baseline -0.001 -42"><span class='ocrx_word' id='word_1_839' title='bbox 2181 5311 2344 5376; x_wconf 71' lang='lat' dir='ltr'><strong>urbe,</strong></span> <span class='ocrx_word' id='word_1_840' title='bbox 2377 5313 2460 5368; x_wconf 84' lang='lat' dir='ltr'><strong>vei</strong></span> <span class='ocrx_word' id='word_1_841' title='bbox 2493 5313 2772 5382; x_wconf 88' lang='lat' dir='ltr'><strong>provincia</strong></span> <span class='ocrx_word' id='word_1_842' title='bbox 2809 5311 3113 5383; x_wconf 72' lang='lat' dir='ltr'><strong>cognoscit,</strong></span> <span class='ocrx_word' id='word_1_843' title='bbox 3159 5320 3217 5365; x_wconf 91' lang='lat' dir='ltr'><strong>ut</strong></span> <span class='ocrx_word' id='word_1_844' title='bbox 3252 5319 3335 5367; x_wconf 89' lang='lat' dir='ltr'><strong>est</strong></span> <span class='ocrx_word' id='word_1_845' title='bbox 3376 5311 3517 5406; x_wconf 77' lang='lat' dir='ltr'><strong>apud</strong></span> <span class='ocrx_word' id='word_1_846' title='bbox 3569 5311 3756 5363; x_wconf 71' lang='lat' dir='ltr'><strong>Leun-</strong></span> 
     </span>
     <span class='ocr_line' id='line_1_119' title="bbox 2183 5380 3730 5406; baseline 0 0"><span class='ocrx_word' id='word_1_847' title='bbox 2183 5385 2409 5406; x_wconf 71' lang='lat' dir='ltr'><strong>-l.---:-_-..</strong></span> <span class='ocrx_word' id='word_1_848' title='bbox 2473 5385 2522 5406; x_wconf 69' lang='grc' dir='ltr'><strong>ζ..</strong></span> <span class='ocrx_word' id='word_1_849' title='bbox 2585 5383 2730 5406; x_wconf 66' lang='grc' dir='ltr'><strong>ἢ-..]</strong></span> <span class='ocrx_word' id='word_1_850' title='bbox 2809 5380 2952 5406; x_wconf 59' lang='grc' dir='ltr'><strong>νη---</strong></span> <span class='ocrx_word' id='word_1_851' title='bbox 3037 5398 3165 5406; x_wconf 70' lang='grc' dir='ltr'><strong>...η-υ.</strong></span> <span class='ocrx_word' id='word_1_852' title='bbox 3243 5382 3312 5406; x_wconf 72' lang='lat' dir='ltr'><strong>an</strong></span> <span class='ocrx_word' id='word_1_853' title='bbox 3392 5381 3520 5406; x_wconf 66' lang='lat'><strong>1:.0-</strong></span> <span class='ocrx_word' id='word_1_854' title='bbox 3575 5381 3730 5406; x_wconf 53' lang='grc' dir='ltr'><strong>ηιμ-..</strong></span> 
     </span>
    </p>
   </div>
   <div class='ocr_carea' id='block_1_119' title="bbox 2179 5380 3754 5439">
    <p class='ocr_par' dir='ltr' id='par_1_119' title="bbox 2179 5380 3754 5439">
     <span class='ocr_line' id='line_1_120' title="bbox 2179 5380 3754 5439; baseline -0.001 -3"><span class='ocrx_word' id='word_1_855' title='bbox 2179 5385 2411 5437; x_wconf 83' lang='lat' dir='ltr'><strong>clavium</strong></span> <span class='ocrx_word' id='word_1_856' title='bbox 2473 5380 2528 5438; x_wconf 79' lang='lat' dir='ltr'><strong>in</strong></span> <span class='ocrx_word' id='word_1_857' title='bbox 2581 5383 2755 5438; x_wconf 86' lang='lat' dir='ltr'><strong>Pand.</strong></span> <span class='ocrx_word' id='word_1_858' title='bbox 2809 5380 2973 5439; x_wconf 55' lang='lat' dir='ltr'><strong>Tu&#39;rc.</strong></span> <span class='ocrx_word' id='word_1_859' title='bbox 3036 5398 3190 5438; x_wconf 93' lang='lat' dir='ltr'><strong>num.</strong></span> <span class='ocrx_word' id='word_1_860' title='bbox 3243 5382 3332 5437; x_wconf 77' lang='lat'><strong>29.</strong></span> <span class='ocrx_word' id='word_1_861' title='bbox 3392 5380 3520 5438; x_wconf 81' lang='lat' dir='ltr'><strong>Vide</strong></span> <span class='ocrx_word' id='word_1_862' title='bbox 3573 5381 3754 5436; x_wconf 84' lang='lat' dir='ltr'><strong>Gloss.</strong></span> 
     </span>
    </p>
   </div>
   <div class='ocr_carea' id='block_1_120' title="bbox 2181 5453 2675 5526">
    <p class='ocr_par' dir='ltr' id='par_1_120' title="bbox 2181 5453 2675 5526">
     <span class='ocr_line' id='line_1_121' title="bbox 2181 5453 2675 5526; baseline 0.002 -19"><span class='ocrx_word' id='word_1_863' title='bbox 2181 5453 2352 5508; x_wconf 65' lang='grc' dir='ltr'><strong>(ἕτερα.</strong></span> <span class='ocrx_word' id='word_1_864' title='bbox 2391 5453 2675 5526; x_wconf 65' lang='lat' dir='ltr'><strong>Qucangii.</strong></span> 
     </span>
    </p>
   </div>
   <div class='ocr_carea' id='block_1_121' title="bbox 2252 5521 3758 5595">
    <p class='ocr_par' dir='ltr' id='par_1_121' title="bbox 2252 5521 3758 5595">
     <span class='ocr_line' id='line_1_122' title="bbox 2252 5521 3758 5595; baseline 0.001 -20"><span class='ocrx_word' id='word_1_865' title='bbox 2252 5527 2363 5595; x_wconf 71' lang='lat'><strong>(2:2)</strong></span> <span class='ocrx_word' id='word_1_866' title='bbox 2403 5523 2494 5579; x_wconf 91' lang='lat' dir='ltr'><strong>Sic</strong></span> <span class='ocrx_word' id='word_1_867' title='bbox 2541 5521 2607 5579; x_wconf 75' lang='lat' dir='ltr'><strong>ei</strong></span> <span class='ocrx_word' id='word_1_868' title='bbox 2637 5539 2740 5580; x_wconf 85' lang='lat' dir='ltr'><strong>ms.</strong></span> <span class='ocrx_word' id='word_1_869' title='bbox 2783 5524 2992 5580; x_wconf 87' lang='lat' dir='ltr'><strong>codice.</strong></span> <span class='ocrx_word' id='word_1_870' title='bbox 3034 5522 3091 5577; x_wconf 92' lang='lat' dir='ltr'><strong>ln</strong></span> <span class='ocrx_word' id='word_1_871' title='bbox 3121 5523 3288 5580; x_wconf 84' lang='lat' dir='ltr'><strong>editis</strong></span> <span class='ocrx_word' id='word_1_872' title='bbox 3325 5521 3440 5578; x_wconf 58' lang='lat' dir='ltr'><strong>hac</strong></span> <span class='ocrx_word' id='word_1_873' title='bbox 3469 5521 3659 5577; x_wconf 83' lang='lat' dir='ltr'><strong>mutila</strong></span> <span class='ocrx_word' id='word_1_874' title='bbox 3692 5535 3758 5576; x_wconf 88' lang='lat' dir='ltr'><strong>ac</strong></span> 
     </span>
    </p>
   </div>
   <div class='ocr_carea' id='block_1_122' title="bbox 2180 5593 2659 5663">
    <p class='ocr_par' dir='ltr' id='par_1_122' title="bbox 2180 5593 2659 5663">
     <span class='ocr_line' id='line_1_123' title="bbox 2180 5593 2659 5663; baseline 0.002 -14"><span class='ocrx_word' id='word_1_875' title='bbox 2180 5593 2480 5663; x_wconf 82' lang='lat' dir='ltr'><strong>depravata</strong></span> <span class='ocrx_word' id='word_1_876' title='bbox 2511 5605 2659 5650; x_wconf 90' lang='lat' dir='ltr'><strong>sunt.</strong></span> 
     </span>
    </p>
   </div>
   <div class='ocr_carea' id='block_1_123' title="bbox 2254 5660 3760 5736">
    <p class='ocr_par' dir='ltr' id='par_1_123' title="bbox 2254 5660 3760 5736">
     <span class='ocr_line' id='line_1_124' title="bbox 2254 5660 3760 5736; baseline -0.003 -18"><span class='ocrx_word' id='word_1_877' title='bbox 2254 5660 2365 5736; x_wconf 72' lang='lat'><strong>(25)</strong></span> <span class='ocrx_word' id='word_1_878' title='bbox 2405 5665 2497 5736; x_wconf 82' lang='lat' dir='ltr'><strong>Sic</strong></span> <span class='ocrx_word' id='word_1_879' title='bbox 2542 5666 2596 5720; x_wconf 90' lang='lat' dir='ltr'><strong>in</strong></span> <span class='ocrx_word' id='word_1_880' title='bbox 2639 5681 2742 5724; x_wconf 90' lang='lat' dir='ltr'><strong>ms.</strong></span> <span class='ocrx_word' id='word_1_881' title='bbox 2785 5663 3163 5736; x_wconf 9' lang='lat' dir='ltr'><strong>l‘crperamrin</strong></span> <span class='ocrx_word' id='word_1_882' title='bbox 3211 5663 3374 5736; x_wconf 82' lang='lat' dir='ltr'><strong>editis</strong></span> <span class='ocrx_word' id='word_1_883' title='bbox 3412 5662 3632 5736; x_wconf 82' lang='lat' dir='ltr'><strong>legitur,</strong></span> <span class='ocrx_word' id='word_1_884' title='bbox 3661 5660 3760 5736; x_wconf 56' lang='lat' dir='ltr'><strong>die</strong></span> 
     </span>
    </p>
   </div>
   <div class='ocr_carea' id='block_1_124' title="bbox 2182 5730 3759 5861">
    <p class='ocr_par' dir='ltr' id='par_1_124' title="bbox 2182 5730 3759 5861">
     <span class='ocr_line' id='line_1_125' title="bbox 2182 5730 3759 5861; baseline -0.001 -73"><span class='ocrx_word' id='word_1_885' title='bbox 2182 5730 2304 5861; x_wconf 55' lang='lat'><strong>{01:55</strong></span> <span class='ocrx_word' id='word_1_886' title='bbox 2333 5730 2595 5809; x_wconf 75' lang='grc' dir='ltr'>φρόνιμος</span> <span class='ocrx_word' id='word_1_887' title='bbox 2614 5755 2629 5808; x_wconf 84' lang='grc'><strong>;</strong></span> <span class='ocrx_word' id='word_1_888' title='bbox 2666 5738 2760 5794; x_wconf 89' lang='lat' dir='ltr'><strong>sed</strong></span> <span class='ocrx_word' id='word_1_889' title='bbox 2783 5730 3054 5794; x_wconf 76' lang='lat' dir='ltr'><strong>Meursius</strong></span> <span class='ocrx_word' id='word_1_890' title='bbox 3081 5735 3366 5807; x_wconf 79' lang='lat' dir='ltr'><strong>legendum</strong></span> <span class='ocrx_word' id='word_1_891' title='bbox 3398 5730 3509 5800; x_wconf 56' lang='lat' dir='ltr'><strong>ait&#39;,</strong></span> <span class='ocrx_word' id='word_1_892' title='bbox 3541 5730 3759 5789; x_wconf 74' lang='grc' dir='ltr'>ὡσείτε</span> 
     </span>
     <span class='ocr_line' id='line_1_126' title="bbox 2185 5824 2466 5861; baseline 0 0"><span class='ocrx_word' id='word_1_893' title='bbox 2185 5825 2258 5861; x_wconf 79' lang='grc' dir='ltr'>φο</span> <span class='ocrx_word' id='word_1_894' title='bbox 2291 5824 2466 5861; x_wconf 76' lang='grc' dir='ltr'>νιιιος.</span> 
     </span>
    </p>
   </div>
   <div class='ocr_carea' id='block_1_125' title="bbox 2185 5824 2466 5881">
    <p class='ocr_par' dir='ltr' id='par_1_125' title="bbox 2185 5824 2466 5881">
     <span class='ocr_line' id='line_1_127' title="bbox 2185 5824 2466 5881; baseline 0.014 -20"><span class='ocrx_word' id='word_1_895' title='bbox 2185 5824 2466 5881; x_wconf 84' lang='grc' dir='ltr'>φρονιμος.</span> 
     </span>
    </p>
   </div>
  </div>
