4070 6326
306 234 414 330 m

1388 269 1492 341 DE
1514 273 2156 350 ADMINISTRANDO
2196 289 2545 355 IMPERIO.

3491 303 3602 370 250

309 376 579 452 Σαϐϐάτῳ
607 377 865 454 ἀλλήλοις
898 376 1183 456 σύνιιντᾷν,
1211 382 1337 450 τοὺς
1369 386 1467 458 μὲν
1491 388 1908 462 άπαστρεφομέε

2027 403 2096 454 εει
2125 399 2324 455 Salona
2355 410 2694 472 nuncupata,
2722 402 3013 462 dimidium
3062 383 3275 465 baben‘s
3320 405 3442 480 ejus
3481 431 3599 471 ma-

318 483 438 534 νους
465 470 578 526 άπὸ
616 471 716 528 τοὸ
749 475 1160 547 παραμονίμου,
1187 477 1314 540 τοὺς
1335 477 1390 532 δὲ
1419 481 1499 543 είς
1525 479 1624 552 τὴν
1645 481 1910 554 τοιαύτην

319 559 562 618 δουλείαν
589 566 1030 636 ἀπερχομένους.
1063 568 1173 622 Καὶ
1197 569 1306 642 γάρ
1323 570 1554 641 πλησίον
1581 575 1680 643 τῆς
1708 573 1910 629 θαλάσ-

322 672 420 726 σης
448 657 550 710 ὑπὸ
589 656 653 711 τὸ
697 659 830 712 αὐτὸ
858 659 1118 730 κάστρον,
1151 661 1390 734 κάστρον
1419 663 1541 717 ἐστὶ
1563 657 1625 718 τὸ
1661 665 1915 734 ἐπιλεγό-

323 766 485 819 μενον
507 750 738 806 Σαλῶνα
771 747 904 822 (83),
933 752 1166 823 μέγεθος
1187 751 1308 823 ἔχον
1327 754 1390 807 τὸ
1427 754 1596 825 ἥμισυ
1623 755 1918 813 Κωνσταν·

319 842 710 907 τινουπὸλεως,
758 845 817 898 ἂν
864 835 910 912 ᾧ
948 845 1152 908 πάντες
1197 847 1248 900 ot
1300 845 1571 916 Ῥωμάνοι
1619 850 1917 919 συνήγοντο

319 938 417 989 καὶ
454 935 886 1004 καθωπλξζοντο,
915 939 1008 990 καὶ
1027 939 1467 1009 προσαπεκίνουν
1495 941 1681 994 ἐκτῶν
1709 943 1912 1011 ἐκεῖσε,

321 1028 589 1100 καὶπρὸς
618 1028 716 1099 τὴν
775 1029 1100 1103 κλεισοῦραν
1156 1031 1468 1102 ἀπήρχοντο
1523 1032 1623 1104 τήν
1683 1034 1789 1089 ἀπὸ
1820 1035 1915 1090 τοῦ

320 1115 491 1174 αὑτοῦ
529 1121 768 1191 κάστρου
799 1119 1154 1194 ὑπάρχουσαν
1184 1123 1339 1192 μίλια
1359 1124 1605 1197 τέσσαρα
1631 1143 1645 1158 ο
1676 1127 1801 1198 ἣτις
1820 1129 1916 1184 καὶ

323 1216 490 1286 μέχρι
525 1215 620 1269 τοῦ
653 1215 747 1270 νῦν
769 1216 1016 1270 καλεῖται
1042 1218 1246 1272 Κλεῖσα
1269 1218 1504 1291 (84),διά
1523 1222 1586 1274 τὸ
1609 1223 1920 1290 συγκλείειν

320 1310 452 1370 τοὺς
484 1307 872 1378 διερχομένους
904 1309 1134 1365 ἐκεῖθεν.
1162 1312 1273 1366 Καὶ
1295 1314 1363 1366 ἐκ
1386 1314 1496 1368 τῶν
1525 1315 1704 1368 ἐκεῖσε
1736 1317 1920 1389 ἀπήρ-

322 1413 486 1470 χοντο
523 1400 663 1471 πρὸς
697 1401 793 1454 τὸν
843 1402 1115 1473 ποταμόν.
1164 1403 1240 1457 Τό
1260 1399 1357 1459 οὖν
1388 1404 1630 1460 τοιοῧτον
1658 1407 1918 1478 άλλάγιον

323 1493 421 1546 ἐπὶ
459 1493 680 1559 πολλοῖς
709 1495 994 1566 γινόμενον
1019 1496 1256 1567 χρόνοις,
1277 1498 1328 1552 οί
1373 1498 1590 1553 ἐκεῖθεν
1619 1501 1714 1557 τοῦ
1743 1518 1916 1559 ποτα-

329 1586 436 1657 μοῦ
473 1586 731 1653 Σκλάσοι,
763 1588 814 1641 oi
845 1588 940 1642 καὶ⁵
974 1589 1206 1661 Ἀὅαροι
1247 1591 1595 1663 καλούμενοι,
1639 1595 1764 1649 καθ’
1791 1597 1920 1651 ἑαυ-

324 1683 455 1744 τοὺς
507 1682 821 1754 ὲσκόπησαν
877 1684 1166 1753 λέγοντες,
1199 1687 1284 1741 δτι
1329 1682 1490 1744 Οὗτοι
1531 1692 1582 1745 ot
1623 1690 1915 1762 Ῥωμάνοι,

322 1778 454 1828 επεὶ
491 1775 773 1848 ἐπέρασαν
800 1779 898 1831 καὶ.
926 1771 1087 1849 εὖρον
1116 1781 1369 1851 πραῖδαν,
1397 1783 1505 1836 άπὸ
1534 1784 1631 1837 τοῦ
1669 1782 1766 1837 νῦν
1798 1784 1921 1838 καθ’

329 1866 491 1938 ήμῶν
545 1868 607 1920 οὗ
673 1868 974 1925 παύσονται
1026 1873 1430 1945 διαπερῶντες·
1490 1876 1585 1928 καὶ
1632 1875 1720 1930 διὰ
1765 1876 1923 1930 τοῦτο

329 1960 790 2033 μηχανησώμεθα
818 1964 938 2018 κατ’
966 1965 1167 2018 αὐτῶν.
1206 1965 1394 2031 Οὕτως
1422 1965 1516 2022 οὖν
1533 1968 1582 2021 οἱ
1609 1968 1842 2025 Σκλάὸοι
1873 1969 1923 2022 ot

331 2053 568 2127 ’Δὸαροι
596 2054 1039 2127 βουλευσάμενοι,
1059 2057 1156 2112 καὶ
1185 2057 1635 2130 διαπερασάντων
1665 2060 1793 2113 ποτὲ
1808 2059 1919 2114 τῶν

337 2147 644 2219 Ῥωμάνων
679 2147 812 2221 (85),
855 2152 1184 2221 ποιήσαντες
1214 2146 1359 2206 οὗτοι
1392 2152 1786 2223 ὶγκρύμματα,
1826 2152 1921 2206 καὶ

327 2240 751 2310 πολεμήσαντες
805 2243 1067 2313 ἐνίκησαν
1126 2242 1349 2307 αὐτούς.
1383 2243 1492 2298 Καὶ
1525 2245 1919 2315 ἀναλαϐόμενοι

325 2331 402 2384 τά
429 2347 489 2384 τε
545 2330 687 2385 ὅπλα
731 2331 910 2386 αὐτῶν
965 2334 1062 2387 καλ⁸
1093 2333 1161 2386 τά
1192 2334 1480 2405 φλάμουλα
1514 2333 1650 2408 (86),
1700 2338 1794 2390 καὶ
1857 2336 1924 2392 τὰ

335 2423 505 2477 λοιπὰ
532 2423 803 2494 πολεμικὰ
833 2429 1058 2496 σημεῖα,
1097 2424 1534 2497 διαπεράσαντες
1581 2430 1632 2481 ol
1663 2440 1931 2500 προειρη-

330 2515 486 2584 μένοι
516 2516 748 2570 Σκλάόοι
767 2518 858 2571 τὸν
877 2516 1123 2588 ποταμὸν
1145 2511 1314 2589 ἦλθον
1343 2521 1422 2584 εἰς
1449 2519 1548 2592 τὴν
1569 2521 1920 2590 κλεισοῦραν.

332 2608 445 2672 οὓς
471 2610 566 2662 καὶ
599 2611 798 2672 ἰδόντες
829 2611 877 2662 οἱ
911 2611 1091 2664 ἐκεῖσε
1127 2611 1280 2675 ὄντες
1316 2612 1611 2683 Ῥωμάνοι,
1649 2614 1924 2682 θεασάμε-

328 2718 414 2754 νοι
448 2698 506 2754 δὲ
534 2701 606 2754 τὰ
638 2700 926 2771 φλάμουλα
953 2705 1048 2755 καὶ
1074 2703 1172 2771 τὴν
1197 2701 1472 2769 ἐξόπλισιν
1503 2704 1611 2757 τῶν
1632 2705 1922 2774 ὁμοφύλων

329 2793 539 2857 αὐτῶν,
594 2796 719 2857 τοὺς
778 2793 958 2848 αὐτῶν
1005 2793 1316 2866 ὁμοφύλους
1376 2792 1520 2851 εἶναι
1579 2797 1925 2866 νομίσαντες,

306 2887 498 2958 ,ἡνίκα
526 2887 832 2941 κατέλαϐον
857 2888 908 2941 oi
943 2888 1174 2942 Σκλάὸοι
1205 2888 1255 2943 oi
1300 2890 1669 2960 προρηθέντες
1709 2893 1790 2953 είς
1828 2892 1929 2960 τὴν

328 2984 680 3057 κλεισοῦραν,
716 2985 1125 3056 παρεχώρησαν
1173 2986 1359 3050 αὐτοῖς
1384 2987 1632 3042 διελθεῖν.
1667 2987 1926 3042 Διελθόν-

328 3088 427 3141 τες
448 3078 502 3132 δὲ
532 3079 696 3142 εὐθὺς
717 3082 844 3142 τοὺς
877 3079 1196 3150 Ῥωμάνους
1224 3073 1371 3134 οὗτοι
1403 3080 1690 3153 ἐξήλασαν,
1711 3083 1803 3134 καὶ
1829 3083 1928 3153 τὴν

328 3165 558 3224 Salium
591 3173 651 3226 τὸ
694 3174 1098 3245 προειρημένον
1146 3173 1384 3246 κάστρον
1433 3178 1768 3248 ἐκράτησαν.
1817 3179 1926 3232 Καὶ

332 3268 766 3334 κατοικήσαντες
792 3267 972 3320 ὲκεῐσε
1002 3267 1191 3321 ἔκτοτε
1219 3269 1362 3324 κατὰ
1408 3270 1604 3341 μικρὸν
1628 3272 1904 3343 ἀρξαμενο

333 3363 675 3434 πραιδεύειν,
709 3364 838 3428 τοὺς
872 3363 1188 3436 Ῥωμάνους
1236 3367 1362 3431 τοὺς
1393 3367 1474 3430 είς
1515 3371 1646 3434 τοὺς
1673 3373 1928 3440 κάμπους

2018 491 2324 562 gnitudinis
2355 510 2520 563 quam
2570 494 3078 570 Constantinopolis
3111 519 3123 555 :
3154 501 3208 556 in
3250 519 3315 558 ea
3360 521 3594 577 congre-

2016 585 2132 657 gati
2191 601 2385 642 omnes
2447 585 2680 643 Romani
2744 605 2897 644 arma
2953 593 3285 659 sumebant,
3360 597 3602 670 indeque

2017 677 2364 735 discedentes
2386 679 2452 734 ad
2489 681 2805 735 clausuram
2837 684 3135 753 pergebant
3165 698 3402 757 quatuor
3429 693 3599 747 millia

2019 785 2281 841 passuum
2314 769 2384 826 ab
2429 771 2550 841 ipsa
2585 771 2720 828 urbe
2765 771 2966 827 Salona
3000 775 3321 839 distantem,
3372 795 3493 849 qua
3543 781 3598 834 in

2020 862 2347 918 hodiernum
2391 872 2567 933 usque
2613 861 2758 919 diem
2807 864 2982 921 Clissa
3029 877 3406 938 nuncupatur,
3453 871 3600 941 quod

2019 954 2148 1010 illac
2189 965 2587 1025 praetereuntes
2616 957 2776 1027 quasi
2807 959 3125 1023 concludat,
3166 970 3332 1031 atque
3371 963 3500 1019 inde
3530 963 3600 1018 ad

2019 1046 2223 1103 ﬂumen
2259 1048 2368 1119 87
2402 1048 2916 1118 proﬁciscebantur.
2961 1051 3071 1106 Hac
3118 1054 3287 1124 igitur
3319 1064 3602 1124 permuta-

2020 1141 2173 1195 tione
2211 1143 2400 1197 multis
2442 1143 2602 1198 annis
2634 1143 2800 1207 facta,
2833 1143 3014 1200 Sclavi
3052 1147 3143 1216 qui
3181 1155 3336 1202 trans
3384 1148 3589 1203 ﬂumen

2021 1234 2362 1300 habitabant,
2435 1235 2528 1306 qui
2581 1244 2636 1291 et
2683 1236 2846 1291 Abari
2898 1238 3058 1301 dicti,
3117 1255 3178 1294 re
3248 1241 3604 1297 considerata

2021 1327 2281 1384 dixerunt
2313 1329 2456 1385 inter
2510 1345 2632 1386 sese
2673 1348 2687 1384 :
2739 1329 2971 1385 Romani
3010 1333 3062 1387 bi
3102 1349 3166 1386 ex
3215 1349 3325 1404 quo
3365 1334 3602 1404 primum

2021 1417 2409 1492 traiecerunt,
2463 1424 2817 1497 praedamque
2871 1425 3019 1480 nacti
3083 1434 3258 1493 sunt,
3319 1444 3604 1497 nunquam

2022 1512 2282 1582 trajicere
2315 1513 2608 1580 desinent;
2642 1516 2833 1585 itaque
2862 1515 3073 1587 aliquid
3099 1527 3292 1572 contra
3319 1519 3608 1576 machine-

2024 1621 2171 1661 mur.
2200 1603 2315 1663 Hoc
2375 1607 2544 1679 igitur
2575 1608 2813 1664 consilio
2858 1605 3040 1665 Sclavi
3093 1611 3209 1665 sive
3239 1611 3428 1675 Abari,
3479 1627 3605 1667 cum

2027 1699 2255 1756 Romani
2316 1700 2618 1770 aliquando
2653 1698 2853 1757 ﬂumen
2887 1704 3369 1768 transmisissent,
3409 1705 3607 1776 positis

2026 1792 2245 1847 insidiis
2280 1791 2405 1847 illos
2452 1787 2628 1847 adorti
2664 1804 3076 1866 oppugnarunt,
3109 1796 3510 1866 viceruntque;
3544 1812 3608 1852 ac

2027 1886 2266 1955 sumptis
2310 1901 2502 1939 eorum
2557 1885 2750 1953 armis,
2785 1886 3004 1942 vexillis
3055 1897 3106 1943 et
3158 1889 3389 1960 reliquis
3436 1889 3609 1961 signis

2027 1979 2267 2042 bellicis,
2302 1979 2535 2045 trajecto
2563 1980 2812 2050 praedicti
2857 1979 3040 2036 Sclavi
3072 1981 3296 2038 ﬂumine
3347 1983 3414 2039 ad
3450 1984 3608 2038 clauo

2025 2088 2212 2127 suram
2241 2087 2440 2128 venere
2475 2090 2489 2125 :
2522 2088 2663 2142 quos
2691 2074 2784 2127 ubi
2809 2074 3068 2128 viderunt
3093 2074 3345 2140 Romani,
3372 2077 3467 2146 qui
3498 2076 3608 2132 ill-ie

2025 2165 2291 2220 excubias
2322 2166 2580 2235 agebant,
2624 2165 2940 2234 conspectis
2979 2167 3197 2223 vexillis
3231 2175 3286 2222 et
3330 2177 3612 2222 armatura

2027 2257 2314 2327 gentilium
2343 2269 2596 2319 suorum,
2635 2257 2870 2328 gentiles
2903 2273 3000 2314 eos
3031 2275 3153 2316 esse
3178 2275 3308 2314 suos
3337 2261 3613 2324 arbitrati,

2027 2367 2150 2406 cum
2209 2349 2275 2404 ad
2328 2350 2647 2404 clausuram
2682 2350 2907 2422 praefati
2965 2349 3146 2405 Sclavi
3210 2353 3608 2419 accessissent,

2028 2441 2321 2496 transitum
2373 2443 2481 2497 illis
2535 2443 2924 2512 permiserunt.
2983 2443 3090 2498 Sed
3139 2445 3445 2499 intromissi
3502 2443 3611 2500 Ro-

2027 2550 2225 2589 mauos
2252 2534 2454 2604 oppido
2490 2535 2843 2604 expulerunt.
2876 2551 3090 2591 necnon
3127 2537 3292 2591 etiam
3328 2537 3610 2592 laudatam

2029 2628 2221 2680 urbem
2250 2627 2508 2681 Salonam
2562 2635 2911 2696 occuparunt
2943 2643 2957 2682 ι
2992 2627 3180 2698 ibique
3208 2629 3431 2686 sedibus
3464 2629 3616 2699 pusio

2031 2720 2100 2772 tis
2138 2718 2400 2788 paulatim
2438 2734 2503 2774 ex
2558 2735 2628 2774 eo
2677 2729 2925 2790 tempore
2975 2721 3299 2791 incipientes
3349 2721 3612 2790 praedari,

2028 2807 2310 2866 Romanos
2347 2809 2402 2864 in
2447 2811 2662 2880 campis
2697 2823 2752 2867 et
2799 2812 2853 2865 in
2907 2812 3048 2868 locis
3087 2813 3418 2868 editioribus
3457 2813 3614 2868 habi-

2030 2913 2217 2960 tantes
2279 2903 2643 2968 deleverunt,
2708 2920 3017 2976 eorumque
3074 2906 3194 2961 loca
3259 2905 3610 2962 invaserunt.

2031 2996 2226 3052 Creteri
2280 3011 2410 3052 vero
2469 2996 2705 3051 Romani
2759 2997 2815 3053 in
2873 3013 2985 3053 orae
3045 2998 3335 3053 maritimae
3395 2999 3617 3070 oppldis

1957 3119 2005 3179 ρ
2035 3090 2236 3145 servati
2270 3095 2422 3147 sunt.
2457 3103 2630 3159 eaque
2661 3090 2960 3146 etiamnum
2983 3098 3203 3157 tenent,
3231 3099 3285 3147 et
3312 3099 3441 3146 sunt
3471 3091 3576 3147 ista
3596 3106 3616 3146 :

2034 3183 2326 3245 llausium,
2391 3183 2778 3253 Aspalatbum,
2850 3183 3296 3256 Tetrangurium,
3361 3186 3617 3251 Diadora,

2037 3275 2202 3341 Arbe,
2235 3275 2424 3340 Becla,
2462 3285 2512 3330 et
2546 3275 2758 3344 Opsara
2789 3293 2803 3330 :
2839 3292 3146 3348 eorumque
3175 3279 3517 3336 habitatores
3563 3280 3621 3336 in

2040 3368 2370 3422 hodiernum
2406 3383 2581 3437 usque
2612 3368 2752 3422 diem
2792 3366 3026 3422 Romani
3058 3380 3472 3441 nuncupantur.

326 3459 428 3512 καὶ
463 3459 544 3519 είς
569 3458 638 3510 τὰ
670 3455 976 3528 ὑψηλότερα
1023 3458 1164 3530 μέρη
1197 3459 1584 3524 κατοικοῦντας
1607 3462 1900 3530 ἠφάνισαν,
1941 3460 2040 3514 καὶ
2096 3462 2220 3522 τοὺς
2246 3461 2445 3522 τόπους
2482 3459 2660 3513 αὐτῶν
2705 3459 3148 3530 κατεκράτησαν.
3213 3463 3275 3516 Οί
3341 3464 3399 3516 δὲ
3443 3462 3622 3519 λοιποὶ

341 3551 620 3621 Ῥωμάνοι
649 3551 729 3613 είς
757 3549 826 3603 τὰ
860 3549 959 3619 τῆς
991 3551 1262 3620 παραλίας
1316 3551 1529 3623 κάστρα
1558 3551 1918 3622 διεσώθησαν,
1961 3550 2058 3604 καὶ
2087 3551 2249 3620 μέχρι
2277 3547 2370 3602 τοῦ
2401 3547 2496 3603 νῦν
2547 3548 2842 3619 κρατοῦσιν
2885 3551 3025 3605 αὑτά
3046 3567 3061 3582 ⁸
3126 3550 3284 3607 ἅτινά
3322 3555 3428 3607 εἰσι
3495 3557 3620 3611 τάδε

328 3643 586 3712 κάστρα·
614 3643 674 3696 τὸ
719 3640 990 3704 Ῥαοῦσιν,
1041 3642 1104 3696 τὸ
1157 3643 1499 3700 ’Λσπάλαθον
1542 3642 1676 3715 (87),
1707 3644 1767 3697 τὸ
1811 3642 2244 3714 Τετραγγοῦριν,
2271 3641 2338 3695 τὰ
2373 3641 2643 3711 Διάδωρα,
2679 3643 2714 3712 ή
2749 3640 2952 3712 Ἀρση,
2989 3643 3051 3713 ἰή
3118 3643 3315 3710 Βέκλα,
3391 3645 3488 3700 καὶ
3552 3652 3621 3707 τὰ

289 3758 300 3765 -
333 3730 557 3804 Ὀψαρα
587 3748 602 3764 ⁸
666 3725 904 3785 ὧντινων
955 3732 1049 3785 καὶ
1097 3734 1382 3804 οἰκήτορες
1418 3734 1581 3806 μέχρι
1603 3734 1698 3787 τοῦ
1741 3733 1837 3788 νῦν
1874 3735 1925 3788 οί
1975 3733 2248 3804 Ῥωμάνοι
2287 3733 2579 3786 καλοῦνται
2611 3732 2746 3806 (88).

412 3827 536 3880 Ὀτι
567 3826 678 3878 ἀπὸ
710 3825 809 3893 τῆς
841 3821 1116 3894 βασιλείας
1177 3825 1483 3894 Ηρακλείου
1533 3826 1627 3878 τοῦ
1662 3824 1925 3895 βασιλέως

341 3913 658 3986 Ῥωμαίων,
695 3913 817 3968 καθ’
839 3913 899 3966 ὃν
933 3914 1117 3983 μέλλει
1151 3915 1352 3985 τρόπον
1406 3915 1741 3987 ῥηθήσεσθαι
1767 3919 1824 3969 ὲν
1854 3920 1920 3987 τῇ

331 4008 447 4065 τῶν
491 4007 805 4078 Χρωϐάτων
857 4007 949 4058 καὶ
1003 4005 1252 4076 Σέρϐλων
1307 4010 1643 4078 συγγραφῇ,
1698 4010 1848 4062 πᾶσα
1886 4011 1920 4079 ἡ

336 4103 624 4174 Δελματία
686 4100 818 4173 (89),
858 4100 954 4153 καὶ
982 4102 1050 4152 τά
1081 4099 1210 4171 περὶ
1247 4099 1417 4172 αὐτὴν
1442 4099 1592 4170 ἔθνη,
1620 4095 1732 4153 οἷον
1765 4102 1927 4171 Χρωμ-

2109 3824 2190 3879 Ab
2227 3824 2460 3892 imperio
2486 3831 2668 3878 autem
2701 3822 2936 3880 lleraclii
2972 3823 3343 3882 Romanorum
3381 3827 3589 3899 impera

2033 3916 2195 3980 toris,
2256 3917 2360 3978 uti,
2417 3931 2542 3969 cum
2605 3916 2672 3971 de
2736 3914 2957 3972 Creatis
3013 3926 3068 3973 et
3124 3917 3332 3974 Serviis
3371 3935 3620 3988 agemus,

2032 4005 2233 4062 dicturi
2265 4023 2458 4063 sumus
2493 4009 2748 4064 universa
2797 4008 3089 4076 Dalmatia,
3125 4025 3342 4064 necnon
3376 4011 3624 4067 ﬁnitimas

2034 4101 2114 4154 illi
2182 4109 2395 4172 gentes,
2453 4101 2665 4168 Croati,
2712 4100 2916 4167 Servii,
2982 4101 3358 4171 Zacblumitw,
3413 4101 3653 4159 Tcrbtio'

1514 4192 1818 4247 ANSELMI
1857 4192 2192 4246 BANDURH
2232 4191 2458 4246 NOTAE.

411 4281 526 4352 (83)
582 4284 749 4338 Salon
785 4280 1030 4345 Colonia,
1098 4281 1295 4336 navale
1345 4279 1742 4348 Dalmatarum,
1790 4281 1925 4335 urbs

342 4370 544 4425 magna
590 4364 645 4410 et
674 4353 900 4422 antiqua
934 4367 948 4402 :
977 4363 1030 4405 at
1079 4353 1240 4408 hodie
1266 4362 1473 4425 praeter
1501 4368 1704 4420 paucas
1743 4367 1921 4425 casas,

2038 4288 2132 4355 καὶ
2152 4281 2584 4353 διαπεράσαντές
2620 4299 2750 4336 ποτε
2779 4283 2828 4336 ol
2867 4282 3160 4352 Ῥωμάνοι,
3191 4283 3453 4355 ἰποίησαν
3479 4275 3622 4342 οὗτοι

2036 4352 2365 4424 ἔγκρυμμα,
2397 4362 2504 4406 etc.

337 4416 540 4500 rudEra
573 4440 694 4495 qua:
725 4416 1046 4500 supersunt,
1077 4431 1206 4478 sunt
1229 4416 1396 4500 testes
1427 4416 1548 4500 ejus
1582 4416 1916 4500 magnitudii
1951 4446 1995 4500 ο
2075 4416 2554 4500 (Supplementa),
2589 4421 3255 4500 Flaiiiiituluiit,Ve1tl_lum
3289 4422 3622 4500 Flumineam

337 4496 455 4552 nis.
508 4491 693 4549 De—ea
745 4491 1048 4564 loquuntur
1096 4493 1299 4562 passim
1352 4493 1654 4561 scriptores
1682 4491 1740 4546 et
1777 4491 1919 4546 ch-

338 4566 535 4637 graphi
597 4574 833 4637 veteres,
886 4565 978 4637 sed
1027 4565 1919 4637 perperamnonnulli_eii_receii-

340 4633 578 4691 tioribus
613 4636 884 4699 scribunt,
910 4635 1302 4691 Diocletianum
1327 4635 1377 4686 in
1410 4650 1471 4687 ea
1493 4633 1804 4688 condidisse
1826 4650 1921 4700 pa-

341 4709 503 4769 latia,
556 4715 613 4759 et
649 4720 831 4759 arcem
861 4705 1095 4760 Clissam
1136 4705 1335 4758 ibidem
1370 4719 1532 4770 esse,
1561 4704 1762 4774 quippe
1785 4703 1921 4772 Spa-

342 4778 517 4830 latuin
537 4777 651 4830 sive
669 4776 1047 4844 Aspalathum,
1078 4775 1166 4827 ubi
1194 4782 1351 4830 erant
1370 4773 1922 4843 palatia’Diocletiani

341 4855 586 4916 quatuor
619 4848 786 4900 millia
817 4862 1080 4916 passuum
1106 4845 1272 4900 distat
1313 4860 1360 4916 a_
1377 4845 1600 4916 Salone,
1632 4852 1687 4898 et
1728 4845 1917 4916 decem

342 4912 523 4986 millia
552 4912 832 4986 passuuin
863 4918 1030 4970 distat
1066 4918 1133 4986 ab
1166 4930 1293 4970 arce
1325 4914 1520 4969 Clissa.
1545 4914 1710 4986 iVider
1748 4912 1919 4967 Joan-

341 5003 470 5040 nem
509 4985 736 5041 Lucium
771 4989 840 5041 de
874 4987 1060 5055 llegno
1093 4985 1372 5040 Dalmatia:
1424 4995 1478 5039 et
1533 4985 1787 5047 Croatite,
1822 4999 1922 5037 nec

345 5073 456 5110 non
508 5059 733 5111 Thomas
797 5059 1172 5112 archidiaconi
1240 5056 1580 5124 Spalateusis
1637 5055 1920 5109 historiam

345 5125 754 5251 Salon‘iagnam,
791 5138 844 5186 et
875 5127 1065 5182 Jacobi
1102 5124 1289 5198 Sponii
1329 5126 1678 5181 ltinerarium
1710 5135 1843 5179 tom.
1877 5125 1918 5180 l.

345 5213 472 5251 patr.
619 5241 634 5251 .

386 5214 472 5259 ag.
509 5200 634 5259 106.

344 5213 842 5339 Péfélgulzimirum
874 5267 1068 5330 Ctissa,
1114 5282 1223 5322 non
1257 5282 1387 5339 vero
1420 5266 1604 5339 Clusa,
1624 5275 1705 5339 Aut
1736 5265 1918 5339 Meur-

347 5337 468 5394 sius
494 5336 777 5409 perperam
820 5340 1245 5409 interpretatur.
1276 5338 1413 5392 Olim
1439 5338 1581 5392 dicta
1615 5336 1716 5392 fuit
1750 5336 1926 5389 Ande-

346 5411 536 5472 m'um,
584 5408 643 5464 ut
687 5408 928 5464 Joannes
968 5408 1172 5464 Lucius
1215 5425 1242 5461 a
1279 5410 1436 5462 nobis
1478 5411 1638 5473 paulo
1667 5409 1922 5478 superius

348 5479 609 5537 laudatus
653 5481 932 5550 Opinatur.
967 5481 1094 5534 Haec
1127 5479 1289 5550 hodie
1326 5478 1533 5534 Latinis
1569 5478 1747 5532 Clissa
1779 5478 1921 5550 dici-

349 5561 462 5616 tur,
493 5561 549 5607 et
578 5546 756 5606 Slavis
787 5546 927 5604 Klis.
961 5551 1136 5604 Distat
1169 5565 1198 5602 a
1231 5549 1432 5605 Salone
1456 5557 1694 5618 quatuor
1725 5549 1922 5603 millia-

349 5621 528 5688 ribus,
550 5630 606 5677 et
643 5623 832 5678 decem
859 5636 890 5674 a
929 5620 1172 5691 Spalato.
1200 5617 1338 5674 Vide
1366 5617 1553 5674 JacObi
1593 5619 1779 5690 Sponii
1827 5619 1922 5674 lti-

353 5694 631 5746 nerariuin
663 5703 800 5748 tum.
833 5692 876 5755 Ι,
904 5707 1025 5762 pag.
1067 5691 1188 5753 108,
1221 5702 1270 5745 et
1299 5707 1454 5760 seqq.

421 5765 535 5840 (85)
584 5763 676 5820 Sic
719 5779 787 5820 ex
831 5778 934 5818 ms.
968 5762 1161 5818 codice
1193 5778 1207 5816 :
1243 5765 1295 5816 in
1330 5763 1488 5817 editis
1532 5777 1658 5816 vero
1703 5762 1920 5834 legitur,

2025 4497 2296 4550 vexillarii.
2332 4495 2458 4565 Yide
2485 4495 2746 4565 Ducangii
2773 4506 3071 4564 utrumque
3110 4494 3476 4565 Glossaritim.

2096 4567 2207 4636 (87)
2230 4565 2302 4621 De
2336 4563 2540 4619 Rausio
2569 4563 3016 4636 seu‘ltagusioet
3046 4565 3168 4619 aliis
3207 4563 3621 4636 Dalmatiaema-

2024 4634 2235 4690 ritimis
2289 4636 2624 4699 civitatibus,
2669 4634 2856 4705 quae’a
2904 4634 3081 4689 Slavis
3113 4649 3217 4688 non
3269 4635 3490 4688 fuerunt
3527 4649 3621 4697 oc.

2025 4715 2261 4776 cupataa,
2339 4707 2587 4774 pluribus
2652 4709 2896 4775 loquitur
2955 4708 3008 4758 in
3062 4705 3165 4758 line
3225 4705 3386 4771 hujus
3421 4705 3618 4774 capitis

2026 4780 2269 4846 scriptor
2303 4787 2523 4842 noster;
2556 4777 2647 4830 ubi
2678 4779 2798 4831 vide
2821 4792 2942 4846 quae
2972 4777 3359 4846 observamus.

2097 4841 2209 4917 (88)
2273 4846 2471 4901 Incolae
2542 4849 2756 4901 illarum
2823 4841 3041 4901 urbium
3082 4845 3312 4917 Romani
3359 4841 3623 4917 appellati

2026 4914 2362 4988 sunt,'quod
2402 4917 2573 4970 Roma
2607 4919 2738 4971 illuc
2770 4916 3284 4988 commigraverint,
3322 4914 3622 4988 ut’scribit

2026 4988 2166 5042 idem
2210 4985 2605 5042 Constantinus
2650 4988 2810 5042 initio
2855 4987 3020 5054 hujus
3064 4988 3298 5055 capitis;
3352 4995 3407 5042 et
3467 4985 3617 5055 quod

2026 5059 2280 5111 Latinum
2345 5057 2665 5113 Sermonem
2737 5059 2832 5112 diu
2889 5054 3257 5120 servaverint,
3309 5067 3370 5112 ut
3445 5054 3618 5109 tradit

2027 5127 2338 5182 Willelmus
2372 5127 2572 5198 Tyrius
2609 5130 2705 5182 lib.
2762 5143 2824 5190 Il,
2851 5143 2973 5197 cap.
3003 5127 3097 5179 27.
3129 5129 3194 5182 Et
3227 5129 3450 5196 quidem
3506 5124 3616 5177 Rii-

2064 5200 2204 5252 usini
2233 5201 2380 5252 cives
2412 5199 2476 5251 ad
2529 5199 2877 5253 undecimum
2913 5198 3171 5252 saeculum
3225 5214 3398 5268 usque
3429 5199 3619 5268 lingua

2073 5272 2220 5323 atina
2278 5270 2612 5334 utebantur;
2669 5269 3017 5338 postmodum
3071 5282 3203 5322 vero
3254 5267 3379 5337 quia
3428 5267 3618 5338 multa!

2027 5339 2244 5393 familiae
2294 5339 2585 5393 Slavorutu
2621 5337 2923 5409 Ragusiutn
2972 5337 3616 5409 c0minigrartint,_cives

2025 5409 2288 5480 Ragnsini
2316 5410 2600 5480 paulatim,
2629 5407 2804 5480 patria
2843 5411 3028 5478 lingua
3048 5407 3384 5480 posthabita,
3419 5407 3614 5463 Sclava

2025 5484 2102 5536 ιιιὶ
2135 5489 2439 5551 cmpernnt.

2097 5549 2231 5622 (89f
2263 5551 2641 5619 [interpretatio
2691 5549 2912 5605 Meursii
2947 5550 3039 5604 hic
3083 5550 3276 5604 mutila
3311 5565 3377 5605 ac
3409 5549 3614 5622 depra-

2026 5620 2150 5676 vata
2186 5620 2487 5690 Compara,
2523 5624 2670 5690 quod
2693 5621 2916 5694 quidem
2957 5623 3160 5678 factum
3211 5621 3420 5678 librarii
3455 5620 3618 5675 itm-

2027 5698 2106 5747 ria
2141 5708 2300 5748 nemo
2327 5708 2437 5747 non
2465 5694 2634 5751 videt.
