  <div class='ocr_page' id='page_1' title='image "/cluster/home/n/w/nwhite01/storage/ocr_20150623/113/mdp.39015078384305/177.png"; bbox 0 0 4032 6336; ppageno 0'>
   <div class='ocr_carea' id='block_1_1' title="bbox 527 342 632 415">
    <p class='ocr_par' dir='ltr' id='par_1_1' title="bbox 527 342 632 415">
     <span class='ocr_line' id='line_1_1' title="bbox 527 342 632 415; baseline -0.067 0"><span class='ocrx_word' id='word_1_1' title='bbox 527 342 632 415; x_wconf 76' lang='lat'><strong>339</strong></span> 
     </span>
    </p>
   </div>
   <div class='ocr_carea' id='block_1_2' title="bbox 1537 347 2746 415">
    <p class='ocr_par' dir='ltr' id='par_1_2' title="bbox 1537 347 2746 415">
     <span class='ocr_line' id='line_1_2' title="bbox 1537 347 2746 415; baseline 0.001 -1"><span class='ocrx_word' id='word_1_2' title='bbox 1537 348 2053 414; x_wconf 82' lang='lat' dir='ltr'><strong>CONSTANTINI-</strong></span> <span class='ocrx_word' id='word_1_3' title='bbox 2072 347 2746 415; x_wconf 63' lang='lat' dir='ltr'><strong>PORPHYROGENITI</strong></span> 
     </span>
    </p>
   </div>
   <div class='ocr_carea' id='block_1_3' title="bbox 3663 344 3772 413">
    <p class='ocr_par' dir='ltr' id='par_1_3' title="bbox 3663 344 3772 413">
     <span class='ocr_line' id='line_1_3' title="bbox 3663 344 3772 413; baseline -0.018 0"><span class='ocrx_word' id='word_1_4' title='bbox 3663 344 3772 413; x_wconf 77' lang='grc'><strong>340</strong></span> 
     </span>
    </p>
   </div>
   <div class='ocr_carea' id='block_1_4' title="bbox 525 454 2101 536">
    <p class='ocr_par' dir='ltr' id='par_1_4' title="bbox 525 460 2095 534">
     <span class='ocr_line' id='line_1_4' title="bbox 525 460 2095 534; baseline 0.003 -18"><span class='ocrx_word' id='word_1_5' title='bbox 525 465 658 516; x_wconf 83' lang='lat' dir='ltr'><strong>dare</strong></span> <span class='ocrx_word' id='word_1_6' title='bbox 687 475 746 517; x_wconf 85' lang='lat' dir='ltr'><strong>se</strong></span> <span class='ocrx_word' id='word_1_7' title='bbox 772 475 966 531; x_wconf 79' lang='lat' dir='ltr'><strong>posse;</strong></span> <span class='ocrx_word' id='word_1_8' title='bbox 996 460 1250 532; x_wconf 78' lang='lat' dir='ltr'><strong>promisit</strong></span> <span class='ocrx_word' id='word_1_9' title='bbox 1310 478 1442 518; x_wconf 86' lang='lat' dir='ltr'><strong>vero</strong></span> <span class='ocrx_word' id='word_1_10' title='bbox 1498 473 1696 534; x_wconf 75' lang='lat' dir='ltr'><strong>przeter</strong></span> <span class='ocrx_word' id='word_1_11' title='bbox 1753 478 1980 519; x_wconf 84' lang='lat' dir='ltr'><strong>munera</strong></span> <span class='ocrx_word' id='word_1_12' title='bbox 2029 480 2095 520; x_wconf 77' lang='lat' dir='ltr'><strong>ex</strong></span> 
     </span>
    </p>
   </div>
   <div class='ocr_carea' id='block_1_5' title="bbox 2205 454 3775 536">
    <p class='ocr_par' dir='ltr' id='par_1_5' title="bbox 2205 454 3775 536">
     <span class='ocr_line' id='line_1_5' title="bbox 2205 454 3775 536; baseline -0.003 -16"><span class='ocrx_word' id='word_1_13' title='bbox 2205 462 2289 520; x_wconf 76' lang='grc' dir='ltr'>τοῦ</span> <span class='ocrx_word' id='word_1_14' title='bbox 2341 462 2624 536; x_wconf 72' lang='grc' dir='ltr'>Βαρϐάρου</span> <span class='ocrx_word' id='word_1_15' title='bbox 2671 464 2700 516; x_wconf 82' lang='grc' dir='ltr'>ὀ</span> <span class='ocrx_word' id='word_1_16' title='bbox 2735 461 3156 534; x_wconf 78' lang='grc' dir='ltr'><strong>μακαριώτατος</strong></span> <span class='ocrx_word' id='word_1_17' title='bbox 3205 454 3457 531; x_wconf 77' lang='grc' dir='ltr'>βασιλεῦς</span> <span class='ocrx_word' id='word_1_18' title='bbox 3491 458 3651 515; x_wconf 72' lang='grc' dir='ltr'>Λέων</span> <span class='ocrx_word' id='word_1_19' title='bbox 3695 461 3775 533; x_wconf 79' lang='grc' dir='ltr'>τῷ</span> 
     </span>
    </p>
   </div>
   <div class='ocr_carea' id='block_1_6' title="bbox 527 552 2099 611">
    <p class='ocr_par' dir='ltr' id='par_1_6' title="bbox 527 552 2099 611">
     <span class='ocr_line' id='line_1_6' title="bbox 527 552 2099 611; baseline -0.001 -3"><span class='ocrx_word' id='word_1_20' title='bbox 527 567 680 608; x_wconf 89' lang='lat' dir='ltr'><strong>more</strong></span> <span class='ocrx_word' id='word_1_21' title='bbox 711 554 852 608; x_wconf 88' lang='lat' dir='ltr'><strong>mitti</strong></span> <span class='ocrx_word' id='word_1_22' title='bbox 884 554 1040 609; x_wconf 84' lang='lat' dir='ltr'><strong>solita</strong></span> <span class='ocrx_word' id='word_1_23' title='bbox 1064 552 1119 608; x_wconf 90' lang='lat' dir='ltr'><strong>in</strong></span> <span class='ocrx_word' id='word_1_24' title='bbox 1154 556 1397 610; x_wconf 76' lang='lat' dir='ltr'><strong>vestibus</strong></span> <span class='ocrx_word' id='word_1_25' title='bbox 1443 563 1497 611; x_wconf 87' lang='lat' dir='ltr'><strong>et</strong></span> <span class='ocrx_word' id='word_1_26' title='bbox 1521 570 1628 609; x_wconf 67' lang='lat' dir='ltr'><strong>rere</strong></span> <span class='ocrx_word' id='word_1_27' title='bbox 1691 554 1760 609; x_wconf 84' lang='lat' dir='ltr'><strong>ad</strong></span> <span class='ocrx_word' id='word_1_28' title='bbox 1793 555 1980 610; x_wconf 84' lang='lat' dir='ltr'><strong>decem</strong></span> <span class='ocrx_word' id='word_1_29' title='bbox 2033 555 2099 608; x_wconf 77' lang='lat' dir='ltr'><strong>li-</strong></span> 
     </span>
    </p>
   </div>
   <div class='ocr_carea' id='block_1_7' title="bbox 526 645 2100 718">
    <p class='ocr_par' dir='ltr' id='par_1_7' title="bbox 526 645 2100 718">
     <span class='ocr_line' id='line_1_7' title="bbox 526 645 2100 718; baseline 0.001 -16"><span class='ocrx_word' id='word_1_30' title='bbox 526 645 748 702; x_wconf 77' lang='lat' dir='ltr'><strong>brarum</strong></span> <span class='ocrx_word' id='word_1_31' title='bbox 781 646 1216 709; x_wconf 66' lang='lat' dir='ltr'><strong>aestimationem,</strong></span> <span class='ocrx_word' id='word_1_32' title='bbox 1242 647 1502 718; x_wconf 86' lang='lat' dir='ltr'><strong>deditque</strong></span> <span class='ocrx_word' id='word_1_33' title='bbox 1546 656 1656 702; x_wconf 86' lang='lat' dir='ltr'><strong>tres</strong></span> <span class='ocrx_word' id='word_1_34' title='bbox 1717 655 1809 703; x_wconf 88' lang='lat' dir='ltr'><strong>aut</strong></span> <span class='ocrx_word' id='word_1_35' title='bbox 1863 655 2100 717; x_wconf 76' lang='lat' dir='ltr'><strong>quatuor</strong></span> 
     </span>
    </p>
   </div>
   <div class='ocr_carea' id='block_1_8' title="bbox 523 738 2098 807">
    <p class='ocr_par' dir='ltr' id='par_1_8' title="bbox 523 738 2098 807">
     <span class='ocr_line' id='line_1_8' title="bbox 523 738 2098 807; baseline 0.001 -14"><span class='ocrx_word' id='word_1_36' title='bbox 523 753 721 794; x_wconf 71' lang='lat' dir='ltr'><strong>annos.</strong></span> <span class='ocrx_word' id='word_1_37' title='bbox 751 738 942 794; x_wconf 86' lang='lat' dir='ltr'><strong>Postea</strong></span> <span class='ocrx_word' id='word_1_38' title='bbox 978 749 1156 793; x_wconf 87' lang='lat' dir='ltr'><strong>autem</strong></span> <span class='ocrx_word' id='word_1_39' title='bbox 1189 753 1365 807; x_wconf 81' lang='lat' dir='ltr'><strong>neque</strong></span> <span class='ocrx_word' id='word_1_40' title='bbox 1391 739 1494 792; x_wconf 86' lang='lat' dir='ltr'><strong>hoc</strong></span> <span class='ocrx_word' id='word_1_41' title='bbox 1515 754 1573 794; x_wconf 86' lang='lat' dir='ltr'><strong>se</strong></span> <span class='ocrx_word' id='word_1_42' title='bbox 1609 740 1875 794; x_wconf 84' lang='lat' dir='ltr'><strong>tributum</strong></span> <span class='ocrx_word' id='word_1_43' title='bbox 1916 740 2098 795; x_wconf 62' lang='lat' dir='ltr'><strong>exsolo</strong></span> 
     </span>
    </p>
   </div>
   <div class='ocr_carea' id='block_1_9' title="bbox 522 833 2096 903">
    <p class='ocr_par' dir='ltr' id='par_1_9' title="bbox 522 833 2096 903">
     <span class='ocr_line' id='line_1_9' title="bbox 522 833 2096 903; baseline 0.003 -20"><span class='ocrx_word' id='word_1_44' title='bbox 522 847 653 890; x_wconf 67' lang='lat' dir='ltr'><strong>vere</strong></span> <span class='ocrx_word' id='word_1_45' title='bbox 711 849 871 903; x_wconf 83' lang='lat' dir='ltr'><strong>posse</strong></span> <span class='ocrx_word' id='word_1_46' title='bbox 904 833 1144 888; x_wconf 85' lang='lat' dir='ltr'><strong>ostendit</strong></span> <span class='ocrx_word' id='word_1_47' title='bbox 1180 847 1197 900; x_wconf 88' lang='lat'><strong>;</strong></span> <span class='ocrx_word' id='word_1_48' title='bbox 1230 834 1563 903; x_wconf 81' lang='lat' dir='ltr'><strong>stipendium</strong></span> <span class='ocrx_word' id='word_1_49' title='bbox 1589 849 1739 898; x_wconf 89' lang='lat' dir='ltr'><strong>vero,</strong></span> <span class='ocrx_word' id='word_1_50' title='bbox 1769 835 1886 890; x_wconf 84' lang='lat' dir='ltr'><strong>sive</strong></span> <span class='ocrx_word' id='word_1_51' title='bbox 1911 833 2096 888; x_wconf 86' lang='lat' dir='ltr'><strong>dotem</strong></span> 
     </span>
    </p>
   </div>
   <div class='ocr_carea' id='block_1_10' title="bbox 523 925 2096 997">
    <p class='ocr_par' dir='ltr' id='par_1_10' title="bbox 523 925 2096 997">
     <span class='ocr_line' id='line_1_10' title="bbox 523 925 2096 997; baseline 0 -17"><span class='ocrx_word' id='word_1_52' title='bbox 523 928 857 997; x_wconf 84' lang='lat' dir='ltr'><strong>postulabat,</strong></span> <span class='ocrx_word' id='word_1_53' title='bbox 893 925 1348 997; x_wconf 76' lang='lat' dir='ltr'><strong>quemadmodum</strong></span> <span class='ocrx_word' id='word_1_54' title='bbox 1380 927 1483 981; x_wconf 86' lang='lat' dir='ltr'><strong>sub</strong></span> <span class='ocrx_word' id='word_1_55' title='bbox 1543 925 1860 982; x_wconf 86' lang='lat' dir='ltr'><strong>beatissimo</strong></span> <span class='ocrx_word' id='word_1_56' title='bbox 1925 925 2096 996; x_wconf 84' lang='lat' dir='ltr'><strong>impe-</strong></span> 
     </span>
    </p>
   </div>
   <div class='ocr_carea' id='block_1_11' title="bbox 522 1017 2096 1084">
    <p class='ocr_par' dir='ltr' id='par_1_11' title="bbox 522 1017 2096 1084">
     <span class='ocr_line' id='line_1_11' title="bbox 522 1017 2096 1084; baseline 0 -13"><span class='ocrx_word' id='word_1_57' title='bbox 522 1028 715 1074; x_wconf 81' lang='lat' dir='ltr'><strong>ratore</strong></span> <span class='ocrx_word' id='word_1_58' title='bbox 745 1017 925 1075; x_wconf 80' lang='lat' dir='ltr'><strong>Leone</strong></span> <span class='ocrx_word' id='word_1_59' title='bbox 957 1028 1093 1084; x_wconf 85' lang='lat' dir='ltr'><strong>erat,</strong></span> <span class='ocrx_word' id='word_1_60' title='bbox 1130 1025 1220 1071; x_wconf 85' lang='lat' dir='ltr'><strong>aut</strong></span> <span class='ocrx_word' id='word_1_61' title='bbox 1247 1019 1347 1072; x_wconf 87' lang='lat' dir='ltr'><strong>hoc</strong></span> <span class='ocrx_word' id='word_1_62' title='bbox 1377 1020 1540 1072; x_wconf 87' lang='lat' dir='ltr'><strong>etiam</strong></span> <span class='ocrx_word' id='word_1_63' title='bbox 1595 1018 1798 1073; x_wconf 78' lang='lat' dir='ltr'><strong>aboleri</strong></span> <span class='ocrx_word' id='word_1_64' title='bbox 1827 1018 2039 1074; x_wconf 80' lang='lat' dir='ltr'><strong>volebat</strong></span> <span class='ocrx_word' id='word_1_65' title='bbox 2081 1036 2096 1083; x_wconf 89' lang='lat'><strong>;</strong></span> 
     </span>
    </p>
   </div>
   <div class='ocr_carea' id='block_1_12' title="bbox 522 1110 2095 1180">
    <p class='ocr_par' dir='ltr' id='par_1_12' title="bbox 522 1110 2095 1180">
     <span class='ocr_line' id='line_1_12' title="bbox 522 1110 2095 1180; baseline 0.002 -18"><span class='ocrx_word' id='word_1_66' title='bbox 522 1123 855 1180; x_wconf 81' lang='lat' dir='ltr'><strong>quapropter</strong></span> <span class='ocrx_word' id='word_1_67' title='bbox 881 1111 1042 1166; x_wconf 84' lang='lat' dir='ltr'><strong>etiam</strong></span> <span class='ocrx_word' id='word_1_68' title='bbox 1109 1126 1178 1164; x_wconf 84' lang='lat' dir='ltr'><strong>ne</strong></span> <span class='ocrx_word' id='word_1_69' title='bbox 1214 1110 1599 1165; x_wconf 68' lang='lat' dir='ltr'><strong>oll‘cndiculum</strong></span> <span class='ocrx_word' id='word_1_70' title='bbox 1656 1118 1802 1166; x_wconf 87' lang='lat' dir='ltr'><strong>esset</strong></span> <span class='ocrx_word' id='word_1_71' title='bbox 1856 1110 2095 1175; x_wconf 82' lang='lat' dir='ltr'><strong>Cacicio.</strong></span> 
     </span>
    </p>
   </div>
   <div class='ocr_carea' id='block_1_13' title="bbox 522 1201 2096 1274">
    <p class='ocr_par' dir='ltr' id='par_1_13' title="bbox 522 1201 2096 1274">
     <span class='ocr_line' id='line_1_13' title="bbox 522 1201 2096 1274; baseline 0 -19"><span class='ocrx_word' id='word_1_72' title='bbox 522 1211 576 1255; x_wconf 81' lang='lat' dir='ltr'><strong>et</strong></span> <span class='ocrx_word' id='word_1_73' title='bbox 615 1202 968 1271; x_wconf 66' lang='lat' dir='ltr'><strong>curopalataa,</strong></span> <span class='ocrx_word' id='word_1_74' title='bbox 990 1203 1344 1273; x_wconf 87' lang='lat' dir='ltr'><strong>reliquisque,</strong></span> <span class='ocrx_word' id='word_1_75' title='bbox 1377 1203 1751 1269; x_wconf 86' lang='lat' dir='ltr'><strong>beatissimus,</strong></span> <span class='ocrx_word' id='word_1_76' title='bbox 1770 1217 1929 1274; x_wconf 86' lang='lat' dir='ltr'><strong>quem</strong></span> <span class='ocrx_word' id='word_1_77' title='bbox 1960 1201 2096 1265; x_wconf 74' lang='lat' dir='ltr'><strong>dixi,</strong></span> 
     </span>
    </p>
   </div>
   <div class='ocr_carea' id='block_1_14' title="bbox 521 1294 2100 1366">
    <p class='ocr_par' dir='ltr' id='par_1_14' title="bbox 521 1294 2100 1366">
     <span class='ocr_line' id='line_1_14' title="bbox 521 1294 2100 1366; baseline 0.001 -17"><span class='ocrx_word' id='word_1_78' title='bbox 521 1294 826 1366; x_wconf 85' lang='lat' dir='ltr'><strong>imperator</strong></span> <span class='ocrx_word' id='word_1_79' title='bbox 854 1294 1137 1351; x_wconf 73' lang='lat' dir='ltr'><strong>liomanus</strong></span> <span class='ocrx_word' id='word_1_80' title='bbox 1191 1296 1293 1350; x_wconf 87' lang='lat' dir='ltr'><strong>hoc</strong></span> <span class='ocrx_word' id='word_1_81' title='bbox 1335 1299 1497 1351; x_wconf 89' lang='lat' dir='ltr'><strong>etiam</strong></span> <span class='ocrx_word' id='word_1_82' title='bbox 1551 1295 1806 1351; x_wconf 79' lang='lat' dir='ltr'><strong>abolevit.</strong></span> <span class='ocrx_word' id='word_1_83' title='bbox 1855 1295 2100 1365; x_wconf 74' lang='lat' dir='ltr'><strong>Eiusque</strong></span> 
     </span>
    </p>
   </div>
   <div class='ocr_carea' id='block_1_15' title="bbox 519 1382 2097 1457">
    <p class='ocr_par' dir='ltr' id='par_1_15' title="bbox 519 1382 2097 1457">
     <span class='ocr_line' id='line_1_15' title="bbox 519 1382 2097 1457; baseline -0.001 -19"><span class='ocrx_word' id='word_1_84' title='bbox 519 1387 600 1441; x_wconf 85' lang='lat' dir='ltr'><strong>rei</strong></span> <span class='ocrx_word' id='word_1_85' title='bbox 635 1401 787 1457; x_wconf 91' lang='lat' dir='ltr'><strong>ergo,</strong></span> <span class='ocrx_word' id='word_1_86' title='bbox 819 1387 964 1441; x_wconf 83' lang='lat' dir='ltr'><strong>velut</strong></span> <span class='ocrx_word' id='word_1_87' title='bbox 995 1386 1052 1440; x_wconf 85' lang='lat' dir='ltr'><strong>in</strong></span> <span class='ocrx_word' id='word_1_88' title='bbox 1085 1385 1349 1450; x_wconf 79' lang='lat' dir='ltr'><strong>solamen,</strong></span> <span class='ocrx_word' id='word_1_89' title='bbox 1387 1393 1573 1455; x_wconf 82' lang='lat' dir='ltr'><strong>postea</strong></span> <span class='ocrx_word' id='word_1_90' title='bbox 1597 1384 1766 1438; x_wconf 77' lang='lat' dir='ltr'><strong>illium</strong></span> <span class='ocrx_word' id='word_1_91' title='bbox 1801 1382 1922 1452; x_wconf 86' lang='lat' dir='ltr'><strong>ejus</strong></span> <span class='ocrx_word' id='word_1_92' title='bbox 1965 1383 2097 1437; x_wconf 81' lang='lat' dir='ltr'><strong>Aso-</strong></span> 
     </span>
    </p>
   </div>
   <div class='ocr_carea' id='block_1_16' title="bbox 519 1475 2095 1551">
    <p class='ocr_par' dir='ltr' id='par_1_16' title="bbox 519 1475 2095 1551">
     <span class='ocr_line' id='line_1_16' title="bbox 519 1475 2095 1551; baseline -0.002 -20"><span class='ocrx_word' id='word_1_93' title='bbox 519 1480 679 1541; x_wconf 86' lang='lat' dir='ltr'><strong>tium,</strong></span> <span class='ocrx_word' id='word_1_94' title='bbox 717 1478 768 1532; x_wconf 91' lang='lat' dir='ltr'><strong>in</strong></span> <span class='ocrx_word' id='word_1_95' title='bbox 795 1479 981 1544; x_wconf 80' lang='lat' dir='ltr'><strong>urbem</strong></span> <span class='ocrx_word' id='word_1_96' title='bbox 1030 1492 1152 1532; x_wconf 84' lang='lat' dir='ltr'><strong>eum</strong></span> <span class='ocrx_word' id='word_1_97' title='bbox 1206 1478 1472 1551; x_wconf 66' lang='lat' dir='ltr'><strong>venisset,</strong></span> <span class='ocrx_word' id='word_1_98' title='bbox 1524 1476 1814 1548; x_wconf 86' lang='lat' dir='ltr'><strong>patricium</strong></span> <span class='ocrx_word' id='word_1_99' title='bbox 1869 1475 2095 1542; x_wconf 84' lang='lat' dir='ltr'><strong>creavit,</strong></span> 
     </span>
    </p>
   </div>
   <div class='ocr_carea' id='block_1_17' title="bbox 520 1569 2096 1640">
    <p class='ocr_par' dir='ltr' id='par_1_17' title="bbox 520 1569 2096 1640">
     <span class='ocr_line' id='line_1_17' title="bbox 520 1569 2096 1640; baseline -0.002 -17"><span class='ocrx_word' id='word_1_100' title='bbox 520 1571 800 1640; x_wconf 85' lang='lat' dir='ltr'><strong>multoque</strong></span> <span class='ocrx_word' id='word_1_101' title='bbox 835 1570 891 1625; x_wconf 87' lang='lat' dir='ltr'><strong>in</strong></span> <span class='ocrx_word' id='word_1_102' title='bbox 923 1570 1131 1625; x_wconf 84' lang='lat' dir='ltr'><strong>honore</strong></span> <span class='ocrx_word' id='word_1_103' title='bbox 1155 1570 1476 1640; x_wconf 71' lang='lat' dir='ltr'><strong>aliquandiu</strong></span> <span class='ocrx_word' id='word_1_104' title='bbox 1512 1569 1761 1624; x_wconf 84' lang='lat' dir='ltr'><strong>habitum</strong></span> <span class='ocrx_word' id='word_1_105' title='bbox 1809 1569 1864 1622; x_wconf 89' lang='lat' dir='ltr'><strong>in</strong></span> <span class='ocrx_word' id='word_1_106' title='bbox 1895 1577 2096 1622; x_wconf 87' lang='lat' dir='ltr'><strong>terram</strong></span> 
     </span>
    </p>
   </div>
   <div class='ocr_carea' id='block_1_18' title="bbox 519 1658 2092 1739">
    <p class='ocr_par' dir='ltr' id='par_1_18' title="bbox 519 1658 2092 1739">
     <span class='ocr_line' id='line_1_18' title="bbox 519 1658 2092 1739; baseline -0.002 -23"><span class='ocrx_word' id='word_1_107' title='bbox 519 1679 674 1717; x_wconf 78' lang='lat' dir='ltr'><strong>suam</strong></span> <span class='ocrx_word' id='word_1_108' title='bbox 707 1658 938 1717; x_wconf 83' lang='lat' dir='ltr'><strong>remisit.</strong></span> <span class='ocrx_word' id='word_1_109' title='bbox 973 1661 1187 1717; x_wconf 79' lang='lat' dir='ltr'><strong>Mortuo</strong></span> <span class='ocrx_word' id='word_1_110' title='bbox 1221 1672 1397 1739; x_wconf 85' lang='lat' dir='ltr'><strong>autem</strong></span> <span class='ocrx_word' id='word_1_111' title='bbox 1462 1661 1724 1731; x_wconf 85' lang='lat' dir='ltr'><strong>magistro</strong></span> <span class='ocrx_word' id='word_1_112' title='bbox 1752 1659 2092 1723; x_wconf 85' lang='lat' dir='ltr'><strong>Cricorlcio,</strong></span> 
     </span>
    </p>
   </div>
   <div class='ocr_carea' id='block_1_19' title="bbox 519 1752 2098 1827">
    <p class='ocr_par' dir='ltr' id='par_1_19' title="bbox 519 1752 2098 1827">
     <span class='ocr_line' id='line_1_19' title="bbox 519 1752 2098 1827; baseline -0.002 -19"><span class='ocrx_word' id='word_1_113' title='bbox 519 1753 819 1810; x_wconf 87' lang='lat' dir='ltr'><strong>Tornicius</strong></span> <span class='ocrx_word' id='word_1_114' title='bbox 854 1754 1170 1827; x_wconf 82' lang='lat' dir='ltr'><strong>Apoganem</strong></span> <span class='ocrx_word' id='word_1_115' title='bbox 1211 1755 1353 1809; x_wconf 75' lang='lat' dir='ltr'><strong>filius</strong></span> <span class='ocrx_word' id='word_1_116' title='bbox 1384 1753 1717 1810; x_wconf 84' lang='lat' dir='ltr'><strong>desiderium</strong></span> <span class='ocrx_word' id='word_1_117' title='bbox 1749 1752 1943 1822; x_wconf 80' lang='lat' dir='ltr'><strong>ingens</strong></span> <span class='ocrx_word' id='word_1_118' title='bbox 1985 1765 2098 1822; x_wconf 73' lang='lat' dir='ltr'><strong>pra:</strong></span> 
     </span>
    </p>
   </div>
   <div class='ocr_carea' id='block_1_20' title="bbox 521 1844 2095 1915">
    <p class='ocr_par' dir='ltr' id='par_1_20' title="bbox 521 1844 2095 1915">
     <span class='ocr_line' id='line_1_20' title="bbox 521 1844 2095 1915; baseline -0.002 -14"><span class='ocrx_word' id='word_1_119' title='bbox 521 1862 581 1901; x_wconf 88' lang='lat' dir='ltr'><strong>se</strong></span> <span class='ocrx_word' id='word_1_120' title='bbox 603 1847 727 1901; x_wconf 86' lang='lat' dir='ltr'><strong>tulit</strong></span> <span class='ocrx_word' id='word_1_121' title='bbox 755 1846 940 1901; x_wconf 86' lang='lat' dir='ltr'><strong>urbem</strong></span> <span class='ocrx_word' id='word_1_122' title='bbox 959 1857 1013 1902; x_wconf 89' lang='lat' dir='ltr'><strong>et</strong></span> <span class='ocrx_word' id='word_1_123' title='bbox 1035 1847 1419 1915; x_wconf 77' lang='lat' dir='ltr'><strong>imperatorem</strong></span> <span class='ocrx_word' id='word_1_124' title='bbox 1450 1844 1668 1899; x_wconf 82' lang='lat' dir='ltr'><strong>videndi</strong></span> <span class='ocrx_word' id='word_1_125' title='bbox 1693 1860 1705 1896; x_wconf 88' lang='lat'>:</span> <span class='ocrx_word' id='word_1_126' title='bbox 1740 1845 2095 1912; x_wconf 82' lang='lat' dir='ltr'><strong>quamobrem</strong></span> 
     </span>
    </p>
   </div>
   <div class='ocr_carea' id='block_1_21' title="bbox 520 1935 2099 2010">
    <p class='ocr_par' dir='ltr' id='par_1_21' title="bbox 520 1935 2099 2010">
     <span class='ocr_line' id='line_1_21' title="bbox 520 1935 2099 2010; baseline -0.001 -21"><span class='ocrx_word' id='word_1_127' title='bbox 520 1939 1019 2009; x_wconf 81' lang='lat' dir='ltr'><strong>protnspatharium</strong></span> <span class='ocrx_word' id='word_1_128' title='bbox 1048 1938 1294 1994; x_wconf 83' lang='lat' dir='ltr'><strong>Criniten</strong></span> <span class='ocrx_word' id='word_1_129' title='bbox 1341 1948 1394 1992; x_wconf 87' lang='lat' dir='ltr'><strong>et</strong></span> <span class='ocrx_word' id='word_1_130' title='bbox 1424 1938 1778 2010; x_wconf 82' lang='lat' dir='ltr'><strong>interpretem</strong></span> <span class='ocrx_word' id='word_1_131' title='bbox 1801 1935 1928 1993; x_wconf 89' lang='lat' dir='ltr'><strong>illuc</strong></span> <span class='ocrx_word' id='word_1_132' title='bbox 1947 1935 2099 1992; x_wconf 82' lang='lat' dir='ltr'><strong>misit</strong></span> 
     </span>
    </p>
   </div>
   <div class='ocr_carea' id='block_1_22' title="bbox 522 2026 2098 2103">
    <p class='ocr_par' dir='ltr' id='par_1_22' title="bbox 522 2026 2098 2103">
     <span class='ocr_line' id='line_1_22' title="bbox 522 2026 2098 2103; baseline -0.002 -19"><span class='ocrx_word' id='word_1_133' title='bbox 522 2033 1110 2103; x_wconf 86' lang='lat' dir='ltr'><strong>imperator,quicnm</strong></span> <span class='ocrx_word' id='word_1_134' title='bbox 1174 2032 1227 2087; x_wconf 88' lang='lat' dir='ltr'><strong>in</strong></span> <span class='ocrx_word' id='word_1_135' title='bbox 1293 2031 1481 2086; x_wconf 81' lang='lat' dir='ltr'><strong>urbem</strong></span> <span class='ocrx_word' id='word_1_136' title='bbox 1550 2027 1872 2094; x_wconf 83' lang='lat' dir='ltr'><strong>adduceret,</strong></span> <span class='ocrx_word' id='word_1_137' title='bbox 1927 2026 2098 2082; x_wconf 85' lang='lat' dir='ltr'><strong>addu-</strong></span> 
     </span>
    </p>
   </div>
   <div class='ocr_carea' id='block_1_23' title="bbox 523 2119 2096 2196">
    <p class='ocr_par' dir='ltr' id='par_1_23' title="bbox 523 2119 2096 2196">
     <span class='ocr_line' id='line_1_23' title="bbox 523 2119 2096 2196; baseline -0.004 -16"><span class='ocrx_word' id='word_1_138' title='bbox 523 2133 781 2195; x_wconf 86' lang='lat' dir='ltr'><strong>ctnmque</strong></span> <span class='ocrx_word' id='word_1_139' title='bbox 813 2124 1028 2196; x_wconf 86' lang='lat' dir='ltr'><strong>patricii</strong></span> <span class='ocrx_word' id='word_1_140' title='bbox 1066 2123 1272 2178; x_wconf 85' lang='lat' dir='ltr'><strong>honore</strong></span> <span class='ocrx_word' id='word_1_141' title='bbox 1306 2122 1478 2178; x_wconf 77' lang='lat' dir='ltr'><strong>auxit.</strong></span> <span class='ocrx_word' id='word_1_142' title='bbox 1515 2119 1894 2177; x_wconf 79' lang='lat' dir='ltr'><strong>Praeteudebat</strong></span> <span class='ocrx_word' id='word_1_143' title='bbox 1916 2129 2096 2174; x_wconf 83' lang='lat' dir='ltr'><strong>autem</strong></span> 
     </span>
    </p>
   </div>
   <div class='ocr_carea' id='block_1_24' title="bbox 524 2211 2099 2286">
    <p class='ocr_par' dir='ltr' id='par_1_24' title="bbox 524 2211 2099 2286">
     <span class='ocr_line' id='line_1_24' title="bbox 524 2211 2099 2286; baseline -0.002 -17"><span class='ocrx_word' id='word_1_144' title='bbox 524 2217 611 2286; x_wconf 75' lang='lat' dir='ltr'><strong>ius</strong></span> <span class='ocrx_word' id='word_1_145' title='bbox 649 2219 701 2272; x_wconf 89' lang='lat' dir='ltr'><strong>in</strong></span> <span class='ocrx_word' id='word_1_146' title='bbox 732 2217 953 2272; x_wconf 88' lang='lat' dir='ltr'><strong>domum</strong></span> <span class='ocrx_word' id='word_1_147' title='bbox 989 2214 1234 2281; x_wconf 83' lang='lat' dir='ltr'><strong>Barbari,</strong></span> <span class='ocrx_word' id='word_1_148' title='bbox 1266 2215 1684 2285; x_wconf 85' lang='lat' dir='ltr'><strong>intelligensque</strong></span> <span class='ocrx_word' id='word_1_149' title='bbox 1711 2221 1935 2284; x_wconf 87' lang='lat' dir='ltr'><strong>accepto</strong></span> <span class='ocrx_word' id='word_1_150' title='bbox 1960 2211 2099 2267; x_wconf 85' lang='lat' dir='ltr'><strong>sub-</strong></span> 
     </span>
    </p>
   </div>
   <div class='ocr_carea' id='block_1_25' title="bbox 525 2305 2100 2382">
    <p class='ocr_par' dir='ltr' id='par_1_25' title="bbox 525 2305 2100 2382">
     <span class='ocr_line' id='line_1_25' title="bbox 525 2305 2100 2382; baseline -0.002 -19"><span class='ocrx_word' id='word_1_151' title='bbox 525 2310 737 2365; x_wconf 78' lang='lat' dir='ltr'><strong>urbano</strong></span> <span class='ocrx_word' id='word_1_152' title='bbox 759 2309 816 2364; x_wconf 89' lang='lat' dir='ltr'><strong>in</strong></span> <span class='ocrx_word' id='word_1_153' title='bbox 862 2310 1116 2366; x_wconf 81' lang='lat' dir='ltr'><strong>Celtzene</strong></span> <span class='ocrx_word' id='word_1_154' title='bbox 1151 2321 1405 2382; x_wconf 85' lang='lat' dir='ltr'><strong>patruum</strong></span> <span class='ocrx_word' id='word_1_155' title='bbox 1437 2323 1597 2364; x_wconf 88' lang='lat' dir='ltr'><strong>suum</strong></span> <span class='ocrx_word' id='word_1_156' title='bbox 1631 2307 1771 2363; x_wconf 87' lang='lat' dir='ltr'><strong>hanc</strong></span> <span class='ocrx_word' id='word_1_157' title='bbox 1786 2305 2100 2373; x_wconf 82' lang='lat' dir='ltr'><strong>tradidisse,</strong></span> 
     </span>
    </p>
   </div>
   <div class='ocr_carea' id='block_1_26' title="bbox 525 2401 2091 2472">
    <p class='ocr_par' dir='ltr' id='par_1_26' title="bbox 525 2401 2091 2472">
     <span class='ocr_line' id='line_1_26' title="bbox 525 2401 2091 2472; baseline -0.002 -16"><span class='ocrx_word' id='word_1_158' title='bbox 525 2411 807 2469; x_wconf 81' lang='lat' dir='ltr'><strong>paternam</strong></span> <span class='ocrx_word' id='word_1_159' title='bbox 838 2403 1201 2459; x_wconf 59' lang='lat' dir='ltr'><strong>hereditatem</strong></span> <span class='ocrx_word' id='word_1_160' title='bbox 1230 2416 1382 2460; x_wconf 81' lang='lat' dir='ltr'><strong>suam</strong></span> <span class='ocrx_word' id='word_1_161' title='bbox 1405 2411 1715 2472; x_wconf 87' lang='lat' dir='ltr'><strong>permutare</strong></span> <span class='ocrx_word' id='word_1_162' title='bbox 1730 2416 1854 2456; x_wconf 87' lang='lat' dir='ltr'><strong>eum</strong></span> <span class='ocrx_word' id='word_1_163' title='bbox 1879 2401 2091 2470; x_wconf 86' lang='lat' dir='ltr'><strong>potuis-</strong></span> 
     </span>
    </p>
   </div>
   <div class='ocr_carea' id='block_1_27' title="bbox 526 2491 2104 2568">
    <p class='ocr_par' dir='ltr' id='par_1_27' title="bbox 526 2491 2104 2568">
     <span class='ocr_line' id='line_1_27' title="bbox 526 2491 2104 2568; baseline -0.006 -14"><span class='ocrx_word' id='word_1_164' title='bbox 526 2505 585 2554; x_wconf 77' lang='lat' dir='ltr'><strong>se</strong></span> <span class='ocrx_word' id='word_1_165' title='bbox 638 2497 893 2568; x_wconf 77' lang='lat' dir='ltr'><strong>negabat,</strong></span> <span class='ocrx_word' id='word_1_166' title='bbox 925 2497 1249 2566; x_wconf 78' lang='lat' dir='ltr'><strong>volebatque</strong></span> <span class='ocrx_word' id='word_1_167' title='bbox 1303 2505 1396 2550; x_wconf 81' lang='lat' dir='ltr'><strong>aut</strong></span> <span class='ocrx_word' id='word_1_168' title='bbox 1426 2494 1645 2548; x_wconf 90' lang='lat' dir='ltr'><strong>domum</strong></span> <span class='ocrx_word' id='word_1_169' title='bbox 1683 2491 1953 2564; x_wconf 85' lang='lat' dir='ltr'><strong>accipere,</strong></span> <span class='ocrx_word' id='word_1_170' title='bbox 2006 2497 2104 2560; x_wconf 68' lang='lat' dir='ltr'><strong>aut</strong></span> 
     </span>
    </p>
   </div>
   <div class='ocr_carea' id='block_1_28' title="bbox 528 2582 2099 2656">
    <p class='ocr_par' dir='ltr' id='par_1_28' title="bbox 528 2582 2099 2656">
     <span class='ocr_line' id='line_1_28' title="bbox 528 2582 2099 2656; baseline -0.006 -12"><span class='ocrx_word' id='word_1_171' title='bbox 528 2589 907 2644; x_wconf 84' lang='lat' dir='ltr'><strong>suburbanum</strong></span> <span class='ocrx_word' id='word_1_172' title='bbox 943 2607 958 2644; x_wconf 89' lang='lat'><strong>:</strong></span> <span class='ocrx_word' id='word_1_173' title='bbox 992 2588 1095 2642; x_wconf 82' lang='lat' dir='ltr'><strong>nisi</strong></span> <span class='ocrx_word' id='word_1_174' title='bbox 1148 2594 1384 2656; x_wconf 84' lang='lat' dir='ltr'><strong>utraque</strong></span> <span class='ocrx_word' id='word_1_175' title='bbox 1439 2583 1763 2655; x_wconf 84' lang='lat' dir='ltr'><strong>imperatori</strong></span> <span class='ocrx_word' id='word_1_176' title='bbox 1816 2582 2099 2645; x_wconf 87' lang='lat' dir='ltr'><strong>cederent,</strong></span> 
     </span>
    </p>
   </div>
   <div class='ocr_carea' id='block_1_29' title="bbox 528 2674 2102 2752">
    <p class='ocr_par' dir='ltr' id='par_1_29' title="bbox 528 2674 2102 2752">
     <span class='ocr_line' id='line_1_29' title="bbox 528 2674 2102 2752; baseline -0.006 -16"><span class='ocrx_word' id='word_1_177' title='bbox 528 2695 595 2736; x_wconf 84' lang='lat' dir='ltr'><strong>ne</strong></span> <span class='ocrx_word' id='word_1_178' title='bbox 625 2696 685 2736; x_wconf 85' lang='lat' dir='ltr'><strong>ea</strong></span> <span class='ocrx_word' id='word_1_179' title='bbox 707 2681 977 2752; x_wconf 84' lang='lat' dir='ltr'><strong>patrueles</strong></span> <span class='ocrx_word' id='word_1_180' title='bbox 1000 2680 1172 2748; x_wconf 80' lang='lat' dir='ltr'><strong>ipsius</strong></span> <span class='ocrx_word' id='word_1_181' title='bbox 1199 2679 1531 2734; x_wconf 85' lang='lat' dir='ltr'><strong>obtinerent.</strong></span> <span class='ocrx_word' id='word_1_182' title='bbox 1560 2677 1750 2746; x_wconf 82' lang='lat' dir='ltr'><strong>Itaque</strong></span> <span class='ocrx_word' id='word_1_183' title='bbox 1777 2681 1832 2730; x_wconf 82' lang='lat' dir='ltr'><strong>et</strong></span> <span class='ocrx_word' id='word_1_184' title='bbox 1902 2674 2102 2730; x_wconf 85' lang='lat' dir='ltr'><strong>subur-</strong></span> 
     </span>
    </p>
   </div>
   <div class='ocr_carea' id='block_1_30' title="bbox 530 2762 2102 2839">
    <p class='ocr_par' dir='ltr' id='par_1_30' title="bbox 530 2762 2102 2839">
     <span class='ocr_line' id='line_1_30' title="bbox 530 2762 2102 2839; baseline -0.004 -17"><span class='ocrx_word' id='word_1_185' title='bbox 530 2771 734 2824; x_wconf 82' lang='lat' dir='ltr'><strong>banum</strong></span> <span class='ocrx_word' id='word_1_186' title='bbox 777 2769 1072 2839; x_wconf 83' lang='lat' dir='ltr'><strong>imperator</strong></span> <span class='ocrx_word' id='word_1_187' title='bbox 1099 2769 1327 2838; x_wconf 88' lang='lat' dir='ltr'><strong>accepit,</strong></span> <span class='ocrx_word' id='word_1_188' title='bbox 1357 2767 1556 2837; x_wconf 86' lang='lat' dir='ltr'><strong>quippe</strong></span> <span class='ocrx_word' id='word_1_189' title='bbox 1589 2770 1805 2818; x_wconf 88' lang='lat' dir='ltr'><strong>mortuo</strong></span> <span class='ocrx_word' id='word_1_190' title='bbox 1828 2762 1939 2832; x_wconf 77' lang='lat' dir='ltr'><strong>jam</strong></span> <span class='ocrx_word' id='word_1_191' title='bbox 1970 2775 2102 2816; x_wconf 82' lang='lat' dir='ltr'><strong>seno</strong></span> 
     </span>
    </p>
   </div>
   <div class='ocr_carea' id='block_1_31' title="bbox 525 2852 2098 2931">
    <p class='ocr_par' dir='ltr' id='par_1_31' title="bbox 525 2852 2098 2931">
     <span class='ocr_line' id='line_1_31' title="bbox 525 2852 2098 2931; baseline -0.006 -15"><span class='ocrx_word' id='word_1_192' title='bbox 525 2861 787 2916; x_wconf 86' lang='lat' dir='ltr'><strong>Taronlte</strong></span> <span class='ocrx_word' id='word_1_193' title='bbox 823 2876 837 2926; x_wconf 91' lang='lat'>;</span> <span class='ocrx_word' id='word_1_194' title='bbox 888 2875 1065 2931; x_wconf 81' lang='lat' dir='ltr'><strong>neque</strong></span> <span class='ocrx_word' id='word_1_195' title='bbox 1112 2860 1332 2916; x_wconf 84' lang='lat' dir='ltr'><strong>domum</strong></span> <span class='ocrx_word' id='word_1_196' title='bbox 1371 2873 1469 2930; x_wconf 88' lang='lat' dir='ltr'><strong>pro</strong></span> <span class='ocrx_word' id='word_1_197' title='bbox 1502 2872 1567 2912; x_wconf 93' lang='lat' dir='ltr'><strong>eo</strong></span> <span class='ocrx_word' id='word_1_198' title='bbox 1617 2855 1881 2912; x_wconf 76' lang='lat' dir='ltr'><strong>vicariam</strong></span> <span class='ocrx_word' id='word_1_199' title='bbox 1925 2852 2098 2917; x_wconf 84' lang='lat' dir='ltr'><strong>dedit,</strong></span> 
     </span>
    </p>
   </div>
   <div class='ocr_carea' id='block_1_32' title="bbox 527 2952 2101 3026">
    <p class='ocr_par' dir='ltr' id='par_1_32' title="bbox 527 2952 2101 3026">
     <span class='ocr_line' id='line_1_32' title="bbox 527 2952 2101 3026; baseline -0.004 -18"><span class='ocrx_word' id='word_1_200' title='bbox 527 2970 654 3009; x_wconf 88' lang='lat' dir='ltr'><strong>cum</strong></span> <span class='ocrx_word' id='word_1_201' title='bbox 692 2955 835 3010; x_wconf 83' lang='lat' dir='ltr'><strong>nulla</strong></span> <span class='ocrx_word' id='word_1_202' title='bbox 876 2971 1042 3026; x_wconf 89' lang='lat' dir='ltr'><strong>super</strong></span> <span class='ocrx_word' id='word_1_203' title='bbox 1066 2953 1154 3020; x_wconf 89' lang='lat' dir='ltr'><strong>iis,</strong></span> <span class='ocrx_word' id='word_1_204' title='bbox 1188 2961 1244 3007; x_wconf 92' lang='lat' dir='ltr'><strong>ut</strong></span> <span class='ocrx_word' id='word_1_205' title='bbox 1280 2952 1486 3009; x_wconf 88' lang='lat' dir='ltr'><strong>dictum</strong></span> <span class='ocrx_word' id='word_1_206' title='bbox 1532 2958 1616 3006; x_wconf 88' lang='lat' dir='ltr'><strong>est</strong></span> <span class='ocrx_word' id='word_1_207' title='bbox 1687 2963 1874 3019; x_wconf 86' lang='lat' dir='ltr'><strong>supra,</strong></span> <span class='ocrx_word' id='word_1_208' title='bbox 1933 2961 2101 3002; x_wconf 82' lang='lat' dir='ltr'><strong>aurea</strong></span> 
     </span>
    </p>
   </div>
   <div class='ocr_carea' id='block_1_33' title="bbox 527 3033 2097 3111">
    <p class='ocr_par' dir='ltr' id='par_1_33' title="bbox 527 3033 2097 3111">
     <span class='ocr_line' id='line_1_33' title="bbox 527 3033 2097 3111; baseline -0.006 -8"><span class='ocrx_word' id='word_1_209' title='bbox 527 3033 682 3104; x_wconf 52' lang='lat' dir='ltr'><strong>bulla.</strong></span> <span class='ocrx_word' id='word_1_210' title='bbox 707 3048 956 3104; x_wconf 76' lang='lat' dir='ltr'><strong>confecta</strong></span> <span class='ocrx_word' id='word_1_211' title='bbox 987 3058 1155 3105; x_wconf 77' lang='lat' dir='ltr'><strong>esset.</strong></span> <span class='ocrx_word' id='word_1_212' title='bbox 1194 3046 1384 3102; x_wconf 78' lang='lat' dir='ltr'><strong>Pestea</strong></span> <span class='ocrx_word' id='word_1_213' title='bbox 1418 3059 1548 3100; x_wconf 85' lang='lat' dir='ltr'><strong>vero</strong></span> <span class='ocrx_word' id='word_1_214' title='bbox 1581 3044 1635 3098; x_wconf 89' lang='lat' dir='ltr'><strong>in</strong></span> <span class='ocrx_word' id='word_1_215' title='bbox 1676 3043 1867 3098; x_wconf 84' lang='lat' dir='ltr'><strong>urbem</strong></span> <span class='ocrx_word' id='word_1_216' title='bbox 1892 3041 2097 3111; x_wconf 82' lang='lat' dir='ltr'><strong>regiam</strong></span> 
     </span>
    </p>
   </div>
   <div class='ocr_carea' id='block_1_34' title="bbox 2202 551 3772 629">
    <p class='ocr_par' dir='ltr' id='par_1_34' title="bbox 2202 551 3772 629">
     <span class='ocr_line' id='line_1_34' title="bbox 2202 551 3772 629; baseline -0.001 -20"><span class='ocrx_word' id='word_1_217' title='bbox 2202 556 2318 629; x_wconf 70' lang='grc' dir='ltr'>ἐμῷ</span> <span class='ocrx_word' id='word_1_218' title='bbox 2347 559 2516 628; x_wconf 80' lang='grc' dir='ltr'>πατρὶ</span> <span class='ocrx_word' id='word_1_219' title='bbox 2547 558 2879 628; x_wconf 69' lang='grc' dir='ltr'>ἐδωρήσατοο</span> <span class='ocrx_word' id='word_1_220' title='bbox 2923 557 3059 627; x_wconf 83' lang='grc' dir='ltr'>μετὰ</span> <span class='ocrx_word' id='word_1_221' title='bbox 3091 556 3150 610; x_wconf 73' lang='grc' dir='ltr'>δὲ</span> <span class='ocrx_word' id='word_1_222' title='bbox 3179 555 3270 608; x_wconf 74' lang='grc' dir='ltr'><strong>τὸν</strong></span> <span class='ocrx_word' id='word_1_223' title='bbox 3289 551 3384 610; x_wconf 73' lang='grc' dir='ltr'><strong>τοῦ</strong></span> <span class='ocrx_word' id='word_1_224' title='bbox 3412 557 3627 626; x_wconf 66' lang='grc' dir='ltr'>πατρὸς</span> <span class='ocrx_word' id='word_1_225' title='bbox 3669 571 3772 625; x_wconf 81' lang='grc' dir='ltr'><strong>μου</strong></span> 
     </span>
    </p>
   </div>
   <div class='ocr_carea' id='block_1_35' title="bbox 2201 647 3774 721">
    <p class='ocr_par' dir='ltr' id='par_1_35' title="bbox 2201 647 3774 721">
     <span class='ocr_line' id='line_1_35' title="bbox 2201 647 3774 721; baseline -0.002 -18"><span class='ocrx_word' id='word_1_226' title='bbox 2201 650 2450 716; x_wconf 76' lang='grc' dir='ltr'>θάνατον,</span> <span class='ocrx_word' id='word_1_227' title='bbox 2481 651 2570 704; x_wconf 72' lang='grc' dir='ltr'>διὰ</span> <span class='ocrx_word' id='word_1_228' title='bbox 2591 650 2652 704; x_wconf 82' lang='grc' dir='ltr'><strong>τδ</strong></span> <span class='ocrx_word' id='word_1_229' title='bbox 2691 651 2772 704; x_wconf 76' lang='grc' dir='ltr'>ἔτι</span> <span class='ocrx_word' id='word_1_230' title='bbox 2800 651 3053 720; x_wconf 83' lang='grc' dir='ltr'>ἀνήλικον</span> <span class='ocrx_word' id='word_1_231' title='bbox 3083 649 3177 704; x_wconf 78' lang='grc' dir='ltr'>καὶ</span> <span class='ocrx_word' id='word_1_232' title='bbox 3205 650 3437 721; x_wconf 73' lang='grc' dir='ltr'>ὀρφανὸν</span> <span class='ocrx_word' id='word_1_233' title='bbox 3478 647 3774 720; x_wconf 73' lang='grc' dir='ltr'><strong>τυγχάνειν</strong></span> 
     </span>
    </p>
   </div>
   <div class='ocr_carea' id='block_1_36' title="bbox 2200 736 3772 813">
    <p class='ocr_par' dir='ltr' id='par_1_36' title="bbox 2200 736 3772 813">
     <span class='ocr_line' id='line_1_36' title="bbox 2200 736 3772 813; baseline -0.003 -16"><span class='ocrx_word' id='word_1_234' title='bbox 2200 744 2321 811; x_wconf 66' lang='grc' dir='ltr'><strong>ἐμὲ,</strong></span> <span class='ocrx_word' id='word_1_235' title='bbox 2361 743 2482 798; x_wconf 83' lang='grc' dir='ltr'>κατ’</span> <span class='ocrx_word' id='word_1_236' title='bbox 2525 744 2772 813; x_wconf 69' lang='grc' dir='ltr'>ἐξουσίαν</span> <span class='ocrx_word' id='word_1_237' title='bbox 2803 744 2944 807; x_wconf 81' lang='grc' dir='ltr'>θεῖός</span> <span class='ocrx_word' id='word_1_238' title='bbox 2978 761 3080 813; x_wconf 86' lang='grc' dir='ltr'><strong>μου</strong></span> <span class='ocrx_word' id='word_1_239' title='bbox 3115 743 3205 796; x_wconf 86' lang='grc' dir='ltr'><strong>τδν</strong></span> <span class='ocrx_word' id='word_1_240' title='bbox 3247 740 3433 796; x_wconf 86' lang='grc' dir='ltr'>τοῦτον</span> <span class='ocrx_word' id='word_1_241' title='bbox 3460 736 3617 795; x_wconf 85' lang='grc' dir='ltr'>οἶκον</span> <span class='ocrx_word' id='word_1_242' title='bbox 3642 757 3772 793; x_wconf 83' lang='grc' dir='ltr'>κατ-</span> 
     </span>
    </p>
   </div>
   <div class='ocr_carea' id='block_1_37' title="bbox 2201 832 3775 907">
    <p class='ocr_par' dir='ltr' id='par_1_37' title="bbox 2201 832 3775 907">
     <span class='ocr_line' id='line_1_37' title="bbox 2201 832 3775 907; baseline -0.005 -17"><span class='ocrx_word' id='word_1_243' title='bbox 2201 837 2523 907; x_wconf 76' lang='grc' dir='ltr'>εκράτησιν,</span> <span class='ocrx_word' id='word_1_244' title='bbox 2555 836 2641 890; x_wconf 73' lang='grc' dir='ltr'>ἀεὶ</span> <span class='ocrx_word' id='word_1_245' title='bbox 2681 835 3219 907; x_wconf 77' lang='grc' dir='ltr'>καθυπισχνούμενός</span> <span class='ocrx_word' id='word_1_246' title='bbox 3274 852 3363 906; x_wconf 89' lang='grc' dir='ltr'><strong>μοι</strong></span> <span class='ocrx_word' id='word_1_247' title='bbox 3407 836 3540 888; x_wconf 84' lang='grc' dir='ltr'>ὃταν</span> <span class='ocrx_word' id='word_1_248' title='bbox 3572 834 3654 893; x_wconf 81' lang='grc' dir='ltr'><strong>εἰς</strong></span> <span class='ocrx_word' id='word_1_249' title='bbox 3683 832 3775 884; x_wconf 68' lang='grc' dir='ltr'><strong>τον</strong></span> 
     </span>
    </p>
   </div>
   <div class='ocr_carea' id='block_1_38' title="bbox 2199 918 3776 1000">
    <p class='ocr_par' dir='ltr' id='par_1_38' title="bbox 2199 918 3776 1000">
     <span class='ocr_line' id='line_1_38' title="bbox 2199 918 3776 1000; baseline -0.004 -18"><span class='ocrx_word' id='word_1_250' title='bbox 2199 929 2401 984; x_wconf 82' lang='grc' dir='ltr'>τέλειον</span> <span class='ocrx_word' id='word_1_251' title='bbox 2427 930 2528 1000; x_wconf 77' lang='grc' dir='ltr'><strong>τῆς</strong></span> <span class='ocrx_word' id='word_1_252' title='bbox 2550 926 2764 1000; x_wconf 81' lang='grc' dir='ltr'>ἡλικίας</span> <span class='ocrx_word' id='word_1_253' title='bbox 2793 928 2931 982; x_wconf 71' lang='grc' dir='ltr'>ἔλθω</span> <span class='ocrx_word' id='word_1_254' title='bbox 2952 929 3144 998; x_wconf 81' lang='grc' dir='ltr'>χρόνον</span> <span class='ocrx_word' id='word_1_255' title='bbox 3175 927 3468 981; x_wconf 73' lang='grc' dir='ltr'>ἀπολαϐεῖν</span> <span class='ocrx_word' id='word_1_256' title='bbox 3502 921 3598 977; x_wconf 76' lang='grc' dir='ltr'>τὸν</span> <span class='ocrx_word' id='word_1_257' title='bbox 3627 918 3776 976; x_wconf 76' lang='grc' dir='ltr'>οἶκον</span> 
     </span>
    </p>
   </div>
   <div class='ocr_carea' id='block_1_39' title="bbox 2197 1013 3778 1092">
    <p class='ocr_par' dir='ltr' id='par_1_39' title="bbox 2197 1013 3778 1092">
     <span class='ocr_line' id='line_1_39' title="bbox 2197 1013 3778 1092; baseline -0.006 -17"><span class='ocrx_word' id='word_1_258' title='bbox 2197 1021 2290 1076; x_wconf 69' lang='grc' dir='ltr'><strong>τὸν</strong></span> <span class='ocrx_word' id='word_1_259' title='bbox 2323 1020 2608 1092; x_wconf 82' lang='grc' dir='ltr'>πατρικόν·</span> <span class='ocrx_word' id='word_1_260' title='bbox 2640 1020 2734 1073; x_wconf 81' lang='grc' dir='ltr'>καὶ</span> <span class='ocrx_word' id='word_1_261' title='bbox 2762 1020 2877 1085; x_wconf 79' lang='grc' dir='ltr'>νῦν,</span> <span class='ocrx_word' id='word_1_262' title='bbox 2909 1017 2984 1084; x_wconf 84' lang='grc' dir='ltr'><strong>ὡς</strong></span> <span class='ocrx_word' id='word_1_263' title='bbox 3005 1018 3225 1090; x_wconf 69' lang='grc' dir='ltr'>ἔμαθον,</span> <span class='ocrx_word' id='word_1_264' title='bbox 3255 1018 3454 1073; x_wconf 78' lang='grc' dir='ltr'>δέδωκε</span> <span class='ocrx_word' id='word_1_265' title='bbox 3480 1014 3580 1069; x_wconf 75' lang='grc' dir='ltr'>τὸν</span> <span class='ocrx_word' id='word_1_266' title='bbox 3607 1013 3778 1068; x_wconf 65' lang='lat' dir='ltr'><strong>tcto-3-</strong></span> 
     </span>
    </p>
   </div>
   <div class='ocr_carea' id='block_1_40' title="bbox 2199 1105 3774 1182">
    <p class='ocr_par' dir='ltr' id='par_1_40' title="bbox 2199 1105 3774 1182">
     <span class='ocr_line' id='line_1_40' title="bbox 2199 1105 3774 1182; baseline -0.007 -15"><span class='ocrx_word' id='word_1_267' title='bbox 2199 1131 2293 1167; x_wconf 79' lang='grc' dir='ltr'><strong>τον</strong></span> <span class='ocrx_word' id='word_1_268' title='bbox 2318 1107 2466 1167; x_wconf 83' lang='grc' dir='ltr'>οἶκον</span> <span class='ocrx_word' id='word_1_269' title='bbox 2505 1115 2534 1166; x_wconf 84' lang='grc' dir='ltr'>ὁ</span> <span class='ocrx_word' id='word_1_270' title='bbox 2576 1112 2706 1181; x_wconf 75' lang='grc' dir='ltr'><strong>ἐμὸς</strong></span> <span class='ocrx_word' id='word_1_271' title='bbox 2737 1111 2880 1175; x_wconf 82' lang='grc' dir='ltr'>θεῖος</span> <span class='ocrx_word' id='word_1_272' title='bbox 2918 1114 2984 1181; x_wconf 77' lang='grc' dir='ltr'><strong>τῇ</strong></span> <span class='ocrx_word' id='word_1_273' title='bbox 3027 1109 3273 1182; x_wconf 72' lang='grc' dir='ltr'>βασιλείᾳ</span> <span class='ocrx_word' id='word_1_274' title='bbox 3309 1123 3424 1169; x_wconf 81' lang='grc' dir='ltr'>σου,</span> <span class='ocrx_word' id='word_1_275' title='bbox 3453 1109 3549 1161; x_wconf 73' lang='grc' dir='ltr'>καὶ</span> <span class='ocrx_word' id='word_1_276' title='bbox 3581 1105 3774 1159; x_wconf 70' lang='grc' dir='ltr'>ἔλαϐεν</span> 
     </span>
    </p>
   </div>
   <div class='ocr_carea' id='block_1_41' title="bbox 2200 1195 3776 1274">
    <p class='ocr_par' dir='ltr' id='par_1_41' title="bbox 2200 1195 3776 1274">
     <span class='ocr_line' id='line_1_41' title="bbox 2200 1195 3776 1274; baseline -0.006 -15"><span class='ocrx_word' id='word_1_277' title='bbox 2200 1207 2278 1267; x_wconf 81' lang='grc' dir='ltr'><strong>εἰς</strong></span> <span class='ocrx_word' id='word_1_278' title='bbox 2308 1204 2672 1274; x_wconf 80' lang='grc' dir='ltr'>ἀντισήκωσιν</span> <span class='ocrx_word' id='word_1_279' title='bbox 2703 1200 2868 1259; x_wconf 80' lang='grc' dir='ltr'>αύτοῦ</span> <span class='ocrx_word' id='word_1_280' title='bbox 2907 1203 2968 1257; x_wconf 80' lang='grc' dir='ltr'>τὸ</span> <span class='ocrx_word' id='word_1_281' title='bbox 2993 1202 3327 1273; x_wconf 83' lang='grc' dir='ltr'><strong>προάστειον</strong></span> <span class='ocrx_word' id='word_1_282' title='bbox 3370 1201 3462 1253; x_wconf 80' lang='grc' dir='ltr'><strong>τοῦ</strong></span> <span class='ocrx_word' id='word_1_283' title='bbox 3516 1195 3776 1269; x_wconf 79' lang='grc' dir='ltr'>Γρηγορᾶ</span> 
     </span>
    </p>
   </div>
   <div class='ocr_carea' id='block_1_42' title="bbox 2200 1291 3774 1376">
    <p class='ocr_par' dir='ltr' id='par_1_42' title="bbox 2200 1291 3774 1376">
     <span class='ocr_line' id='line_1_42' title="bbox 2200 1291 3774 1376; baseline -0.005 -26"><span class='ocrx_word' id='word_1_284' title='bbox 2200 1297 2257 1350; x_wconf 82' lang='grc' dir='ltr'>ἐν</span> <span class='ocrx_word' id='word_1_285' title='bbox 2291 1294 2592 1376; x_wconf 75' lang='grc' dir='ltr'>Κελτζηνῇ.</span> <span class='ocrx_word' id='word_1_286' title='bbox 2639 1295 2772 1349; x_wconf 74' lang='grc' dir='ltr'>Ἀπὸ</span> <span class='ocrx_word' id='word_1_287' title='bbox 2815 1294 2872 1348; x_wconf 75' lang='grc' dir='ltr'>δὲ</span> <span class='ocrx_word' id='word_1_288' title='bbox 2910 1295 3021 1347; x_wconf 84' lang='grc' dir='ltr'><strong>τῶν</strong></span> <span class='ocrx_word' id='word_1_289' title='bbox 3054 1293 3309 1347; x_wconf 82' lang='grc' dir='ltr'><strong>τοιούτων</strong></span> <span class='ocrx_word' id='word_1_290' title='bbox 3357 1291 3660 1363; x_wconf 76' lang='grc' dir='ltr'><strong>βασιλικῶν</strong></span> <span class='ocrx_word' id='word_1_291' title='bbox 3689 1305 3774 1357; x_wconf 76' lang='grc' dir='ltr'><strong>φι-</strong></span> 
     </span>
    </p>
   </div>
   <div class='ocr_carea' id='block_1_43' title="bbox 2199 1383 3775 1462">
    <p class='ocr_par' dir='ltr' id='par_1_43' title="bbox 2199 1383 3775 1462">
     <span class='ocr_line' id='line_1_43' title="bbox 2199 1383 3775 1462; baseline -0.006 -18"><span class='ocrx_word' id='word_1_292' title='bbox 2199 1389 2456 1458; x_wconf 74' lang='grc' dir='ltr'>λοτιμιῶν</span> <span class='ocrx_word' id='word_1_293' title='bbox 2487 1387 2594 1442; x_wconf 83' lang='grc' dir='ltr'><strong>τῶν</strong></span> <span class='ocrx_word' id='word_1_294' title='bbox 2623 1389 2761 1462; x_wconf 81' lang='grc' dir='ltr'>πρὸς</span> <span class='ocrx_word' id='word_1_295' title='bbox 2789 1387 2880 1442; x_wconf 72' lang='grc' dir='ltr'>τὸν</span> <span class='ocrx_word' id='word_1_296' title='bbox 2930 1387 3167 1458; x_wconf 77' lang='grc' dir='ltr'>ἄρχοντα</span> <span class='ocrx_word' id='word_1_297' title='bbox 3203 1385 3298 1440; x_wconf 81' lang='grc' dir='ltr'>τοῦ</span> <span class='ocrx_word' id='word_1_298' title='bbox 3351 1385 3550 1454; x_wconf 79' lang='grc' dir='ltr'>Ταρὼν</span> <span class='ocrx_word' id='word_1_299' title='bbox 3582 1383 3775 1452; x_wconf 79' lang='grc' dir='ltr'>φθόνος</span> 
     </span>
    </p>
   </div>
   <div class='ocr_carea' id='block_1_44' title="bbox 2201 1470 3777 1549">
    <p class='ocr_par' dir='ltr' id='par_1_44' title="bbox 2201 1470 3777 1549">
     <span class='ocr_line' id='line_1_44' title="bbox 2201 1470 3777 1549; baseline -0.008 -16"><span class='ocrx_word' id='word_1_300' title='bbox 2201 1479 2414 1549; x_wconf 77' lang='grc' dir='ltr'>ὑπεφύη</span> <span class='ocrx_word' id='word_1_301' title='bbox 2442 1479 2536 1532; x_wconf 77' lang='grc' dir='ltr'>καὶ</span> <span class='ocrx_word' id='word_1_302' title='bbox 2563 1476 2861 1547; x_wconf 72' lang='grc' dir='ltr'>ἐϐλάστησε</span> <span class='ocrx_word' id='word_1_303' title='bbox 2896 1475 3033 1547; x_wconf 70' lang='grc' dir='ltr'>πρὸς</span> <span class='ocrx_word' id='word_1_304' title='bbox 3062 1474 3226 1529; x_wconf 80' lang='grc' dir='ltr'>αὑτὸν</span> <span class='ocrx_word' id='word_1_305' title='bbox 3256 1473 3407 1544; x_wconf 87' lang='grc' dir='ltr'><strong>παρά</strong></span> <span class='ocrx_word' id='word_1_306' title='bbox 3433 1489 3492 1524; x_wconf 86' lang='grc' dir='ltr'><strong>τε</strong></span> <span class='ocrx_word' id='word_1_307' title='bbox 3525 1470 3625 1524; x_wconf 82' lang='grc' dir='ltr'>τοῦ</span> <span class='ocrx_word' id='word_1_308' title='bbox 3659 1471 3777 1523; x_wconf 59' lang='lat' dir='ltr'><strong>Kac</strong></span> 
     </span>
    </p>
   </div>
   <div class='ocr_carea' id='block_1_45' title="bbox 2199 1561 3778 1642">
    <p class='ocr_par' dir='ltr' id='par_1_45' title="bbox 2199 1561 3778 1642">
     <span class='ocr_line' id='line_1_45' title="bbox 2199 1561 3778 1642; baseline -0.006 -18"><span class='ocrx_word' id='word_1_309' title='bbox 2199 1575 2374 1624; x_wconf 82' lang='grc' dir='ltr'>κικίου</span> <span class='ocrx_word' id='word_1_310' title='bbox 2408 1569 2519 1642; x_wconf 80' lang='grc'>(55)</span> <span class='ocrx_word' id='word_1_311' title='bbox 2555 1571 2647 1623; x_wconf 81' lang='grc' dir='ltr'>τοῦ</span> <span class='ocrx_word' id='word_1_312' title='bbox 2675 1568 2932 1641; x_wconf 78' lang='grc' dir='ltr'>ἄρχοντος</span> <span class='ocrx_word' id='word_1_313' title='bbox 2967 1565 3404 1636; x_wconf 77' lang='grc' dir='ltr'>Βασπαρακακὰ,</span> <span class='ocrx_word' id='word_1_314' title='bbox 3434 1564 3533 1617; x_wconf 71' lang='grc' dir='ltr'>καὶ</span> <span class='ocrx_word' id='word_1_315' title='bbox 3579 1561 3778 1630; x_wconf 81' lang='grc' dir='ltr'>Ἀδρα-</span> 
     </span>
    </p>
   </div>
   <div class='ocr_carea' id='block_1_46' title="bbox 2199 1652 3776 1734">
    <p class='ocr_par' dir='ltr' id='par_1_46' title="bbox 2199 1652 3776 1734">
     <span class='ocr_line' id='line_1_46' title="bbox 2199 1652 3776 1734; baseline -0.006 -19"><span class='ocrx_word' id='word_1_316' title='bbox 2199 1663 2374 1734; x_wconf 78' lang='grc' dir='ltr'>νασὴρ</span> <span class='ocrx_word' id='word_1_317' title='bbox 2419 1662 2514 1715; x_wconf 83' lang='grc' dir='ltr'>τοῦ</span> <span class='ocrx_word' id='word_1_318' title='bbox 2564 1661 2978 1734; x_wconf 79' lang='grc' dir='ltr'>κουροπαλάτου</span> <span class='ocrx_word' id='word_1_319' title='bbox 3030 1657 3269 1728; x_wconf 81' lang='grc' dir='ltr'>’ἰσηρίας</span> <span class='ocrx_word' id='word_1_320' title='bbox 3313 1657 3407 1710; x_wconf 76' lang='grc' dir='ltr'>καὶ</span> <span class='ocrx_word' id='word_1_321' title='bbox 3444 1652 3776 1708; x_wconf 77' lang='grc' dir='ltr'>Ἀσωτικίου</span> 
     </span>
    </p>
   </div>
   <div class='ocr_carea' id='block_1_47' title="bbox 2199 1744 3780 1826">
    <p class='ocr_par' dir='ltr' id='par_1_47' title="bbox 2199 1744 3780 1826">
     <span class='ocr_line' id='line_1_47' title="bbox 2199 1744 3780 1826; baseline -0.008 -16"><span class='ocrx_word' id='word_1_322' title='bbox 2199 1755 2290 1810; x_wconf 81' lang='grc' dir='ltr'>τοῦ</span> <span class='ocrx_word' id='word_1_323' title='bbox 2339 1755 2596 1826; x_wconf 80' lang='grc' dir='ltr'>ἄρχοντος</span> <span class='ocrx_word' id='word_1_324' title='bbox 2625 1754 2732 1808; x_wconf 84' lang='grc' dir='ltr'><strong>τῶν</strong></span> <span class='ocrx_word' id='word_1_325' title='bbox 2766 1753 3064 1826; x_wconf 82' lang='grc' dir='ltr'><strong>ἀρχόντων·</strong></span> <span class='ocrx_word' id='word_1_326' title='bbox 3110 1752 3307 1814; x_wconf 81' lang='grc' dir='ltr'>οἵτινες</span> <span class='ocrx_word' id='word_1_327' title='bbox 3337 1748 3597 1819; x_wconf 75' lang='grc' dir='ltr'>ἔγραψαν</span> <span class='ocrx_word' id='word_1_328' title='bbox 3643 1744 3780 1814; x_wconf 76' lang='grc' dir='ltr'>πρὸς</span> 
     </span>
    </p>
   </div>
   <div class='ocr_carea' id='block_1_48' title="bbox 2198 1837 3782 1919">
    <p class='ocr_par' dir='ltr' id='par_1_48' title="bbox 2198 1837 3782 1919">
     <span class='ocr_line' id='line_1_48' title="bbox 2198 1837 3782 1919; baseline -0.008 -17"><span class='ocrx_word' id='word_1_329' title='bbox 2198 1849 2289 1903; x_wconf 80' lang='grc' dir='ltr'>τὸν</span> <span class='ocrx_word' id='word_1_330' title='bbox 2323 1845 2543 1919; x_wconf 80' lang='grc' dir='ltr'><strong>βασιλέα</strong></span> <span class='ocrx_word' id='word_1_331' title='bbox 2591 1846 3059 1915; x_wconf 76' lang='grc' dir='ltr'>διαγογγύζοντες,</span> <span class='ocrx_word' id='word_1_332' title='bbox 3095 1843 3162 1897; x_wconf 88' lang='grc' dir='ltr'><strong>δι’</strong></span> <span class='ocrx_word' id='word_1_333' title='bbox 3188 1844 3257 1914; x_wconf 75' lang='grc' dir='ltr'>ἢν</span> <span class='ocrx_word' id='word_1_334' title='bbox 3294 1840 3477 1897; x_wconf 82' lang='grc' dir='ltr'>αἰτίαν</span> <span class='ocrx_word' id='word_1_335' title='bbox 3527 1839 3557 1891; x_wconf 80' lang='grc' dir='ltr'>ὁ</span> <span class='ocrx_word' id='word_1_336' title='bbox 3591 1837 3782 1905; x_wconf 81' lang='grc' dir='ltr'>Ταρω-</span> 
     </span>
    </p>
   </div>
   <div class='ocr_carea' id='block_1_49' title="bbox 2199 1926 3780 2009">
    <p class='ocr_par' dir='ltr' id='par_1_49' title="bbox 2199 1926 3780 2009">
     <span class='ocr_line' id='line_1_49' title="bbox 2199 1926 3780 2009; baseline -0.008 -16"><span class='ocrx_word' id='word_1_337' title='bbox 2199 1939 2352 2009; x_wconf 83' lang='grc' dir='ltr'>νίτης</span> <span class='ocrx_word' id='word_1_338' title='bbox 2385 1936 2543 2007; x_wconf 86' lang='grc' dir='ltr'>μόνος</span> <span class='ocrx_word' id='word_1_339' title='bbox 2571 1936 2733 2008; x_wconf 82' lang='grc' dir='ltr'>ρόγας</span> <span class='ocrx_word' id='word_1_340' title='bbox 2761 1934 3024 1989; x_wconf 75' lang='grc' dir='ltr'>ἀπολαύει</span> <span class='ocrx_word' id='word_1_341' title='bbox 3052 1932 3359 2004; x_wconf 80' lang='grc' dir='ltr'><strong>βασιλικῆς,</strong></span> <span class='ocrx_word' id='word_1_342' title='bbox 3388 1929 3576 1983; x_wconf 75' lang='grc' dir='ltr'>αὐτῶν</span> <span class='ocrx_word' id='word_1_343' title='bbox 3608 1926 3780 1982; x_wconf 74' lang='grc' dir='ltr'>ἁπάν-</span> 
     </span>
    </p>
   </div>
   <div class='ocr_carea' id='block_1_50' title="bbox 2197 2023 3782 2102">
    <p class='ocr_par' dir='ltr' id='par_1_50' title="bbox 2197 2023 3782 2102">
     <span class='ocr_line' id='line_1_50' title="bbox 2197 2023 3782 2102; baseline -0.009 -16"><span class='ocrx_word' id='word_1_344' title='bbox 2197 2049 2306 2086; x_wconf 86' lang='grc' dir='ltr'><strong>των</strong></span> <span class='ocrx_word' id='word_1_345' title='bbox 2351 2029 2736 2102; x_wconf 79' lang='grc' dir='ltr'>λαμϐανόντων</span> <span class='ocrx_word' id='word_1_346' title='bbox 2772 2029 2946 2082; x_wconf 75' lang='grc' dir='ltr'>οὐδέν.</span> <span class='ocrx_word' id='word_1_347' title='bbox 2981 2027 3116 2081; x_wconf 89' lang='grc' dir='ltr'>Τίνα</span> <span class='ocrx_word' id='word_1_348' title='bbox 3144 2026 3278 2098; x_wconf 81' lang='grc' dir='ltr'>γὰρ,</span> <span class='ocrx_word' id='word_1_349' title='bbox 3333 2023 3546 2092; x_wconf 80' lang='grc' dir='ltr'>ελεγον,</span> <span class='ocrx_word' id='word_1_350' title='bbox 3585 2035 3782 2092; x_wconf 78' lang='grc' dir='ltr'>περισ-</span> 
     </span>
    </p>
   </div>
   <div class='ocr_carea' id='block_1_51' title="bbox 2202 2110 3780 2194">
    <p class='ocr_par' dir='ltr' id='par_1_51' title="bbox 2202 2110 3780 2194">
     <span class='ocr_line' id='line_1_51' title="bbox 2202 2110 3780 2194; baseline -0.006 -18"><span class='ocrx_word' id='word_1_351' title='bbox 2202 2121 2429 2194; x_wconf 76' lang='grc' dir='ltr'>σοτέραν</span> <span class='ocrx_word' id='word_1_352' title='bbox 2473 2120 2719 2175; x_wconf 74' lang='grc' dir='ltr'>δουλείαν</span> <span class='ocrx_word' id='word_1_353' title='bbox 2763 2118 2925 2189; x_wconf 82' lang='grc' dir='ltr'>ἡμῶν</span> <span class='ocrx_word' id='word_1_354' title='bbox 2968 2118 3230 2182; x_wconf 85' lang='grc' dir='ltr'>ποιεῖται,</span> <span class='ocrx_word' id='word_1_355' title='bbox 3262 2113 3296 2186; x_wconf 73' lang='grc' dir='ltr'>ἢ</span> <span class='ocrx_word' id='word_1_356' title='bbox 3326 2113 3380 2169; x_wconf 85' lang='grc' dir='ltr'><strong>τί</strong></span> <span class='ocrx_word' id='word_1_357' title='bbox 3421 2113 3591 2167; x_wconf 81' lang='grc' dir='ltr'>πλέον</span> <span class='ocrx_word' id='word_1_358' title='bbox 3623 2110 3780 2181; x_wconf 76' lang='grc' dir='ltr'>ἡμῶν</span> 
     </span>
    </p>
   </div>
   <div class='ocr_carea' id='block_1_52' title="bbox 2198 2204 3778 2283">
    <p class='ocr_par' dir='ltr' id='par_1_52' title="bbox 2198 2204 3778 2283">
     <span class='ocr_line' id='line_1_52' title="bbox 2198 2204 3778 2283; baseline -0.008 -15"><span class='ocrx_word' id='word_1_359' title='bbox 2198 2216 2326 2278; x_wconf 79' lang='grc' dir='ltr'>τοὺς</span> <span class='ocrx_word' id='word_1_360' title='bbox 2361 2214 2668 2283; x_wconf 82' lang='grc' dir='ltr'>Ῥωμαίους</span> <span class='ocrx_word' id='word_1_361' title='bbox 2720 2210 3024 2279; x_wconf 74' lang='grc' dir='ltr'>ὲπωφελεϊς</span> <span class='ocrx_word' id='word_1_362' title='bbox 3079 2209 3246 2262; x_wconf 85' lang='grc' dir='ltr'>Ὅθεν</span> <span class='ocrx_word' id='word_1_363' title='bbox 3279 2207 3384 2280; x_wconf 82' lang='grc' dir='ltr'>χρὴ</span> <span class='ocrx_word' id='word_1_364' title='bbox 3412 2208 3445 2276; x_wconf 77' lang='grc' dir='ltr'><strong>ἦ</strong></span> <span class='ocrx_word' id='word_1_365' title='bbox 3479 2207 3578 2258; x_wconf 70' lang='grc' dir='ltr'><strong>καί</strong></span> <span class='ocrx_word' id='word_1_366' title='bbox 3632 2204 3778 2276; x_wconf 66' lang='grc' dir='ltr'><strong>ἡμᾶς</strong></span> 
     </span>
    </p>
   </div>
   <div class='ocr_carea' id='block_1_53' title="bbox 2201 2295 3780 2374">
    <p class='ocr_par' dir='ltr' id='par_1_53' title="bbox 2201 2295 3780 2374">
     <span class='ocr_line' id='line_1_53' title="bbox 2201 2295 3780 2374; baseline -0.009 -16"><span class='ocrx_word' id='word_1_367' title='bbox 2201 2306 2273 2368; x_wconf 81' lang='grc' dir='ltr'><strong>ὡς</strong></span> <span class='ocrx_word' id='word_1_368' title='bbox 2321 2305 2532 2357; x_wconf 78' lang='grc' dir='ltr'>ἐκεῖνον</span> <span class='ocrx_word' id='word_1_369' title='bbox 2588 2299 2928 2374; x_wconf 77' lang='grc' dir='ltr'>ρογεύεσθαι,</span> <span class='ocrx_word' id='word_1_370' title='bbox 2985 2298 3018 2370; x_wconf 82' lang='grc' dir='ltr'>ἢ</span> <span class='ocrx_word' id='word_1_371' title='bbox 3068 2297 3190 2370; x_wconf 55' lang='grc' dir='ltr'>μηδξ</span> <span class='ocrx_word' id='word_1_372' title='bbox 3242 2297 3452 2350; x_wconf 76' lang='grc' dir='ltr'>ἐκεῖνον</span> <span class='ocrx_word' id='word_1_373' title='bbox 3485 2295 3641 2357; x_wconf 67' lang='grc' dir='ltr'>ἐντὸς</span> <span class='ocrx_word' id='word_1_374' title='bbox 3684 2295 3780 2362; x_wconf 78' lang='grc' dir='ltr'><strong>τῆς</strong></span> 
     </span>
    </p>
   </div>
   <div class='ocr_carea' id='block_1_54' title="bbox 2201 2386 3780 2467">
    <p class='ocr_par' dir='ltr' id='par_1_54' title="bbox 2201 2386 3780 2467">
     <span class='ocr_line' id='line_1_54' title="bbox 2201 2386 3780 2467; baseline -0.008 -17"><span class='ocrx_word' id='word_1_375' title='bbox 2201 2395 2458 2467; x_wconf 80' lang='grc' dir='ltr'><strong>τοιαύτης</strong></span> <span class='ocrx_word' id='word_1_376' title='bbox 2486 2395 2777 2464; x_wconf 79' lang='grc' dir='ltr'>τυγχάνειν</span> <span class='ocrx_word' id='word_1_377' title='bbox 2800 2392 3031 2463; x_wconf 77' lang='grc' dir='ltr'>δωρεᾶς.</span> <span class='ocrx_word' id='word_1_378' title='bbox 3067 2390 3126 2444; x_wconf 88' lang='lat'><strong>&#39;0</strong></span> <span class='ocrx_word' id='word_1_379' title='bbox 3159 2389 3214 2443; x_wconf 75' lang='grc' dir='ltr'>δὲ</span> <span class='ocrx_word' id='word_1_380' title='bbox 3245 2389 3520 2460; x_wconf 80' lang='grc' dir='ltr'>μακάριος</span> <span class='ocrx_word' id='word_1_381' title='bbox 3563 2386 3780 2456; x_wconf 72' lang='grc' dir='ltr'>Ῥωμαυ</span> 
     </span>
    </p>
   </div>
   <div class='ocr_carea' id='block_1_55' title="bbox 2202 2472 3780 2556">
    <p class='ocr_par' dir='ltr' id='par_1_55' title="bbox 2202 2472 3780 2556">
     <span class='ocr_line' id='line_1_55' title="bbox 2202 2472 3780 2556; baseline -0.008 -17"><span class='ocrx_word' id='word_1_382' title='bbox 2202 2486 2289 2549; x_wconf 83' lang='grc' dir='ltr'>νδς</span> <span class='ocrx_word' id='word_1_383' title='bbox 2311 2485 2618 2556; x_wconf 76' lang='grc' dir='ltr'>ἀντέγραψε</span> <span class='ocrx_word' id='word_1_384' title='bbox 2639 2483 2779 2554; x_wconf 80' lang='grc' dir='ltr'>πρὸς</span> <span class='ocrx_word' id='word_1_385' title='bbox 2819 2481 3035 2546; x_wconf 77' lang='grc' dir='ltr'>αὐτοὺς,</span> <span class='ocrx_word' id='word_1_386' title='bbox 3074 2479 3150 2550; x_wconf 86' lang='grc' dir='ltr'>μὴ</span> <span class='ocrx_word' id='word_1_387' title='bbox 3177 2479 3308 2548; x_wconf 80' lang='grc' dir='ltr'>παρ’</span> <span class='ocrx_word' id='word_1_388' title='bbox 3336 2474 3509 2532; x_wconf 76' lang='grc' dir='ltr'>αὑτοῦ</span> <span class='ocrx_word' id='word_1_389' title='bbox 3545 2477 3646 2547; x_wconf 78' lang='grc' dir='ltr'>τὴν</span> <span class='ocrx_word' id='word_1_390' title='bbox 3688 2472 3780 2528; x_wconf 73' lang='grc' dir='ltr'><strong>ἐπὶ</strong></span> 
     </span>
    </p>
   </div>
   <div class='ocr_carea' id='block_1_56' title="bbox 2201 2571 3778 2650">
    <p class='ocr_par' dir='ltr' id='par_1_56' title="bbox 2201 2571 3778 2650">
     <span class='ocr_line' id='line_1_56' title="bbox 2201 2571 3778 2650; baseline -0.006 -18"><span class='ocrx_word' id='word_1_391' title='bbox 2201 2577 2278 2649; x_wconf 82' lang='grc' dir='ltr'>τῷ</span> <span class='ocrx_word' id='word_1_392' title='bbox 2329 2575 2612 2650; x_wconf 80' lang='grc' dir='ltr'>Ταρωνίτῃ</span> <span class='ocrx_word' id='word_1_393' title='bbox 2659 2574 2913 2644; x_wconf 84' lang='grc' dir='ltr'>γενέσθαι</span> <span class='ocrx_word' id='word_1_394' title='bbox 2952 2574 3140 2644; x_wconf 77' lang='grc' dir='ltr'>ρόγαν,</span> <span class='ocrx_word' id='word_1_395' title='bbox 3173 2573 3255 2650; x_wconf 46' lang='grc' dir='ltr'><strong>ῐνξ</strong></span> <span class='ocrx_word' id='word_1_396' title='bbox 3280 2571 3364 2624; x_wconf 72' lang='grc' dir='ltr'><strong>ἐπ’</strong></span> <span class='ocrx_word' id='word_1_397' title='bbox 3395 2571 3551 2642; x_wconf 84' lang='grc' dir='ltr'><strong>αὑτῷ</strong></span> <span class='ocrx_word' id='word_1_398' title='bbox 3601 2573 3778 2623; x_wconf 77' lang='grc' dir='ltr'>κεῖται</span> 
     </span>
    </p>
   </div>
   <div class='ocr_carea' id='block_1_57' title="bbox 2203 2647 3780 2742">
    <p class='ocr_par' dir='ltr' id='par_1_57' title="bbox 2203 2647 3780 2742">
     <span class='ocr_line' id='line_1_57' title="bbox 2203 2647 3780 2742; baseline -0.007 -18"><span class='ocrx_word' id='word_1_399' title='bbox 2203 2647 2298 2724; x_wconf 73' lang='grc' dir='ltr'><strong>καὶ</strong></span> <span class='ocrx_word' id='word_1_400' title='bbox 2329 2647 2595 2742; x_wconf 32' lang='grc' dir='ltr'>ἠταύτης-</span> <span class='ocrx_word' id='word_1_401' title='bbox 2625 2668 2720 2722; x_wconf 81' lang='grc' dir='ltr'>νῦν</span> <span class='ocrx_word' id='word_1_402' title='bbox 2754 2665 2984 2740; x_wconf 77' lang='grc' dir='ltr'>ἐκκοπὴ,</span> <span class='ocrx_word' id='word_1_403' title='bbox 3014 2666 3148 2719; x_wconf 82' lang='grc' dir='ltr'><strong>ἀλλά</strong></span> <span class='ocrx_word' id='word_1_404' title='bbox 3182 2647 3336 2734; x_wconf 71' lang='grc' dir='ltr'>παρὰ</span> <span class='ocrx_word' id='word_1_405' title='bbox 3363 2662 3458 2718; x_wconf 76' lang='grc' dir='ltr'><strong>τοῦ</strong></span> <span class='ocrx_word' id='word_1_406' title='bbox 3504 2662 3780 2734; x_wconf 81' lang='grc' dir='ltr'>μακαρίου</span> 
     </span>
    </p>
   </div>
   <div class='ocr_carea' id='block_1_58' title="bbox 2205 2748 3782 2834">
    <p class='ocr_par' dir='ltr' id='par_1_58' title="bbox 2205 2748 3782 2834">
     <span class='ocr_line' id='line_1_58' title="bbox 2205 2748 3782 2834; baseline -0.008 -18"><span class='ocrx_word' id='word_1_407' title='bbox 2205 2762 2488 2834; x_wconf 80' lang='grc' dir='ltr'>βασιλέως·</span> <span class='ocrx_word' id='word_1_408' title='bbox 2522 2761 2614 2816; x_wconf 78' lang='grc' dir='ltr'>καὶ</span> <span class='ocrx_word' id='word_1_409' title='bbox 2643 2759 2717 2831; x_wconf 78' lang='grc' dir='ltr'>μὴ</span> <span class='ocrx_word' id='word_1_410' title='bbox 2739 2759 2948 2813; x_wconf 84' lang='grc' dir='ltr'>δίκαιον</span> <span class='ocrx_word' id='word_1_411' title='bbox 2980 2753 3123 2811; x_wconf 78' lang='grc' dir='ltr'>εἶναι</span> <span class='ocrx_word' id='word_1_412' title='bbox 3157 2757 3227 2809; x_wconf 64' lang='grc' dir='ltr'><strong>τὰ</strong></span> <span class='ocrx_word' id='word_1_413' title='bbox 3271 2754 3382 2808; x_wconf 83' lang='grc' dir='ltr'><strong>τῶν</strong></span> <span class='ocrx_word' id='word_1_414' title='bbox 3435 2748 3782 2824; x_wconf 64' lang='lat'><strong>1:906:64&quot;-</strong></span> 
     </span>
    </p>
   </div>
   <div class='ocr_carea' id='block_1_59' title="bbox 2202 2845 3776 2924">
    <p class='ocr_par' dir='ltr' id='par_1_59' title="bbox 2202 2845 3776 2924">
     <span class='ocr_line' id='line_1_59' title="bbox 2202 2845 3776 2924; baseline -0.008 -14"><span class='ocrx_word' id='word_1_415' title='bbox 2202 2855 2472 2910; x_wconf 85' lang='grc' dir='ltr'>λευκότων</span> <span class='ocrx_word' id='word_1_416' title='bbox 2504 2853 2654 2924; x_wconf 81' lang='grc' dir='ltr'>παρὰ</span> <span class='ocrx_word' id='word_1_417' title='bbox 2682 2851 2788 2905; x_wconf 84' lang='grc' dir='ltr'>τῶν</span> <span class='ocrx_word' id='word_1_418' title='bbox 2812 2847 3040 2921; x_wconf 80' lang='grc' dir='ltr'>ὕστερον</span> <span class='ocrx_word' id='word_1_419' title='bbox 3067 2846 3490 2920; x_wconf 80' lang='grc' dir='ltr'>ἀνατρέπεσθαι.</span> <span class='ocrx_word' id='word_1_420' title='bbox 3522 2845 3776 2915; x_wconf 76' lang='grc' dir='ltr'>Ἔγραψε</span> 
     </span>
    </p>
   </div>
   <div class='ocr_carea' id='block_1_60' title="bbox 2205 2933 3780 3016">
    <p class='ocr_par' dir='ltr' id='par_1_60' title="bbox 2205 2933 3780 3016">
     <span class='ocr_line' id='line_1_60' title="bbox 2205 2933 3780 3016; baseline -0.01 -16"><span class='ocrx_word' id='word_1_421' title='bbox 2205 2947 2250 3001; x_wconf 81' lang='grc' dir='ltr'>δ’</span> <span class='ocrx_word' id='word_1_422' title='bbox 2279 2947 2429 3016; x_wconf 83' lang='grc' dir='ltr'>ὅμως</span> <span class='ocrx_word' id='word_1_423' title='bbox 2450 2945 2586 3014; x_wconf 82' lang='grc' dir='ltr'>πρὸς</span> <span class='ocrx_word' id='word_1_424' title='bbox 2614 2942 2705 2996; x_wconf 81' lang='grc' dir='ltr'>τὸν</span> <span class='ocrx_word' id='word_1_425' title='bbox 2727 2939 2890 2995; x_wconf 76' lang='grc' dir='ltr'>αὐτὸν</span> <span class='ocrx_word' id='word_1_426' title='bbox 2918 2938 3259 3009; x_wconf 80' lang='grc' dir='ltr'>Ταρωνίτην,</span> <span class='ocrx_word' id='word_1_427' title='bbox 3294 2935 3606 3006; x_wconf 75' lang='grc' dir='ltr'>δηλοποιῶν</span> <span class='ocrx_word' id='word_1_428' title='bbox 3635 2933 3780 3003; x_wconf 82' lang='grc' dir='ltr'>αὐτῷ</span> 
     </span>
    </p>
   </div>
   <div class='ocr_carea' id='block_1_61' title="bbox 2204 3023 3778 3108">
    <p class='ocr_par' dir='ltr' id='par_1_61' title="bbox 2204 3023 3778 3108">
     <span class='ocr_line' id='line_1_61' title="bbox 2204 3023 3778 3108; baseline -0.007 -17"><span class='ocrx_word' id='word_1_429' title='bbox 2204 3038 2305 3108; x_wconf 74' lang='grc' dir='ltr'>τὴν</span> <span class='ocrx_word' id='word_1_430' title='bbox 2334 3036 2442 3090; x_wconf 77' lang='grc' dir='ltr'>τῶν</span> <span class='ocrx_word' id='word_1_431' title='bbox 2481 3031 2786 3105; x_wconf 75' lang='grc' dir='ltr'>εἰρημένων</span> <span class='ocrx_word' id='word_1_432' title='bbox 2823 3029 3033 3103; x_wconf 84' lang='grc' dir='ltr'>ἀνδρῶν</span> <span class='ocrx_word' id='word_1_433' title='bbox 3084 3029 3262 3100; x_wconf 85' lang='grc' dir='ltr'>λύπην</span> <span class='ocrx_word' id='word_1_434' title='bbox 3311 3027 3413 3081; x_wconf 72' lang='grc' dir='ltr'>καὶ</span> <span class='ocrx_word' id='word_1_435' title='bbox 3458 3023 3778 3080; x_wconf 75' lang='grc' dir='ltr'>σκάνδαλον.</span> 
     </span>
    </p>
   </div>
   <div class='ocr_carea' id='block_1_62' title="bbox 532 3114 2101 3215">
    <p class='ocr_par' dir='ltr' id='par_1_62' title="bbox 532 3133 2100 3208">
     <span class='ocr_line' id='line_1_62' title="bbox 532 3133 2100 3208; baseline -0.004 -14"><span class='ocrx_word' id='word_1_436' title='bbox 532 3141 1029 3197; x_wconf 84' lang='lat' dir='ltr'><strong>venitPancratius</strong></span> <span class='ocrx_word' id='word_1_437' title='bbox 1065 3140 1338 3195; x_wconf 77' lang='lat' dir='ltr'><strong>maximus</strong></span> <span class='ocrx_word' id='word_1_438' title='bbox 1369 3139 1603 3192; x_wconf 75' lang='lat' dir='ltr'><strong>filiorum</strong></span> <span class='ocrx_word' id='word_1_439' title='bbox 1639 3133 1892 3208; x_wconf 79' lang='lat' dir='ltr'><strong>magistri</strong></span> <span class='ocrx_word' id='word_1_440' title='bbox 1950 3133 2100 3187; x_wconf 87' lang='lat' dir='ltr'><strong>illius</strong></span> 
     </span>
    </p>
   </div>
   <div class='ocr_carea' id='block_1_63' title="bbox 2205 3114 3778 3215">
    <p class='ocr_par' dir='ltr' id='par_1_63' title="bbox 2220 3114 3778 3197">
     <span class='ocr_line' id='line_1_63' title="bbox 2220 3114 3778 3197; baseline -0.008 -14"><span class='ocrx_word' id='word_1_441' title='bbox 2220 3130 2277 3184; x_wconf 89' lang='lat'><strong>&#39;0</strong></span> <span class='ocrx_word' id='word_1_442' title='bbox 2304 3128 2359 3180; x_wconf 80' lang='grc' dir='ltr'>δὲ</span> <span class='ocrx_word' id='word_1_443' title='bbox 2386 3129 2650 3197; x_wconf 79' lang='grc' dir='ltr'>ἀνήγαγε,</span> <span class='ocrx_word' id='word_1_444' title='bbox 2685 3125 2826 3195; x_wconf 82' lang='grc' dir='ltr'>μήτε</span> <span class='ocrx_word' id='word_1_445' title='bbox 2857 3121 3059 3193; x_wconf 77' lang='grc' dir='ltr'>χρυσὸν</span> <span class='ocrx_word' id='word_1_446' title='bbox 3081 3121 3220 3192; x_wconf 79' lang='grc' dir='ltr'>μήτε</span> <span class='ocrx_word' id='word_1_447' title='bbox 3246 3117 3491 3189; x_wconf 73' lang='grc' dir='ltr'>ἄργυρον</span> <span class='ocrx_word' id='word_1_448' title='bbox 3515 3114 3778 3186; x_wconf 72' lang='grc' dir='ltr'>παρέχειν</span> 
     </span>
    </p>
   </div>
   <div class='ocr_carea' id='block_1_64' title="bbox 527 3210 2101 3305">
    <p class='ocr_par' dir='ltr' id='par_1_64' title="bbox 527 3231 2099 3305">
     <span class='ocr_line' id='line_1_64' title="bbox 527 3231 2099 3305; baseline -0.006 -14"><span class='ocrx_word' id='word_1_449' title='bbox 527 3235 810 3292; x_wconf 88' lang='lat' dir='ltr'><strong>Cricoricii</strong></span> <span class='ocrx_word' id='word_1_450' title='bbox 837 3233 1131 3302; x_wconf 65' lang='lat' dir='ltr'><strong>Taronitae,</strong></span> <span class='ocrx_word' id='word_1_451' title='bbox 1171 3244 1504 3305; x_wconf 87' lang='lat' dir='ltr'><strong>evectusque</strong></span> <span class='ocrx_word' id='word_1_452' title='bbox 1531 3241 1617 3289; x_wconf 81' lang='lat' dir='ltr'><strong>est</strong></span> <span class='ocrx_word' id='word_1_453' title='bbox 1645 3231 1713 3285; x_wconf 87' lang='lat' dir='ltr'><strong>ab</strong></span> <span class='ocrx_word' id='word_1_454' title='bbox 1771 3232 2099 3297; x_wconf 82' lang='lat' dir='ltr'><strong>imperatore</strong></span> 
     </span>
    </p>
   </div>
   <div class='ocr_carea' id='block_1_65' title="bbox 2205 3210 3780 3305">
    <p class='ocr_par' dir='ltr' id='par_1_65' title="bbox 2205 3210 3780 3288">
     <span class='ocr_line' id='line_1_65' title="bbox 2205 3210 3780 3288; baseline -0.011 -12"><span class='ocrx_word' id='word_1_455' title='bbox 2205 3222 2484 3276; x_wconf 81' lang='grc' dir='ltr'>δύνασθαι·</span> <span class='ocrx_word' id='word_1_456' title='bbox 2513 3221 2828 3288; x_wconf 81' lang='grc' dir='ltr'>ὑπισχνεῖτο</span> <span class='ocrx_word' id='word_1_457' title='bbox 2848 3217 2905 3271; x_wconf 81' lang='grc' dir='ltr'>δὲ</span> <span class='ocrx_word' id='word_1_458' title='bbox 2929 3214 3124 3281; x_wconf 73' lang='grc' dir='ltr'>ἔξωθεν</span> <span class='ocrx_word' id='word_1_459' title='bbox 3155 3213 3262 3267; x_wconf 83' lang='grc' dir='ltr'><strong>τῶν</strong></span> <span class='ocrx_word' id='word_1_460' title='bbox 3287 3211 3430 3265; x_wconf 82' lang='grc' dir='ltr'><strong>κατά</strong></span> <span class='ocrx_word' id='word_1_461' title='bbox 3450 3210 3628 3262; x_wconf 85' lang='grc' dir='ltr'>τύπον</span> <span class='ocrx_word' id='word_1_462' title='bbox 3646 3210 3780 3261; x_wconf 59' lang='lat' dir='ltr'><strong>duo-</strong></span> 
     </span>
    </p>
   </div>
   <div class='ocr_carea' id='block_1_66' title="bbox 529 3319 2102 3398">
    <p class='ocr_par' dir='ltr' id='par_1_66' title="bbox 529 3319 2102 3398">
     <span class='ocr_line' id='line_1_66' title="bbox 529 3319 2102 3398; baseline -0.006 -16"><span class='ocrx_word' id='word_1_463' title='bbox 529 3323 599 3382; x_wconf 76' lang='lat' dir='ltr'><strong>ad</strong></span> <span class='ocrx_word' id='word_1_464' title='bbox 632 3326 987 3398; x_wconf 81' lang='lat' dir='ltr'><strong>patriciorum</strong></span> <span class='ocrx_word' id='word_1_465' title='bbox 1021 3328 1358 3397; x_wconf 87' lang='lat' dir='ltr'><strong>dignitatem,</strong></span> <span class='ocrx_word' id='word_1_466' title='bbox 1394 3332 1717 3394; x_wconf 85' lang='lat' dir='ltr'><strong>creatusque</strong></span> <span class='ocrx_word' id='word_1_467' title='bbox 1769 3330 1970 3393; x_wconf 67' lang='lat' dir='ltr'><strong>praetor</strong></span> <span class='ocrx_word' id='word_1_468' title='bbox 2004 3319 2102 3373; x_wconf 79' lang='lat' dir='ltr'><strong>Ta-</strong></span> 
     </span>
    </p>
   </div>
   <div class='ocr_carea' id='block_1_67' title="bbox 527 3413 2105 3490">
    <p class='ocr_par' dir='ltr' id='par_1_67' title="bbox 527 3413 2105 3490">
     <span class='ocr_line' id='line_1_67' title="bbox 527 3413 2105 3490; baseline -0.003 -17"><span class='ocrx_word' id='word_1_469' title='bbox 527 3420 684 3475; x_wconf 85' lang='lat' dir='ltr'><strong>ronis</strong></span> <span class='ocrx_word' id='word_1_470' title='bbox 717 3438 733 3474; x_wconf 92' lang='lat'><strong><em>:</em></strong></span> <span class='ocrx_word' id='word_1_471' title='bbox 762 3432 999 3490; x_wconf 87' lang='lat' dir='ltr'><strong>eumque</strong></span> <span class='ocrx_word' id='word_1_472' title='bbox 1028 3432 1254 3474; x_wconf 81' lang='lat' dir='ltr'><strong>uxorem</strong></span> <span class='ocrx_word' id='word_1_473' title='bbox 1279 3418 1441 3475; x_wconf 87' lang='lat' dir='ltr'><strong>etiam</strong></span> <span class='ocrx_word' id='word_1_474' title='bbox 1478 3425 1704 3487; x_wconf 86' lang='lat' dir='ltr'><strong>cuperet</strong></span> <span class='ocrx_word' id='word_1_475' title='bbox 1736 3430 1801 3470; x_wconf 83' lang='lat' dir='ltr'><strong>ex</strong></span> <span class='ocrx_word' id='word_1_476' title='bbox 1837 3413 2105 3484; x_wconf 74' lang='lat' dir='ltr'><strong>sanguine</strong></span> 
     </span>
    </p>
   </div>
   <div class='ocr_carea' id='block_1_68' title="bbox 529 3503 2103 3584">
    <p class='ocr_par' dir='ltr' id='par_1_68' title="bbox 529 3503 2103 3584">
     <span class='ocr_line' id='line_1_68' title="bbox 529 3503 2103 3584; baseline -0.006 -16"><span class='ocrx_word' id='word_1_477' title='bbox 529 3511 795 3584; x_wconf 77' lang='lat' dir='ltr'><strong>imperiali</strong></span> <span class='ocrx_word' id='word_1_478' title='bbox 832 3511 1103 3583; x_wconf 82' lang='lat' dir='ltr'><strong>accipere,</strong></span> <span class='ocrx_word' id='word_1_479' title='bbox 1127 3510 1252 3565; x_wconf 83' lang='lat' dir='ltr'><strong>data</strong></span> <span class='ocrx_word' id='word_1_480' title='bbox 1288 3509 1335 3564; x_wconf 91' lang='lat' dir='ltr'><strong>ei</strong></span> <span class='ocrx_word' id='word_1_481' title='bbox 1375 3521 1537 3565; x_wconf 88' lang='lat' dir='ltr'><strong>soror</strong></span> <span class='ocrx_word' id='word_1_482' title='bbox 1570 3517 1656 3564; x_wconf 87' lang='lat' dir='ltr'><strong>est</strong></span> <span class='ocrx_word' id='word_1_483' title='bbox 1704 3506 1747 3561; x_wconf 89' lang='grc' dir='ltr'>Τ</span> <span class='ocrx_word' id='word_1_484' title='bbox 1754 3503 2103 3578; x_wconf 75' lang='lat' dir='ltr'><strong>he0pltylaeti</strong></span> 
     </span>
    </p>
   </div>
   <div class='ocr_carea' id='block_1_69' title="bbox 531 3594 2101 3678">
    <p class='ocr_par' dir='ltr' id='par_1_69' title="bbox 531 3594 2101 3678">
     <span class='ocr_line' id='line_1_69' title="bbox 531 3594 2101 3678; baseline -0.006 -18"><span class='ocrx_word' id='word_1_485' title='bbox 531 3605 782 3678; x_wconf 82' lang='lat' dir='ltr'><strong>magistri</strong></span> <span class='ocrx_word' id='word_1_486' title='bbox 821 3594 913 3672; x_wconf 73' lang='lat' dir='ltr'><strong>;et</strong></span> <span class='ocrx_word' id='word_1_487' title='bbox 974 3603 1375 3661; x_wconf 87' lang='lat' dir='ltr'><strong>consummatis</strong></span> <span class='ocrx_word' id='word_1_488' title='bbox 1439 3601 1649 3672; x_wconf 86' lang='lat' dir='ltr'><strong>nuptiis</strong></span> <span class='ocrx_word' id='word_1_489' title='bbox 1711 3606 2101 3655; x_wconf 84' lang='lat' dir='ltr'><strong>testamentum</strong></span> 
     </span>
    </p>
   </div>
   <div class='ocr_carea' id='block_1_70' title="bbox 528 3689 2106 3768">
    <p class='ocr_par' dir='ltr' id='par_1_70' title="bbox 528 3689 2106 3768">
     <span class='ocr_line' id='line_1_70' title="bbox 528 3689 2106 3768; baseline -0.008 -15"><span class='ocrx_word' id='word_1_490' title='bbox 528 3696 680 3761; x_wconf 68' lang='lat' dir='ltr'><strong>fecit,</strong></span> <span class='ocrx_word' id='word_1_491' title='bbox 711 3698 760 3751; x_wconf 91' lang='lat' dir='ltr'><strong>in</strong></span> <span class='ocrx_word' id='word_1_492' title='bbox 786 3706 896 3768; x_wconf 88' lang='lat' dir='ltr'><strong>quo</strong></span> <span class='ocrx_word' id='word_1_493' title='bbox 923 3696 1176 3762; x_wconf 88' lang='lat' dir='ltr'><strong>instituit,</strong></span> <span class='ocrx_word' id='word_1_494' title='bbox 1207 3705 1263 3750; x_wconf 87' lang='lat' dir='ltr'><strong>ut</strong></span> <span class='ocrx_word' id='word_1_495' title='bbox 1293 3696 1335 3751; x_wconf 87' lang='lat' dir='ltr'><strong>sl</strong></span> <span class='ocrx_word' id='word_1_496' title='bbox 1366 3694 1523 3752; x_wconf 88' lang='lat' dir='ltr'><strong>liberi</strong></span> <span class='ocrx_word' id='word_1_497' title='bbox 1553 3709 1616 3750; x_wconf 80' lang='lat' dir='ltr'><strong>ex</strong></span> <span class='ocrx_word' id='word_1_498' title='bbox 1650 3708 1714 3748; x_wconf 89' lang='lat' dir='ltr'><strong>eo</strong></span> <span class='ocrx_word' id='word_1_499' title='bbox 1760 3689 2106 3745; x_wconf 87' lang='lat' dir='ltr'><strong>matrimonio</strong></span> 
     </span>
    </p>
   </div>
   <div class='ocr_carea' id='block_1_71' title="bbox 527 3784 2107 3860">
    <p class='ocr_par' dir='ltr' id='par_1_71' title="bbox 527 3784 2107 3860">
     <span class='ocr_line' id='line_1_71' title="bbox 527 3784 2107 3860; baseline -0.006 -14"><span class='ocrx_word' id='word_1_500' title='bbox 527 3799 914 3858; x_wconf 87' lang='lat' dir='ltr'><strong>nascerentur,</strong></span> <span class='ocrx_word' id='word_1_501' title='bbox 948 3791 1258 3845; x_wconf 71' lang='lat' dir='ltr'><strong>universum</strong></span> <span class='ocrx_word' id='word_1_502' title='bbox 1295 3790 1469 3860; x_wconf 76' lang='lat' dir='ltr'><strong>ipsius</strong></span> <span class='ocrx_word' id='word_1_503' title='bbox 1520 3787 1795 3859; x_wconf 88' lang='lat' dir='ltr'><strong>regionem</strong></span> <span class='ocrx_word' id='word_1_504' title='bbox 1823 3786 1876 3839; x_wconf 89' lang='lat' dir='ltr'><strong>in</strong></span> <span class='ocrx_word' id='word_1_505' title='bbox 1933 3784 2107 3839; x_wconf 75' lang='lat' dir='ltr'><strong>haere—</strong></span> 
     </span>
    </p>
   </div>
   <div class='ocr_carea' id='block_1_72' title="bbox 527 3875 2104 3953">
    <p class='ocr_par' dir='ltr' id='par_1_72' title="bbox 527 3875 2104 3953">
     <span class='ocr_line' id='line_1_72' title="bbox 527 3875 2104 3953; baseline -0.007 -15"><span class='ocrx_word' id='word_1_506' title='bbox 527 3884 756 3938; x_wconf 87' lang='lat' dir='ltr'><strong>ditatem</strong></span> <span class='ocrx_word' id='word_1_507' title='bbox 819 3893 1103 3953; x_wconf 81' lang='lat' dir='ltr'><strong>paternam</strong></span> <span class='ocrx_word' id='word_1_508' title='bbox 1134 3881 1398 3936; x_wconf 81' lang='lat' dir='ltr'><strong>haberent</strong></span> <span class='ocrx_word' id='word_1_509' title='bbox 1429 3893 1445 3946; x_wconf 87' lang='lat'><strong>;</strong></span> <span class='ocrx_word' id='word_1_510' title='bbox 1475 3894 1652 3949; x_wconf 86' lang='lat' dir='ltr'><strong>eoque</strong></span> <span class='ocrx_word' id='word_1_511' title='bbox 1681 3878 1900 3933; x_wconf 85' lang='lat' dir='ltr'><strong>nomine</strong></span> <span class='ocrx_word' id='word_1_512' title='bbox 1948 3875 2104 3946; x_wconf 88' lang='lat' dir='ltr'><strong>petiit</strong></span> 
     </span>
    </p>
   </div>
   <div class='ocr_carea' id='block_1_73' title="bbox 527 3967 2104 4044">
    <p class='ocr_par' dir='ltr' id='par_1_73' title="bbox 527 3967 2104 4044">
     <span class='ocr_line' id='line_1_73' title="bbox 527 3967 2104 4044; baseline -0.007 -16"><span class='ocrx_word' id='word_1_513' title='bbox 527 3974 597 4028; x_wconf 80' lang='lat' dir='ltr'><strong>ab</strong></span> <span class='ocrx_word' id='word_1_514' title='bbox 630 3973 960 4044; x_wconf 72' lang='lat' dir='ltr'><strong>imperatore</strong></span> <span class='ocrx_word' id='word_1_515' title='bbox 996 3971 1116 4027; x_wconf 85' lang='lat' dir='ltr'><strong>dari</strong></span> <span class='ocrx_word' id='word_1_516' title='bbox 1149 3971 1252 4028; x_wconf 88' lang='lat' dir='ltr'><strong>sibi</strong></span> <span class='ocrx_word' id='word_1_517' title='bbox 1271 3972 1650 4026; x_wconf 85' lang='lat' dir='ltr'><strong>suburbanum</strong></span> <span class='ocrx_word' id='word_1_518' title='bbox 1712 3967 1986 4038; x_wconf 73' lang='lat' dir='ltr'><strong>Gregorte,</strong></span> <span class='ocrx_word' id='word_1_519' title='bbox 2043 3971 2104 4018; x_wconf 90' lang='lat' dir='ltr'><strong>ut</strong></span> 
     </span>
    </p>
   </div>
   <div class='ocr_carea' id='block_1_74' title="bbox 531 4057 2112 4137">
    <p class='ocr_par' dir='ltr' id='par_1_74' title="bbox 531 4057 2112 4137">
     <span class='ocr_line' id='line_1_74' title="bbox 531 4057 2112 4137; baseline -0.006 -16"><span class='ocrx_word' id='word_1_520' title='bbox 531 4076 586 4128; x_wconf 87' lang='lat' dir='ltr'><strong>in</strong></span> <span class='ocrx_word' id='word_1_521' title='bbox 622 4081 686 4124; x_wconf 83' lang='lat' dir='ltr'><strong>eo</strong></span> <span class='ocrx_word' id='word_1_522' title='bbox 735 4068 963 4137; x_wconf 87' lang='lat' dir='ltr'><strong>patricia</strong></span> <span class='ocrx_word' id='word_1_523' title='bbox 995 4065 1113 4135; x_wconf 85' lang='lat' dir='ltr'><strong>ejus</strong></span> <span class='ocrx_word' id='word_1_524' title='bbox 1147 4079 1284 4119; x_wconf 75' lang='lat' dir='ltr'><strong>uxor</strong></span> <span class='ocrx_word' id='word_1_525' title='bbox 1329 4068 1784 4124; x_wconf 88' lang='lat' dir='ltr'><strong>commoraretur,</strong></span> <span class='ocrx_word' id='word_1_526' title='bbox 1840 4073 1948 4129; x_wconf 87' lang='lat' dir='ltr'><strong>qua</strong></span> <span class='ocrx_word' id='word_1_527' title='bbox 2013 4057 2112 4112; x_wconf 85' lang='lat' dir='ltr'><strong>de-</strong></span> 
     </span>
    </p>
   </div>
   <div class='ocr_carea' id='block_1_75' title="bbox 528 4150 2113 4234">
    <p class='ocr_par' dir='ltr' id='par_1_75' title="bbox 528 4150 2113 4234">
     <span class='ocr_line' id='line_1_75' title="bbox 528 4150 2113 4234; baseline -0.007 -20"><span class='ocrx_word' id='word_1_528' title='bbox 528 4161 720 4214; x_wconf 83' lang='lat' dir='ltr'><strong>functa</strong></span> <span class='ocrx_word' id='word_1_529' title='bbox 751 4159 945 4234; x_wconf 82' lang='lat' dir='ltr'><strong>iterum</strong></span> <span class='ocrx_word' id='word_1_530' title='bbox 971 4159 1036 4212; x_wconf 86' lang='lat' dir='ltr'><strong>ad</strong></span> <span class='ocrx_word' id='word_1_531' title='bbox 1061 4158 1401 4226; x_wconf 65' lang='lat' dir='ltr'><strong>maiestatem</strong></span> <span class='ocrx_word' id='word_1_532' title='bbox 1431 4171 1586 4212; x_wconf 85' lang='lat' dir='ltr'><strong>suam</strong></span> <span class='ocrx_word' id='word_1_533' title='bbox 1624 4153 1852 4209; x_wconf 90' lang='lat' dir='ltr'><strong>rediret.</strong></span> <span class='ocrx_word' id='word_1_534' title='bbox 1886 4151 1958 4206; x_wconf 85' lang='lat' dir='ltr'><strong>Et</strong></span> <span class='ocrx_word' id='word_1_535' title='bbox 1982 4150 2113 4204; x_wconf 87' lang='lat' dir='ltr'><strong>huic</strong></span> 
     </span>
    </p>
   </div>
   <div class='ocr_carea' id='block_1_76' title="bbox 530 4245 2109 4324">
    <p class='ocr_par' dir='ltr' id='par_1_76' title="bbox 530 4245 2109 4324">
     <span class='ocr_line' id='line_1_76' title="bbox 530 4245 2109 4324; baseline -0.009 -14"><span class='ocrx_word' id='word_1_536' title='bbox 530 4270 753 4324; x_wconf 89' lang='lat' dir='ltr'><strong>quoque</strong></span> <span class='ocrx_word' id='word_1_537' title='bbox 777 4251 1026 4323; x_wconf 85' lang='lat' dir='ltr'><strong>petitioni</strong></span> <span class='ocrx_word' id='word_1_538' title='bbox 1062 4251 1358 4320; x_wconf 75' lang='lat' dir='ltr'><strong>imperator</strong></span> <span class='ocrx_word' id='word_1_539' title='bbox 1388 4247 1601 4311; x_wconf 84' lang='lat' dir='ltr'><strong>annuit,</strong></span> <span class='ocrx_word' id='word_1_540' title='bbox 1633 4245 1948 4317; x_wconf 84' lang='lat' dir='ltr'><strong>ingentique</strong></span> <span class='ocrx_word' id='word_1_541' title='bbox 1980 4258 2109 4297; x_wconf 86' lang='lat' dir='ltr'><strong>mu-</strong></span> 
     </span>
    </p>
   </div>
   <div class='ocr_carea' id='block_1_77' title="bbox 531 4336 2107 4411">
    <p class='ocr_par' dir='ltr' id='par_1_77' title="bbox 531 4336 2107 4411">
     <span class='ocr_line' id='line_1_77' title="bbox 531 4336 2107 4411; baseline -0.007 -13"><span class='ocrx_word' id='word_1_542' title='bbox 531 4343 810 4399; x_wconf 84' lang='lat' dir='ltr'><strong>nilicentia</strong></span> <span class='ocrx_word' id='word_1_543' title='bbox 844 4358 967 4396; x_wconf 89' lang='lat' dir='ltr'><strong>eum</strong></span> <span class='ocrx_word' id='word_1_544' title='bbox 997 4341 1339 4411; x_wconf 72' lang='lat' dir='ltr'><strong>complexus,</strong></span> <span class='ocrx_word' id='word_1_545' title='bbox 1369 4354 1493 4395; x_wconf 89' lang='lat' dir='ltr'><strong>cum</strong></span> <span class='ocrx_word' id='word_1_546' title='bbox 1560 4353 1730 4394; x_wconf 84' lang='lat' dir='ltr'><strong>uxore</strong></span> <span class='ocrx_word' id='word_1_547' title='bbox 1775 4336 1844 4392; x_wconf 87' lang='lat' dir='ltr'><strong>ad</strong></span> <span class='ocrx_word' id='word_1_548' title='bbox 1902 4344 2107 4390; x_wconf 87' lang='lat' dir='ltr'><strong>terram</strong></span> 
     </span>
    </p>
   </div>
   <div class='ocr_carea' id='block_1_78' title="bbox 2206 3300 3780 3384">
    <p class='ocr_par' dir='ltr' id='par_1_78' title="bbox 2206 3300 3780 3384">
     <span class='ocr_line' id='line_1_78' title="bbox 2206 3300 3780 3384; baseline -0.01 -15"><span class='ocrx_word' id='word_1_549' title='bbox 2206 3313 2577 3384; x_wconf 77' lang='grc' dir='ltr'>στελλομένων</span> <span class='ocrx_word' id='word_1_550' title='bbox 2627 3311 2815 3376; x_wconf 83' lang='grc' dir='ltr'>ξενίων</span> <span class='ocrx_word' id='word_1_551' title='bbox 2851 3309 3050 3364; x_wconf 82' lang='grc' dir='ltr'>διδόναι</span> <span class='ocrx_word' id='word_1_552' title='bbox 3084 3306 3277 3378; x_wconf 75' lang='grc' dir='ltr'>ἱμάτια</span> <span class='ocrx_word' id='word_1_553' title='bbox 3319 3305 3416 3359; x_wconf 73' lang='grc' dir='ltr'><strong>καὶ</strong></span> <span class='ocrx_word' id='word_1_554' title='bbox 3441 3300 3780 3376; x_wconf 81' lang='grc' dir='ltr'>χαλκώματα</span> 
     </span>
    </p>
   </div>
   <div class='ocr_carea' id='block_1_79' title="bbox 2209 3393 3780 3478">
    <p class='ocr_par' dir='ltr' id='par_1_79' title="bbox 2209 3393 3780 3478">
     <span class='ocr_line' id='line_1_79' title="bbox 2209 3393 3780 3478; baseline -0.009 -18"><span class='ocrx_word' id='word_1_555' title='bbox 2209 3405 2373 3478; x_wconf 83' lang='grc' dir='ltr'>μέχρι</span> <span class='ocrx_word' id='word_1_556' title='bbox 2409 3406 2516 3458; x_wconf 87' lang='grc' dir='ltr'><strong>τῶν</strong></span> <span class='ocrx_word' id='word_1_557' title='bbox 2545 3404 2677 3459; x_wconf 78' lang='grc' dir='ltr'>δέκα</span> <span class='ocrx_word' id='word_1_558' title='bbox 2700 3401 2903 3474; x_wconf 85' lang='grc' dir='ltr'>λιτρῶν</span> <span class='ocrx_word' id='word_1_559' title='bbox 2933 3397 3342 3470; x_wconf 82' lang='grc' dir='ltr'>συντιμώμενα’</span> <span class='ocrx_word' id='word_1_560' title='bbox 3375 3397 3412 3452; x_wconf 74' lang='grc' dir='ltr'>ἃ</span> <span class='ocrx_word' id='word_1_561' title='bbox 3458 3398 3558 3448; x_wconf 68' lang='grc' dir='ltr'><strong>καὶ</strong></span> <span class='ocrx_word' id='word_1_562' title='bbox 3588 3393 3780 3447; x_wconf 79' lang='grc' dir='ltr'>δέδωκε</span> 
     </span>
    </p>
   </div>
   <div class='ocr_carea' id='block_1_80' title="bbox 2210 3482 3780 3573">
    <p class='ocr_par' dir='ltr' id='par_1_80' title="bbox 2210 3482 3780 3573">
     <span class='ocr_line' id='line_1_80' title="bbox 2210 3482 3780 3573; baseline -0.013 -17"><span class='ocrx_word' id='word_1_563' title='bbox 2210 3500 2372 3573; x_wconf 75' lang='grc' dir='ltr'>μέχρι</span> <span class='ocrx_word' id='word_1_564' title='bbox 2399 3495 2568 3570; x_wconf 84' lang='grc' dir='ltr'>τριῶν</span> <span class='ocrx_word' id='word_1_565' title='bbox 2609 3497 2642 3568; x_wconf 76' lang='grc' dir='ltr'>ἢ</span> <span class='ocrx_word' id='word_1_566' title='bbox 2675 3482 2958 3564; x_wconf 79' lang='grc' dir='ltr'>τεσσάρων</span> <span class='ocrx_word' id='word_1_567' title='bbox 3005 3490 3287 3545; x_wconf 71' lang='grc' dir='ltr'>ἐνιαυτῶν.</span> <span class='ocrx_word' id='word_1_568' title='bbox 3325 3486 3481 3544; x_wconf 82' lang='grc' dir='ltr'><strong>Μετά</strong></span> <span class='ocrx_word' id='word_1_569' title='bbox 3527 3485 3588 3537; x_wconf 73' lang='grc' dir='ltr'>δὲ</span> <span class='ocrx_word' id='word_1_570' title='bbox 3613 3485 3780 3538; x_wconf 81' lang='grc' dir='ltr'>ταῦτα</span> 
     </span>
    </p>
   </div>
   <div class='ocr_carea' id='block_1_81' title="bbox 2208 3576 3777 3663">
    <p class='ocr_par' dir='ltr' id='par_1_81' title="bbox 2208 3576 3777 3663">
     <span class='ocr_line' id='line_1_81' title="bbox 2208 3576 3777 3663; baseline -0.011 -16"><span class='ocrx_word' id='word_1_571' title='bbox 2208 3595 2456 3663; x_wconf 77' lang='grc' dir='ltr'>ἀνήγαγε</span> <span class='ocrx_word' id='word_1_572' title='bbox 2515 3589 2588 3661; x_wconf 79' lang='grc' dir='ltr'>μὴ</span> <span class='ocrx_word' id='word_1_573' title='bbox 2645 3586 2910 3641; x_wconf 79' lang='grc' dir='ltr'>δύνασθαι</span> <span class='ocrx_word' id='word_1_574' title='bbox 2952 3583 3216 3656; x_wconf 69' lang='grc' dir='ltr'>παρεχειν</span> <span class='ocrx_word' id='word_1_575' title='bbox 3261 3582 3324 3637; x_wconf 80' lang='grc' dir='ltr'>τὸ</span> <span class='ocrx_word' id='word_1_576' title='bbox 3376 3579 3627 3634; x_wconf 81' lang='grc' dir='ltr'>τοιοῦτον</span> <span class='ocrx_word' id='word_1_577' title='bbox 3676 3576 3777 3631; x_wconf 70' lang='grc' dir='ltr'>πάι</span> 
     </span>
    </p>
   </div>
   <div class='ocr_carea' id='block_1_82' title="bbox 2210 3667 3775 3754">
    <p class='ocr_par' dir='ltr' id='par_1_82' title="bbox 2210 3667 3775 3754">
     <span class='ocr_line' id='line_1_82' title="bbox 2210 3667 3775 3754; baseline -0.012 -15"><span class='ocrx_word' id='word_1_578' title='bbox 2210 3701 2357 3740; x_wconf 82' lang='grc' dir='ltr'>κτον·</span> <span class='ocrx_word' id='word_1_579' title='bbox 2380 3683 2477 3754; x_wconf 77' lang='grc' dir='ltr'>τὴν</span> <span class='ocrx_word' id='word_1_580' title='bbox 2501 3682 2558 3736; x_wconf 70' lang='grc' dir='ltr'>δὲ</span> <span class='ocrx_word' id='word_1_581' title='bbox 2584 3677 2806 3752; x_wconf 80' lang='grc' dir='ltr'>ρόγανῆ</span> <span class='ocrx_word' id='word_1_582' title='bbox 2833 3679 3039 3748; x_wconf 81' lang='grc' dir='ltr'>προῖκα</span> <span class='ocrx_word' id='word_1_583' title='bbox 3060 3673 3358 3746; x_wconf 72' lang='grc' dir='ltr'>λαμϐάνειν</span> <span class='ocrx_word' id='word_1_584' title='bbox 3380 3671 3565 3742; x_wconf 72' lang='grc' dir='ltr'>ἠξίου,</span> <span class='ocrx_word' id='word_1_585' title='bbox 3599 3667 3775 3730; x_wconf 80' lang='grc' dir='ltr'>καθὼς</span> 
     </span>
    </p>
   </div>
   <div class='ocr_carea' id='block_1_83' title="bbox 2211 3760 3780 3844">
    <p class='ocr_par' dir='ltr' id='par_1_83' title="bbox 2211 3760 3780 3844">
     <span class='ocr_line' id='line_1_83' title="bbox 2211 3760 3780 3844; baseline -0.013 -13"><span class='ocrx_word' id='word_1_586' title='bbox 2211 3777 2302 3832; x_wconf 71' lang='grc' dir='ltr'><strong>ἐπὶ</strong></span> <span class='ocrx_word' id='word_1_587' title='bbox 2329 3776 2424 3830; x_wconf 79' lang='grc' dir='ltr'><strong>τοῦ</strong></span> <span class='ocrx_word' id='word_1_588' title='bbox 2463 3773 2884 3844; x_wconf 80' lang='grc' dir='ltr'>μακαριωτάτου</span> <span class='ocrx_word' id='word_1_589' title='bbox 2915 3768 3174 3840; x_wconf 68' lang='grc' dir='ltr'>βασιλέως</span> <span class='ocrx_word' id='word_1_590' title='bbox 3199 3765 3450 3830; x_wconf 75' lang='grc' dir='ltr'>Λέοντος,</span> <span class='ocrx_word' id='word_1_591' title='bbox 3477 3765 3512 3835; x_wconf 73' lang='grc' dir='ltr'>ἢ</span> <span class='ocrx_word' id='word_1_592' title='bbox 3543 3760 3780 3829; x_wconf 55' lang='lat' dir='ltr'><strong>enervi;-</strong></span> 
     </span>
    </p>
   </div>
   <div class='ocr_carea' id='block_1_84' title="bbox 2210 3849 3780 3942">
    <p class='ocr_par' dir='ltr' id='par_1_84' title="bbox 2210 3849 3780 3942">
     <span class='ocr_line' id='line_1_84' title="bbox 2210 3849 3780 3942; baseline -0.014 -15"><span class='ocrx_word' id='word_1_593' title='bbox 2210 3855 2301 3927; x_wconf 74' lang='grc' dir='ltr'><strong>ναι</strong></span> <span class='ocrx_word' id='word_1_594' title='bbox 2329 3870 2517 3942; x_wconf 69' lang='grc' dir='ltr'>αὑτήν*</span> <span class='ocrx_word' id='word_1_595' title='bbox 2553 3867 2676 3922; x_wconf 84' lang='grc' dir='ltr'>ὅθεν</span> <span class='ocrx_word' id='word_1_596' title='bbox 2715 3865 2805 3919; x_wconf 84' lang='grc' dir='ltr'>διὰ</span> <span class='ocrx_word' id='word_1_597' title='bbox 2843 3862 2904 3918; x_wconf 81' lang='grc' dir='ltr'><strong>τὺ</strong></span> <span class='ocrx_word' id='word_1_598' title='bbox 2957 3862 3032 3935; x_wconf 75' lang='grc' dir='ltr'>μὴ</span> <span class='ocrx_word' id='word_1_599' title='bbox 3060 3857 3469 3925; x_wconf 76' lang='grc' dir='ltr'>εἰς-σκάνδαλον</span> <span class='ocrx_word' id='word_1_600' title='bbox 3522 3849 3780 3909; x_wconf 74' lang='grc' dir='ltr'>σῖναιτού</span> 
     </span>
    </p>
   </div>
   <div class='ocr_carea' id='block_1_85' title="bbox 2213 3943 3781 4030">
    <p class='ocr_par' dir='ltr' id='par_1_85' title="bbox 2213 3943 3781 4030">
     <span class='ocr_line' id='line_1_85' title="bbox 2213 3943 3781 4030; baseline -0.011 -16"><span class='ocrx_word' id='word_1_601' title='bbox 2213 3958 2504 4027; x_wconf 78' lang='grc' dir='ltr'>Κακικίου,</span> <span class='ocrx_word' id='word_1_602' title='bbox 2536 3957 2631 4011; x_wconf 71' lang='grc' dir='ltr'>καὶ</span> <span class='ocrx_word' id='word_1_603' title='bbox 2661 3953 2756 4009; x_wconf 77' lang='grc' dir='ltr'><strong>τού</strong></span> <span class='ocrx_word' id='word_1_604' title='bbox 2809 3950 3241 4030; x_wconf 71' lang='grc' dir='ltr'>κουροπαλάτου,</span> <span class='ocrx_word' id='word_1_605' title='bbox 3292 3948 3389 4003; x_wconf 76' lang='grc' dir='ltr'>καὶ</span> <span class='ocrx_word' id='word_1_606' title='bbox 3427 3947 3542 4001; x_wconf 84' lang='grc' dir='ltr'><strong>τῶν</strong></span> <span class='ocrx_word' id='word_1_607' title='bbox 3587 3943 3781 3999; x_wconf 79' lang='grc' dir='ltr'>λοιπῶν</span> 
     </span>
    </p>
   </div>
   <div class='ocr_carea' id='block_1_86' title="bbox 2214 4034 3781 4122">
    <p class='ocr_par' dir='ltr' id='par_1_86' title="bbox 2214 4034 3781 4122">
     <span class='ocr_line' id='line_1_86' title="bbox 2214 4034 3781 4122; baseline -0.013 -16"><span class='ocrx_word' id='word_1_608' title='bbox 2214 4052 2439 4122; x_wconf 75' lang='grc' dir='ltr'><strong>ἐξέκοψε</strong></span> <span class='ocrx_word' id='word_1_609' title='bbox 2467 4049 2670 4119; x_wconf 85' lang='grc' dir='ltr'>ταύτην</span> <span class='ocrx_word' id='word_1_610' title='bbox 2694 4046 2721 4100; x_wconf 83' lang='grc' dir='ltr'><strong>ὁ</strong></span> <span class='ocrx_word' id='word_1_611' title='bbox 2745 4044 3032 4117; x_wconf 80' lang='grc' dir='ltr'>εἰρημένος</span> <span class='ocrx_word' id='word_1_612' title='bbox 3063 4039 3480 4114; x_wconf 81' lang='grc' dir='ltr'>μακαριώτατος</span> <span class='ocrx_word' id='word_1_613' title='bbox 3535 4034 3781 4110; x_wconf 69' lang='grc' dir='ltr'>βασιλεὺς</span> 
     </span>
    </p>
   </div>
   <div class='ocr_carea' id='block_1_87' title="bbox 2235 4123 3780 4210">
    <p class='ocr_par' dir='ltr' id='par_1_87' title="bbox 2235 4123 3780 4210">
     <span class='ocr_line' id='line_1_87' title="bbox 2235 4123 3780 4210; baseline -0.011 -15"><span class='ocrx_word' id='word_1_614' title='bbox 2235 4139 2534 4210; x_wconf 83' lang='grc' dir='ltr'>Ῥωμανύς.</span> <span class='ocrx_word' id='word_1_615' title='bbox 2565 4133 3063 4208; x_wconf 77' lang='grc' dir='ltr'>Παραμυθούμενος</span> <span class='ocrx_word' id='word_1_616' title='bbox 3098 4132 3155 4188; x_wconf 77' lang='grc' dir='ltr'>δὲ</span> <span class='ocrx_word' id='word_1_617' title='bbox 3204 4129 3394 4200; x_wconf 85' lang='grc' dir='ltr'>ὥσπερ</span> <span class='ocrx_word' id='word_1_618' title='bbox 3423 4127 3612 4191; x_wconf 79' lang='grc' dir='ltr'>αὑτὸν,</span> <span class='ocrx_word' id='word_1_619' title='bbox 3649 4123 3780 4196; x_wconf 75' lang='grc' dir='ltr'>μετὰ</span> 
     </span>
    </p>
   </div>
   <div class='ocr_carea' id='block_1_88' title="bbox 2214 4220 3783 4293">
    <p class='ocr_par' dir='ltr' id='par_1_88' title="bbox 2214 4220 3783 4293">
     <span class='ocr_line' id='line_1_88' title="bbox 2214 4220 3783 4293; baseline -0.011 -4"><span class='ocrx_word' id='word_1_620' title='bbox 2214 4233 2389 4289; x_wconf 78' lang='grc' dir='ltr'>ταῦτα</span> <span class='ocrx_word' id='word_1_621' title='bbox 2430 4231 2522 4285; x_wconf 77' lang='grc' dir='ltr'><strong>τὸν</strong></span> <span class='ocrx_word' id='word_1_622' title='bbox 2565 4228 2756 4283; x_wconf 87' lang='grc' dir='ltr'>τούτου</span> <span class='ocrx_word' id='word_1_623' title='bbox 2788 4226 2901 4279; x_wconf 85' lang='grc' dir='ltr'>υἰὸν</span> <span class='ocrx_word' id='word_1_624' title='bbox 2946 4223 3200 4278; x_wconf 81' lang='grc' dir='ltr'>’Δσώτιον</span> <span class='ocrx_word' id='word_1_625' title='bbox 3240 4224 3298 4275; x_wconf 81' lang='grc' dir='ltr'>ὲν</span> <span class='ocrx_word' id='word_1_626' title='bbox 3325 4223 3391 4293; x_wconf 74' lang='grc' dir='ltr'>τῇ</span> <span class='ocrx_word' id='word_1_627' title='bbox 3426 4220 3582 4274; x_wconf 83' lang='grc' dir='ltr'>πόλει</span> <span class='ocrx_word' id='word_1_628' title='bbox 3621 4233 3783 4289; x_wconf 70' lang='grc' dir='ltr'>παρα-</span> 
     </span>
    </p>
   </div>
   <div class='ocr_carea' id='block_1_89' title="bbox 2218 4312 3780 4397">
    <p class='ocr_par' dir='ltr' id='par_1_89' title="bbox 2218 4312 3780 4397">
     <span class='ocr_line' id='line_1_89' title="bbox 2218 4312 3780 4397; baseline -0.012 -17"><span class='ocrx_word' id='word_1_629' title='bbox 2218 4325 2476 4397; x_wconf 83' lang='grc' dir='ltr'>γεγονότα</span> <span class='ocrx_word' id='word_1_630' title='bbox 2534 4324 2613 4386; x_wconf 82' lang='grc' dir='ltr'>εἰς</span> <span class='ocrx_word' id='word_1_631' title='bbox 2663 4316 2986 4390; x_wconf 79' lang='grc' dir='ltr'>πατρικίους</span> <span class='ocrx_word' id='word_1_632' title='bbox 3024 4316 3284 4385; x_wconf 67' lang='grc' dir='ltr'>ἐτίμησε,</span> <span class='ocrx_word' id='word_1_633' title='bbox 3315 4315 3409 4366; x_wconf 77' lang='grc' dir='ltr'>καὶ</span> <span class='ocrx_word' id='word_1_634' title='bbox 3458 4312 3780 4382; x_wconf 72' lang='grc' dir='ltr'>φιλοφρονηο</span> 
     </span>
    </p>
   </div>
   <div class='ocr_carea' id='block_1_90' title="bbox 532 4400 2101 4503">
    <p class='ocr_par' dir='ltr' id='par_1_90' title="bbox 532 4400 2101 4503">
     <span class='ocr_line' id='line_1_90' title="bbox 532 4400 2101 4503; baseline -0.007 -13"><span class='ocrx_word' id='word_1_635' title='bbox 532 4450 692 4490; x_wconf 83' lang='lat' dir='ltr'><strong>suam</strong></span> <span class='ocrx_word' id='word_1_636' title='bbox 725 4434 959 4490; x_wconf 83' lang='lat' dir='ltr'><strong>remisit.</strong></span> <span class='ocrx_word' id='word_1_637' title='bbox 991 4400 1231 4501; x_wconf 72' lang='lat' dir='ltr'><strong>Magistri</strong></span> <span class='ocrx_word' id='word_1_638' title='bbox 1287 4400 1418 4487; x_wconf 79' lang='lat' dir='ltr'><strong>vero</strong></span> <span class='ocrx_word' id='word_1_639' title='bbox 1463 4428 1751 4486; x_wconf 83' lang='lat' dir='ltr'><strong>Cricoricii</strong></span> <span class='ocrx_word' id='word_1_640' title='bbox 1819 4427 1934 4491; x_wconf 87' lang='lat' dir='ltr'><strong>lilii,</strong></span> <span class='ocrx_word' id='word_1_641' title='bbox 1978 4432 2101 4503; x_wconf 28' lang='lat' dir='ltr'><strong>vtam</strong></span> 
     </span>
    </p>
   </div>
   <div class='ocr_carea' id='block_1_91' title="bbox 2205 4400 3781 4503">
    <p class='ocr_par' dir='ltr' id='par_1_91' title="bbox 2221 4400 3781 4488">
     <span class='ocr_line' id='line_1_91' title="bbox 2221 4400 3781 4488; baseline -0.014 -14"><span class='ocrx_word' id='word_1_642' title='bbox 2221 4419 2454 4488; x_wconf 82' lang='grc' dir='ltr'>σάμενος</span> <span class='ocrx_word' id='word_1_643' title='bbox 2480 4411 2767 4485; x_wconf 84' lang='grc' dir='ltr'>αὐταρκῶς</span> <span class='ocrx_word' id='word_1_644' title='bbox 2801 4409 2937 4480; x_wconf 72' lang='grc' dir='ltr'>πρὸς</span> <span class='ocrx_word' id='word_1_645' title='bbox 2965 4408 3034 4462; x_wconf 81' lang='grc' dir='ltr'>τὰ</span> <span class='ocrx_word' id='word_1_646' title='bbox 3060 4407 3166 4460; x_wconf 87' lang='grc' dir='ltr'>ίδια</span> <span class='ocrx_word' id='word_1_647' title='bbox 3195 4404 3568 4470; x_wconf 77' lang='grc' dir='ltr'>ἐξαπέστειλε.</span> <span class='ocrx_word' id='word_1_648' title='bbox 3601 4404 3644 4456; x_wconf 84' lang='grc' dir='ltr'>Τ</span> <span class='ocrx_word' id='word_1_649' title='bbox 3647 4400 3781 4458; x_wconf 71' lang='grc' dir='ltr'>οὖ.δι</span> 
     </span>
    </p>
   </div>
   <div class='ocr_carea' id='block_1_92' title="bbox 532 4495 2101 4596">
    <p class='ocr_par' dir='ltr' id='par_1_92' title="bbox 532 4495 2101 4596">
     <span class='ocr_line' id='line_1_92' title="bbox 532 4495 2101 4596; baseline -0.007 -14"><span class='ocrx_word' id='word_1_650' title='bbox 532 4527 652 4596; x_wconf 81' lang='lat' dir='ltr'><strong>ipse</strong></span> <span class='ocrx_word' id='word_1_651' title='bbox 684 4525 1007 4581; x_wconf 86' lang='lat' dir='ltr'><strong>Pancratius</strong></span> <span class='ocrx_word' id='word_1_652' title='bbox 1033 4495 1313 4594; x_wconf 70' lang='lat' dir='ltr'><strong>patricius,</strong></span> <span class='ocrx_word' id='word_1_653' title='bbox 1333 4536 1495 4593; x_wconf 85' lang='lat' dir='ltr'><strong>quam</strong></span> <span class='ocrx_word' id='word_1_654' title='bbox 1531 4521 1693 4591; x_wconf 79' lang='lat'><strong>118</strong></span> <span class='ocrx_word' id='word_1_655' title='bbox 1744 4496 2101 4586; x_wconf 39' lang='lat' dir='ltr'><strong>Asotius&#39;pa—</strong></span> 
     </span>
    </p>
   </div>
   <div class='ocr_carea' id='block_1_93' title="bbox 2205 4495 3775 4596">
    <p class='ocr_par' dir='ltr' id='par_1_93' title="bbox 2213 4495 3775 4582">
     <span class='ocr_line' id='line_1_93' title="bbox 2213 4495 3775 4582; baseline -0.014 -17"><span class='ocrx_word' id='word_1_656' title='bbox 2213 4511 2511 4582; x_wconf 85' lang='grc' dir='ltr'>μαγίστρου</span> <span class='ocrx_word' id='word_1_657' title='bbox 2559 4503 2656 4558; x_wconf 76' lang='grc' dir='ltr'>τοῦ</span> <span class='ocrx_word' id='word_1_658' title='bbox 2708 4500 3063 4573; x_wconf 80' lang='grc' dir='ltr'>Κρικορικίου</span> <span class='ocrx_word' id='word_1_659' title='bbox 3098 4497 3188 4551; x_wconf 76' lang='grc' dir='ltr'>τὸν</span> <span class='ocrx_word' id='word_1_660' title='bbox 3233 4495 3345 4567; x_wconf 80' lang='grc' dir='ltr'>βίον</span> <span class='ocrx_word' id='word_1_661' title='bbox 3401 4495 3775 4557; x_wconf 71' lang='grc' dir='ltr'>ἀπολιπόντος,</span> 
     </span>
    </p>
   </div>
   <div class='ocr_carea' id='block_1_94' title="bbox 535 4610 2105 4682">
    <p class='ocr_par' dir='ltr' id='par_1_94' title="bbox 535 4610 2105 4682">
     <span class='ocr_line' id='line_1_94' title="bbox 535 4610 2105 4682; baseline -0.008 -8"><span class='ocrx_word' id='word_1_662' title='bbox 535 4618 1069 4682; x_wconf 72' lang='grc' dir='ltr'>ιιιὶεἰιιε,ἰῐιοίεειὶιιιιι</span> <span class='ocrx_word' id='word_1_663' title='bbox 1095 4616 1445 4679; x_wconf 77' lang='lat' dir='ltr'><strong>exhibebant,</strong></span> <span class='ocrx_word' id='word_1_664' title='bbox 1490 4622 1654 4682; x_wconf 83' lang='lat' dir='ltr'><strong>atque</strong></span> <span class='ocrx_word' id='word_1_665' title='bbox 1679 4612 1786 4665; x_wconf 83' lang='lat' dir='ltr'><strong>vim</strong></span> <span class='ocrx_word' id='word_1_666' title='bbox 1836 4626 1946 4666; x_wconf 89' lang='lat' dir='ltr'><strong>non</strong></span> <span class='ocrx_word' id='word_1_667' title='bbox 1986 4610 2105 4663; x_wconf 76' lang='lat' dir='ltr'><strong>cxi-</strong></span> 
     </span>
    </p>
   </div>
   <div class='ocr_carea' id='block_1_95' title="bbox 538 4701 2105 4782">
    <p class='ocr_par' dir='ltr' id='par_1_95' title="bbox 538 4701 2105 4782">
     <span class='ocr_line' id='line_1_95' title="bbox 538 4701 2105 4782; baseline -0.008 -16"><span class='ocrx_word' id='word_1_668' title='bbox 538 4727 699 4781; x_wconf 89' lang='lat' dir='ltr'><strong>guam</strong></span> <span class='ocrx_word' id='word_1_669' title='bbox 735 4709 1043 4766; x_wconf 76' lang='lat' dir='ltr'><strong>inferebant</strong></span> <span class='ocrx_word' id='word_1_670' title='bbox 1093 4708 1325 4782; x_wconf 78' lang='lat' dir='ltr'><strong>patrueli</strong></span> <span class='ocrx_word' id='word_1_671' title='bbox 1363 4721 1464 4761; x_wconf 87' lang='lat' dir='ltr'><strong>suo</strong></span> <span class='ocrx_word' id='word_1_672' title='bbox 1525 4704 1782 4760; x_wconf 87' lang='lat' dir='ltr'><strong>Tornicio</strong></span> <span class='ocrx_word' id='word_1_673' title='bbox 1835 4701 2105 4773; x_wconf 87' lang='lat' dir='ltr'><strong>patricio:</strong></span> 
     </span>
    </p>
   </div>
   <div class='ocr_carea' id='block_1_96' title="bbox 537 4795 2111 4875">
    <p class='ocr_par' dir='ltr' id='par_1_96' title="bbox 537 4795 2111 4875">
     <span class='ocr_line' id='line_1_96' title="bbox 537 4795 2111 4875; baseline -0.006 -17"><span class='ocrx_word' id='word_1_674' title='bbox 537 4806 632 4875; x_wconf 86' lang='lat' dir='ltr'><strong>qui</strong></span> <span class='ocrx_word' id='word_1_675' title='bbox 665 4818 778 4860; x_wconf 90' lang='lat' dir='ltr'><strong>rem</strong></span> <span class='ocrx_word' id='word_1_676' title='bbox 813 4819 917 4860; x_wconf 88' lang='lat' dir='ltr'><strong>non</strong></span> <span class='ocrx_word' id='word_1_677' title='bbox 947 4803 1127 4859; x_wconf 80' lang='lat' dir='ltr'><strong>ferens</strong></span> <span class='ocrx_word' id='word_1_678' title='bbox 1154 4801 1379 4874; x_wconf 85' lang='lat' dir='ltr'><strong>scripsit</strong></span> <span class='ocrx_word' id='word_1_679' title='bbox 1418 4798 1732 4869; x_wconf 87' lang='lat' dir='ltr'><strong>imperatori</strong></span> <span class='ocrx_word' id='word_1_680' title='bbox 1775 4804 1832 4852; x_wconf 83' lang='lat' dir='ltr'><strong>ut</strong></span> <span class='ocrx_word' id='word_1_681' title='bbox 1872 4795 2111 4849; x_wconf 86' lang='lat' dir='ltr'><strong>mitteret</strong></span> 
     </span>
    </p>
   </div>
   <div class='ocr_carea' id='block_1_97' title="bbox 536 4892 2107 4966">
    <p class='ocr_par' dir='ltr' id='par_1_97' title="bbox 536 4892 2107 4966">
     <span class='ocr_line' id='line_1_97' title="bbox 536 4892 2107 4966; baseline -0.01 -13"><span class='ocrx_word' id='word_1_682' title='bbox 536 4897 815 4953; x_wconf 86' lang='lat' dir='ltr'><strong>hominem</strong></span> <span class='ocrx_word' id='word_1_683' title='bbox 837 4895 1121 4966; x_wconf 73' lang='lat' dir='ltr'><strong>lidum,qui</strong></span> <span class='ocrx_word' id='word_1_684' title='bbox 1141 4905 1344 4953; x_wconf 84' lang='lat' dir='ltr'><strong>terram</strong></span> <span class='ocrx_word' id='word_1_685' title='bbox 1374 4907 1526 4949; x_wconf 88' lang='lat' dir='ltr'><strong>suam</strong></span> <span class='ocrx_word' id='word_1_686' title='bbox 1559 4892 1854 4959; x_wconf 85' lang='lat' dir='ltr'><strong>acciperet,</strong></span> <span class='ocrx_word' id='word_1_687' title='bbox 1873 4902 1934 4942; x_wconf 87' lang='lat' dir='ltr'><strong>se</strong></span> <span class='ocrx_word' id='word_1_688' title='bbox 1957 4898 2107 4949; x_wconf 87' lang='lat' dir='ltr'><strong>vero,</strong></span> 
     </span>
    </p>
   </div>
   <div class='ocr_carea' id='block_1_98' title="bbox 542 4975 2111 5060">
    <p class='ocr_par' dir='ltr' id='par_1_98' title="bbox 542 4975 2111 5060">
     <span class='ocr_line' id='line_1_98' title="bbox 542 4975 2111 5060; baseline -0.008 -17"><span class='ocrx_word' id='word_1_689' title='bbox 542 5003 900 5060; x_wconf 78' lang='lat' dir='ltr'><strong>uxoremque,</strong></span> <span class='ocrx_word' id='word_1_690' title='bbox 931 4999 984 5045; x_wconf 87' lang='lat' dir='ltr'><strong>et</strong></span> <span class='ocrx_word' id='word_1_691' title='bbox 1017 4989 1185 5042; x_wconf 80' lang='lat' dir='ltr'><strong>illium</strong></span> <span class='ocrx_word' id='word_1_692' title='bbox 1215 4987 1280 5041; x_wconf 88' lang='lat' dir='ltr'><strong>ad</strong></span> <span class='ocrx_word' id='word_1_693' title='bbox 1316 5001 1437 5040; x_wconf 90' lang='lat' dir='ltr'><strong>eum</strong></span> <span class='ocrx_word' id='word_1_694' title='bbox 1480 4982 1821 5051; x_wconf 85' lang='lat' dir='ltr'><strong>perduceret.</strong></span> <span class='ocrx_word' id='word_1_695' title='bbox 1853 4975 2111 5046; x_wconf 75' lang='lat' dir='ltr'><strong>Misitque</strong></span> 
     </span>
    </p>
   </div>
   <div class='ocr_carea' id='block_1_99' title="bbox 545 5065 2112 5153">
    <p class='ocr_par' dir='ltr' id='par_1_99' title="bbox 545 5065 2112 5153">
     <span class='ocr_line' id='line_1_99' title="bbox 545 5065 2112 5153; baseline -0.01 -17"><span class='ocrx_word' id='word_1_696' title='bbox 545 5082 850 5153; x_wconf 83' lang='lat' dir='ltr'><strong>imperator</strong></span> <span class='ocrx_word' id='word_1_697' title='bbox 882 5065 1386 5153; x_wconf 80' lang='lat' dir='ltr'><strong>protospatharium</strong></span> <span class='ocrx_word' id='word_1_698' title='bbox 1441 5076 1702 5129; x_wconf 84' lang='lat' dir='ltr'><strong>Crinitetn</strong></span> <span class='ocrx_word' id='word_1_699' title='bbox 1727 5080 1781 5128; x_wconf 92' lang='lat' dir='ltr'><strong>et</strong></span> <span class='ocrx_word' id='word_1_700' title='bbox 1838 5072 2112 5136; x_wconf 85' lang='lat' dir='ltr'><strong>interpre-</strong></span> 
     </span>
    </p>
   </div>
   <div class='ocr_carea' id='block_1_100' title="bbox 541 5160 2111 5242">
    <p class='ocr_par' dir='ltr' id='par_1_100' title="bbox 541 5160 2111 5242">
     <span class='ocr_line' id='line_1_100' title="bbox 541 5160 2111 5242; baseline -0.01 -14"><span class='ocrx_word' id='word_1_701' title='bbox 541 5180 650 5228; x_wconf 87' lang='lat' dir='ltr'><strong>tem</strong></span> <span class='ocrx_word' id='word_1_702' title='bbox 675 5191 690 5240; x_wconf 90' lang='lat'><strong>;</strong></span> <span class='ocrx_word' id='word_1_703' title='bbox 722 5173 836 5242; x_wconf 90' lang='lat' dir='ltr'><strong>qui,</strong></span> <span class='ocrx_word' id='word_1_704' title='bbox 856 5172 930 5226; x_wconf 86' lang='lat' dir='ltr'><strong>uti</strong></span> <span class='ocrx_word' id='word_1_705' title='bbox 955 5173 1216 5242; x_wconf 85' lang='lat' dir='ltr'><strong>petierat,</strong></span> <span class='ocrx_word' id='word_1_706' title='bbox 1238 5168 1511 5237; x_wconf 83' lang='lat' dir='ltr'><strong>exciperet</strong></span> <span class='ocrx_word' id='word_1_707' title='bbox 1537 5166 1736 5235; x_wconf 90' lang='lat' dir='ltr'><strong>ipsum,</strong></span> <span class='ocrx_word' id='word_1_708' title='bbox 1763 5171 1816 5218; x_wconf 90' lang='lat' dir='ltr'><strong>et</strong></span> <span class='ocrx_word' id='word_1_709' title='bbox 1845 5162 1900 5217; x_wconf 92' lang='lat' dir='ltr'><strong>in</strong></span> <span class='ocrx_word' id='word_1_710' title='bbox 1922 5160 2111 5215; x_wconf 85' lang='lat' dir='ltr'><strong>urbem</strong></span> 
     </span>
    </p>
   </div>
   <div class='ocr_carea' id='block_1_101' title="bbox 543 5253 2117 5320">
    <p class='ocr_par' dir='ltr' id='par_1_101' title="bbox 543 5253 2117 5320">
     <span class='ocr_line' id='line_1_101' title="bbox 543 5253 2117 5320; baseline -0.008 -2"><span class='ocrx_word' id='word_1_711' title='bbox 543 5278 572 5318; x_wconf 79' lang='grc' dir='ltr'>ι</span> <span class='ocrx_word' id='word_1_712' title='bbox 615 5263 722 5319; x_wconf 89' lang='lat' dir='ltr'><strong>Deo</strong></span> <span class='ocrx_word' id='word_1_713' title='bbox 746 5262 1077 5318; x_wconf 83' lang='lat' dir='ltr'><strong>eustoditam</strong></span> <span class='ocrx_word' id='word_1_714' title='bbox 1113 5260 1428 5314; x_wconf 86' lang='lat' dir='ltr'><strong>adduceret.</strong></span> <span class='ocrx_word' id='word_1_715' title='bbox 1465 5258 1601 5311; x_wconf 90' lang='lat' dir='ltr'><strong>Cum</strong></span> <span class='ocrx_word' id='word_1_716' title='bbox 1654 5269 1783 5310; x_wconf 84' lang='lat' dir='ltr'><strong>vero</strong></span> <span class='ocrx_word' id='word_1_717' title='bbox 1845 5253 1974 5307; x_wconf 89' lang='lat' dir='ltr'><strong>illuc</strong></span> <span class='ocrx_word' id='word_1_718' title='bbox 2019 5266 2117 5320; x_wconf 85' lang='lat' dir='ltr'><strong>ap-</strong></span> 
     </span>
    </p>
   </div>
   <div class='ocr_carea' id='block_1_102' title="bbox 2213 4587 3778 4672">
    <p class='ocr_par' dir='ltr' id='par_1_102' title="bbox 2213 4587 3778 4672">
     <span class='ocr_line' id='line_1_102' title="bbox 2213 4587 3778 4672; baseline -0.012 -16"><span class='ocrx_word' id='word_1_719' title='bbox 2213 4604 2458 4672; x_wconf 84' lang='grc' dir='ltr'>ἀνήγαγε</span> <span class='ocrx_word' id='word_1_720' title='bbox 2485 4597 2766 4669; x_wconf 82' lang='grc' dir='ltr'>Τορνίκιος</span> <span class='ocrx_word' id='word_1_721' title='bbox 2785 4597 2810 4648; x_wconf 84' lang='grc' dir='ltr'>ὁ</span> <span class='ocrx_word' id='word_1_722' title='bbox 2839 4593 2933 4647; x_wconf 81' lang='grc' dir='ltr'>τοῦ</span> <span class='ocrx_word' id='word_1_723' title='bbox 2968 4591 3278 4659; x_wconf 82' lang='grc' dir='ltr'>Ἀπογάνεμ</span> <span class='ocrx_word' id='word_1_724' title='bbox 3303 4590 3412 4652; x_wconf 75' lang='grc' dir='ltr'>υίὸς</span> <span class='ocrx_word' id='word_1_725' title='bbox 3437 4587 3620 4659; x_wconf 71' lang='grc' dir='ltr'>ἔρωτα</span> <span class='ocrx_word' id='word_1_726' title='bbox 3645 4587 3778 4657; x_wconf 70' lang='grc' dir='ltr'>ἔχειν</span> 
     </span>
    </p>
   </div>
   <div class='ocr_carea' id='block_1_103' title="bbox 2215 4675 3777 4764">
    <p class='ocr_par' dir='ltr' id='par_1_103' title="bbox 2215 4675 3777 4764">
     <span class='ocr_line' id='line_1_103' title="bbox 2215 4675 3777 4764; baseline -0.013 -14"><span class='ocrx_word' id='word_1_727' title='bbox 2215 4696 2506 4764; x_wconf 71' lang='grc' dir='ltr'>ὶγκάρδιον</span> <span class='ocrx_word' id='word_1_728' title='bbox 2533 4689 2816 4756; x_wconf 77' lang='grc' dir='ltr'>εἰσελθεῖν,</span> <span class='ocrx_word' id='word_1_729' title='bbox 2850 4686 2947 4741; x_wconf 77' lang='grc' dir='ltr'>καὶ</span> <span class='ocrx_word' id='word_1_730' title='bbox 2974 4686 3065 4739; x_wconf 65' lang='grc' dir='ltr'><strong>τὸν</strong></span> <span class='ocrx_word' id='word_1_731' title='bbox 3104 4683 3330 4756; x_wconf 83' lang='grc' dir='ltr'>βασιλέα</span> <span class='ocrx_word' id='word_1_732' title='bbox 3363 4680 3677 4736; x_wconf 80' lang='grc' dir='ltr'>θεάσασθαι·</span> <span class='ocrx_word' id='word_1_733' title='bbox 3698 4675 3777 4746; x_wconf 72' lang='grc' dir='ltr'><strong>ἐφ’</strong></span> 
     </span>
    </p>
   </div>
   <div class='ocr_carea' id='block_1_104' title="bbox 2185 4769 3778 4858">
    <p class='ocr_par' dir='ltr' id='par_1_104' title="bbox 2185 4769 3778 4858">
     <span class='ocr_line' id='line_1_104' title="bbox 2185 4769 3778 4858; baseline -0.014 -14"><span class='ocrx_word' id='word_1_734' title='bbox 2185 4782 2259 4858; x_wconf 74' lang='grc' dir='ltr'><strong>-ᾧ</strong></span> <span class='ocrx_word' id='word_1_735' title='bbox 2281 4789 2370 4842; x_wconf 71' lang='grc' dir='ltr'>τὸν</span> <span class='ocrx_word' id='word_1_736' title='bbox 2407 4780 2895 4856; x_wconf 75' lang='grc' dir='ltr'>πρωτοσπαθάριον</span> <span class='ocrx_word' id='word_1_737' title='bbox 2927 4776 3189 4846; x_wconf 79' lang='grc' dir='ltr'>Κρινίτην</span> <span class='ocrx_word' id='word_1_738' title='bbox 3239 4777 3333 4828; x_wconf 74' lang='grc' dir='ltr'>καὶ</span> <span class='ocrx_word' id='word_1_739' title='bbox 3380 4770 3714 4846; x_wconf 74' lang='grc' dir='ltr'>ἑρμηνευτὴν</span> <span class='ocrx_word' id='word_1_740' title='bbox 3750 4769 3778 4821; x_wconf 84' lang='grc'>6</span> 
     </span>
    </p>
   </div>
   <div class='ocr_carea' id='block_1_105' title="bbox 2218 4862 3776 4951">
    <p class='ocr_par' dir='ltr' id='par_1_105' title="bbox 2218 4862 3776 4951">
     <span class='ocr_line' id='line_1_105' title="bbox 2218 4862 3776 4951; baseline -0.013 -18"><span class='ocrx_word' id='word_1_741' title='bbox 2218 4878 2469 4951; x_wconf 78' lang='grc' dir='ltr'>βασιλεὺς</span> <span class='ocrx_word' id='word_1_742' title='bbox 2504 4871 2902 4940; x_wconf 78' lang='grc' dir='ltr'>ἰξαπέστειλεν,</span> <span class='ocrx_word' id='word_1_743' title='bbox 2934 4869 2993 4934; x_wconf 75' lang='grc' dir='ltr'>ὃς</span> <span class='ocrx_word' id='word_1_744' title='bbox 3016 4867 3111 4923; x_wconf 73' lang='grc' dir='ltr'>καὶ</span> <span class='ocrx_word' id='word_1_745' title='bbox 3140 4868 3433 4938; x_wconf 88' lang='grc' dir='ltr'>εἰσήγαγεν</span> <span class='ocrx_word' id='word_1_746' title='bbox 3458 4868 3517 4918; x_wconf 79' lang='grc' dir='ltr'>ὲν</span> <span class='ocrx_word' id='word_1_747' title='bbox 3542 4865 3608 4934; x_wconf 76' lang='grc' dir='ltr'>τῇ</span> <span class='ocrx_word' id='word_1_748' title='bbox 3638 4862 3776 4927; x_wconf 74' lang='grc' dir='ltr'>πόλει</span> 
     </span>
    </p>
   </div>
   <div class='ocr_carea' id='block_1_106' title="bbox 2217 4953 3775 5042">
    <p class='ocr_par' dir='ltr' id='par_1_106' title="bbox 2217 4953 3775 5042">
     <span class='ocr_line' id='line_1_106' title="bbox 2217 4953 3775 5042; baseline -0.015 -15"><span class='ocrx_word' id='word_1_749' title='bbox 2217 4976 2307 5027; x_wconf 68' lang='grc' dir='ltr'><strong>τὸν</strong></span> <span class='ocrx_word' id='word_1_750' title='bbox 2360 4971 2647 5042; x_wconf 82' lang='grc' dir='ltr'>εἰρημένον</span> <span class='ocrx_word' id='word_1_751' title='bbox 2696 4967 3000 5038; x_wconf 79' lang='grc' dir='ltr'>Τορνίκιον,</span> <span class='ocrx_word' id='word_1_752' title='bbox 3035 4962 3131 5016; x_wconf 73' lang='grc' dir='ltr'>καὶ</span> <span class='ocrx_word' id='word_1_753' title='bbox 3179 4961 3461 5034; x_wconf 83' lang='grc' dir='ltr'>προήγαγε</span> <span class='ocrx_word' id='word_1_754' title='bbox 3505 4957 3598 5012; x_wconf 78' lang='grc' dir='ltr'>τὸν</span> <span class='ocrx_word' id='word_1_755' title='bbox 3628 4953 3775 5009; x_wconf 74' lang='grc' dir='ltr'>αὐτὸν</span> 
     </span>
    </p>
   </div>
   <div class='ocr_carea' id='block_1_107' title="bbox 2220 5048 3770 5137">
    <p class='ocr_par' dir='ltr' id='par_1_107' title="bbox 2220 5048 3770 5137">
     <span class='ocr_line' id='line_1_107' title="bbox 2220 5048 3770 5137; baseline -0.014 -16"><span class='ocrx_word' id='word_1_756' title='bbox 2220 5067 2501 5137; x_wconf 81' lang='grc' dir='ltr'>Τορνίκιον</span> <span class='ocrx_word' id='word_1_757' title='bbox 2528 5066 2556 5118; x_wconf 87' lang='grc' dir='ltr'>ὁ</span> <span class='ocrx_word' id='word_1_758' title='bbox 2596 5061 2845 5134; x_wconf 82' lang='grc' dir='ltr'>βασιλεὺς</span> <span class='ocrx_word' id='word_1_759' title='bbox 2873 5061 2949 5122; x_wconf 85' lang='grc' dir='ltr'>εἰς</span> <span class='ocrx_word' id='word_1_760' title='bbox 2983 5056 3078 5128; x_wconf 83' lang='grc' dir='ltr'>τὴν</span> <span class='ocrx_word' id='word_1_761' title='bbox 3124 5055 3232 5108; x_wconf 82' lang='grc' dir='ltr'><strong>τῶν</strong></span> <span class='ocrx_word' id='word_1_762' title='bbox 3271 5052 3574 5123; x_wconf 82' lang='grc' dir='ltr'>πατρικίων</span> <span class='ocrx_word' id='word_1_763' title='bbox 3603 5048 3770 5117; x_wconf 68' lang='grc' dir='ltr'>τιμήν.</span> 
     </span>
    </p>
   </div>
   <div class='ocr_carea' id='block_1_108' title="bbox 2223 5143 3772 5227">
    <p class='ocr_par' dir='ltr' id='par_1_108' title="bbox 2223 5143 3772 5227">
     <span class='ocr_line' id='line_1_108' title="bbox 2223 5143 3772 5227; baseline -0.014 -15"><span class='ocrx_word' id='word_1_764' title='bbox 2223 5155 2568 5227; x_wconf 81' lang='grc' dir='ltr'>Προετείνετο</span> <span class='ocrx_word' id='word_1_765' title='bbox 2606 5153 2663 5205; x_wconf 75' lang='grc' dir='ltr'>δὲ</span> <span class='ocrx_word' id='word_1_766' title='bbox 2707 5149 3064 5217; x_wconf 81' lang='grc' dir='ltr'>δικαιολογίας</span> <span class='ocrx_word' id='word_1_767' title='bbox 3103 5149 3193 5200; x_wconf 68' lang='grc' dir='ltr'><strong>ἐπὶ</strong></span> <span class='ocrx_word' id='word_1_768' title='bbox 3226 5146 3306 5217; x_wconf 84' lang='grc' dir='ltr'>τῷ</span> <span class='ocrx_word' id='word_1_769' title='bbox 3363 5144 3455 5199; x_wconf 75' lang='grc' dir='ltr'>τοῦ</span> <span class='ocrx_word' id='word_1_770' title='bbox 3504 5143 3772 5214; x_wconf 79' lang='grc' dir='ltr'>Βαρϐἀρου</span> 
     </span>
    </p>
   </div>
   <div class='ocr_carea' id='block_1_109' title="bbox 2217 5235 3772 5320">
    <p class='ocr_par' dir='ltr' id='par_1_109' title="bbox 2217 5235 3772 5320">
     <span class='ocr_line' id='line_1_109' title="bbox 2217 5235 3772 5320; baseline -0.013 -17"><span class='ocrx_word' id='word_1_771' title='bbox 2217 5251 2370 5320; x_wconf 77' lang='grc' dir='ltr'>οἴκῳ·</span> <span class='ocrx_word' id='word_1_772' title='bbox 2407 5249 2500 5301; x_wconf 78' lang='grc' dir='ltr'>καὶ</span> <span class='ocrx_word' id='word_1_773' title='bbox 2543 5244 2783 5306; x_wconf 82' lang='grc' dir='ltr'>ἀκούσας</span> <span class='ocrx_word' id='word_1_774' title='bbox 2837 5244 2918 5296; x_wconf 84' lang='grc' dir='ltr'>ὅτι</span> <span class='ocrx_word' id='word_1_775' title='bbox 2975 5241 3297 5311; x_wconf 81' lang='grc' dir='ltr'>προάστειον</span> <span class='ocrx_word' id='word_1_776' title='bbox 3356 5236 3538 5292; x_wconf 74' lang='grc' dir='ltr'>λαϐὼν</span> <span class='ocrx_word' id='word_1_777' title='bbox 3571 5237 3597 5289; x_wconf 81' lang='grc' dir='ltr'>ὁ</span> <span class='ocrx_word' id='word_1_778' title='bbox 3643 5235 3772 5295; x_wconf 79' lang='grc' dir='ltr'>θεῖος</span> 
     </span>
    </p>
   </div>
   <div class='ocr_carea' id='block_1_110' title="bbox 543 5323 2101 5425">
    <p class='ocr_par' dir='ltr' id='par_1_110' title="bbox 543 5345 2101 5425">
     <span class='ocr_line' id='line_1_110' title="bbox 543 5345 2101 5425; baseline -0.008 -15"><span class='ocrx_word' id='word_1_779' title='bbox 543 5356 777 5425; x_wconf 83' lang='lat' dir='ltr'><strong>pulisset</strong></span> <span class='ocrx_word' id='word_1_780' title='bbox 801 5350 1065 5420; x_wconf 87' lang='lat' dir='ltr'><strong>Crinites,</strong></span> <span class='ocrx_word' id='word_1_781' title='bbox 1101 5351 1362 5420; x_wconf 82' lang='lat' dir='ltr'><strong>eumjam</strong></span> <span class='ocrx_word' id='word_1_782' title='bbox 1419 5359 1692 5403; x_wconf 87' lang='lat' dir='ltr'><strong>mortuum</strong></span> <span class='ocrx_word' id='word_1_783' title='bbox 1738 5345 1970 5407; x_wconf 83' lang='lat' dir='ltr'><strong>invenit,</strong></span> <span class='ocrx_word' id='word_1_784' title='bbox 2023 5357 2101 5399; x_wconf 76' lang='lat' dir='ltr'><strong>set</strong></span> 
     </span>
    </p>
   </div>
   <div class='ocr_carea' id='block_1_111' title="bbox 2205 5323 3762 5425">
    <p class='ocr_par' dir='ltr' id='par_1_111' title="bbox 2219 5323 3762 5409">
     <span class='ocr_line' id='line_1_111' title="bbox 2219 5323 3762 5409; baseline -0.011 -12"><span class='ocrx_word' id='word_1_785' title='bbox 2219 5341 2384 5396; x_wconf 77' lang='grc' dir='ltr'>αὐτοῦ</span> <span class='ocrx_word' id='word_1_786' title='bbox 2421 5341 2478 5393; x_wconf 70' lang='grc' dir='ltr'>ἐν</span> <span class='ocrx_word' id='word_1_787' title='bbox 2504 5341 2570 5409; x_wconf 83' lang='grc' dir='ltr'>τῇ</span> <span class='ocrx_word' id='word_1_788' title='bbox 2603 5335 2886 5406; x_wconf 76' lang='grc' dir='ltr'>Κελτζηνῇ</span> <span class='ocrx_word' id='word_1_789' title='bbox 2911 5333 3009 5405; x_wconf 79' lang='grc' dir='ltr'>τὴν</span> <span class='ocrx_word' id='word_1_790' title='bbox 3033 5331 3226 5388; x_wconf 88' lang='grc' dir='ltr'>τούτου</span> <span class='ocrx_word' id='word_1_791' title='bbox 3267 5329 3658 5400; x_wconf 82' lang='grc' dir='ltr'>παρεχώρησεν</span> <span class='ocrx_word' id='word_1_792' title='bbox 3684 5323 3762 5390; x_wconf 67' lang='grc' dir='ltr'><strong>ἑξ·</strong></span> 
     </span>
    </p>
   </div>
   <div class='ocr_carea' id='block_1_112' title="bbox 547 5414 2101 5506">
    <p class='ocr_par' dir='ltr' id='par_1_112' title="bbox 547 5414 2101 5506">
     <span class='ocr_line' id='line_1_112' title="bbox 547 5414 2101 5506; baseline -0.01 -2"><span class='ocrx_word' id='word_1_793' title='bbox 547 5414 875 5504; x_wconf 67' lang='lat' dir='ltr'><strong>tostamento</strong></span> <span class='ocrx_word' id='word_1_794' title='bbox 919 5453 1046 5500; x_wconf 88' lang='lat' dir='ltr'><strong>ante</strong></span> <span class='ocrx_word' id='word_1_795' title='bbox 1085 5414 1316 5499; x_wconf 79' lang='lat' dir='ltr'><strong>mortem</strong></span> <span class='ocrx_word' id='word_1_796' title='bbox 1370 5443 1602 5505; x_wconf 81' lang='lat' dir='ltr'><strong>cavisse,</strong></span> <span class='ocrx_word' id='word_1_797' title='bbox 1662 5448 1718 5493; x_wconf 90' lang='lat' dir='ltr'><strong>ut</strong></span> <span class='ocrx_word' id='word_1_798' title='bbox 1779 5446 1895 5493; x_wconf 81' lang='lat' dir='ltr'><strong>tota</strong></span> <span class='ocrx_word' id='word_1_799' title='bbox 1951 5437 2101 5506; x_wconf 75' lang='lat' dir='ltr'><strong>ipsiu:</strong></span> 
     </span>
    </p>
   </div>
   <div class='ocr_carea' id='block_1_113' title="bbox 2205 5414 3771 5506">
    <p class='ocr_par' dir='ltr' id='par_1_113' title="bbox 2222 5414 3771 5498">
     <span class='ocr_line' id='line_1_113' title="bbox 2222 5414 3771 5498; baseline -0.01 -11"><span class='ocrx_word' id='word_1_800' title='bbox 2222 5433 2428 5496; x_wconf 85' lang='grc' dir='ltr'>ουσίαν,</span> <span class='ocrx_word' id='word_1_801' title='bbox 2472 5429 2625 5496; x_wconf 78' lang='grc' dir='ltr'>ἔλεγε</span> <span class='ocrx_word' id='word_1_802' title='bbox 2669 5425 2745 5498; x_wconf 75' lang='grc' dir='ltr'>μὴ</span> <span class='ocrx_word' id='word_1_803' title='bbox 2773 5424 3050 5488; x_wconf 69' lang='grc' dir='ltr'>,δύνασθαι</span> <span class='ocrx_word' id='word_1_804' title='bbox 3104 5421 3198 5476; x_wconf 76' lang='grc' dir='ltr'>τὸν</span> <span class='ocrx_word' id='word_1_805' title='bbox 3227 5421 3369 5476; x_wconf 77' lang='grc' dir='ltr'>θεῖον</span> <span class='ocrx_word' id='word_1_806' title='bbox 3397 5419 3560 5474; x_wconf 74' lang='grc' dir='ltr'>αὑτοῦ</span> <span class='ocrx_word' id='word_1_807' title='bbox 3602 5417 3686 5473; x_wconf 71' lang='grc' dir='ltr'>ἰπὶ</span> <span class='ocrx_word' id='word_1_808' title='bbox 3713 5414 3771 5483; x_wconf 72' lang='grc' dir='ltr'>τῇ</span> 
     </span>
    </p>
   </div>
   <div class='ocr_carea' id='block_1_114' title="bbox 543 5505 2101 5607">
    <p class='ocr_par' dir='ltr' id='par_1_114' title="bbox 543 5534 2101 5607">
     <span class='ocr_line' id='line_1_114' title="bbox 543 5534 2101 5607; baseline -0.008 -14"><span class='ocrx_word' id='word_1_809' title='bbox 543 5543 701 5594; x_wconf 84' lang='lat' dir='ltr'><strong>terra</strong></span> <span class='ocrx_word' id='word_1_810' title='bbox 731 5535 1101 5594; x_wconf 81' lang='lat' dir='ltr'><strong>Romanorum</strong></span> <span class='ocrx_word' id='word_1_811' title='bbox 1134 5534 1445 5607; x_wconf 85' lang='lat' dir='ltr'><strong>imperatori</strong></span> <span class='ocrx_word' id='word_1_812' title='bbox 1471 5540 1701 5604; x_wconf 83' lang='lat' dir='ltr'><strong>pareret,</strong></span> <span class='ocrx_word' id='word_1_813' title='bbox 1725 5544 1969 5600; x_wconf 77' lang='lat' dir='ltr'><strong>uxorque</strong></span> <span class='ocrx_word' id='word_1_814' title='bbox 2000 5541 2101 5582; x_wconf 86' lang='lat' dir='ltr'><strong>cun</strong></span> 
     </span>
    </p>
   </div>
   <div class='ocr_carea' id='block_1_115' title="bbox 2205 5505 3771 5607">
    <p class='ocr_par' dir='ltr' id='par_1_115' title="bbox 2229 5505 3771 5592">
     <span class='ocr_line' id='line_1_115' title="bbox 2229 5505 3771 5592; baseline -0.014 -14"><span class='ocrx_word' id='word_1_815' title='bbox 2229 5523 2471 5592; x_wconf 78' lang='grc' dir='ltr'>πατρικῇ</span> <span class='ocrx_word' id='word_1_816' title='bbox 2498 5515 2835 5590; x_wconf 73' lang='grc' dir='ltr'>κληρονομίᾳ</span> <span class='ocrx_word' id='word_1_817' title='bbox 2881 5513 3048 5569; x_wconf 82' lang='grc' dir='ltr'>αὐτοῦ</span> <span class='ocrx_word' id='word_1_818' title='bbox 3105 5510 3381 5566; x_wconf 83' lang='grc' dir='ltr'>ποιεῖσθαι</span> <span class='ocrx_word' id='word_1_819' title='bbox 3431 5505 3771 5576; x_wconf 68' lang='grc' dir='ltr'>ἀπαλλαγὴν,</span> 
     </span>
    </p>
   </div>
   <div class='ocr_carea' id='block_1_116' title="bbox 1730 5637 2646 5706">
    <p class='ocr_par' dir='ltr' id='par_1_116' title="bbox 1730 5637 2646 5706">
     <span class='ocr_line' id='line_1_116' title="bbox 1730 5637 2646 5706; baseline -0.015 1"><span class='ocrx_word' id='word_1_820' title='bbox 1730 5642 2029 5706; x_wconf 78' lang='lat' dir='ltr'><strong>ANSELMI</strong></span> <span class='ocrx_word' id='word_1_821' title='bbox 2055 5640 2384 5700; x_wconf 73' lang='lat' dir='ltr'><strong>BANDUBII</strong></span> <span class='ocrx_word' id='word_1_822' title='bbox 2411 5637 2646 5697; x_wconf 64' lang='lat' dir='ltr'><strong>NOTE.</strong></span> 
     </span>
    </p>
   </div>
   <div class='ocr_carea' id='block_1_117' title="bbox 617 5719 2101 5822">
    <p class='ocr_par' dir='ltr' id='par_1_117' title="bbox 617 5737 2084 5822">
     <span class='ocr_line' id='line_1_117' title="bbox 617 5737 2084 5822; baseline -0.016 -8"><span class='ocrx_word' id='word_1_823' title='bbox 617 5745 730 5822; x_wconf 61' lang='grc'><strong>(83)</strong></span> <span class='ocrx_word' id='word_1_824' title='bbox 768 5749 841 5806; x_wconf 86' lang='lat' dir='ltr'><strong>Ita</strong></span> <span class='ocrx_word' id='word_1_825' title='bbox 886 5766 988 5808; x_wconf 82' lang='lat' dir='ltr'><strong>ms.</strong></span> <span class='ocrx_word' id='word_1_826' title='bbox 1023 5744 1194 5806; x_wconf 80' lang='lat' dir='ltr'><strong>codex</strong></span> <span class='ocrx_word' id='word_1_827' title='bbox 1230 5749 1371 5806; x_wconf 81' lang='lat' dir='ltr'><strong>Editt</strong></span> <span class='ocrx_word' id='word_1_828' title='bbox 1419 5749 1636 5814; x_wconf 88' lang='lat' dir='ltr'><strong>habent,</strong></span> <span class='ocrx_word' id='word_1_829' title='bbox 1692 5743 1842 5818; x_wconf 74' lang='grc' dir='ltr'>παρά</span> <span class='ocrx_word' id='word_1_830' title='bbox 1884 5758 1945 5796; x_wconf 78' lang='grc' dir='ltr'><strong>τε</strong></span> <span class='ocrx_word' id='word_1_831' title='bbox 1991 5737 2084 5791; x_wconf 81' lang='grc' dir='ltr'>τοῦ</span> 
     </span>
    </p>
   </div>
   <div class='ocr_carea' id='block_1_118' title="bbox 2205 5719 3768 5822">
    <p class='ocr_par' dir='ltr' id='par_1_118' title="bbox 2205 5719 3768 5803">
     <span class='ocr_line' id='line_1_118' title="bbox 2205 5719 3768 5803; baseline -0.011 -14"><span class='ocrx_word' id='word_1_832' title='bbox 2205 5722 2361 5803; x_wconf 65' lang='lat' dir='ltr'><strong>utan;</strong></span> <span class='ocrx_word' id='word_1_833' title='bbox 2396 5729 2448 5789; x_wconf 82' lang='lat' dir='ltr'><strong>et</strong></span> <span class='ocrx_word' id='word_1_834' title='bbox 2480 5733 2620 5787; x_wconf 74' lang='lat' dir='ltr'><strong>intra</strong></span> <span class='ocrx_word' id='word_1_835' title='bbox 2659 5729 2850 5788; x_wconf 81' lang='lat' dir='ltr'><strong>eodem</strong></span> <span class='ocrx_word' id='word_1_836' title='bbox 2893 5726 3076 5798; x_wconf 85' lang='lat' dir='ltr'><strong>modo,</strong></span> <span class='ocrx_word' id='word_1_837' title='bbox 3112 5741 3236 5783; x_wconf 88' lang='lat' dir='ltr'><strong>cum</strong></span> <span class='ocrx_word' id='word_1_838' title='bbox 3303 5723 3360 5780; x_wconf 87' lang='lat' dir='ltr'><strong>in</strong></span> <span class='ocrx_word' id='word_1_839' title='bbox 3426 5737 3559 5781; x_wconf 75' lang='lat' dir='ltr'><strong>mss.</strong></span> <span class='ocrx_word' id='word_1_840' title='bbox 3615 5719 3768 5775; x_wconf 72' lang='grc' dir='ltr'>Κακιο</span> 
     </span>
    </p>
   </div>
   <div class='ocr_carea' id='block_1_119' title="bbox 544 5824 1218 5894">
    <p class='ocr_par' dir='ltr' id='par_1_119' title="bbox 544 5824 1218 5894">
     <span class='ocr_line' id='line_1_119' title="bbox 544 5824 1218 5894; baseline -0.001 -16"><span class='ocrx_word' id='word_1_841' title='bbox 544 5827 667 5879; x_wconf 76' lang='grc' dir='ltr'>κίον</span> <span class='ocrx_word' id='word_1_842' title='bbox 696 5824 987 5894; x_wconf 79' lang='lat' dir='ltr'><strong>utrobique</strong></span> <span class='ocrx_word' id='word_1_843' title='bbox 1009 5824 1218 5894; x_wconf 75' lang='lat' dir='ltr'><strong>legatur</strong></span> 
     </span>
    </p>
   </div>
  </div>
