4070 6326
471 222 590 285 3375

1471 221 1974 288 CONSTANTINI
2006 226 2676 290 PORPHYROGENITI

3629 223 3742 293 3'76

488 332 727 391 Crinites
762 342 817 391 ct
860 340 1062 406 praetor
1105 332 1308 390 tributa
1346 334 1457 391 illis
1488 336 1740 405 graviora
1773 337 2057 407 imposuit,

2168 338 2474 411 στρατεύσῃ
2505 337 2629 393 κατ’
2654 338 2854 403 αὐτῶν,
2890 339 2986 394 καὶ
3019 334 3453 409 καταπολεμήσῃ
3490 338 3582 391 καὶ
3607 337 3749 390 ὐπο-

490 423 738 497 Milcngis
772 427 990 496 quidem
1024 425 1091 481 ad
1112 429 1389 496 sexaginta
1424 430 1777 495 nomismata,
1809 444 1933 499 qum
1962 444 2061 484 an-

489 528 575 572 tea
617 517 932 583 solvebant,
968 518 1075 572 alia
1124 520 1427 590 quingenta
1479 530 1534 577 et
1563 522 1948 591 quadraginta,
1987 522 2060 576 ita

491 618 549 664 ut
576 611 896 665 universum
922 610 1165 680 ipsorum
1200 612 1467 671 tributum
1497 622 1642 669 esset
1664 615 2060 669 nomismatum

494 712 882 758 sescentorum
914 719 929 757 :
965 701 1200 760 Exeritis
1234 720 1361 761 vero
1395 720 1561 776 supra
1593 715 1832 762 trecenta
1856 706 2062 761 nomis-

489 804 633 849 mata
669 796 901 865 pristina
947 797 1055 852 alia
1107 805 1376 864 trecenta,
1444 808 1504 852 ut
1533 807 1721 856 essent
1766 807 2057 864 sescenta;

484 902 607 959 quae
642 891 821 960 exegit
857 905 1079 961 quoque
1112 892 1251 947 idem
1284 890 1769 961 Protospatharius
1795 890 2057 958 Crinites,

484 981 780 1051 intulitque
831 983 887 1037 in
941 998 1158 1037 sacrum
1213 984 1550 1039 cubiculum.
1603 983 2059 1054 Protospathario

484 1087 669 1134 autem
714 1078 927 1135 Crinitc
956 1081 1010 1136 in
1038 1079 1263 1137 Graeciae
1299 1081 1483 1136 thema
1529 1081 1892 1150 transposito,
1930 1094 2057 1136 cum

485 1170 540 1225 in
576 1170 960 1241 Peloponneso
1008 1177 1374 1229 successisset
1411 1173 1897 1243 ProtOSpatharius
1922 1170 2059 1227 Bar-

483 1263 585 1320 das
617 1263 898 1336 Platypus,
931 1273 985 1321 et
1009 1266 1185 1320 turbae
1226 1280 1295 1321 ac
1326 1251 1495 1321 factio
1521 1275 1725 1321 exortae
1759 1273 1943 1322 essent
1971 1265 2058 1320 in-

484 1364 568 1410 ter
616 1355 797 1425 ipsum
851 1356 1354 1426 pretospatharium
1409 1354 1644 1411 Bardam
1680 1355 2055 1427 Platypodem,

484 1446 730 1517 aliosque
791 1446 911 1517 ejus
950 1446 1123 1517 partis
1158 1447 1633 1518 protospatharios
1682 1456 1848 1516 atque
1906 1447 2059 1519 prin-

484 1538 655 1607 cipes,
710 1538 804 1609 qui
866 1537 1373 1609 protospatharium
1444 1537 1680 1593 Leonem
1737 1538 2054 1608 Agelastum

482 1632 725 1687 themate
761 1633 1113 1703 expulerant,
1135 1633 1387 1707 protinus
1417 1633 1472 1688 in
1497 1631 1702 1687 Thema
1734 1631 1864 1686 illud
1898 1629 2057 1686 Sclao

482 1722 727 1778 besianis
756 1723 1124 1787 irruentibus,
1162 1724 1432 1779 miserunt
1457 1722 1533 1777 illi
1588 1722 1687 1793 ipsi
1716 1721 1920 1787 Sclavl,
1954 1719 2056 1775 Mi-
2088 1712 2131 1771 Β

481 1812 624 1883 lengi
656 1818 709 1867 et
739 1810 970 1868 Ezeritat
996 1812 1063 1867 ad
1091 1813 1372 1867 dominum
1410 1809 1722 1867 Romanum
1760 1812 2059 1881 imperato-

479 1919 616 1965 rem,
672 1904 1213 1959 commiserationem
1252 1912 1497 1973 petentes
1542 1917 1714 1972 super
1753 1902 1930 1957 auctis
1960 1901 2061 1955 tri.

482 1990 652 2058 bulis,
690 1994 1255 2065 permitterenturque
1289 2009 1351 2047 ea
1384 1991 1620 2064 pendere
1645 1993 1825 2061 qualia
1850 1988 2057 2061 pridem

478 2086 872 2158 pependerant.
904 2087 1207 2157 Imperator
1236 2093 1419 2140 autem
1463 2083 1537 2139 ob
1579 2082 2057 2138 Sclabesianorum

480 2178 777 2232 adventum
801 2177 1015 2239 Veritus
1032 2191 1101 2231 ne
1136 2174 1349 2230 Sclavis
1382 2174 1662 2242 conjuncti
1691 2173 1916 2227 omnino
1933 2185 2058 2225 eum

482 2270 724 2326 themate
776 2267 1149 2338 Peloponnesi
1196 2258 1485 2328 exuerent,
1535 2278 1761 2319 auream
1792 2261 1904 2318 illis
1933 2259 2060 2316 bul-

480 2364 590 2419 lam
623 2362 793 2429 dedit,
833 2372 891 2417 nt
917 2361 1121 2417 tributa
1154 2350 1369 2414 tantum
1401 2357 1682 2412 solverent
1704 2353 2066 2427 quemadmoc

480 2454 610 2510 dum
639 2452 888 2525 primitus
918 2452 1185 2515 solebant,
1227 2449 1443 2517 Milcngi
1478 2448 1687 2503 scilicet
1733 2446 2061 2501 nomismata

483 2544 790 2618 sexaginta,
809 2544 1039 2601 Ezerita:
1070 2558 1199 2598 vero
1220 2542 1549 2597 nomismata
1592 2547 1856 2594 trecenta.
1880 2538 2060 2606 Atque

482 2639 599 2693 haec
625 2634 845 2709 quidem
862 2650 1030 2692 causa
1047 2634 1147 2689 fuit
1172 2634 1316 2688 aucti
1341 2632 1929 2701 imminutiquerursus
1957 2626 2061 2682 Mi-

482 2730 767 2801 leogorum
805 2737 860 2786 et
888 2728 1230 2785 Ezeritarum
1262 2723 1474 2779 tributi.
1495 2722 1791 2777 Sciendum
1812 2733 1941 2774 vero
1964 2723 2051 2773 est

482 2820 819 2876 habitatores
850 2816 1005 2876 urbis
1038 2818 1246 2873 Maiues
1276 2831 1307 2870 a
1328 2814 1605 2885 praedictis
1656 2808 2061 2880 Sclavisorigi-

480 2928 609 2969 nem
651 2929 759 2969 non
787 2911 1013 2977 ducere,
1045 2910 1141 2967 sed
1184 2910 1252 2964 ab
1305 2905 1712 2977 antiquioribus
1756 2901 2058 2967 Romanis;

480 3006 649 3077 quiin
676 3005 1002 3061 hodiernum
1033 3017 1212 3073 usque
1239 3000 1383 3057 diem
1426 3000 1495 3053 ab
1518 2998 1716 3054 incolis
1745 2994 1917 3052 Graeci
1963 3007 2061 3064 ap—

482 3096 778 3170 pellantur,
809 3098 954 3169 quod
1003 3095 1201 3166 priscis
1239 3090 1584 3162 temporibus
1612 3088 1913 3143 idololatrae
1937 3086 2046 3141 l‘ue~

480 3190 617 3255 rint,
637 3202 704 3244 ac
724 3190 994 3244 idolorum
1013 3188 1276 3253 cultores,
1295 3196 1537 3239 veterum
1568 3182 1882 3237 Graecorum
1909 3180 2052 3247 ritu;

482 3282 577 3353 qui
608 3280 829 3346 quidem
858 3279 1252 3350 rempublicam
1304 3275 1604 3331 Romanam
1637 3273 2057 3328 administrante

481 3370 749 3441 praelato
764 3367 858 3424 illo
876 3371 1207 3441 imperatore
1225 3368 1450 3433 Basilio,
1470 3380 1595 3421 cum
1619 3365 1889 3436 baptismo
1906 3361 2058 3417 Chri-

483 3465 716 3517 stianam
761 3460 919 3518 tidem
947 3461 1180 3532 amplexi
1204 3468 1358 3515 sunt.
1380 3458 1556 3515 Locus
1587 3472 1739 3523 vero,
1772 3473 1932 3528 quem
1960 3456 2059 3509 ba-

488 3553 684 3616 bitant,
715 3566 981 3623 aquarum
1014 3565 1212 3621 expers
1236 3560 1338 3616 est,
1361 3562 1412 3605 et
1447 3551 1789 3613 inaccessus,
1825 3548 1918 3602 sed
1950 3545 2057 3600 oli-

482 3646 641 3709 viler,
676 3660 787 3715 quo
822 3660 882 3701 se
903 3644 1278 3711 consolantur.
1306 3642 1461 3713 135
1480 3641 1635 3698 Iacet
1658 3650 1838 3696 autem
1859 3640 1947 3694 hic
1975 3640 2053 3694 loc

482 3732 651 3795 cus’in
684 3738 854 3793 Malea
881 3735 1260 3808 promontorio
1278 3736 1419 3787 ultra
1442 3732 1669 3788 Ezerum
1686 3744 1883 3786 versus
1904 3743 2056 3783 oram

483 3828 844 3885 maritimam.
870 3827 933 3879 Et
968 3823 1411 3896 quandoquidem
1453 3823 1613 3890 plane
1650 3820 1881 3890 subjecti
1909 3825 2057 3885 sunt,

484 3919 901 3991 principemque
927 3934 956 3971 a
986 3927 1220 3987 praetore
1266 3914 1568 3986 accipiunt.
1601 3912 1759 3982 cujus
1785 3910 2059 3966 mandatis

485 4014 891 4083 obtemperant,
909 4026 972 4065 ex
998 4008 1386 4079 antiquissimo
1405 4014 1649 4083 tempore
1665 4003 1931 4058 tributum
1954 4003 2063 4057 sol-

486 4113 623 4162 vunt
647 4106 976 4161 nomismata
1005 4101 1426 4171 quadringenta.
1450 4089 1811 4168 Cappadocia
1827 4104 2060 4167 praetura

488 4196 617 4253 olim
645 4206 821 4251 turma
844 4191 1672 4263 eratpraeturaeAnatolicorum,
1695 4186 2067 4260 Cephalleniae

486 4289 881 4361 przetura,sive
904 4288 1108 4350 "mula,
1134 4293 1314 4341 turma
1346 4284 1473 4339 olim
1507 4290 1625 4337 erat
1650 4292 1900 4353 praeturae
1914 4279 2064 4335 Lon-

2161 429 2300 503 τάξῃ
2318 432 2411 484 καὶ
2432 430 2795 505 ὲξολοθρεύσῃ
2812 430 3031 485 αὐτούς.
3069 430 3402 499 Ἀρξάμενος
3455 428 3549 483 οὖν
3581 427 3750 482 πολε-

2166 526 2285 594 μεῖν
2314 524 2511 586 αὐτοὺς
2534 523 2643 595 (‘22)
2660 523 2768 577 ἀπὸ
2785 522 2955 594 μηνὸς
2984 524 3251 592 Μαρτίου,
3275 523 3369 576 καὶ
3389 522 3749 583 κατακαύσας

2159 616 2230 669 τὰ
2250 614 2383 686 θέρη
2404 618 2608 681 αὐτῶν,
2630 618 2728 671 καὶ
2752 616 3083 687 ληϊσάμενος
3107 618 3285 670 πᾶσαν
3303 615 3401 686 τὴν
3415 614 3518 684 γῆν
3538 612 3748 677 αὐτῶν,

2162 703 2317 778 ἔσχεν
2351 707 2549 770 αὐτοὺς
2595 707 3023 777 ἀνθισταμένους
3060 705 3151 759 καὶ
3186 706 3508 773 ἀντέχοντας
3578 702 3747 774 μέχρι

2165 802 2332 875 μηνὸς
2366 801 2673 871 Νοεμϐρίου
2696 817 2711 833 °
2740 798 2848 855 ἀπὸ
2873 802 2996 854 τότε
3053 800 3108 853 δὲ
3161 799 3357 858 ἰδόντες
3386 798 3485 867 τὴν
3529 796 3748 850 ἑαυτῶν

2161 894 2557 962 ὲξολόθρευσιν,
2582 890 2857 965 ᾐτήσαντο
2880 893 3037 963 λόγον
3058 892 3148 945 τοῦ
3168 893 3509 959 ὑποταγῆναι
3532 891 3745 953 αὐτοῖς,

2162 989 2257 1043 καὶ
2278 991 2463 1060 τυχεῖν
2497 986 2848 1058 συμπαθείας
2869 986 3011 1058 ὑπὲρ
3037 980 3112 1041 ὧν
3147 986 3342 1055 πρώην
3379 982 3747 1056 ἐπλημμέλη-

2163 1098 2282 1134 σαν.
2323 1080 2383 1133 '0
2410 1076 2502 1134 οὖν
2532 1076 2868 1154 προῤῥηθεὶς
2898 1078 3390 1149 πρωτοσπαθὰριος
3427 1074 3523 1129 καὶ
3576 1092 3751 1149 στρα-

2156 1174 2325 1244 τηγὸς
2378 1176 2406 1227 ὁ
2459 1172 2724 1242 Κρινίτης
2767 1172 2983 1238 ἐξέθετο
3036 1172 3222 1235 αὐτοῖς
3276 1172 3460 1225 πάκτα
3524 1166 3752 1223 πλείονα

2160 1258 2234 1320 ὧν
2266 1265 2506 1329 ἐτέλουν,
2542 1267 2657 1330 τοῖς
2689 1265 2787 1337 μὲν
2821 1264 3129 1334 Μιληγγοῖς
3166 1260 3275 1317 ἀπὸ
3332 1262 3443 1315 τῶν
3501 1259 3544 1328 ξ’
3573 1277 3615 1314 ιι
3668 1253 3753 1313 ὧν

2160 1358 2426 1427 πρότερον
2456 1357 2672 1413 ἐτέλουν
2702 1376 2740 1412 ιι
2772 1356 2869 1428 φρ]
2901 1376 2917 1390 ο
2950 1358 3027 1420 ὡς
3060 1352 3199 1409 εῖναι
3254 1355 3315 1409 τὸ
3368 1356 3478 1409 πᾶν
3534 1355 3753 1409 πακτον

2160 1449 2340 1505 αὐτῶν
2366 1470 2403 1504 ιι
2428 1449 2494 1524 χ’.
2527 1450 2654 1517 Τοῖς
2712 1447 2769 1506 δὲ
2816 1449 3124 1521 Ἐζερίταις
3150 1447 3258 1503 ἀπὸ
3316 1449 3424 1502 τῶν
3453 1445 3500 1501 τ’
3538 1455 3646 1500 ν’ν⁶
3669 1436 3751 1501 ὧν

2160 1545 2427 1615 πρότερον
2453 1542 2689 1607 ἐτέλουν,
2745 1544 2910 1614 ἕτερα
2940 1551 3047 1596 ν⁶ν⁹
3094 1549 3137 1595 τ’
3165 1558 3180 1573 ·
3244 1540 3320 1605 ὡς
3379 1536 3518 1594 εἶναι
3539 1539 3601 1593 τὸ
3633 1536 3751 1592 πᾶν

2158 1638 2367 1691 πάκτον
2394 1635 2575 1690 αὐτῶν
2604 1646 2707 1690 ν⁰ν⁰
2736 1644 2805 1707 χ’.
2828 1637 3024 1690 ’Ᾱτινα
3052 1636 3144 1689 καὶ
3199 1632 3447 1706 ἀπῄτησα
3476 1633 3570 1687 καὶ
3595 1634 3745 1686 εἰσε-

2158 1728 2386 1798 κᾶμισεν
2422 1730 2452 1782 ὁ
2486 1727 2647 1791 αὐτὸς
2710 1727 3203 1800 πρωτοσπαθάριος
3250 1725 3520 1796 Κρινίτης
3554 1726 3614 1779 ὲν
3665 1722 3750 1794 τῷ

2163 1818 2515 1892 θεοφυλάκτῳ
2541 1818 2779 1875 κοιτῶνι,
2814 1820 2921 1874 Τοῦ
2950 1820 3010 1873 δὲ
3034 1817 3532 1889 πρωτοσπαθαρίου
3551 1815 3751 1889 Κρινί-

2160 1929 2253 1964 του
2280 1914 2339 1966 ὲν
2366 1911 2443 1982 τῷ
2474 1912 2671 1983 θέματι
2707 1912 3098 1983 μετατεθέντος
3163 1910 3438 1975 Ἑλλάδος,
3503 1910 3599 1962 καὶ
3648 1906 3747 1961 τοῦ

2160 2004 2654 2075 πρωτοσπαθαρίου
2687 2005 2866 2076 Βάρδα
2896 2003 2990 2059 τοῦ
3036 2002 3354 2073 Πλατυπόδη
3400 2000 3752 2074 προϐληθέν*

2158 2111 2250 2157 τος
2280 2094 2586 2165 στρατηγοῦ
2640 2098 2697 2148 ὲν
2749 2096 3164 2164 Πελοποννήσῳ,
3213 2093 3309 2146 καὶ
3370 2091 3474 2161 τῆς
3516 2089 3747 2155 ἀταξίας

2160 2188 2457 2257 γενομένης
2485 2187 2580 2240 καὶ
2613 2187 2854 2250 στάσεως
2881 2186 3032 2257 παρὰ
3071 2186 3236 2239 αὐτοῦ
3285 2186 3377 2238 τοῦ
3412 2199 3749 2257 «puram-

2162 2277 2351 2346 θαρίου
2384 2277 2566 2348 Βάρδα
2594 2280 2687 2332 τοῦ
2713 2279 3058 2349 Πλατυπόδη,
3104 2277 3198 2332 καὶ
3254 2276 3365 2331 τῶν
3419 2275 3746 2346 ὁμοφρόνων

2160 2372 2325 2426 αὑτοῦ
2360 2371 2867 2443 πρωτοσπαθαρίων
2890 2374 2985 2427 xa‘t
3016 2372 3313 2443 ἀρχόντων,
3339 2370 3437 2423 καὶ
3463 2371 3559 2422 τὸν
3584 2385 3740 2433 πρω-

2160 2464 2529 2534 τοσπαθάριον
2559 2466 2765 2520 Λέοντα
2821 2465 2915 2521 τὸν
2958 2465 3283 2534 Ἀγέλαστον
3318 2461 3742 2527 ἀποδιωξόωτων

2159 2557 2267 2609 ἀπῦ
2296 2555 2391 2610 τοῦ
2425 2557 2684 2627 θέματος,
2736 2559 2830 2611 καὶ
2890 2558 3092 2621 εὐθέως
3136 2558 3436 2626 γενομένης
3494 2554 3592 2608 καὶ
3639 2556 3743 2623 τῆς

2158 2649 2269 2703 τῶν
2295 2650 2715 2719 Σκλαϐησιανῶν
2739 2650 3039 2713 ἐπιθέσεως
3073 2649 3212 2703 κατὰ
3236 2646 3329 2701 τοῦ
3359 2646 3525 2702 αὑτοῦ
3565 2645 3741 2716 θέμα-

2160 2761 2272 2811 τος,
2300 2742 2629 2797 ἀπέστειλαν
2657 2745 2705 2796 oi
2772 2742 2925 2796 etO-rat
2951 2739 3205 2805 Σκλάϐοι,
3240 2740 3295 2793 οἴ
3346 2757 3403 2791 τε
3432 2738 3738 2809 Μιληγγοὶ,

2163 2837 2335 2890 καὶοὶ
2375 2836 2648 2905 Ἐζερῖται
2689 2836 2826 2907 πρὸς
2855 2836 2945 2889 τὸν
2966 2835 3127 2906 κῦριν
3174 2833 3457 2903 Ῥωμανὸν
3505 2832 3594 2884 τὸν
3634 2829 3734 2900 βαι

2164 2928 2337 2995 σιλὲα,
2374 2928 2745 2999 ἐξαιτούμενοι
2782 2929 2876 2981 καὶ
2929 2925 3373 2998 παρακαλοῦντες
3436 2924 3531 2977 τοῦ
3594 2939 3739 2992 συμ-

2163 3019 2472 3091 παθηθῆναι
2513 3020 2694 3081 αὐτοῖς
2719 3019 2817 3081 τὰς
2846 3017 3162 3089 προσθήκας
3188 3017 3299 3070 τῶν
3328 3017 3573 3078 πάκτων,
3640 3016 3736 3066 καὶ

2157 3110 2329 3162 τελεῖν
2366 3110 2561 3172 αὐτοὺς
2602 3109 2783 3172 καθὼς
2814 3109 2910 3163 καὶ
2954 3110 3223 3180 πρότερον
3287 3107 3526 3160 ἐτέλουν.
3581 3106 3738 3159 Ἐπεο

2153 3202 2219 3269 δὴ
2284 3199 2469 3265 καθὼς
2527 3200 2873 3271 προείρηται,
2942 3199 3191 3270 είσῆλθον
3278 3199 3327 3251 ei
3392 3196 3738 3263 Σκλαὸησια-

2160 3296 2242 3348 vei.
2299 3295 2357 3347 ἐν
2402 3292 2481 3365 τῷ
2540 3291 2739 3362 θέματι
2766 3292 3192 3361 Πελοποννήσου,
3262 3286 3447 3350 δεδιὼς
3500 3291 3527 3340 ὁ
3581 3287 3740 3358 βασι-

2155 3384 2281 3449 λεὺς
2334 3385 2419 3438 ἵνα
2477 3384 2551 3454 μὴ
2584 3384 2678 3437 καὶ
2716 3384 2871 3435 αὐτοὶ
2903 3381 3294 3452 προστεθέντες
3324 3381 3436 3441 τοῖς
3470 3372 3736 3441 Σκλάσοις

2157 3476 2394 3547 παντελῆ
2425 3473 2798 3544 ὲξολόθρευσιν
2820 3474 2916 3527 τοῦ
2931 3472 3093 3526 αὑτοῦ
3122 3471 3360 3541 θέματος
3390 3470 3736 3539 ἐργάσονται,

2158 3571 2412 3639 ἐποίησεν
2435 3570 2615 3631 αὐτοῖς
2650 3567 3074 3638 χρυσοϐού).λιον
3108 3566 3196 3619 ἶνα
3216 3564 3411 3616 τελῶσι
3435 3564 3504 3616 τὰ
3552 3563 3739 3615 πάκτα

2162 3664 2237 3724 ὡς
2290 3664 2386 3715 καὶ
2451 3661 2740 3730 πρότερον,
2773 3661 2901 3719 τοὺς
2938 3658 3039 3728 μὲν
3066 3656 3389 3727 Μιληγγοὺς
3413 3652 3739 3719 summat

2171 3752 2449 3823 Ἐζερίτας
2472 3762 2580 3807 νονο
2610 3760 2677 3809 τ’.
2702 3752 2851 3823 Αὕτη
2876 3748 2967 3805 οὖν
2994 3753 3142 3805 ἐστιν
3170 3750 3203 3819 ἡ
3238 3750 3384 3803 αίτία
3412 3744 3740 3817 τῆςπρσθή-

2162 3864 2264 3919 κης
2277 3850 2477 3917 καὶτῆς
2492 3846 2735 3915 ὲκκοπῆς
2767 3844 2874 3897 τῶν
2906 3844 3128 3895 πάκτων
3150 3840 3258 3893 τῶν
3294 3838 3596 3910 Μιληγγῶν
3628 3836 3729 3890 καὶ

2160 3942 2267 3995 τῶν
2309 3938 2614 4012 Ἐζεριτῶν.
2653 3936 2853 3990 ’ἰστέον
2881 3936 2962 3988 ὅτι
2998 3936 3047 3988 οἱ
3080 3934 3175 3986 τοῦ
3228 3933 3465 4002 κὰστρου
3515 3930 3738 3997 Μαῖνης

2161 4036 2444 4104 οἰκήτορες
2479 4033 2579 4085 οὐκ
2601 4032 2740 4083 εἰσὶν
2772 4030 2879 4083 ἀπὸ
2908 4029 3004 4098 τῆς
3031 4028 3223 4096 γενεᾶς
3250 4024 3360 4078 τῶν
3395 4022 3738 4095 προρρηθέν-

2163 4143 2269 4178 των
2296 4123 2573 4188 Σκλάϐων,
2599 4122 2714 4175 ἀλλ’
2747 4123 2811 4173 ὲκ
2849 4119 2959 4173 τῶν
3011 4117 3386 4189 παλαιοτέρων
3432 4113 3737 4184 Ῥωμαίων,

2165 4218 2212 4270 οἳ
2264 4216 2360 4268 καὶ
2393 4217 2555 4287 μέχρι
2610 4213 2702 4267 τοῦ
2741 4212 2837 4266 νῦν
2869 4213 3024 4282 παρὰ
3052 4211 3160 4264 τῶν
3184 4208 3448 4262 ’ἐντοπίων
3478 4207 3739 4276 ’Έλληνες

2166 4306 2693 4378 προσαγορεύονται,
2754 4303 2847 4357 διὰ
2910 4304 2974 4356 τὸ
3067 4294 3293 4364 ἐντοῖς
3379 4298 3739 4372 προπαλαιοίς

488 4381 788 4451 gobardite.
823 4378 918 4433 sed
956 4378 1009 4432 in
1038 4384 1330 4449 praeturam
1369 4384 1555 4429 erecta
1598 4372 1697 4425 fuit
1726 4369 1829 4428 sub
1856 4369 2059 4426 Christi

2176 4369 2385 4467 χρόνοις
2419 4369 2815 4466 ἐίδωλολάτρας
2867 4388 3007 4447 εἶναι
3058 4392 3151 4445 καὶ
3192 4369 3575 4464 προσκυνητὰς
3632 4388 3739 4442 τῶν

487 4478 706 4527 amante
724 4473 1058 4542 imperatore
1080 4467 1283 4525 Leone.
1332 4464 1596 4522 Calabria:
1621 4474 1858 4534 praetura
1880 4463 2056 4518 duca-

486 4572 575 4619 tus
600 4562 727 4617 olim
766 4570 886 4616 erat
925 4568 1174 4634 praeturae
1223 4556 1444 4611 Siciliae.
1477 4554 1765 4610 Charsiani
1822 4562 2058 4624 praetura

489 4664 667 4707 turma
685 4651 990 4721 antiquitus
1014 4658 1134 4705 erat
1151 4650 1601 4703 Armeniacorum
1637 4654 1908 4715 praeturae.
1948 4643 2061 4699 Sub

487 4742 671 4797 Leone
700 4750 882 4797 autem
907 4739 1109 4796 Christi
1130 4749 1346 4794 amante
1368 4738 1695 4806 imperatore
1747 4752 1776 4790 a
1821 4736 2061 4790 themate

485 4835 949 4889 Buccellariorum
971 4831 1024 4887 in
1042 4831 1426 4902 Cappadocum
1453 4837 1631 4884 thema
1659 4829 1920 4883 translata
1940 4827 2059 4881 fne-

488 4937 619 4979 runt
674 4926 790 4980 haec
818 4924 1015 4987 banda,
1076 4924 1374 4978 vicariatus
1408 4921 1655 4984 Baretas,
1691 4920 2059 4986 Balbadonos,

485 5022 759 5088 Aspunas,
780 5026 832 5072 et
852 5017 1096 5072 Acarcus
1127 5033 1142 5071 :
1169 5031 1231 5070 ex
1250 5015 1489 5069 themate
1510 5028 1639 5067 vero
1655 5012 2060 5066 Anatolicorum

485 5111 542 5163 in
572 5110 756 5165 thema
780 5108 1163 5180 Cappadocum
1183 5106 1290 5163 isth
1302 5121 1371 5160 ac
1395 5106 1610 5176 quidem
1632 5105 1807 5160 banda
1825 5104 2061 5159 transla-

489 5214 543 5259 ta
574 5211 724 5270 sunt,
756 5201 1019 5259 nimirum
1046 5199 1707 5262 vicariatusEudociadis,
1728 5198 1898 5255 sancti
1915 5198 2059 5269 Aga-

489 5298 622 5366 peti,
650 5307 703 5352 et
724 5296 1022 5366 Aphrazize.
1058 5292 1333 5362 Factaque
1360 5301 1489 5345 sunt
1518 5302 1721 5362 septem
1776 5292 1893 5346 haec
1919 5291 2056 5344 ban-

490 5392 582 5453 da,
605 5404 797 5457 nempe
817 5387 1276 5441 Buccellariorum
1299 5394 1558 5455 quatuor,
1580 5384 2058 5443 eLAnatolicorum

492 5482 618 5547 tria,
650 5489 827 5534 turma
865 5495 994 5548 una,
1028 5496 1146 5550 quae
1181 5495 1325 5532 nunc
1353 5475 1636 5534 Commata
1672 5486 2058 5547 nuncupatur.

2168 4486 2402 4540 εἰδώλων
2447 4487 2587 4540 κατὰ
2620 4486 2747 4547 τοὺς
2789 4485 3052 4547 παλαιοὺς
3082 4482 3381 4552 Ἕλληνας·
3418 4481 3612 4544 οἵτινες
3649 4477 3738 4533 ἐπὶ

2165 4580 2266 4647 τῆς
2298 4578 2573 4651 βασιλείας
2610 4577 2704 4630 τοῦ
2724 4577 2967 4646 ἀοιδίμου
3015 4574 3296 4628 Βασιλείου
3347 4572 3736 4643 βαπτισθέντες

2165 4670 2480 4741 Χριστιανοὶ
2537 4667 2841 4737 γεγόνασιν.
2890 4668 2947 4721 '0
2976 4668 3031 4721 δὲ
3088 4668 3249 4729 τόπος
3286 4667 3341 4719 ὲν
3390 4658 3434 4733 ᾧ
3465 4664 3729 4723 οἰκοῦσιν.

2169 4763 2316 4815 ἐστὶν
2342 4762 2568 4833 ἄνυδρος
2614 4762 2709 4815 καὶ
2764 4762 3084 4831 ἀπρόσοδος,
3147 4750 3463 4830 ἐλαιοφόρος
3501 4758 3589 4808 δέ·
3618 4758 3735 4808 ὅθεν

2167 4854 2261 4910 καὶ
2290 4854 2391 4923 τὴν
2421 4851 2776 4923 παραμυθίαν
2802 4852 3005 4921 έχουσι,
3032 4852 3310 4904 Διάκειται
3355 4850 3411 4901 δὲ
3440 4850 3470 4900 ὁ
3503 4845 3736 4906 τοιοῦτος

2164 4946 2329 5010 τόπος
2372 4946 2451 5008 εἰς
2498 4946 2672 5015 ἄκραν
2718 4944 2811 4998 τοῦ
2874 4944 3114 5009 Μαὶαία,
3176 4943 3344 5014 ἦγουν
3390 4940 3597 4993 ἐκεῖθεν
3645 4935 3733 4989 τοῦ

2176 5037 2396 5107 Ἐζεροῦ
2426 5039 2563 5108 πρὸς
2597 5037 2694 5105 τὴν
2728 5036 3202 5106 παραθαλασσίαν.
3235 5036 3334 5087 Διὰ
3359 5033 3415 5085 δὲ
3438 5032 3498 5084 τὸ
3518 5030 3735 5092 τελείως

2167 5130 2644 5199 ὑποτεταγμένους
2673 5126 2815 5183 εἶναι
2847 5130 3068 5192 αὐτοὺς,
3094 5129 3188 5180 καὶ
3213 5127 3453 5198 ἄρχοντα
3479 5124 3631 5195 παρὰ
3645 5120 3731 5174 τοῦ

2171 5222 2478 5291 στρατηγοῦ
2512 5221 2786 5292 δέχεσθαι,
2844 5222 2937 5275 καὶ
3000 5220 3316 5291 πειθαρχεῖν
3366 5220 3459 5272 καὶ
3495 5218 3734 5271 ὑπείκειν

2171 5316 2291 5376 ταῖς
2340 5312 2433 5366 τοῦ
2488 5313 2793 5384 στρατηγοῦ
2849 5313 3227 5383 προστάξεσιν,
3292 5313 3589 5381 παρέχουσι
3635 5308 3732 5361 πά-

2171 5421 2299 5458 κτον
2324 5407 2385 5457 ἐκ
2411 5406 2742 5460 παλαιτάτου
2784 5406 2975 5476 χρόνον
3033 5423 3070 5456 ιι
3123 5401 3189 5457 u'.
3229 5404 3425 5456 ἰστέον
3459 5402 3540 5455 ὅτι
3575 5402 3611 5471 ἠ
3643 5399 3732 5466 τῆς

2170 5499 2567 5563 Καππαδοκίας
2601 5499 2896 5571 στρατηγὶς
2920 5499 2982 5553 τὸ
3006 5498 3235 5551 παλαιὸν
3268 5495 3479 5567 τοῦρμα
3524 5490 3590 5565 ἦν
3640 5492 3732 5562 τῆς

1632 5609 1934 5669 ANSELMI
1966 5611 2195 5669 BANDU
2209 5611 2295 5665 BH
2343 5609 2573 5666 NOTA'.

564 5708 679 5783 (22)
712 5709 783 5765 Ita
813 5725 914 5764 ms.
953 5710 1142 5766 codex.
1183 5708 1320 5764 Editi
1350 5708 1569 5775 habent,
1614 5707 1917 5781 ἀρξάμενος
1954 5705 2046 5763 οὖν

2162 5706 2343 5777 λεμεῖν
2376 5710 2557 5773 αὑτός.
