4042 6344
446 293 555 361 415

1472 292 1981 356 CONSTANTINI
2009 290 2693 356 PORPHYROGENITI

3600 287 3714 354 418

449 408 538 463 Me
571 421 702 463 vero
728 384 904 469 citius
949 405 1113 462 sollto
1159 405 1516 472 detrectante,
1554 421 1619 461 ac
1674 407 1821 462 fores
1867 421 2021 462 meas

2132 404 2319 475 μνήμη
2360 402 2455 457 τοῦ
2495 399 2701 473 πατρός
2729 416 2834 472 μου
2856 414 2873 433 ο
2907 399 3003 454 καὶ
3026 399 3145 456 δέον
3178 400 3278 470 μέν
3307 401 3425 455 ἐστι
3453 404 3590 474 πρὸς
3617 406 3714 459 τὸν

450 501 701 555 obserari
736 499 995 570 jubente,
1025 514 1121 554 vos
1150 497 1442 555 confestim
1482 514 1606 554 cum
1640 501 1813 555 multo
1848 500 2022 556 silen-

450 591 528 647 tio
559 605 651 659 per
683 590 917 646 famulos
952 597 1005 644 et
1032 589 1262 645 ancillas
1295 598 1508 645 vestros
1530 606 1594 645 ex
1623 590 1883 645 omnibus
1916 606 2023 645 un—

448 682 733 750 decuuque
777 681 986 735 aedibus
1044 682 1340 739 aﬂ'erentes
1386 683 1557 753 ligna,
1614 684 1882 747 sarcinas,
1930 692 2028 739 ta:-

450 774 683 844 dasque,
738 774 804 828 ad
863 774 1061 844 januas
1105 790 1271 841 meas,
1329 782 1382 829 et
1429 774 1699 830 vestibula
1745 776 2023 845 apponite,

452 867 566 921 imo
628 867 836 921 circum
871 876 1039 921 totam
1074 868 1296 922 domum
1327 876 1382 922 et
1407 868 1586 922 oleum
1627 868 1789 939 lignis
1839 866 2025 923 infunc

448 957 585 1023 dite,
614 973 723 1028 quo
759 958 927 1015 citius
970 960 1243 1014 ﬂammam
1288 959 1624 1029 concipiant.
1669 960 1806 1015 Cum
1842 966 2023 1024 autem

451 1064 552 1120 ego
590 1065 809 1121 egressa
857 1050 1034 1116 inero,
1081 1052 1346 1122 vobisque
1388 1051 1599 1118 dixero,
1636 1052 1794 1107 ocius
1842 1050 2024 1121 ignem

451 1138 680 1208 injicite,
716 1155 778 1195 ac
805 1155 928 1195 cum
978 1140 1147 1196 armis
1200 1141 1613 1208 circumsistite,
1665 1151 1724 1195 ut
1755 1155 1891 1209 quos
1929 1154 2025 1209 per

450 1232 751 1288 fenestram
780 1232 1099 1289 exsilientes
1130 1232 1383 1288 videbitis
1439 1233 1805 1288 interﬁciatis.
1863 1234 2027 1288 Abite

451 1322 620 1393 igitur
647 1331 699 1377 et
720 1338 984 1379 arcanum
1023 1323 1122 1379 hoc
1144 1335 1385 1386 narrate,
1406 1336 1713 1394 cunctaque
1735 1339 1857 1396 qute
1883 1325 2023 1394 jussi

451 1424 729 1485 apparate.
750 1414 909 1471 Cives
936 1430 1063 1469 vero
1090 1416 1179 1469 ubi
1211 1432 1321 1471 rem
1350 1417 1757 1474 intellexissent
1785 1433 1815 1469 a
1849 1417 2023 1476 tribus

449 1507 537 1563 bis
562 1508 715 1574 viris,
739 1523 903 1579 quam
928 1508 1190 1564 citissime
1212 1509 1396 1563 omnia
1417 1510 1750 1579 peragebant
1774 1525 1838 1564 ex
1866 1518 2024 1563 man-

450 1596 581 1651 dato
622 1596 819 1669 Gyciae.
877 1598 1014 1653 Cum
1069 1602 1254 1671 itaque
1303 1600 1534 1656 instaret
1577 1600 1695 1657 dies
1747 1604 2025 1658 memoria:

450 1703 628 1753 sacer,
660 1697 711 1744 et
746 1688 913 1760 Cycia
949 1690 1066 1745 lana
1098 1691 1166 1745 ad
1195 1693 1342 1747 cives
1369 1691 1519 1747 urbis
1540 1692 1801 1760 mitteret,
1842 1695 2027 1749 berta-

452 1790 710 1849 retnrque
745 1788 801 1834 ut
823 1782 1137 1851 acciperent
1159 1782 1224 1836 ad
1259 1784 1479 1852 epulum
1502 1798 1623 1853 qua:
1653 1784 2015 1853 pertinerent,

2123 493 2289 565 ὅρκον
2337 511 2440 565 μου
2492 493 2677 548 δοῦναι
2724 492 2852 563 ὑμῖν
2896 490 3037 545 κατὰ
3064 493 3128 544 τὸ
3175 492 3297 555 ἔθος
3349 510 3449 562 μου
3498 494 3566 549 τὰ
3609 496 3715 567 τῆς

2125 586 2460 656 εὐφρασίας·
2497 586 2678 647 πάντα
2707 586 2815 655 γὰρ
2846 584 3078 657 ἑτοίμως
3113 584 3221 657 ἔχω
3252 601 3265 616 ο
3323 583 3591 654 θελήσατε
3620 588 3715 643 οὖν

2127 678 2332 744 πάντες
2358 679 2737 751 προσδραμεῖν
2756 679 3038 752 χαίροντες
3068 681 3162 735 καὶ
3208 680 3443 753 ζητῆσαι
3488 684 3582 737 καὶ
3613 684 3715 739 λα·-

2126 768 2242 823 6ετν
2270 772 2451 826 πάντα
2489 768 2809 843 προθύμως,
2854 772 2991 844 πρὸς
3026 773 3087 826 τὸ
3117 774 3285 844 μήπω
3332 775 3523 845 νοῆσαι
3548 776 3720 829 αὐτὸν

2124 859 2206 913 ὅτι
2236 860 2483 932 ιγνωμεν
2511 863 2571 916 τὸ
2602 865 2857 934 πρᾶγμα,
2881 864 2973 917 καὶ
2995 864 3153 933 ἄφνω
3176 865 3439 933 ἐμφύλιος
3474 867 3722 938 πόλεμος

2126 951 2383 1023 γένηται·
2418 953 2684 1025 θελήσατε
2723 950 2817 1009 οὖν
2849 957 2945 1009 καὶ
2992 955 3270 1028 δημοσίως
3310 958 3451 1012 κατὰ
3490 959 3553 1011 τὸ
3593 958 3719 1022 ἔθος

2125 1044 2535 1115 εὐφραίνεσθαι,
2577 1046 2909 1119 συμμέτρως
2936 1048 3015 1113 δὲ,
3065 1048 3160 1102 καὶ
3211 1051 3458 1119 χορεύειν
3501 1052 3559 1103 ὲν
3594 1053 3720 1114 ταῖς

2127 1136 2451 1194 πλατείαις-⁸
2512 1139 2839 1208 ἑτοιμάσατε
2880 1138 2936 1191 δὲ
2991 1138 3223 1201 Exacto;
3271 1137 3331 1191 ιν
3378 1140 3490 1203 τοῖς
3538 1140 3721 1203 οἴκοις

2127 1231 2280 1301 ὑμῶν
2318 1230 2452 1298 ξύλα
2485 1247 2563 1294 τε,
2591 1232 2688 1283 καὶ⁵
2723 1229 2941 1300 φορτία,
2971 1232 3066 1284 καὶ
3106 1230 3269 1300 δᾷδας
3295 1231 3546 1299 στεγνὰς,
3579 1233 3720 1304 πρὸς

2124 1320 2185 1374 τὸ
2220 1316 2647 1390 μισοποιούντων
2687 1322 2846 1392 ἡμῶν
2871 1321 2969 1384 τὰς
2999 1321 3302 1392 εὐφρασίας
3328 1322 3423 1377 καὶ
3461 1325 3591 1387 τοὺς
3628 1344 3721 1397 χο-

2127 1414 2255 1484 ροὺς
2292 1411 2546 1477 δόξασθαι
2586 1413 2721 1485 πρὸς
2771 1414 3080 1467 ἀνάπαυσιν
3130 1414 3285 1482 ὑμῶν
3328 1415 3550 1470 ἀπιέναι
3577 1430 3594 1446 ⁸
3624 1417 3724 1472 καὶ

2126 1501 2262 1574 ἐμοῦ
2293 1503 2357 1576 δὴ
2396 1505 2727 1579 ταχέστερον
2760 1509 3217 1579 μισοποιησάσης,
3266 1509 3359 1562 καὶ
3384 1509 3722 1581 κελευούσης

2126 1594 2530 1666 ἀσφαλισθῆναι
2563 1601 2691 1663 τοὺς
2728 1598 3015 1664 πυλεῶνάς
3062 1617 3190 1670 μου,
3226 1601 3383 1672 ὑμεῖς
3421 1602 3634 1668 εὐθέως
3663 1605 3725 1655 ιν

2125 1687 2325 1760 ἡσυχίᾳ
2378 1687 2546 1763 πολλῇ
2588 1691 2685 1744 σὺν
2714 1693 2869 1744 παισὶ
2918 1691 3014 1745 καὶ
3049 1692 3363 1759 παιδίσκαις
3396 1694 3511 1766 (84)
3558 1695 3729 1766 ὑμῶν

2129 1780 2353 1833 πανοικὶ
2391 1782 2823 1852 παρενεγκόντες
2872 1783 2941 1836 τὰ
2984 1783 3137 1848 ξύλα,
3197 1788 3293 1839 καὶ
3354 1788 3573 1858 φορτία,
3625 1787 3724 1840 καὶ

453 1873 694 1926 accurrit
739 1875 902 1926 etiam
946 1874 1175 1927 maritus
1220 1873 1365 1940 ejus,
1425 1885 1479 1927 et
1530 1875 1655 1943 plus
1705 1873 1815 1928 vini
1859 1875 2023 1929 solito

2129 1870 2289 1941 δᾷδας
2316 1873 2592 1944 παράθετε
2621 1872 2792 1928 ταῦτα
2825 1876 2881 1927 ὲν
2902 1878 3014 1937 τοῖς
3046 1875 3289 1930 πυλεῶσί
3322 1896 3425 1949 μου
3482 1879 3582 1933 καὶ
3615 1896 3725 1932 παο

454 1966 570 2019 dari
598 1965 785 2035 jussit.
811 1965 974 2020 Cives
1003 1973 1183 2021 autem
1220 1967 1452 2022 libenter
1478 1966 1665 2022 omnia
1699 1968 2029 2037 accipientes

452 2057 816 2126 epulabantur
872 2056 952 2111 uti
996 2056 1138 2126 jussi
1195 2064 1373 2122 erant,
1424 2064 1480 2113 et
1528 2071 1624 2128 per
1669 2066 1836 2113 totam
1885 2058 2027 2113 diem

455 2149 684 2204 choreas
738 2147 1015 2219 agitabant
1068 2162 1084 2201 :
1128 2149 1223 2203 sed
1268 2149 1557 2219 ingruente
1598 2165 1826 2220 vespera
1869 2148 2028 2220 quasi

453 2240 598 2308 epuli
630 2239 891 2309 longioris
917 2241 1128 2309 ρετιωεὶ
1157 2241 1379 2295 domum
1406 2256 1467 2297 se
1489 2256 1644 2297 suam
1670 2242 1908 2312 quieturi
1940 2257 2030 2297 re-

454 2339 743 2400 ceperunt.
800 2329 1177 2400 Epulabantur
1219 2342 1403 2387 autem
1448 2349 1543 2403 per
1578 2349 1772 2390 omnes
1823 2334 2026 2403 passim

457 2423 632 2489 aedes;
664 2421 833 2495 Gyeia
865 2439 997 2479 vero
1029 2424 1083 2479 in
1115 2425 1253 2489 suis,
1295 2425 1519 2495 largiter
1546 2438 1737 2497 potare
1764 2428 2022 2483 domesti-

456 2528 555 2570 cos
609 2530 742 2571 suos
795 2516 1024 2586 jubens,
1079 2526 1139 2571 ut
1196 2517 1333 2572 ebrii
1382 2517 1509 2573 l‘acti
1555 2519 1722 2575 citius
1776 2521 2029 2575 cubitum

454 2606 821 2674 discederent,
840 2600 1037 2678 puellis
1076 2615 1288 2662 tantum
1319 2612 1679 2666 cubiculariis
1707 2612 2024 2668 sobrietate

457 2698 660 2755 indicta
684 2716 700 2765 ;
734 2710 788 2755 et
809 2700 927 2771 ipsa
946 2716 1169 2771 quoque
1189 2716 1218 2753 a
1251 2702 1378 2755 vino
1404 2701 1733 2756 abstinebat.
1762 2702 1896 2757 Nam
1932 2719 2031 2773 pu-

454 2793 580 2847 cqu
609 2807 886 2864 purpureo
916 2794 1139 2850 invento
1169 2794 1362 2863 puella:
1395 2793 1769 2859 cubicularius,
1792 2811 1916 2866 qua:
1938 2813 2033 2852 ne-

454 2884 592 2957 gotii
629 2885 857 2942 conscia
886 2894 1027 2951 erat,
1060 2884 1112 2940 id
1142 2886 1315 2954 dedit,
1347 2886 1625 2958 jussitque
1650 2885 1709 2942 in
1735 2902 1807 2943 eo
1831 2902 2029 2959 aquam

455 2976 563 3033 sibi
622 2975 858 3032 miseere
916 2992 930 3030 :
988 2976 1137 3045 quod
1179 2990 1306 3030 cum
1363 2976 1594 3032 maritus
1636 2976 1759 3045 ejus
1798 2976 2030 3042 videret,

455 3083 653 3139 aquam
722 3069 871 3123 illam
953 3068 1143 3124 bibere
1180 3082 1290 3122 non
1326 3068 1754 3138 suspicabatur:
1795 3066 1896 3123 Ubi
1931 3083 2031 3123 au-

2131 1962 2438 2031 ραπυλίοιζ,
2468 1966 2561 2017 καὶ
2592 1964 2777 2035 κύκλῳ
2813 1965 2912 2035 τῆς
2941 1965 3119 2031 οἰκίας
3150 1967 3353 2038 πάσης,
3396 1968 3725 2039 ἐπιχέαντες

2132 2058 2225 2109 καὶ
2261 2056 2442 2111 ἔλαιον
2472 2060 2585 2123 τοῖς
2613 2058 2792 2125 ξύλοις
2832 2060 2969 2129 προς
2996 2060 3057 2113 τὸ
3086 2060 3273 2131 τάχιον
3297 2061 3541 2132 ἁφθῆναι
3566 2077 3580 2091 ·
3627 2078 3725 2114 και

2130 2149 2292 2218 ἡνίκα
2342 2148 2544 2215 ἐξέλθω
2586 2149 2718 2219 ἐγὼ,
2764 2152 2858 2205 καὶ
2899 2152 3038 2206 εἴπω
3085 2152 3235 2223 ὑμῖν,
3277 2154 3480 2217 εὐθέως
3522 2154 3725 2207 λάϐετε

2128 2239 2228 2310 τὴν
2292 2242 2511 2313 πυράνο
2559 2242 2657 2297 καὶ
2708 2242 2867 2313 ὑμεῖς
2914 2242 2969 2296 δὲ
3013 2245 3071 2295 ὲν
3107 2244 3290 2307 ὅπλοις
3335 2248 3727 2317 παρεστήκετε

2131 2330 2319 2403 κύκλῳ
2345 2332 2447 2403 τῆς
2474 2332 2669 2399 οἰκίας,
2704 2333 2793 2388 ίνα
2820 2334 2952 2389 ὅπου
2991 2336 3143 2398 τινὰς
3183 2335 3504 2409 θεωρήσητε
3539 2340 3729 2409 ἐκπη-

2130 2422 2334 2488 δῶντας
2375 2425 2440 2480 ἐκ
2477 2424 2573 2479 τοῦ
2610 2426 2763 2481 οίκου
2791 2426 2878 2483 διὰ
2913 2427 3127 2498 θυρίδος
3155 2428 3379 2499 τούτους
3428 2432 3727 2499 κατασφάο

2136 2515 2265 2587 ζητε
2288 2532 2303 2546 ⁶
2339 2518 2665 2582 ἀπελθόντες
2691 2513 2786 2573 οὖν
2807 2519 2867 2571 τὸ
2909 2521 3208 2593 μυστήριον
3235 2521 3396 2577 τοῦτο
3418 2508 3734 2607 λαλῆσατε,

2131 2609 2229 2662 καὶ
2258 2609 2583 2679 ἑτοιμάσατε
2624 2609 2801 2665 πάντα
2832 2609 2868 2664 ἂ
2911 2607 3064 2665 εἷπον
3104 2613 3251 2684 ὑμῖν.
3296 2615 3358 2667 Ol.
3406 2613 3462 2666 δὲ
3502 2614 3731 2667 πολῖται

2131 2699 2303 2755 ταῦτα
2332 2703 2666 2767 ἀκούσαντες
2709 2703 2819 2758 ἀπὸ
2864 2703 2973 2758 τῶν
3003 2704 3174 2775 τριῶν
3207 2704 3418 2775 ἀνδρῶν
3456 2704 3741 2773 ἐποίησα*

2134 2793 2314 2847 πάντα
2359 2794 2439 2847 ὲνι
2482 2793 2745 2865 συντομία
2790 2793 2932 2847 κατὰ
2973 2795 3066 2848 τὸν
3124 2794 3286 2862 λόγον
3340 2794 3437 2864 τῆς
3492 2794 3729 2861 Γυκίας.

2145 2884 2443 2955 Ἐνστάσης
2492 2886 2549 2940 δὲ
2598 2886 2698 2955 τῆς
2757 2888 3105 2959 μνημοσύνου
3150 2886 3383 2959 ἡμέρας,
3437 2886 3517 2952 ὡς
3562 2888 3732 2958 δῆθεν

2134 2978 2501 3049 χαιρομένηή
2543 2978 2583 3031 Γ
2587 2978 2717 3031 υκία
2762 2975 3153 3050 μετεπέμψατο
3188 2981 3317 3042 τοὺς
3359 2980 3459 3049 τῆς
3515 2980 3733 3044 πόλεως

2134 3069 2332 3139 ἄνδρας
2380 3071 2804 3140 προτρεπομένη
2873 3070 2967 3126 τοῦ
3022 3071 3206 3126 λαϐεῖν
3256 3071 3456 3134 αὐτοὺς
3500 3070 3573 3125 τά
3629 3071 3731 3140 τῆς

456 3170 565 3217 tem
607 3162 723 3229 jam
766 3175 997 3230 vespera
1062 3160 1327 3225 venisset,
1422 3160 1700 3231 civesque,
1788 3162 1865 3215 uti
1915 3162 2025 3231 jam

2135 3159 2473 3231 εὐφρασίας·
2532 3161 2823 3234 συνέτρεχε
2872 3163 2931 3216 δὲ
2982 3163 3079 3217 καὶ
3132 3166 3161 3216 ὁ
3210 3163 3350 3234 ἀνὴρ
3397 3163 3574 3234 αὐτῆς
3634 3164 3732 3217 ἐπὶ

452 3253 663 3309 dictum
701 3261 805 3319 est,
839 3253 1097 3322 epulandi
1150 3253 1379 3310 satietas
1431 3254 1690 3323 cepisset,
1745 3254 1913 3326 Gycia
1962 3253 2025 3309 ad

2134 3252 2315 3318 τοῦτο,
2366 3254 2462 3306 καὶ
2496 3254 2796 3324 παρεκάλει
2838 3254 3017 3308 πλεῖον
3058 3251 3201 3309 οῐνον
3247 3254 3469 3326 δοθῆναι
3520 3255 3730 3318 αὐτοὺς

453 3344 710 3400 maritum
735 3343 942 3416 inquit:
968 3345 1263 3416 Postquam
1285 3347 1486 3416 epulati
1517 3361 1728 3413 sumus,
1746 3360 1845 3418 age
1865 3347 2025 3400 etiam

2136 3345 2228 3398 ἐπὶ
2257 3347 2323 3416 τῇ
2352 3347 2647 3417 εὐφρασίᾳ.
2690 3348 2753 3400 Οί
2787 3346 2844 3400 δὲ
2884 3348 3098 3402 πολῖται
3137 3347 3389 3417 ἀσμένως
3422 3348 3613 3401 πάντα
3642 3346 3732 3399 δε-

454 3450 557 3491 nos
586 3436 833 3492 cubitum
873 3451 1101 3503 eamus;
1147 3452 1310 3507 quem
1357 3436 1449 3492 ille
1496 3451 1807 3493 sermonem
1857 3435 2025 3491 libens

2138 3435 2361 3505 ξάμενοι
2413 3437 2776 3508 ηὐφραίνοντο
2828 3437 3012 3503 καθὼς
3066 3439 3581 3511 παρηγγέλθησαν,
3637 3437 3736 3491 καὶ

455 3526 691 3594 audivit,
728 3535 786 3583 et
827 3542 1020 3585 somno
1055 3544 1114 3584 se
1151 3526 1340 3594 dedit;
1390 3542 1569 3599 neque
1611 3529 1757 3583 enim
1802 3527 2025 3598 injicere

2138 3529 2393 3600 ἐχόρευον
2420 3529 2520 3599 τὴν
2544 3531 2724 3585 πᾶσαν
2749 3530 2962 3603 ἡμέραν
2982 3549 2995 3561 ·
3025 3532 3309 3603 φθασάσης
3338 3532 3395 3585 δὲ
3418 3532 3522 3600 τῆς
3556 3532 3734 3585 ἑσπέ-

452 3619 571 3686 ipse
594 3618 695 3673 hoc
723 3627 958 3689 poterat,
987 3634 1057 3674 ne
1089 3620 1243 3675 uxori
1269 3619 1337 3675 de
1372 3619 1502 3674 dolo
1538 3619 1854 3691 suspicandi
1893 3633 2025 3674 eau-

2143 3638 2263 3693 ρας,
2297 3621 2530 3693 ῆρξαντο
2578 3628 2881 3692 μισοποιεῖν
2926 3625 2975 3675 oi
3022 3625 3234 3677 πολῖται
3270 3625 3363 3677 καὶ
3411 3606 3645 3676 ἀπιέναι
3674 3625 3733 3675 ὲν

453 3728 571 3767 sam
607 3712 895 3784 praberet.

2136 3715 2253 3774 τοῖς
2276 3711 2445 3777 οίκοις
2472 3713 2653 3768 αὐτῶν
2680 3716 2761 3778 εἰς
2803 3716 2867 3769 τὸ
2906 3716 3241 3786 άναπαῆναι,
3275 3716 3653 3789 ηὑφραίνοντο
3674 3716 3733 3769 δὲ

454 3803 697 3861 πανοικί.
730 3805 841 3858 Καὶ
958 3804 1130 3862 Γυκία
1180 3808 1240 3859 ὲν
1266 3804 1344 3875 τῷ
1378 3806 1513 3877 οῐκῳ
1563 3806 1756 3878 αὐτῆς,
1803 3806 2226 3878 προτρεπομένη
2277 3807 2489 3871 πάντας
2537 3810 2663 3872 τοὺς
2746 3806 2919 3878 αὐτῆς
2959 3808 3133 3873 ἀδεῶς
3201 3808 3400 3875 πίνειν,
3450 3808 3596 3877 πρὸς
3663 3812 3726 3863 τὺ

451 3893 827 3963 μεθυσθέντας
847 3895 1045 3962 αὐτοὺς
1078 3898 1266 3969 τάχιον
1305 3897 1660 3968 κοιμηθῆναι,
1699 3895 1861 3968 μόνον
1905 3901 2024 3963 ταῖς
2062 3897 2544 3971 κουὸικουλαρίαις
2587 3898 2757 3968 αὐτῆς
2804 3899 3141 3971 παρήγγειλε
3174 3900 3267 3953 τοῦ
3334 3901 3556 3971 νήφειν,
3631 3908 3731 3960 καὶ

448 3991 652 4066 ἑαυτὴν
678 3989 773 4049 τοῦ
796 3996 941 4049 οίνου
975 3995 1294 4065 ιφύλαττεν.
1335 3995 1585 4067 Εὐροῠσα
1618 3997 1730 4069 γὰρ
1764 3997 2026 4069 ποτήριον
2066 3994 2381 4069 πορφυροῦν
2431 3996 2630 4049 δέδωκε
2689 3998 2755 4066 τῇ
2828 3996 3255 4070 κουόικουλαρίᾳ
3297 3996 3469 4066 αὐτῆς
3513 3998 3584 4067 τῇ
3665 3997 3736 4052 τδ⁴

452 4096 685 4163 πρᾶγμα
734 4094 972 4165 είδούσῃ,
1057 4095 1152 4148 καὶ
1186 4094 1583 4166 (παρήγγειλεν
1626 4094 1764 4166 αὐτῇ
1837 4097 1896 4149 ἐν
1952 4096 2103 4165 αὐτῷ
2142 4094 2316 4168 αὐτὴν
2344 4094 2538 4165 κιρνᾷν
2568 4093 2668 4149 σὺν
2714 4092 2903 4146 ὕδατι*
2946 4096 2975 4149 ό
3013 4094 3072 4150 δὲ
3111 4096 3250 4165 ἀνὴρ
3282 4093 3452 4159 αὐτῆς
3501 4090 3734 4163 θεωρῶν

450 4188 511 4239 τὸ
537 4185 851 4258 πορφυροῦν
885 4186 1145 4257 ποτήριον
1171 4187 1271 4258 οὐχ
1300 4187 1518 4242 ὑπενόει
1546 4188 1644 4242 σὺν
1666 4189 1820 4242 ὕδατι
1848 4189 2020 4258 αὐτὴν
2058 4190 2255 4243 πίνειν.
2286 4186 2397 4258 Τῆς
2428 4186 2485 4239 δὲ
2519 4184 2758 4255 ἑσπέρας
2781 4186 3089 4257 φθασάσης.
3137 4187 3231 4239 καὶ
3273 4186 3379 4239 τῶν
3447 4185 3712 4253 πολιτῶν,
3749 4175 3753 4179 ’

448 4280 523 4343 ὡς
553 4280 655 4350 ῆδη
701 4277 876 4345 εἷπον,
921 4282 1416 4350 μισοποιησάντων,
1453 4280 1704 4350 λέγειτῷ
1748 4280 1902 4352 ἀνδρὶ
1926 4280 2099 4351 αὐτῆς
2124 4282 2156 4351 ἡ
2179 4279 2352 4333 Γυκία
2376 4294 2389 4310 ·
2426 4277 2855 4349 Εὑφρανθὲντων
2882 4279 3038 4351 ἡμῶν
3098 4277 3259 4348 δεῦρο
3327 4277 3515 4331 λοιπὸν
3577 4280 3716 4333 ἀνα-

450 4370 747 4440 παυθῶμεν
794 4370 891 4424 καὶ
918 4372 1110 4440 ἡμεῖς’
1144 4370 1173 4424 ὃ
1212 4372 1278 4442 δὴ
1321 4372 1351 4424 ὁ
1397 4371 1538 4444 ἀνὴρ
1585 4373 1755 4443 αὐτῆς
1808 4370 2046 4436 ἀκούσας
2121 4372 2323 4443 μᾶλλον
2379 4372 2549 4442 ἐχάρη
2573 4410 2591 4436 ,
2622 4373 2717 4425 καὶ
2749 4372 2912 4426 ἔπεσε
2963 4371 3058 4425 τοῦ
3115 4371 3443 4443 κοιμηθῆναι
3470 4384 3486 4400 ο
3517 4372 3583 4425 ού
3616 4376 3725 4445 γὰρ

450 4467 680 4535 ἠδύνατο
698 4466 789 4537 ἀφ’
814 4467 1007 4521 ἑαυτοῦ
1044 4469 1221 4521 εἰπεῖν
1252 4468 1430 4537 τοῦτο,
1467 4468 1663 4540 μήπως
1699 4469 1955 4524 ὑπᾶνοιιιν
1978 4468 2056 4538 δῷ
2080 4471 2145 4541 τῇ
2168 4470 2386 4538 γυναικὶ
2406 4467 2535 4537 περὶ
2554 4462 2617 4521 οὗ
2642 4465 2957 4522 ἐϐουλεύετο
2978 4466 3152 4527 δόλου.

526 4565 748 4620 Mandat
786 4566 973 4636 itaque
1007 4565 1173 4637 Gycia
1214 4565 1412 4635 januas
1451 4581 1644 4621 omnes
1702 4581 1767 4621 ac
1827 4566 2021 4622 ostiola

2199 4565 2423 4620 Κελεύει
2450 4560 2543 4620 οὖν
2571 4567 2603 4637 ἡ
2638 4566 2810 4618 Γυκία
2839 4562 3239 4632 ἀσφαλισθῆναι
3266 4562 3393 4625 τοὺς
3423 4560 3718 4625 πυλεῶνας

451 4659 721 4724 obserari,
749 4666 805 4716 et
856 4658 1041 4713 aﬂ‘erri
1072 4659 1175 4714 sibi
1212 4674 1309 4730 pro
1336 4674 1485 4714 more
1513 4659 1730 4723 claves;
1758 4658 1905 4729 quod
1931 4659 2025 4715 ubi

2129 4659 2221 4713 καὶ
2262 4658 2441 4711 πάντα
2483 4658 2553 4711 τὰ
2580 4657 2917 4728 παραθύρια,
2970 4655 3066 4709 καὶ
3115 4654 3398 4725 ἐνεχθῆναι
3430 4654 3572 4725 αὐτῇ
3620 4654 3722 4717 τὰς

452 4753 656 4806 factum
682 4760 849 4817 esset,
880 4750 996 4807 lida:
1022 4752 1372 4807 cubiculariae
1392 4752 1499 4805 doli
1532 4766 1716 4823 gnarae
1745 4752 1800 4807 in
1837 4765 2025 4808 aurem

2129 4752 2279 4815 κλεῖς
2320 4749 2463 4804 κατὰ
2501 4748 2564 4801 τδ
2591 4747 2713 4812 ἔθος
2738 4765 2753 4781 ·
2798 4748 2893 4802 καὶ
2924 4746 3116 4802 τούτου
3155 4747 3451 4815 γενομένου
3477 4747 3634 4814 λέγει
3660 4750 3724 4802 ὲν

449 4842 591 4897 dixit
618 4841 751 4898 :Abi
784 4857 909 4898 cum
942 4843 1167 4912 reliquis
1194 4841 1565 4906 cubiculariis,
1595 4850 1649 4897 et
1670 4843 1902 4897 solerter
1926 4855 2025 4896 au-

2129 4844 2204 4912 τῷ
2251 4841 2498 4911 λεληθότι
2524 4844 2592 4914 τῇ
2628 4843 2795 4913 πιστῇ
2842 4843 3012 4913 αὐτῆς
3058 4841 3482 4913 κουὸικουλαρίᾳ
3516 4844 3586 4911 τῇ
3627 4840 3722 4895 τὸν

450 4936 535 4991 ter
585 4935 767 4990 omnia
822 4943 1143 4991 ornamenta
1191 4930 1332 4999 mea,
1382 4934 1538 5005 155
1588 4949 1917 5006 aurumque,
1970 4941 2025 4990 et

2129 4934 2274 4989 δόλον
2316 4935 2557 5009 εἰδούσῃ,
2592 4934 2679 4987 ὅτι
2708 4932 2946 5005 Θέλησον
2984 4935 3080 4989 σὺν
3107 4935 3227 4998 ταῖς
3276 4934 3493 4996 λοιπαῖς
3534 4933 3719 4987 κουὸι-

449 5025 721 5095 quidquid
769 5026 900 5080 utile
945 5024 1000 5079 in
1036 5026 1160 5079 sinu
1196 5033 1485 5093 asportare
1520 5026 1773 5094 potestis,
1814 5040 1877 5078 ae
1925 5038 2025 5080 vos

2129 5026 2445 5096 κουλαρίαις
2483 5026 2702 5097 εὐφυῶς
2737 5027 2940 5097 ἐπᾶραι
2993 5027 3169 5080 πάντα
3208 5026 3278 5079 τά
3323 5026 3527 5096 κόσμιὲ
3586 5044 3711 5096 μου,

454 5124 691 5186 parate:
730 5124 811 5182 ut,
855 5131 983 5172 cum
1023 5116 1267 5186 jussero,
1312 5131 1400 5171 me
1447 5115 1778 5187 sequamini.
1818 5116 1883 5170 At
1920 5119 2024 5172 illa)

2130 5121 2226 5174 καὶ
2252 5119 2313 5172 τὸ
2353 5119 2600 5190 χρυσίον,
2638 5119 2731 5172 καὶ
2761 5118 2815 5172 εἴ
2854 5136 2905 5172 τι
2955 5120 3227 5191 χρήσιμον
3261 5118 3490 5171 δύνασθε
3522 5120 3717 5183 ἐγκολ-

455 5206 697 5271 quidem,
730 5205 1002 5261 mandatis
1024 5221 1225 5261 morem
1271 5216 1544 5277 gerentes,
1585 5215 1793 5277 paratae
1826 5218 2022 5274 erant;

2131 5210 2386 5264 πξσασθαι
2420 5210 2553 5281 (85),
2600 5210 2696 5264 καὶ
2737 5212 3067 5280 ἑτοιμάσατε
3108 5211 3330 5276 ἑαυτὰς,
3360 5211 3448 5264 ἵνα
3473 5211 3606 5263 ὅταν
3636 5210 3715 5261 εἴ·

460 5299 697 5356 maritus
722 5308 902 5356 autem
936 5299 1054 5370 ejus
1080 5315 1203 5355 cum
1235 5302 1481 5356 cubitum
1517 5318 1577 5357 se
1597 5301 1859 5367 dedisset,
1891 5316 2025 5370 pau-

2130 5318 2216 5354 πω
2254 5302 2405 5371 ὑμῖν,
2437 5301 2841 5370 ἀκολουθήσατέ
2892 5318 3003 5371 μοι.
3039 5305 3102 5355 Δί
3134 5302 3191 5355 δὲ
3244 5303 3540 5372 ποιήσασαι
3574 5300 3715 5354 κατὰ

463 5389 630 5461 iisper
666 5394 1025 5459 dormiturus,
1062 5401 1121 5446 ut
1162 5393 1319 5448 ocius
1362 5410 1484 5449 mox
1531 5408 1755 5465 surgere
1803 5407 2022 5449 rursum

2129 5394 2227 5464 τὴν
2269 5394 2526 5448 ικέλευσιν
2584 5393 2757 5464 αὐτῆς
2802 5391 2941 5466 ἦσαν
2990 5396 3225 5466 ἕτοιμαι.
3264 5395 3369 5449 Τοῦ
3419 5394 3475 5447 δὲ
3521 5394 3713 5464 ἀνδρὸς

1647 5553 1940 5610 ANSELMI
1972 5552 2295 5610 BANDURII
2329 5554 2562 5612 NOTAE.

538 5667 651 5740 (8i)
680 5667 772 5740 Sne
801 5668 1175 5740 emendantus.
1214 5667 1504 5740 Perperaiu
1554 5670 1750 5739 legitur
1813 5669 1865 5723 in
1932 5684 2032 5723 ms.

2215 5670 2328 5746 (85)
2354 5670 2443 5724 Sic
2470 5686 2595 5746 cum
2613 5670 2857 5746 Meursio
2871 5672 3249 5746 ememlamus.
3277 5668 3710 5746 i‘erpersmlegi-

464 5739 604 5794 etin
635 5738 816 5803 editis,
842 5738 936 5794 σὺν
966 5742 1171 5808 παῖδες,
1199 5743 1291 5795 καὶ
1321 5738 1652 5803 παιδίσκαις.

2141 5751 2231 5796 tur
2256 5743 2307 5796 iu
2340 5756 2441 5798 ms.
2475 5742 2975 5810 ὲγκαλωπίσασθαι.
