4042 6344
326 232 428 298 417

1395 235 1494 295 DE
1527 226 2158 296 ADMINISTRANDO
2198 231 2541 293 lMPERlO.

3482 218 3611 304 ιιι

327 346 497 416 αὐτῆς
526 346 692 419 δῆθεν
726 348 1109 412 ἁνακλιθέντος
1151 347 1244 400 τοῦ
1291 348 1357 401 ἐκ
1402 348 1668 419 συντόμου
1719 364 1919 418 κοιμη-

2038 353 2211 414 posset
2250 344 2315 397 ad
2364 345 2552 397 urbem
2583 358 2645 397 ex
2685 340 2902 397 insidiis
2941 340 3374 415 opprimendam,
3422 346 3590 419 Gycia

330 436 491 507 θῆναι
508 438 600 493 διὰ
647 440 849 512 τάχους
897 440 1063 499 αὐτὸν
1095 440 1257 494 πάλιν
1284 440 1586 511 ἀναστῆναι
1621 440 1757 512 πρὸς
1792 441 1915 493 ὲπι-

329 530 533 601 σουλὴν
566 532 670 603 τῆς
694 533 903 598 πόλεως
928 550 941 563 ·
972 534 1003 603 ἡ
1036 528 1092 586 δὲ
1138 532 1308 587 Γυκία
1344 534 1624 604 παρέσυρε
1653 531 1748 586 τοῦ
1780 532 1917 587 καθο

330 622 560 693 ευδῆσαι
611 624 717 687 ἕως
753 625 816 679 ἂν
853 627 1004 679 πᾶσα
1054 626 1087 695 ἡ
1138 625 1371 696 φαμιλία
1399 625 1578 679 αὐτῶν
1611 625 1878 696 ἐκοιμήθη
1900 641 1913 655 ·

332 715 361 767 ὁ
396 714 454 767 δὲ
485 717 631 789 ἀνὴρ
674 719 844 790 αὐτῆς
893 721 960 773 ὲκ
996 719 1089 773 τοῦ
1119 719 1514 773 πολλοῦπότου
1565 719 1914 789 ἀφύπνωσεν.

343 803 414 857 Ἦ
449 805 504 858 δὲ
528 805 705 861 Γυκία
749 808 937 862 ἰδοῦσα
961 808 1150 863 τοῦτον
1179 809 1529 882 κοιμηθέντα,
1560 809 1777 880 εὐφυῶς
1829 813 1919 866 τὸν

334 895 579 949 κοιτῶνα
638 896 717 969 τῷ
769 898 989 969 κλειδίῳ
1040 900 1382 972 ἠσφαλίσατο
1410 900 1783 956 ἁποκλείσασα
1827 903 1919 957 τὸν

333 987 533 1060 ἄνδρα,
568 991 665 1045 καὶ
698 992 1037 1047 κατελθοῦσα
1067 994 1132 1048 ὲκ
1176 995 1268 1049 τοῦ
1303 994 1456 1050 οίκου
1488 997 1586 1051 σὺν
1625 997 1746 1060 ταῖς
1788 1015 1918 1053 κον-

335 1080 722 1153 6ικουλαρίαις
782 1085 973 1157 αὐτῆς,
1031 1086 1325 1153 ἐξελθοῦσα
1389 1086 1500 1144 τῶν
1560 1089 1918 1163 παραπυλίων

336 1173 587 1246 ἡσύχως,
636 1178 729 1231 καὶ
786 1179 1070 1242 κλείσασα,
1110 1181 1315 1247 εὐθέως
1359 1181 1626 1254 ἐπέτρεψε
1661 1186 1771 1250 τοῖς
1822 1184 1918 1254 τῆς

337 1266 554 1330 πόλεως
599 1268 687 1321 διὰ
717 1269 917 1340 τάχους
962 1270 1302 1344 ἐμϐληθῆναι
1352 1274 1413 1327 τὸ
1458 1274 1572 1349 πῦρ
1602 1272 1784 1347 κύκλῳ
1825 1276 1921 1330 τοῦ

334 1356 516 1411 οἴκου.
550 1357 850 1429 Βληθέντος
884 1361 940 1415 δὲ
987 1362 1081 1416 τοῦ
1134 1363 1327 1435 πυρὸς,
1362 1365 1457 1418 καὶ
1496 1363 1591 1419 τοῦ
1636 1366 1786 1420 οἴκου
1824 1367 1922 1421 ἀνι

337 1449 633 1516 αφθέντος,
660 1451 815 1506 εἵπου
835 1453 1041 1518 τιςτῶν
1061 1456 1259 1509 ἔσωθεν
1276 1457 1444 1511 ὄντων
1466 1458 1771 1530 ἐκπηδῆσαι
1798 1461 1886 1514 seu

337 1541 505 1611 νήθη,
542 1544 575 1613 ῆ
607 1545 793 1598 ἑαυτὸν
837 1547 1012 1617 ῥίψαι,
1051 1548 1154 1601 ὑπὸ
1185 1549 1291 1603 τῶν
1317 1550 1550 1604 πολιτῶν
1578 1551 1918 1625 κατεσφάγη.

336 1632 447 1687 Τοῦ
494 1636 553 1689 δὲ
590 1637 737 1691 οίκου
766 1641 963 1704 παντὸς
993 1643 1087 1695 καὶ
1117 1643 1225 1696 τῶν
1251 1644 1309 1697 ἐν
1349 1643 1500 1716 αὐτῷ
1536 1644 1641 1710 ἓως
1688 1646 1918 1715 ἐδάφους

2025 434 2266 489 dormire
2288 433 2501 489 distulit
2531 434 2710 504 quoad
2738 432 2942 488 familia
2976 442 3088 489 tota
3121 450 3371 491 somnum
3414 439 3593 509 cepis-

2024 536 2145 593 set;
2198 541 2434 596 cumque
2487 527 2743 581 maritum
2784 528 2912 582 vino
2941 528 3197 583 obrutum
3228 529 3473 585 dormire
3511 532 3594 585 vi-

2025 621 2198 685 deret,
2224 618 2480 674 obserato
2502 619 2670 674 tacite
2701 620 2958 675 cubiculo
2987 638 3112 678 eum
3140 623 3386 690 inclusit,
3416 625 3594 681 disce-

2025 713 2273 784 densque
2294 727 2420 768 cum
2443 714 2730 769 cubilariis
2757 716 2875 771 suis
2897 717 3107 787 placide
3136 733 3355 788 egressa
3386 718 3596 777 foribus

2024 820 2150 860 cum
2193 818 2288 860 eas
2336 804 2651 869 clausisset,
2689 806 2874 861 statim
2926 807 3074 862 cives
3125 822 3288 879 quam
3332 809 3598 866 citissime

2027 898 2270 969 undique
2322 898 2538 954 domum
2613 892 2905 955 incendere
2952 900 3140 970 jussit.
3174 898 3300 972 Igne
3345 916 3476 957 vero
3512 901 3599 955 in-

2024 991 2191 1062 jecto,
2213 1000 2268 1045 et
2297 990 2459 1046 domo
2487 991 2735 1055 incensa,
2769 992 2945 1046 sicubi
2977 993 3246 1063 quispiam
3283 1009 3471 1049 eorum
3501 995 3595 1065 qui

2028 1084 2177 1140 intus
2208 1092 2362 1139 erant
2396 1084 2696 1155 prosiliret,
2725 1097 2751 1136 a
2775 1084 2985 1140 cixibus
3020 1085 3392 1141 occidebatur.
3419 1087 3597 1159 Atque

2030 1176 2102 1230 ita
2141 1176 2324 1241 domo,
2375 1192 2499 1231 cum
2542 1176 2800 1233 omnibus
2840 1178 2931 1245 qui
2986 1177 3039 1232 in
3076 1194 3138 1233 ea
3179 1179 3378 1235 inclusi
3415 1189 3595 1241 erant.

2029 1271 2147 1326 solo
2182 1280 2343 1326 tenus
2381 1277 2597 1339 exusta,
2628 1271 3079 1327 Cbersonitarum
3124 1274 3314 1329 urbem
3351 1275 3418 1330 ab
3461 1275 3598 1331 insi-

2027 1364 2336 1420 diatoribus
2360 1363 2711 1436 Bosporianis
2742 1364 2882 1421 Deus
2908 1366 3359 1439 servavitsGyeia
3390 1377 3597 1433 autem.

2028 1474 2151 1512 cum
2184 1458 2431 1519 domum,
2460 1470 2581 1527 qua:
2615 1455 3076 1528 conﬂagraverat,
3112 1467 3423 1516 restaurare
3451 1462 3599 1517 cives

2029 1551 2251 1618 vellent,
2288 1567 2393 1605 non
2440 1553 2734 1620 permisit;
2764 1550 2891 1621 quin
2924 1552 3105 1623 potius
3135 1552 3326 1609 sordes
3356 1569 3417 1608 ac
3452 1563 3594 1610 ster-

2035 1658 2162 1699 cora
2217 1642 2424 1699 omnes
2464 1644 2591 1698 illuc
2640 1658 2972 1716 congregare
3020 1644 3208 1715 jussit,
3267 1654 3326 1700 ut
3376 1654 3486 1701 tota
3529 1646 3599 1703 iis

338 1727 859 1800 καταφλεχθέντων,
888 1733 1149 1788 διέσωσεν
1181 1735 1210 1788 ὁ
1250 1735 1381 1800 Θεὸς
1428 1739 1528 1810 τὴν
1564 1738 1924 1810 Χερσωνιτῶν

2038 1738 2370 1805 obrueretur,
2392 1746 2587 1808 utpote
2621 1738 2673 1792 in
2710 1753 2816 1808 qua
2852 1738 3045 1808 posita:
3074 1739 3191 1794 urbi
3222 1740 3434 1795 Insidiae
3472 1740 3603 1796 fuis-

340 1816 502 1869 πόλιν
544 1820 609 1873 ὲκ
650 1819 763 1874 τῶν
794 1821 1098 1877 ἐπιϐούλων
1128 1825 1535 1899 Βοσποριανῶν.
1574 1828 1637 1884 Ἡ
1665 1830 1723 1883 δὲ
1754 1830 1926 1885 Γυκία

341 1906 696 1981 βουλομένων
723 1912 833 1966 τῶν
865 1916 1099 1970 πολιτῶν
1133 1918 1230 1992 τὴν
1261 1920 1725 1993 καταφλεχθεῖσαν
1757 1923 1928 1995 αὐτῆς

338 2001 526 2055 οίκίαν
556 2002 769 2075 ὀρύξαι,
811 2008 906 2062 καὶ
954 2009 1193 2082 καθᾶραι
1225 2009 1317 2066 τὸν
1350 2013 1512 2075 τόπον
1559 2012 1696 2085 πρὸς
1727 2013 1928 2068 οίκοδο-

343 2092 479 2163 μὴν,
506 2094 610 2148 οὐκ
637 2096 818 2151 εἴασεν
840 2114 853 2129 ·
889 2100 1023 2181 ἀλλά
1053 2101 1254 2181 μᾶλλον
1282 2102 1548 2176 ἐπέτρεψε
1582 2104 1730 2178 πάσῃ
1771 2105 1926 2161 πόλει

340 2184 547 2256 φέρειν
574 2187 805 2244 ἕκαστον
833 2179 1135 2250 αὐτῶνκαὶ
1160 2179 1373 2269 ἐκχέειν
1411 2197 1600 2254 αὐτόθι
1625 2197 1724 2269 τὴν
1745 2200 1925 2254 πᾶσαν

336 2278 536 2333 αὐτῶν
595 2282 849 2355 κοπρίαν,
897 2287 1036 2357 πρὸς
1082 2288 1143 2343 τὺ
1188 2292 1248 2345 ὲν
1284 2292 1466 2357 αὐτοῖς
1508 2293 1926 2364 καταχωσθῆναι

342 2369 446 2439 τὴν
490 2374 672 2451 πᾶσαν
708 2376 879 2447 αὐτῆς
921 2378 1158 2451 οἴκησιν,
1196 2381 1272 2447 ὡς
1321 2383 1457 2455 πρὸς
1506 2384 1798 2457 ἐπιϐουλὴν
1827 2386 1928 2457 τῆς

2029 1838 2182 1898 sent;
2236 1830 2377 1884 unde
2410 1841 2464 1885 et
2499 1830 2552 1885 in
2596 1830 2741 1884 hunc
2787 1846 2958 1900 usque
3000 1831 3139 1885 diem
3181 1830 3437 1887 Lamacbi
3475 1850 3603 1904 spe-
3690 1822 3694 1826 ’

2029 1923 2175 1989 cula,
2210 1922 2366 1978 locus
2398 1921 2488 1979 ille
2520 1922 2839 1994 appellatur.
2875 1924 2973 1977 His
3012 1923 3177 1994 igitur
3222 1924 3481 1981 omnibus
3515 1926 3599 1981 sic

2030 2012 2222 2086 gestis,
2260 2014 2507 2070 videntes
2549 2015 2890 2070 Chersonitae
2924 2015 3194 2071 inﬁnitam
3244 2015 3428 2088 Gycia:
3477 2028 3601 2090 post

2034 2106 2203 2165 Deum
2235 2108 2288 2163 in
2332 2108 2485 2180 ipsos
2512 2108 2946 2177 beneficentiam,
2982 2125 3103 2180 quae
3139 2111 3392 2166 omnibus
3434 2113 3603 2169 rebus

2033 2200 2150 2256 suis
2181 2199 2413 2254 salutem
2447 2197 2599 2254 urbis
2628 2196 2898 2268 potiorem
2942 2198 3223 2265 habuerat,
3263 2198 3400 2271 grati
3432 2201 3600 2256 animi

2033 2310 2164 2367 ergo
2188 2295 2323 2353 duas
2351 2310 2416 2351 ex
2448 2309 2555 2350 aere
2584 2304 2795 2350 statuas
2824 2293 2879 2348 in
2906 2292 3166 2349 honorem
3190 2294 3308 2364 ejus
3333 2294 3385 2348 in
3422 2294 3601 2366 platea

2037 2390 2192 2446 urbis
2228 2400 2549 2462 posuerunt,
2578 2388 2927 2461 juvenculam
2962 2399 3120 2446 aetate
3148 2398 3601 2460 reprazsentantes
3664 2426 3667 2427 ν

346 2463 566 2528 πόλεως
596 2473 925 2540 γενομένην·
961 2473 1040 2526 διὸ
1066 2477 1158 2528 καὶ
1190 2475 1397 2548 ἐκλήθη
1425 2479 1454 2530 ὁ
1482 2477 1646 2542 τόπος
1668 2478 1933 2550 Λαμάχου

2038 2496 2149 2537 :um
2178 2481 2292 2537 haec
2315 2480 2645 2544 acciderent,
2680 2479 3141 2551 ostendentesque
3178 2479 3282 2534 bac
3312 2495 3369 2534 re
3401 2479 3604 2535 inen‘a-

348 2555 544 2628 Σκοπὴ
574 2559 677 2625 ἕως
719 2563 819 2633 τῆς
857 2565 1116 2638 σήμερον.
1166 2567 1384 2623 Τούτων
1426 2569 1521 2624 οὖν
1564 2571 1818 2626 ἁπάντων
1844 2587 1933 2641 γε-

2038 2574 2194 2630 bilem
2237 2572 2358 2645 ejus
2399 2570 2811 2628 beneﬁcentiam
2852 2587 3204 2647 amoremque
3245 2587 3376 2644 erga
3429 2574 3601 2640 cives,

347 2649 619 2719 νομένων,
667 2654 866 2719 ἰδόντες
889 2660 939 2711 οί
971 2660 1313 2732 Χερσωνῖται
1350 2661 1448 2734 τὴν
1473 2663 1729 2737 τοιαύτην
1772 2664 1929 2724 ἄπει-

2039 2682 2161 2738 qna:
2197 2667 2249 2721 in
2271 2665 2501 2736 juvenili
2526 2669 2685 2720 a-tate
2715 2664 3013 2719 constituta
3046 2664 3118 2719 ita
3142 2663 3382 2737 prudens
3416 2664 3603 2732 fuerit,

344 2758 447 2811 ρον
484 2744 587 2797 ὑπὸ
610 2747 708 2818 τῆς
738 2749 939 2815 Γυκίας
965 2755 1046 2816 εἰς
1074 2755 1274 2818 αὐτοὺς
1302 2755 1441 2826 μετὰ
1469 2755 1603 2812 Θεὸν
1632 2756 1933 2829 γενομένην

2040 2766 2098 2814 ut
2128 2757 2360 2829 patriam
2387 2772 2539 2813 suam
2573 2763 2694 2827 post
2727 2754 2893 2810 Deum
2924 2758 3347 2812 conservaverit.

348 2838 700 2908 εὐεργεσίαν,
756 2843 851 2897 καὶ
896 2845 978 2898 ὅτι
1017 2846 1230 2910 οὐδενος
1259 2848 1368 2903 τῶν
1397 2849 1568 2921 αὐτῆς
1610 2851 1671 2905 τὸ
1716 2844 1937 2905 σύνολον
1973 2840 2245 2922 ἐφείσατο,
2280 2850 2412 2904 ἀλλά
2436 2849 2535 2923 τὴν
2572 2848 2844 2920 σωτηρίαν
2875 2848 2977 2921 τῆς
3037 2848 3242 2914 πόλεως
3304 2851 3606 2922 προετιμή·

352 2948 512 2996 σατο,
552 2933 692 3006 ὑπὲρ
724 2938 823 3007 τῆς
852 2939 1106 3010 τοιαύτης
1132 2942 1557 3012 μισθαποδοσίας
1581 2942 1674 2999 δύο
1701 2945 1935 3017 χαλκοῦς
1969 2946 2294 3017 ἀνδριάντας
2378 2945 2510 3016 πρὸς
2568 2944 2731 3014 τιμὴν
2780 2942 2949 3015 αὐτῆς
2994 2942 3052 2998 ἐν
3115 2945 3182 3014 τῇ
3233 2943 3461 3016 πλατείᾳ
3506 2946 3607 3017 τῆς

353 3025 574 3090 πῦλεως
597 3029 915 3103 ἀνήγειραν,
954 3034 1251 3102 νεάζουσαν
1278 3039 1451 3110 αὐτὴν
1496 3042 1565 3113 τῇ
1594 3038 1781 3112 ἡλικίᾳ
1826 3038 2189 3104 δεικνύοντες,
2249 3040 2370 3095 καθ’
2447 3039 2504 3093 ὃν
2552 3038 2740 3107 καιρὸν
2767 3034 2833 3108 ἦν
2874 3038 2995 3091 τότε
3078 3038 3473 3110 συμϐαίνουσα,
3543 3044 3601 3098 ὲν

355 3116 576 3182 τούτοις
621 3118 1087 3189 δεικνύοντεςκαὶ
1117 3118 1215 3200 τὴν
1242 3129 1413 3202 αὐτῆς
1458 3130 1665 3202 ἄφατον
1718 3132 2041 3204 εὐεργεσίαν
2071 3132 2166 3187 καὶ
2196 3134 2430 3205 στοργήν
2464 3133 2591 3204 περὶ
2622 3133 2745 3196 τοὺς
2787 3132 3027 3199 πολίτας,
3057 3131 3139 3187 ὅτι
3195 3133 3289 3186 καὶ
3357 3136 3412 3188 ἐν
3484 3137 3608 3206 ἠλι-

358 3212 455 3283 κίᾳ
483 3212 584 3285 νέᾳ
607 3209 742 3269 οὖσα
764 3215 936 3281 οὕτως
966 3218 1233 3292 ἐφρόνησε
1251 3220 1349 3292 τὴν
1381 3221 1519 3277 ἰδίαν
1539 3223 1775 3296 πατρίδα
1803 3223 1946 3295 μετὰ
1984 3224 2117 3279 Θεὸν
2146 3225 2475 3295 περισῶσαι.

444 3310 539 3365 Ἐν
572 3314 670 3382 μὲν
702 3313 813 3383 γὰρ
842 3315 910 3385 τῇ
962 3316 1061 3387 μιᾷ
1101 3316 1617 3394 στήλῃ-σωφρόνως
1658 3319 1824 3391 αὐτὴν
1848 3336 1933 3373 κε-

2111 3321 2187 3374 Ae
2218 3322 2270 3374 in
2305 3334 2410 3375 una
2438 3319 2654 3391 quidem
2690 3319 3046 3391 compositam
3088 3334 3206 3375 eam
3245 3328 3609 3394 ornatamque

362 3404 823 3477 καλλωπισμένην
870 3407 1185 3479 στήσαντες,
1249 3409 1343 3463 καὶ
1377 3409 1444 3465 τά
1490 3411 1589 3481 τῆς
1644 3410 1936 3483 ἐπιϐουλῆς

364 3498 459 3551 τοῦ
508 3497 712 3551 οἰκείου
742 3498 933 3571 ἀνδρὸς
979 3502 1088 3565 τοῖς
1132 3501 1377 3566 πολίταις
1421 3502 1790 3574 ἐμφαίνουσαν
1819 3519 1833 3535 ο
1879 3505 1936 3557 ἐν

358 3593 417 3646 δὲ
457 3594 526 3663 τῇ
591 3593 759 3665 ἑτέρᾳ
809 3595 1099 3663 ἐναγώνιον
1144 3596 1313 3667 αὐτὴν
1362 3597 1457 3650 καὶ
1516 3597 1937 3669 ὲπαμυνομένην

364 3685 504 3737 κατά
556 3684 668 3738 τῶν
710 3686 811 3757 τῆς
855 3685 1063 3752 πόλεως
1107 3689 1409 3745 ἐπιϐούλων
1451 3690 1937 3757 ἀποδεικνύοντεςο

363 3784 423 3833 ἐν
463 3778 549 3844 οἷς
592 3782 689 3835 καὶ
723 3781 1041 3854 ἐπέγραψαν
1079 3785 1137 3837 ἐν
1170 3788 1235 3857 τῇ
1287 3784 1382 3839 τοῦ
1425 3785 1738 3855 ἀνδριάντος
1770 3786 1940 3856 αὐτῆς

366 3873 541 3943 βάσει,
584 3874 804 3928 ἃπασαν
825 3876 923 3947 τὴν
949 3874 1040 3929 ὑπ’
1072 3877 1242 3948 αὐτῆς
1279 3875 1416 3948 μετὰ
1456 3877 1588 3931 Θεὸν
1638 3876 1939 3947 γενομένην

364 3970 477 4031 τοῖς
535 3966 783 4031 πολίταις
830 3969 1165 4041 εὐεργεσίαν.
1214 3970 1386 4042 Εἴπερ
1440 3969 1627 4042 μέλλει
1678 3987 1763 4035 τις
1802 3964 1940 4023 εἶναι

367 4062 678 4128 ςιλὸκαλος,
726 4063 825 4133 τῆς
853 4063 1023 4135 αὐτῆς
1046 4056 1294 4135 συνεχῶς
1326 4064 1467 4119 κατά
1504 4064 1694 4135 καιρὸν
1716 4062 1817 4136 τὴν
1843 4062 1941 4135 βά-

370 4169 455 4206 σιν
506 4154 844 4225 ἀποσμήχει,
893 4154 1029 4224 πρὸς
1057 4156 1155 4227 τὴν
1201 4156 1310 4209 τῶν
1350 4157 1409 4210 ὲν
1449 4155 1587 4226 αὐτῇ
1635 4154 1942 4224 γενομένων

369 4247 678 4314 ἁνέιγνωσίν
702 4264 760 4301 τε
801 4248 892 4301 καὶ
921 4249 1227 4320 ὑπόμνησιν
1257 4248 1367 4304 τῶν
1395 4249 1489 4303 ὑπ’
1517 4248 1688 4319 αὐτῆς
1717 4248 1943 4319 γενομέ-

369 4359 497 4410 νων,
535 4344 758 4414 ἔλεγχον
786 4342 843 4397 δὲ
876 4344 985 4399 τῶν
1015 4342 1315 4399 ἐπιϐούλων
1347 4343 1749 4414 Βοσποριανὼ.
1790 4343 1942 4398 Μετὰ

367 4434 424 4487 δὲ
448 4434 679 4505 χρόνους
711 4435 861 4500 me;
887 4433 1421 4505 στεφανηφοροῦντος
1452 4436 1547 4487 καὶ
1573 4433 1944 4504 πρωτεύοντος

372 4527 479 4580 τῶν
501 4516 878 4599 Χερσωνιτῶν
896 4527 1260 4600 Στρατοφίλου
1295 4526 1390 4581 τοῦ
1423 4524 1778 4599 Φιλομούσου,
1803 4528 1943 4579 πάνυ

376 4621 663 4692 σοφωτάτη
687 4614 822 4674 οὖσα
845 4619 877 4691 ή
905 4619 1097 4693 Γυκία,
1120 4620 1223 4674 καῖ
1247 4617 1477 4695 θέλουσα
1502 4619 1794 4689 δοκιμάσαι
1819 4619 1943 4679 τοὺς

374 4712 746 4787 Χερσωνίτας,
799 4695 897 4768 καῖ
944 4704 1168 4781 γνῶναι,
1205 4712 1255 4765 εί
1304 4709 1667 4785 ἄράέάληθῶς
1709 4709 1945 4781 μέλλωσι

374 4801 471 4872 τὴν
514 4789 1163 4877 τοΰ”⁷6ρκσυ.’ὑπδεχεσιν
1218 4787 1547 4876 ἐκπληροῦν,
1596 4804 1689 4857 καὶ
1720 4801 1943 4855 θάπτειν

375 4893 548 4968 αὐτὴν
572 4898 630 4949 ἰν
663 4895 813 4967 μέσῳ
838 4896 936 4969 τῆς
958 4896 1187 4962 πόλεως,
1213 4894 1641 4965 συλλογισαμένη
1672 4894 1809 4963 μετά
1834 4891 1944 4947 τῶν

380 4988 681 5042 παιδισκῶν
700 4988 895 5057 αὐτῆς,
928 4988 1182 5057 ἐποίησεν
1214 4987 1412 5057 ἑαυτὴν
1441 4985 1563 5039 τινὰ
1590 4983 1949 5055 ἀηδιξομένην

381 5084 471 5134 καί
507 5080 917 5135 ἀποθανοῦσαν
968 5081 1063 5135 καὶ
1111 5079 1443 5149 κηδεύσασαι
1491 5077 1661 5148 αὐτὴν
1684 5079 1741 5130 ai
1773 5076 1951 5130 παιδί-

385 5189 530 5235 σκαι,
585 5175 862 5244 ἐμήνυσαν
891 5176 1002 5237 τοῖς
1030 5173 1273 5235 πολίταις
1302 5172 1579 5240 λέγουσαι,
1618 5172 1700 5223 ὅτι
1754 5169 1813 5224 Ἡ
1853 5186 1951 5222 κυ-

390 5271 474 5339 ρία
514 5269 670 5338 ἡμῶν
727 5267 1068 5337 ἐτελεύτησε,
1128 5268 1222 5320 καὶ
1273 5268 1331 5320 ὲν
1384 5264 1521 5336 ποίῳ
1560 5262 1715 5334 τόπῳ
1769 5262 1950 5333 μέλλει

387 5362 706 5427 ἔδαππσθαι,
732 5359 1043 5425 ὑποδείξαιτε
1066 5361 1214 5431 ἡμῖν.
1242 5361 1304 5412 Οἱ
1331 5359 1388 5412 δὲ
1416 5360 1757 5429 Χερσωνῖται
1787 5355 1952 5409 ἀκού-

389 5471 577 5517 σαντες
602 5457 683 5509 ὅτι
719 5454 980 5521 τέθνηκεν
1018 5454 1051 5524 ἡ
1092 5453 1277 5516 Γυκία,
1314 5450 1640 5520 σκεψάμενοι
1672 5449 1793 5503 καθ’
1825 5448 1951 5501 ἐαυ-

387 5548 531 5610 τους,
562 5548 661 5614 οὐκ
707 5546 785 5600 ἔτι
820 5546 880 5599 τὸ
920 5546 1105 5599 ἱκανὸν
1144 5544 1237 5597 τοῦ
1283 5545 1447 5612 ὅρκου
1489 5543 1763 5595 ἔσπευσαν
1794 5542 1953 5619 ποιή-

390 5657 499 5701 σαι,
529 5638 665 5693 ὥστε
697 5642 754 5692 ἓν
788 5640 937 5709 μέσῳ
964 5640 1058 5709 τῆς
1084 5638 1290 5699 πόλεως
1326 5636 1495 5708 αὐτὴν
1529 5636 1784 5704 ταφῆναι,
1819 5632 1953 5687 ἀλλὰ

391 5733 615 5805 ἄραντες
669 5733 836 5805 αὐτὴν
884 5732 1181 5805 ἐξήνεγκαν
1227 5731 1331 5799 ἔξω
1374 5728 1474 5803 τῆς
1526 5729 1732 5792 πόλεως
1788 5725 1955 5797 αὐτὴν

2041 3408 2388 3475 ellinxerunt,
2427 3418 2478 3464 et
2518 3409 2698 3463 mariti
2748 3409 2976 3465 insidias
3027 3411 3239 3467 civibus
3278 3416 3611 3483 patefacien-

2043 3510 2185 3567 tem;
2217 3503 2272 3567 in
2306 3501 2475 3556 altera
2515 3516 2664 3565 vero,
2699 3502 2963 3558 certantis
3003 3501 3213 3568 habitu,
3256 3504 3598 3577 insidiasque

2040 3594 2306 3649 adversus
2327 3594 2475 3649 cives
2496 3592 2828 3649 vindicantis
2858 3607 2974 3647 eam
3007 3606 3468 3665 reprasentarant
3498 3616 3513 3653 :
3551 3600 3604 3653 in

2041 3688 2157 3745 basi
2218 3697 2397 3742 autem
2468 3693 2637 3741 totam
2712 3685 2960 3742 beneﬁcii
3008 3676 3075 3743 ab
3120 3703 3183 3743 ea
3223 3690 3433 3745 civibus
3488 3705 3610 3761 post

2041 3778 2212 3836 Deum
2243 3779 2469 3851 praestiti
2507 3777 2789 3833 historiam
2830 3779 3249 3850 inscripserunt.
3290 3781 3353 3835 Et
3389 3783 3435 3837 si
3484 3786 3609 3853 quis

2042 3872 2256 3929 honesti
2300 3872 2571 3927 amantior
2617 3870 2803 3926 haberi
2841 3872 3015 3942 cupit,
3062 3872 3215 3928 basin
3251 3874 3395 3929 illam
3431 3893 3609 3945 quan-

2042 3964 2221 4036 doque
2252 3974 2467 4037 purgat,
2515 3972 2572 4019 ut
2618 3964 2722 4035 legi
2759 3966 2955 4036 possit,
2997 3967 3064 4022 ad
3112 3968 3481 4022 renovandam
3527 3970 3611 4026 rei

2043 4071 2207 4131 gesta:
2274 4058 2615 4126 memoriam,
2651 4068 2705 4114 et
2741 4059 3110 4116 ostendendas
3151 4057 3609 4130 Bosporianorum

2042 4153 2295 4209 insidias.
2354 4152 2577 4223 Aliquot
2639 4167 2767 4209 vero
2827 4155 2987 4209 annis
3044 4162 3197 4225 post,
3241 4156 3608 4227 principatum
3686 4214 3689 4215 ν

2042 4244 2495 4300 Cbersonitarum
2540 4252 2756 4301 tenente
2798 4260 2860 4299 ac
2904 4253 3231 4316 proteuonte
3278 4243 3610 4317 Strawpbilo

2046 4335 2349 4392 Philomusi
2386 4336 2519 4405 ﬁlio,
2564 4352 2688 4394 cum
2733 4337 3157 4409 prudentisTSima
3194 4341 3420 4395 omnino
3444 4334 3611 4413 Gycia

2045 4440 2212 4495 esset,
2249 4438 2301 4485 et
2328 4429 2566 4500 experiri
2604 4428 2964 4486 Chersonitas
3004 4431 3185 4497 vellet,
3224 4446 3286 4486 ac
3323 4432 3465 4489 scire
3520 4450 3611 4501 an,

2050 4520 2208 4594 156
2254 4520 2401 4591 quod
2455 4536 2579 4576 cum
2622 4520 2937 4589 iuramento
2966 4518 3350 4592 promiserant,
3398 4522 3613 4591 l‘aeturi,

2049 4616 2332 4685 ipsamque
2364 4613 2419 4668 in
2452 4613 2630 4668 medio
2652 4613 2805 4669 urbis
2825 4612 3094 4683 sepulturi
3132 4621 3337 4681 essent,
3373 4630 3619 4671 commu-

2052 4709 2235 4764 nicato
2264 4722 2388 4762 eum
2432 4707 2627 4777 puellis
2656 4706 2772 4762 suis
2811 4706 3067 4773 consilio,
3103 4707 3268 4762 veluti
3304 4707 3523 4763 tristitia
3549 4725 3615 4763 ex

2050 4801 2216 4857 rebus
2245 4798 2572 4870 quibusdam
2614 4806 2876 4869 concepta
2911 4809 3181 4853 mortuam
3227 4815 3285 4855 se
3318 4800 3615 4867 simulavit,

2051 4903 2107 4952 et
2157 4903 2351 4950 curato
2403 4893 2525 4964 ejus
2588 4891 2783 4948 funere
2838 4893 3032 4963 puella:
3090 4893 3302 4948 civibus
3369 4894 3617 4951 indicant

2049 4989 2252 5044 abiisse
2291 4978 2568 5043 dominam
2623 5002 2815 5051 suam,
2847 4986 3032 5057 itaque
3084 4984 3267 5041 locum
3327 4988 3621 5058 sepultura:

2050 5080 2417 5150 assignarent.
2495 5076 2837 5134 Cbersonitae
2875 5093 3034 5133 vero
3099 5078 3379 5134 intellecta
3436 5078 3620 5152 Gycia:

2050 5179 2246 5236 morte,
2290 5183 2414 5225 cum
2456 5167 2602 5224 inter
2635 5183 2695 5223 se
2724 5168 3143 5232 deliberassent,
3188 5169 3433 5240 neglecto
3468 5171 3622 5240 jura-

2049 5268 2254 5327 mento;
2291 5276 2400 5333 quo
2438 5263 2491 5315 in
2528 5260 2705 5315 media
2744 5261 2877 5315 urbe
2922 5259 3296 5329 sepeliendam
3348 5264 3623 5329 promise-

2051 5362 2195 5420 rant,
2228 5363 2381 5409 extra
2417 5353 2606 5407 urbem
2637 5367 2755 5406 eam
2800 5352 3136 5414 exiulerunt,
3184 5359 3244 5407 ut
3280 5353 3391 5406 iliie
3424 5354 3622 5423 sepeli-

2053 5457 2190 5503 rent.
2221 5447 2467 5516 Cumque
2489 5444 2599 5515 jam
2624 5444 2907 5515 depositus
2937 5452 3083 5499 esset
3115 5443 3182 5498 ad
3210 5451 3621 5498 monumentum

2053 5540 2305 5601 lectulus,
2356 5538 2575 5606 erigens
2621 5552 2702 5598 se,
2758 5538 3016 5605 civesque
3060 5549 3252 5590 omnes
3293 5534 3623 5604 circumspi-

2055 5634 2227 5695 ciens,
2262 5631 2533 5696 llareeine,
2569 5632 2765 5699 inquit,
2799 5638 2978 5683 vestra
3007 5643 3129 5682 cum
3154 5628 3464 5697 iuramento
3497 5627 3623 5682 data

2056 5723 2229 5781 ﬁdes?
2261 5722 2331 5776 ita
2364 5721 2418 5775 in
2447 5718 2706 5775 omnibus
2739 5731 2962 5773 remees
2996 5716 3171 5772 estis?
3206 5714 3320 5794 lleu
3357 5716 3408 5770 in
3441 5722 3625 5786 poste-
3673 5757 3681 5774 ι
