4042 6344
276 303 377 371 ίῖὖ

1240 305 1635 368 NARRATIO
1658 305 1758 368 DE
1788 302 2121 371 IMAGINE
2146 307 2554 371 EDESSENA.

3428 302 3539 370 426

281 423 440 476 πᾶσιν
476 417 805 488 ὀφείλουσαν
856 415 1074 471 πάντων
1133 420 1375 489 κρατεῖν.
1424 416 1592 489 Οἶμαι
1616 419 1729 473 δεῖν
1756 419 1848 474 τὸν

1976 424 2248 489 :onsistat,
2281 424 2613 480 translatum
2654 428 2774 488 est;
2812 434 2924 492 quo
2950 418 3164 477 scilicet
3194 432 3384 475 eorum
3418 432 3543 490 qum

279 512 478 579 εὐσεϐῆ
531 512 629 564 καὶ
684 510 897 563 δίκαιον
939 508 1219 579 ἀκροατήν
1264 526 1324 563 τε
1355 510 1448 564 καὶ
1482 509 1700 582 θεατὴν,
1757 511 1857 582 τήν

282 606 527 677 ἱστορίαν
558 603 662 674 μὲν
691 603 799 656 τῶν
831 602 952 657 καθ’
1003 602 1209 656 ἕκαστα
1241 602 1488 674 ἀκριϐῶς
1541 603 1735 676 μαθεῖν
1764 604 1861 658 καὶ

278 702 373 770 τῆς
411 697 800 771 ἀρχαιολογίας
836 697 1013 750 ἐλθεῖν
1070 695 1486 769 ἀπαραποίητον
1530 694 1628 767 τὴν
1658 696 1862 767 γνῶσιν

279 791 487 845 λαϐεῖν.
525 791 640 860 Τήν
676 790 733 844 δὲ
761 789 940 843 αἰτίαν
978 786 1096 855 τοῦ,
1132 788 1250 853 πῶς
1306 787 1367 853 ἐξ
1420 787 1645 860 ἰκμάδος
1688 789 1863 859 ὑγρᾶς

278 883 405 954 δίχα
431 882 746 955 χρωμάτων
773 880 868 935 καὶ
899 879 1095 951 τέχνης
1120 880 1220 950 τῆς
1239 880 1519 952 γραφικῆς
1548 882 1861 952 ἐναπεμορ-

280 975 437 1047 φὼθη
462 974 525 1027 τὸ
559 972 655 1028 τοῦ
686 972 984 1044 προσώπου
1028 974 1087 1027 ἐν
1133 971 1211 1044 τῷ
1249 974 1315 1026 ἐκ
1342 972 1489 1027 λίνου
1522 972 1808 1044 ὑφάσματι
1843 988 1862 1005 ο

279 1066 375 1121 καὶ
418 1068 539 1130 πῶς
582 1066 644 1119 τὸ
681 1064 741 1131 ἐξ
782 1065 909 1137 ὕλης
961 1065 1135 1132 οὕτως
1188 1065 1519 1138 εὐφθάρτου,
1558 1065 1637 1138 τῷ
1686 1065 1864 1139 χρόνῳ

274 1159 581 1231 διαφθοράν
594 1159 695 1214 οὐκ
723 1159 957 1227 ἐδέξατο·
990 1161 1085 1215 καὶ⁹
1107 1160 1208 1215 ὅσα
1231 1160 1367 1215 ἄλλα
1384 1161 1413 1213 ὁ
1434 1159 1680 1227 φυσικῶς
1703 1159 1867 1231 δῆθεν

278 1253 587 1308 ἐπιϐάλλων
642 1254 754 1316 τοῖς
781 1254 1126 1325 πράγμασιν,
1149 1252 1530 1326 ἐπιστημόνως
1584 1252 1868 1325 διερευνᾷν

276 1340 459 1406 εἴωθε,
508 1340 589 1411 τῷ
630 1339 904 1411 ἀνεφίκτῳ
951 1341 1053 1413 τῆς
1115 1339 1211 1395 τοῦ
1270 1341 1406 1397 Θεοῦ
1463 1341 1656 1413 σοφίας
1685 1358 1868 1415 παρα-

275 1436 477 1505 χωρεῖν
526 1433 702 1498 εἰδὼς,
768 1433 844 1498 ώς
892 1435 1054 1501 εἴτις
1083 1435 1263 1502 πάντα
1292 1435 1648 1509 φιλονεικήσῃ
1685 1435 1761 1507 τῷ
1794 1435 1871 1507 νῷ

278 1525 556 1579 διαλαϐεῖν
579 1527 846 1597 ἀκριϐῶς,
868 1528 945 1593 εἰς
976 1527 1079 1599 τὴν
1100 1527 1338 1600 παντελῆ
1354 1527 1631 1597 ἀγνωσίαν
1649 1527 1869 1594 ὠσθεὶς,

1961 507 2189 588 pulchra
2213 524 2345 572 sunt
2375 530 2440 571 ac
2471 513 2924 586 praeclaramullo
2953 513 3268 580 deﬁciatur,
3299 527 3466 585 quam
3486 515 3544 566 in

1962 606 2221 663 omnibus
2242 606 2519 662 dominari
2560 604 2885 676 primasque
2927 604 3179 661 obtinere
3203 603 3537 670 condeceat;

1962 714 2143 771 operae
2166 699 2400 770 pretium
2427 698 2702 763 existimo,
2734 704 2794 752 ut
2814 696 3107 769 religiosus
3135 710 3200 751 ac
3218 695 3353 763 justi
3381 704 3547 752 tenax

1965 791 2189 847 auditor
2213 799 2626 862 spectatorque,
2660 790 3006 862 singularum
3046 805 3231 846 rerum
3254 789 3545 845 historiam

1965 885 2258 957 diligenter
2278 882 2591 950 condiscat,
2623 890 2679 940 et
2708 893 2769 939 ut
2793 883 3034 955 antiqua:
3060 883 3399 939 narrationis
3427 883 3546 939 sin-

1966 993 2150 1036 ceram
2186 977 2448 1050 omnique
2486 976 2614 1034 fuco
2654 984 2943 1034 vacantem
2986 977 3359 1048 cognitionem
3397 978 3547 1032 acci-

1968 1085 2100 1143 pere
2158 1072 2382 1128 studeat
2440 1088 2455 1126 :
2503 1084 2732 1125 causam
2795 1076 2977 1124 autem
3030 1082 3132 1123 cur
3189 1084 3255 1125 ex
3286 1067 3541 1123 humenti

1969 1167 2147 1232 gutta,
2216 1161 2367 1217 nullo
2426 1159 2673 1215 colorum
2713 1160 2990 1231 pigmento
3032 1167 3087 1213 et
3124 1158 3261 1213 artis
3310 1158 3547 1230 pictura,

1971 1251 2241 1323 impressa
2273 1250 2379 1307 fuit
2412 1251 2468 1307 in
2501 1252 2672 1308 linteo
2710 1251 2897 1306 vultus
2942 1249 3155 1317 forma;
3188 1264 3407 1321 quaque
3459 1250 3549 1305 ni-

1972 1347 2275 1405 hilominus
2306 1349 2521 1404 ratione
2552 1347 2764 1421 fragilis
2801 1348 2937 1404 adeo
2965 1348 3195 1403 materia
3224 1356 3379 1402 tanto
3406 1355 3547 1401 tem-

1972 1453 2107 1511 pore
2131 1440 2267 1495 nulli
2300 1438 2407 1495 fuit
2432 1439 2739 1501 interitioni
2769 1439 2987 1511 labique
3012 1440 3281 1507 obnoxia;
3312 1453 3375 1493 ac
3401 1454 3550 1509 qua:-

1975 1547 2200 1605 cunque
2239 1533 2479 1603 denique
2512 1532 2641 1599 alia,
2674 1532 2928 1603 quisquis
2980 1547 3071 1589 res
3101 1533 3426 1587 naturaliter
3454 1547 3551 1600 ag-

280 1622 377 1674 καὶ
413 1621 494 1684 εἰς
554 1620 793 1676 ἄϐυσσον
859 1618 1237 1695 ἀκαταληψίας
1307 1620 1638 1688 ἀποπεσὼν,
1688 1619 1871 1676 κινδυ-

1976 1626 2245 1697 greditur,
2307 1625 2604 1695 diligenter
2635 1624 2877 1681 scrutari
2934 1625 3094 1686 solet,
3130 1624 3224 1679 Dei
3264 1625 3550 1696 sapientia:

276 1711 461 1765 γεύσει
487 1713 619 1782 περὶ
641 1714 710 1766 τὰ
749 1712 959 1785 καίρια,
995 1702 1293 1784 ζημιωθεὶς
1314 1710 1385 1767 τὰ
1417 1711 1651 1784 μεγάλα,
1678 1711 1775 1765 ἵνα
1795 1709 1871 1783 μή

1976 1718 2273 1789 relinquat,
2305 1732 2468 1786 quam
2527 1731 2690 1773 nemo
2743 1717 2879 1773 satis
2934 1716 3152 1787 assequi
3203 1724 3412 1785 queat:
3453 1718 3549 1787 qui

275 1804 400 1877 δοξῇ
431 1806 511 1879 (2)
543 1808 613 1860 τὰ
652 1809 825 1878 μικρὰ
867 1808 1197 1878 συγχωρεῖν.
1249 1806 1408 1859 Ὅσοι
1457 1800 1551 1861 οὖν
1596 1805 1707 1861 τῶν
1748 1808 1871 1876 περί

1982 1809 2243 1865 nimirum
2275 1808 2435 1873 sciat,
2466 1807 2512 1863 si
2544 1807 2670 1877 quis
2719 1807 2900 1862 omnia
2932 1808 3131 1861 mentis
3162 1807 3280 1862 acie
3307 1807 3549 1877 perfecte

276 1896 379 1966 τὴν
428 1897 615 1950 πίστιν
660 1896 838 1968 ὀρθῶν
862 1880 1011 1961 ,νκαί
1043 1895 1397 1969 θερμοτέρων
1426 1895 1555 1967 περὶ
1581 1894 1673 1950 τὸν
1702 1894 1863 1967 ζῆλον

1976 1899 2265 1969 complecti
2311 1900 2649 1967 connitatur,
2703 1898 2819 1955 fore
2874 1906 2935 1954 ut
2989 1900 3318 1971 ignorantiae
3359 1901 3548 1956 omnis

276 1989 512 2043 ἐνταῦθα
541 1989 958 2061 συνεληλύθατε,
977 1990 1176 2058 Δεῦτε,
1191 1990 1517 2054 ἀκούσατε,
1536 1990 1633 2043 καί
1655 1989 1862 2060 διηγή-

1976 2012 2180 2053 mersus
2238 1995 2535 2059 barathro,
2592 1995 2905 2067 abyssoque
2973 1994 3549 2063 incomprehensionis

276 2096 462 2151 σομαι
493 2080 657 2153 ὑμῖν,
704 2082 942 2153 ἆπερ’τῇ
968 2081 1163 2153 δεούσῃ
1196 2080 1419 2153 βασάνῳ
1450 2080 1657 2134 ἕκαστα
1683 2079 1853 2133 πολυ-

1976 2089 2192 2145 >ὶηιιιυε
2204 2103 2268 2144 ac
2287 2087 2745 2159 stuporis,eorum
2766 2102 2888 2158 quae
2901 2087 3287 2157 principaliora
3300 2097 3430 2145 sunt
3449 2103 3549 2142 no-

280 2176 707 2247 πραγμονήσας,
758 2175 853 2228 καὶ
901 2172 999 2228 cui:
1034 2172 1436 2247 ἀταλαιπώρως
1463 2173 1593 2245 περί⁵
1619 2172 1720 2245 τήν
1757 2172 1858 2244 τῆς

1976 2180 2109 2234 nine
2138 2178 2407 2249 iacturam
2434 2178 2694 2248 patiatur,
2724 2192 2793 2232 ne
2817 2177 2872 2232 in
2898 2177 2983 2233 his
3010 2193 3132 2249 qua:
3167 2187 3302 2233 sunt
3325 2180 3540 2234 minora

274 2266 540 2337 ἀληθείας
576 2267 957 2338 διαγενόμενος
986 2268 1235 2338 ζήτησιν,
1263 2266 1374 2321 ἀπό
1394 2284 1452 2320 τε
1480 2265 1590 2319 τῶν
1611 2265 1855 2337 ἱστορίας

277 2358 632 2428 γραψάντων,
671 2358 769 2414 καὶ
807 2359 916 2414 ἀπὸ
944 2359 1056 2413 τῶν
1077 2357 1286 2412 ἐκεῖθεν
1308 2360 1388 2423 εἰς
1408 2359 1558 2429 ἡμᾶς
1577 2356 1861 2410 ἐλθόντων.

285 2452 355 2502 Ἀ
384 2451 459 2513 ὡς
491 2452 560 2505 δι’
592 2452 929 2525 ἀπορρήτων
956 2455 1026 2525 τῇ
1063 2452 1256 2524 μνήμῃ
1288 2451 1421 2524 παρ’
1459 2451 1643 2515 αὐτοῖς
1671 2448 1871 2504 διασώ-

280 2543 472 2609 ζεσθαι
506 2544 712 2614 ελεγον,
742 2546 1045 2618 άκριϐὠσαι
1076 2544 1352 2617 ἐξίσχυσα.
1426 2576 1429 2579 ι

1967 2270 2221 2326 videatur
2262 2268 2469 2339 aliquid
2507 2269 2829 2325 concedere.
2890 2266 3175 2340 Quotquot
3222 2268 3393 2340 igitur
3443 2271 3548 2325 ﬁde

1971 2360 2108 2417 recti
2135 2359 2364 2430 zeloque
2403 2357 2767 2415 ferventiores
2797 2359 2903 2415 huc
2930 2361 3297 2428 convenistis,
3343 2361 3545 2427 Venite,

1977 2451 2179 2517 audite,
2205 2460 2254 2505 et
2288 2449 2520 2506 narrabo
2549 2451 2693 2507 vobis
2716 2467 2777 2508 ea
2807 2468 2932 2524 quae
2961 2453 3309 2509 convcnienti
3333 2456 3545 2509 exarui-

1981 2555 2052 2595 ne
2084 2539 2300 2612 singnla
2330 2557 2563 2613 quaeque
2611 2544 2906 2611 scrutanti,
2942 2560 3039 2600 nec
3076 2546 3197 2601 sine
3245 2547 3433 2603 labore
3489 2548 3547 2603 in

283 2642 513 2697 veritate
548 2641 878 2713 inquirenda
918 2649 1154 2709 versato,
1190 2649 1299 2696 tam
1328 2655 1394 2697 ex
1426 2640 1494 2696 iis
1517 2641 1609 2713 qui
1647 2638 1996 2695 historiarum
2030 2646 2379 2693 monumenta
2402 2640 2759 2710 scripserunt,
2790 2657 2950 2712 quam
2983 2643 3071 2712 qui
3098 2642 3244 2698 illinc
3269 2659 3333 2700 ac
3376 2643 3549 2718 Syriae

285 2738 532 2808 partibus
558 2736 624 2791 ad
657 2752 758 2794 nos
792 2744 1157 2805 accesserunt,
1192 2750 1315 2793 cum
1347 2737 1486 2806 apud
1517 2738 1665 2810 ipsos
1692 2751 1889 2791 arcana
1919 2734 2033 2790 hcce
2079 2734 2339 2790 memoria
2362 2745 2577 2792 exstare
2604 2736 3006 2807 proﬁterentur,
3045 2740 3287 2796 nancisci
3311 2742 3535 2798 demum

282 2831 439 2888 iicuit
458 2846 524 2886 ac
552 2830 755 2886 doceri.

357 2950 433 3003 B‘.
490 2948 597 3002 Τοῦ
640 2949 844 3019 Κυρίου
905 2949 1002 3001 καὶ
1055 2946 1191 3003 Θεοῦ
1250 2948 1345 3009 καὶ
1406 2946 1655 3019 Σωτῆρος
1707 2944 1866 3018 ἡμῶν

299 3042 478 3113 Ἰησοῦ
510 3036 771 3113 Χριστοῦ,
805 3039 899 3094 ἐπὶ
926 3043 990 3112 τῇ
1024 3040 1347 3118 τοῦγένους
1375 3040 1535 3112 ήμῶν
1562 3037 1868 3113 ἀνορθώσει

290 3136 431 3205 πρὸς
474 3136 627 3206 ἡμᾶς
672 3133 1109 3205 ἐκδημήσαντος,
1151 3129 1229 3205 ἦν·
1249 3132 1390 3189 κατὰ
1438 3133 1529 3188 τοῦ
1582 3135 1869 3206 προφήτου

292 3228 503 3300 φωνὴν,
536 3226 741 3297 πλῆθος
767 3227 990 3298 εἰρήνης
1020 3227 1112 3280 ἐπὶ
1132 3226 1228 3297 τῆς
1262 3227 1385 3297 γῆς,
1423 3227 1517 3282 καὶ
1546 3227 1606 3281 τὸ
1636 3226 1874 3298 πολύαρ-

2046 2945 2117 3002 Π.
2149 2945 2285 3003 Cum
2323 2944 2589 3003 Dominus
2610 2957 2665 3003 et
2699 2946 2841 3004 Deus
2873 2963 2939 3005 ac
2960 2948 3211 3006 Salvator
3245 2960 3432 3010 noster
3452 2952 3546 3011 Je-

1969 3051 2066 3095 sus
2101 3036 2378 3105 Christus,
2414 3039 2481 3095 ad
2511 3055 2684 3111 genus
2712 3049 2962 3097 nostrum
3006 3043 3326 3114 erigendum
3348 3046 3414 3101 ad
3444 3062 3549 3104 nos

1972 3131 2234 3197 venisset,
2294 3141 2413 3188 erat
2437 3132 2601 3203 juxta
2657 3133 2940 3204 prophetae
2975 3150 3166 3192 vocem
3203 3138 3547 3195 abundantia

1971 3224 2120 3293 pacis
2155 3224 2209 3279 in
2248 3232 2419 3289 terra,
2447 3225 2864 3298 dissipatusque
2889 3238 3008 3285 erat
3059 3230 3296 3301 plurium
3341 3234 3552 3303 princi-

288 3341 381 3393 χον
412 3321 780 3385 διεσκέδαστιῃ
828 3322 1019 3391 ὥσπερ
1064 3319 1169 3375 ὑπὸ
1200 3321 1329 3389 μιᾶς
1354 3318 1552 3389 ζώνης,
1583 3318 1684 3391 τῆς
1729 3317 1865 3375 Ῥω·

1976 3325 2158 3388 patus,
2197 3332 2319 3372 cuin
2347 3316 2636 3389 imperium
2669 3317 2974 3375 Romanum
3009 3330 3183 3377 totum
3222 3324 3330 3381 late
3356 3328 3544 3383 orbem

293 3416 467 3484 μαίων
501 3413 695 3485 ἀρχῆς,
726 3412 944 3482 ἀπάσης
973 3411 1365 3483 διαζωσθείσης
1383 3411 1482 3479 τῆς
1516 3410 1869 3482 οἰκουμένης,

299 3507 391 3556 καὶ
440 3505 533 3574 ὑφ’
579 3505 659 3557 ἐνὶ
712 3504 1050 3575 ταττομένης
1092 3503 1415 3575 σημάντορι.
1453 3504 1564 3557 Καὶ
1596 3502 1685 3557 διὰ
1716 3500 1878 3557 τοῦτο

292 3598 467 3649 πᾶσαι
518 3595 736 3650 πάντων
764 3596 861 3651 καὶ
895 3595 1035 3667 πρὸς
1068 3595 1279 3661 πάντας
1312 3594 1588 3665 ἐπιμιξίαι
1634 3593 1878 3662 ἐγίνοντο

292 3689 491 3753 ἀδεῶς,
525 3690 623 3741 καὶ
652 3689 712 3740 οὐ
749 3688 1167 3759 μεμερισμένως
1206 3688 1305 3759 τὴν
1334 3690 1438 3758 γῆν
1462 3688 1630 3741 οἰκεῖν
1656 3686 1877 3740 ἐδόκουν

292 3783 343 3834 οἱ
374 3780 674 3853 ἄνθρωποι,
712 3780 827 3833 ἀλλ’
856 3780 928 3843 ώς
973 3780 1089 3844 ἐνὸς
1124 3778 1396 3833 Λευ-πότου
1435 3780 1621 3850 κτῆμα
1668 3778 1877 3849 τυγχάο

292 3890 510 3940 νουσαν,
556 3872 632 3937 ώς
666 3877 761 3927 καὶ
799 3872 917 3937 ἐνὸς
946 3871 1043 3945 τὴν
1073 3875 1254 3927 πᾶσαν
1303 3868 1469 3926 οὖσαν
1518 3870 1873 3943 δημιουργοῦ,

295 3966 372 4035 τῷ
423 3964 628 4036 πρώτῳ
667 3965 758 4018 τὸν
792 3964 997 4036 αὐχένα
1051 3964 1222 4036 δούλῳ
1273 3963 1681 4031 ύποκλίναντες,
1738 3963 1878 4033 πρὸς

296 4059 560 4129 ἀλλήλους
615 4059 963 4131 εἰρήνευσαν.
1021 4058 1112 4111 Διὸ
1143 4056 1295 4112 καλό
1344 4060 1444 4130 τῆς
1512 4058 1764 4127 Ἐδέσσης
1816 4056 1876 4110 τὸ

298 4151 601 4222 τηνικαῦτα
656 4154 939 4223 τοπάρχης
1001 4150 1273 4222 Δῦγαρος,
1326 4150 1405 4222 τῷ
1456 4152 1554 4223 τῆς
1598 4150 1877 4219 Αἰγύπτου

301 4244 651 4316 ἐξηγουμένῳ
698 4244 851 4312 φίλος
886 4244 982 4298 καί
1016 4243 1292 4314 γνώριμος
1322 4237 1410 4314 ἦν’
1447 4244 1542 4295 καὶ
1575 4243 1682 4313 γὰρ
1713 4243 1878 4314 ἀλλή-

299 4338 410 4401 λοις
443 4341 492 4392 οἰ
518 4337 803 4408 ἑκατέρων
844 4338 1074 4407 ἐφοίτων
1115 4336 1371 4391 διάκονοι.
1415 4336 1576 4389 Ὅθεν
1614 4336 1878 4391 καὶκατὰ

302 4434 391 4486 τὸν
416 4432 606 4503 καιρὸν
632 4433 863 4497 ἐκεῖνον,
899 4429 1022 4486 καθ’
1052 4429 1112 4484 ὃν
1145 4430 1172 4483 ό
1205 4429 1413 4500 Κύριος
1443 4426 1601 4499 ήμῶν
1626 4429 1718 4481 καὶ
1746 4428 1879 4490 Θεὸς

306 4526 367 4578 τὸ
396 4525 670 4596 Πατρικδν
715 4524 964 4595 βούλημα
1016 4519 1260 4594 πληρῶν,
1303 4520 1401 4592 τήν
1434 4522 1701 4592 σωτήριον
1732 4519 1877 4574 διδα-

306 4619 529 4673 σκαλίαν
576 4619 688 4681 τοῖς
742 4616 1053 4687 ἀνθρώποις
1098 4613 1441 4687 προῦτίθετο,
1498 4614 1591 4667 καὶ
1645 4612 1734 4667 διὰ
1769 4612 1879 4667 τῶν

1982 3407 2129 3463 velut
2157 3422 2293 3463 zona
2332 3425 2439 3462 una
2470 3410 2896 3482 constringeret,
2933 3428 3182 3485 unusque
3216 3416 3551 3485 gubernator

1980 3516 2044 3556 ac
2079 3510 2261 3557 rector
2282 3502 2526 3573 subjecta
2560 3519 2789 3575 quaeque
2832 3513 3062 3562 teneret.
3093 3508 3218 3563 Ideo
3265 3518 3385 3565 erat
3427 3527 3548 3567 om-

1981 3595 2131 3650 nium
2176 3595 2422 3651 vicissim
2463 3596 2630 3652 libera
2687 3597 3029 3669 congressio,
3076 3600 3266 3670 sicque
3301 3601 3551 3660 homines

1981 3686 2083 3741 sibi
2114 3695 2315 3743 terram
2358 3688 2539 3744 colere
2572 3688 2917 3757 videbantur,
2974 3699 3164 3746 utnon
3200 3692 3397 3759 divise,
3453 3695 3552 3751 sed

1983 3786 2241 3849 tanquam
2280 3779 2442 3835 unius
2483 3796 2597 3836 rem
2629 3782 2835 3836 domini
2877 3798 2939 3838 ac
2972 3786 3376 3854 possessionem
3405 3789 3553 3842 coice

1983 3881 2125 3938 rent,
2166 3872 2366 3944 quippe
2394 3889 2518 3928 cum
2547 3873 2709 3930 etiam
2754 3892 2863 3931 uno
2891 3875 3008 3946 ipso
3057 3885 3281 3934 auctore
3330 3878 3552 3934 condita

1984 3972 2130 4020 esset
2164 3983 2177 4019 :
2213 3965 2830 4037 primoqucserrorum
2875 3970 3144 4024 cervicem
3197 3970 3549 4036 inclinantes,

1980 4059 2126 4115 inter
2157 4075 2215 4115 se
2235 4075 2422 4131 pacem
2462 4059 2759 4133 agitabant.
2789 4059 3154 4127 Quamobrem
3186 4065 3350 4118 etiam
3381 4065 3552 4119 Edes-

1980 4168 2053 4209 sa:
2093 4153 2143 4208 id
2178 4152 2440 4221 temporis
2472 4155 2691 4225 regulus
2718 4154 2988 4227 Augarus,
3018 4170 3142 4210 cum
3170 4156 3385 4227 {Egypti
3408 4172 3549 4227 prac-

1982 4247 2085 4301 tori
2112 4246 2328 4302 amicus
2358 4259 2631 4318 notusque
2669 4257 2835 4315 esset,
2883 4264 3077 4305 eorum
3111 4250 3373 4321 utrinque
3435 4251 3540 4303 mi-

1981 4338 2142 4393 nistri
2205 4338 2580 4396 conﬂuebant.
2635 4341 2899 4409 Quocirca
2934 4344 3101 4399 etiam
3148 4359 3258 4415 quo
3297 4354 3547 4416 tempore

1982 4429 2251 4488 Dominus
2285 4441 2474 4489 noster
2504 4448 2568 4489 ac
2596 4433 2736 4490 Deus
2766 4434 3051 4490 Paternam
3086 4435 3317 4506 impleas
3349 4437 3546 4493 volun-

1982 4534 2166 4591 tatem,
2226 4525 2522 4581 salutarem
2593 4528 2908 4583 homiuibus
2959 4528 3299 4599 proponebat
3342 4531 3547 4587 doctri-

1983 4632 2130 4683 nam,
2174 4619 2502 4689 eximiisque
2546 4633 2611 4673 ac
2657 4620 2947 4689 stupendis
2981 4622 3254 4677 miraculis
3298 4624 3350 4677 in
3392 4639 3547 4678 suam

309 4711 624 4783 ὑπερφυῶν,
671 4710 766 4765 xei.
823 4708 1137 4780 παραδόξων
1183 4706 1476 4778 θαυμάτων
1508 4708 1585 4770 εἰς
1618 4705 1717 4777 τήν
1752 4704 1871 4775 περὶ

1986 4709 2144 4765 [idem
2185 4710 2467 4766 hominum
2525 4712 2692 4768 corda
2714 4713 2962 4784 cogehat,
3002 4715 3230 4782 accidit,
3261 4721 3321 4771 ut
3345 4717 3550 4789 Augari

309 4805 468 4857 αὐτὸν
526 4803 712 4858 πίστιν
758 4802 884 4867 τοὺς
940 4799 1260 4872 ἀνθρώπους
1311 4798 1634 4869 ἐπέστρεφε,
1678 4795 1874 4866 συνέϐη

309 4897 413 4951 τῶν
445 4895 539 4951 τοῦ
564 4895 819 4966 Λὺγάρου
853 4894 1144 4967 ὑπηρετῶν
1178 4910 1298 4949 τινα
1338 4891 1588 4946 Ἀνανίαν
1617 4888 1879 4961 ὀνομαζό-

316 5008 491 5060 μενον,
522 4990 660 5061 πρὸς
689 4990 786 5060 τὴν
811 4989 1086 5058 Αιγυπτον
1107 4988 1194 5042 διά
1213 4986 1314 5057 τῆς
1343 4983 1700 5057 Παλαιστίνης
1733 4983 1879 5037 ἰόντα

313 5085 645 5155 περιτυχεῖν,
707 5082 803 5135 καὶ
843 5080 1128 5153 πόρρωθεν
1166 5078 1465 5133 θεάσασθαι
1495 5077 1588 5130 τὸν
1622 5075 1879 5146 Χριστὸν,

313 5176 377 5229 τὰ
401 5174 583 5246 πλήθη
607 5174 719 5238 τοῖς
754 5174 932 5242 λόγοις
978 5171 1076 5243 τῆς
1102 5171 1309 5241 πλάνης
1353 5169 1659 5236 egenam,
1693 5168 1787 5221 καὶ
1812 5168 1879 5221 τὰ

316 5266 417 5319 τῶν
448 5269 743 5338 θαυμάτων
795 5266 1149 5321 ἐπιτελοῦντα
1200 5264 1501 5335 παράδοξα.
1553 5262 1639 5325 Ὧς
1663 5260 1757 5315 οῦν
1780 5262 1880 5329 τὴν

316 5360 398 5412 ἐπ’
425 5360 698 5431 Αἴγυπτον
748 5359 973 5431 πορείαν
1001 5359 1241 5430 διήνυσε,
1268 5359 1363 5411 καὶ
1414 5358 1541 5426 περὶ
1590 5349 1665 5409 ὧν
1694 5353 1882 5407 ἐπετέ-

317 5466 519 5523 τραπτο
567 5452 861 5517 διαλαϐὼν,
908 5449 1349 5520 ἀνθυπέστρεφεν
1399 5448 1492 5502 ἐπὶ
1530 5447 1618 5501 τὸν
1679 5445 1881 5518 Κύριον

1982 4802 2360 4858 ministrorum
2412 4803 2631 4875 quidam
2692 4806 2935 4861 Ananias
3000 4807 3244 4874 nomine,
3298 4808 3426 4863 dum
3489 4811 3550 4863 in

1982 4894 2272 4967 IEgyptum
2296 4912 2391 4967 per
2412 4896 2757 4953 Palaestinam
2780 4899 2885 4955 iter
2907 4900 3153 4965 haberet,
3180 4899 3234 4955 in
3263 4894 3565 4957 Christum'

1982 4990 2273 5055 incideret,
2314 5007 2549 5063 eumque
2600 4992 2820 5049 eminus
2872 4993 3135 5050 doctrinae
3182 4996 3227 5050 vi
3261 4995 3330 5049 ab
3359 5009 3551 5049 errore

1987 5080 2179 5136 turbas
2206 5090 2575 5147 revocantem,
2599 5097 2664 5137 ac
2692 5082 2911 5138 insolita
2944 5085 3200 5154 omnique
3232 5084 3333 5139 [ide
3370 5086 3548 5153 majo-

1984 5173 2048 5225 ‘ra
2086 5173 2349 5228 miracula
2381 5181 2683 5244 patrantem
2718 5176 3080 5246 conspiceret.
3106 5177 3398 5245 Postquam
3420 5194 3551 5246 ergo

1988 5264 2092 5317 iter
2141 5265 2191 5318 iu
2234 5263 2529 5336 Egyptum
2608 5267 2938 5331 confecerat,
3001 5268 3175 5338 iisque
3230 5269 3550 5338 perfunctus

1990 5371 2110 5427 quae
2142 5358 2193 5410 in
2231 5358 2502 5414 mandatis
2530 5370 2836 5430 acceperat,
2884 5358 2951 5414 ad
3010 5358 3199 5414 herum
3239 5363 3551 5416 reverteba-

1992 5457 2099 5502 tur.
2155 5447 2293 5504 Cum
2355 5452 2511 5522 longa
2563 5467 2684 5506 eum
2719 5452 2893 5507 morbi
2948 5451 3419 5529 articularistabc
3452 5470 3553 5509 et-

1810 5605 2016 5665 NO'NE
2027 5647 2043 5664 .

390 5730 465 5799 (2)
493 5726 683 5803 Potius
721 5725 875 5797 δοκῇ.
914 5724 1046 5792 Quae
1088 5724 1206 5803 hic.
1242 5730 1499 5803 notamus
1524 5764 1539 5791 ,
1578 5722 1890 5793 sphalmata
1935 5718 2182 5786 sidentur
2207 5730 2620 5803 typographica,
2655 5742 2891 5802 quorum
2935 5735 3117 5785 tamen
3147 5728 3407 5784 nonnulla
3450 5728 3552 5800 ipsi

326 5794 747 5861 etueudarintus,
777 5794 899 5850 cum
936 5803 1086 5853 certo
1114 5794 1427 5866 hujusmodi
1461 5802 1667 5853 essent.

630 5892 899 5956 ΡΑτιιοι.
946 5889 1062 5951 Gn.
1113 5888 1317 5951 CXIII.

3144 5883 3213 5946 Η
