4046 6330
492 363 589 429 431

1467 356 1883 419 CONSTANTI
1896 356 1978 417 NI
2019 357 2701 422 PORPHYROGENITI

3634 363 3738 428 432

493 494 613 536 rum
643 475 860 548 quidem
895 473 1076 543 lingua
1100 467 1401 535 Memmich,
1431 467 1692 540 Syrorum
1720 484 1851 523 vero
1874 466 2069 522 Mabuc

2186 468 2286 522 )zov
2328 470 2421 523 καὶ
2462 472 2560 539 τῆς
2592 472 2747 525 νόσου
2805 470 2939 526 αὐτὸ
2980 474 3103 544 σχῇ.
3143 471 3229 538 Ὠς
3256 471 3348 527 οὖν
3386 472 3738 546 ὑποστρέφων

492 567 716 633 dicitur,
755 576 907 624 extra
966 564 1227 635 oppidum
1276 577 1403 617 cum
1454 560 1796 626 divertisset,
1839 560 2062 630 illicque

494 666 600 721 ioci
649 662 955 734 tegularum
984 672 1176 712 recens
1209 663 1494 711 coctarum
1562 652 1818 709 cumulus
1862 668 2065 723 conge-

487 753 614 807 stus
674 758 843 815 esset,
909 748 962 801 in
1011 745 1092 801 eis
1115 745 1357 799 Ananias
1393 757 1610 801 sacrum
1651 743 1782 797 illud
1837 743 2062 799 linteum

492 841 801 901 abscondit.
842 840 924 894 Ad
961 834 1196 893 mediam
1226 845 1428 892 “autem
1469 842 1711 900 noctem,
1759 835 1954 905 ingens
1981 836 2066 891 in-

486 929 673 991 cendii
714 933 797 987 vis
854 938 969 985 toto
1000 922 1219 984 eircum’
1242 928 1366 982 loco
1412 920 1611 989 diffusa
1663 929 1948 999 apparuit;
1984 927 2067 984 vi-

495 1038 731 1096 Sumque
764 1024 1051 1095 oppidanis
1090 1022 1277 1085 omnia
1321 1021 1513 1093 proaul
1557 1020 1773 1086 ardere,
1840 1030 1898 1076 ut
1952 1021 2069 1078 suis

495 1118 603 1187 jam
651 1117 819 1173 rebus
876 1114 1069 1181 difﬁsi,
1135 1112 1299 1170 effusi
1349 1111 1651 1179 mmnibus,
1701 1110 1769 1168 de
1813 1112 2070 1169 incendio

495 1210 658 1280 cujus
684 1208 920 1264 terrifica
946 1206 1157 1276 species
1184 1206 1398 1276 objecta
1449 1204 1630 1260 fuerat
1659 1205 2067 1276 perquirerent.

498 1302 645 1357 inter
673 1300 791 1357 haec
824 1299 1106 1355 inventum
1135 1296 1424 1362 Ananiam,
1460 1295 1610 1353 velut
1652 1295 1916 1353 facinoris
1974 1312 2073 1353 au-

497 1404 705 1451 ctorem
730 1402 936 1457 tenent,
964 1408 1028 1447 ac
1050 1391 1182 1461 quid
1207 1390 1350 1447 istud
1381 1390 1459 1445 rei
1483 1390 1843 1462 interrogant,
1874 1391 2072 1462 quisve

499 1490 616 1559 ipse
639 1488 712 1543 sit
739 1502 801 1544 ac
846 1502 957 1557 quo
992 1486 1172 1549 vadat,
1208 1493 1263 1541 et
1286 1483 1761 1554 undeprofectus
1786 1485 2072 1542 sciscitanv

499 1593 611 1640 tur.

2171 561 2308 634 μετά
2351 561 2557 617 τούτων
2602 563 2867 628 Ἀνανίας,
2895 567 2975 627 εἰς
3003 564 3064 617 τὸ
3112 566 3346 635 κάστρον
3388 566 3738 636 Ἱεραπόλεως

2170 656 2423 725 ἔφθασεν,
2447 656 2476 709 ὃ
2502 659 2567 728 τῇ
2591 656 2687 728 μὲν
2704 657 3038 729 Σαρακηνῶν
3065 662 3217 731 φωνῇ
3242 658 3472 730 Μεμμὶχ
3500 658 3738 729 λέγεται,

2167 752 2235 820 τῇ
2264 750 2320 803 δὲ
2348 750 2454 803 τῶν
2480 751 2666 821 Σύρων
2684 752 2939 816 Μαὸοἰικ,
2962 750 3160 817 ἔξωθεν
3186 752 3279 806 τοῦ
3303 753 3543 806 τοιούτου
3576 766 3742 806 κατα-

2169 841 2335 906 λύσας
2377 844 2731 914 πολίσματος,
2764 843 2999 915 σωρείας
3044 846 3302 917 κεράμων
3353 847 3548 900 νεωστὶ
3574 862 3743 901 κατα-

2173 935 2582 990 σκευασθέντων
2640 937 2817 990 ἐκεῖσε
2868 936 3148 1008 κειμένης,
3198 936 3433 991 ἐνταῦθα
3480 937 3543 992 τδ
3600 939 3744 1010 ἱερὸν

2169 1024 2345 1079 ὲκείνο
2376 1026 2542 1095 ῥάκος
2565 1028 2593 1078 ό
2627 1026 2878 1090 Ἀνανίας
2925 1028 3231 1099 ἀπέκρυψε.
3260 1029 3371 1083 Καὶ
3411 1030 3538 1101 περὶ
3574 1030 3744 1102 μέσης

2170 1118 2366 1182 νυκτὸς
2400 1117 2512 1189 πῦρ
2559 1119 2731 1188 ὲφάνη
2764 1118 2900 1174 πολὺ
2929 1121 2991 1174 ei
3018 1121 3259 1175 τοιοῦτον
3289 1120 3488 1195 χωρίον
3514 1139 3744 1191 περικυ-

2170 1210 2353 1279 κλοῦν,
2390 1211 2462 1274 ὡς
2494 1211 2643 1276 ἐντὸς
2678 1211 2773 1265 τοῦ
2800 1212 2993 1277 ἄστεος
3040 1213 3215 1267 δοκεῖν
3272 1214 3451 1268 πάντα
3484 1215 3553 1269 τὰ
3586 1213 3747 1287 πέριξ

2156 1300 2311 1372 τιττυρλ¹
2343 1301 2804 1371 καταφλέγεσθαι,
2836 1304 2933 1359 καὶ
2977 1305 3107 1377 περὶ
3140 1305 3349 1359 ἑαυτῶν
3395 1306 3497 1378 ἤδη
3540 1306 3749 1361 δείσαν-

2174 1412 2274 1459 τας
2290 1394 2625 1462 ὑπεξελθεῖν,
2656 1398 2746 1451 καὶ
2771 1397 3149 1468 διερευνᾶσθαι
3176 1400 3304 1471 περὶ
3332 1398 3435 1470 τῆς
3466 1400 3751 1473 ὁρωμένης

2178 1489 2475 1559 πυρκαϊᾶς.
2512 1489 2719 1543 Ἐκεῖσε
2747 1489 2805 1544 δὲ
2827 1491 2918 1545 τὸν
2961 1492 3209 1547 Ἀνανίαν
3238 1492 3548 1565 εὑρεθέντα,
3573 1496 3752 1546 συνεῖ-

2183 1599 2275 1652 χον
2323 1583 2398 1645 ὼς
2441 1583 2746 1652 αὐτουργὸν
2792 1583 2887 1638 τοῦ
2917 1585 3290 1657 τολμήματος.
3316 1587 3426 1641 Καὶ
3457 1586 3755 1657 διερεύνων

500 1679 560 1731 τδ
612 1675 743 1749 περὶ
790 1673 882 1728 τοῦ
917 1672 1242 1745 πράγματος
1258 1710 1273 1736 ι
1305 1671 1397 1725 καὶ
1427 1671 1511 1736 τίς
1543 1688 1603 1725 τε
1634 1672 1720 1743 εῐη
1763 1673 1945 1740 αὖτδς,
1976 1674 2071 1728 καὶ
2094 1675 2188 1726 ποῖ
2216 1674 2446 1745 βαδίζοι,
2483 1677 2577 1731 καὶ
2611 1677 2753 1744 ὅθεν,
2776 1678 3213 1736 διεπυνθάνοντο.

571 1795 662 1851 lX.
704 1795 920 1862 Anceps
954 1790 1120 1851 animi
1157 1788 1397 1842 Ananias
1432 1803 1533 1858 pro
1575 1790 1770 1844 alienat
1809 1790 2071 1845 erimina-

2244 1791 2322 1847 6'.
2374 1794 2461 1856 Ὡς
2492 1795 2550 1849 δὲ
2593 1794 2670 1867 τῷ
2709 1797 2983 1866 ἀλλοκότῳ
3011 1798 3419 1869 τῆςαίτήσεως
3446 1799 3475 1853 ὁ
3508 1800 3757 1866 Ἀνανίας

501 1888 669 1946 tionis
715 1883 980 1957 periculo,
1014 1881 1231 1935 interim
1270 1888 1460 1934 narrat
1503 1881 1646 1936 unde
1694 1882 1786 1948 sit,
1833 1889 1887 1936 et
1930 1883 2075 1937 unde

502 1982 706 2047 veniat,
742 1990 976 2049 quamve
1002 1973 1275 2029 sarcinam
1314 1974 1491 2039 ferat;
1522 1975 1707 2044 aitque
1735 1988 1794 2030 se
1824 1975 1880 2028 in
1918 1984 2074 2044 tegu-

504 2076 572 2130 lis
623 2069 969 2143 deposuisse,
1031 2067 1177 2122 nnde
1224 2066 1401 2122 visum
1451 2064 1678 2121 accendi
1737 2064 2077 2123 incendium.

505 2170 626 2224 Mox
652 2169 849 2237 itaque
879 2180 993 2219 rem
1034 2170 1094 2217 ut
1132 2176 1259 2216 vere
1287 2169 1434 2217 esset
1457 2160 1735 2216 noscendi
1777 2160 1948 2228 avidi,
1992 2160 2076 2216 lo-

508 2278 632 2317 cum
666 2264 998 2321 scrutantes,
1025 2269 1142 2310 .non
1175 2254 1280 2310 hoc
1327 2254 1504 2309 solum
1538 2252 1887 2309 offenderunt
1933 2253 2079 2324 quod

506 2357 576 2412 ab
603 2352 812 2410 Anania
848 2350 959 2405 illic
992 2347 1270 2404 conditum
1299 2353 1441 2411 erat,
1468 2344 1562 2401 sed
1600 2353 1654 2399 et
1680 2347 1733 2399 in
1760 2359 1868 2399 una
1901 2345 2082 2400 vicina

504 2448 687 2519 tegula
716 2446 953 2500 divinam
984 2442 1133 2498 illam
1175 2452 1494 2509 expressam
1536 2437 1792 2507 efﬁgiem,
1836 2436 2083 2493 inaudito

506 2541 692 2606 modo,
723 2546 777 2594 et
807 2545 866 2592 ut
906 2550 1068 2589 ιιι-ιηο
1106 2541 1284 2588 mente
1322 2531 1544 2604 assequi
1585 2539 1770 2603 queat,
1800 2546 1867 2587 ex
1899 2532 2085 2603 priore

508 2653 617 2693 non
650 2630 967 2689 manufaeto
999 2629 1167 2684 linteo
1186 2626 1494 2682 deformata
1534 2628 1771 2698 imagine
1804 2634 1955 2682 testa:
1980 2627 2085 2680 im-

510 2742 776 2801 pressam.
808 2723 966 2790 Quod
999 2738 1122 2778 cum
1152 2719 1619 2791 vidissentpleni
1658 2729 1886 2789 stupore
1906 2726 1961 2775 et
1984 2718 2086 2773 ad-

510 2821 826 2885 miratione,
859 2829 972 2872 tum
1002 2815 1125 2884 ejus
1159 2814 1238 2870 rei
1277 2812 1519 2875 nomine,
1572 2821 1689 2866 tum
1743 2810 1890 2882 quod
1943 2808 2088 2882 ignis

511 2916 710 2971 ardens
736 2926 1006 2981 nusquam
1032 2908 1391 2970 occurrisset,
1416 2906 1511 2963 sed
1531 2921 1594 2961 ex
1628 2908 1817 2961 formae
1838 2906 2090 2960 claritate

513 3010 631 3066 visa
658 3013 808 3065 esset
841 3005 1059 3058 flamma
1090 3002 1366 3066 emicare;
1408 2998 1648 3069 tegulam
1689 2996 1934 3065 quidem,
1968 3009 2091 3065 qua

512 3104 754 3160 divinam
784 3100 838 3153 in
867 3114 925 3153 se
956 3096 1217 3151 hauserat
1250 3092 1507 3156 formam,
1549 3095 1699 3145 velut
1731 3104 1947 3144 sacrum
1988 3088 2090 3141 ali-

512 3192 662 3264 quod
694 3190 895 3262 pignus
926 3202 989 3240 ac
1022 3186 1323 3257 pretiosum
1356 3182 1699 3244 thesaurum,
1733 3179 1879 3250 apud
1906 3192 1966 3234 se
1998 3194 2088 3234 ισο-
2114 3163 2158 3222 (ἶ

515 3288 815 3349 tinuerunt,
861 3281 1098 3337 divinam
1141 3278 1302 3347 hujus
1339 3274 1446 3330 vim
1493 3288 1559 3330 ex
1607 3288 1672 3330 eo
1714 3272 1858 3343 quod
1904 3272 2088 3328 visum

516 3388 633 3436 erat
682 3376 1103 3445 coujectantes:
1159 3370 1397 3439 primum
1454 3374 1637 3421 autem
1687 3365 1989 3437 exemplar,
2037 3371 2093 3420 et

516 3473 636 3541 ejus
668 3470 979 3522 ministrum
1004 3461 1175 3516 vveriti
1213 3459 1469 3524 retinere,
1500 3459 1566 3513 ad
1603 3456 1879 3527 Augarum
1922 3455 2092 3509 mise-

514 3569 668 3619 runt.
701 3550 1107 3625 Haetenusque
1128 3549 1420 3607 incolumis
1447 3558 1551 3617 est,
1587 3565 1651 3605 ac
1681 3549 2090 3603 venerationem

518 3650 682 3708 habet
722 3648 865 3717 apud
902 3648 1022 3716 ejus
1070 3642 1314 3713 oppiduli
1368 3640 1594 3708 incolas,
1641 3654 1763 3710 quae
1808 3639 1863 3694 in
1913 3637 2095 3706 tegula

519 3748 694 3801 forma
713 3755 970 3813 expressa
990 3748 1073 3794 est
1093 3755 1107 3804 ;
1134 3735 1253 3806 ejus
1277 3750 1399 3804 quae
1422 3749 1528 3788 non
1553 3732 1697 3804 picta
1723 3740 1829 3797 est,
1847 3732 2095 3800 ipsanon

520 3838 661 3907 picta
693 3830 1059 3903 imago;ejus
1109 3844 1233 3898 qua:
1283 3842 1392 3881 non
1444 3823 1779 3888 manufacta,
1828 3824 1946 3893 ipsa
1982 3837 2095 3877 non

522 3921 857 3983 manufaet-a.
882 3922 1126 3976 Ananias
1153 3923 1358 3979 autem,
1397 3925 1621 3988 peracto
1657 3914 1801 3985 quod
1838 3913 2095 3984 proposi-

522 4031 635 4074 tum
668 4026 788 4073 erat
810 4018 1023 4081 itinere,
1052 4029 1175 4084 qua:
1202 4011 1421 4066 interim
1446 4017 1597 4080 gesta
1628 4008 1940 4063 acciderant
1963 4006 2097 4062 hero

521 4111 840 4178 declaravit,
872 4124 935 4165 ac
962 4122 1081 4179 quae
1116 4106 1324 4162 ferebat
1378 4102 1644 4160 salutaria
1686 4099 1932 4172 symbola
1970 4098 2094 4155 red-

522 4204 682 4259 didit.

595 4404 663 4459 Χ.
708 4402 772 4456 Ει
806 4402 924 4457 lucc
954 4401 1173 4471 quidem
1215 4401 1532 4472 pervulgata
1573 4368 1755 4471 opinio
1788 4401 1855 4456 de
1876 4416 1939 4456 ea
1972 4401 2096 4455 Sal-

2178 1886 2509 1956 διηπορεῖτο,
2537 1887 2672 1953 τέως
2695 1905 2758 1957 γε
2788 1889 2912 1944 ὅθεν
2942 1891 3050 1960 εἴη,
3078 1892 3173 1945 καὶ
3202 1890 3367 1945 πόθεν
3388 1891 3628 1963 ἔρχεται,
3656 1894 3759 1945 καὶ

2178 1980 2230 2032 τί
2256 1982 2574 2051 ἐπιφέρεται
2592 1981 2910 2053 διεσάφησε,
2933 1982 3028 2038 καὶ
3050 1984 3353 2039 ἀποθέσθαι
3376 1985 3434 2037 ὲν
3454 1985 3754 2056 τοῖςκενρά·

2183 2091 2304 2145 μοις
2347 2074 2582 2145 ἐδήλωσε
2615 2075 2678 2129 τὸ
2711 2078 3131 2149 ἐπιφερόμενον.
3164 2078 3287 2132 ὅθεν
3316 2079 3492 2134 δδόκει
3522 2079 3763 2135 ἀνάπτε-

2182 2167 2305 2221 σθαι
2327 2168 2420 2222 καὶ
2447 2170 2480 2239 ἡ
2514 2168 2664 2236 φλόξ.
2684 2168 2862 2231 Εὐθὺς
2878 2171 2935 2224 δὲ
2960 2172 3159 2225 ἐκεῖνοι
3189 2170 3287 2243 τὴν
3310 2171 3421 2225 τῶν
3452 2172 3762 2244 λεγομένων

2184 2261 2536 2333 βουληθέντες
2561 2262 2852 2333 διαγνῶναι
2882 2264 3159 2336 ἀλήθειαν,
3183 2267 3274 2321 τὸν
3298 2266 3462 2320 τόπον
3481 2267 3762 2339 διερευνη·

2184 2352 2431 2422 σάμενοι,
2469 2347 2627 2423 εὗρον
2657 2354 2717 2407 ού
2751 2354 2910 2425 μόνον
2939 2355 3000 2409 τὸ
3039 2354 3144 2409 ὑπὸ
3171 2355 3267 2409 τοῦ
3303 2356 3546 2409 ’Δνανίου
3576 2359 3759 2413 ἐκεῖσε

2183 2444 2470 2509 ἀποτεθὲν,
2498 2444 2635 2503 ἀλλά
2663 2446 2756 2499 καὶ
2788 2448 2846 2501 ὲν
2875 2446 2953 2519 τῷ
2976 2445 3330 2516 πλησιάζοντι
3359 2446 3468 2501 τῶν
3503 2449 3765 2520 κεράμων

2187 2537 2302 2604 ἐνὶ,
2361 2537 2546 2609 ἕτερον
2618 2539 2922 2610 ἐκτύπωμα
2989 2539 3084 2593 τοῦ
3135 2539 3280 2593 θείου
3360 2540 3765 2612 ἀπεικονίσμαο

2184 2647 2309 2693 τος,
2356 2630 2688 2698 παραδόξως
2726 2630 2823 2683 καὶ
2876 2628 3017 2702 ὑπὲρ
3069 2628 3194 2685 νοῦν
3254 2632 3347 2685 ἐπὶ
3401 2631 3463 2685 τὸ
3496 2632 3767 2703 ὄστρακον

2186 2719 2297 2773 ἀπὸ
2354 2719 2449 2774 τοῦ
2500 2720 2821 2789 ὑφάσματος
2882 2720 2981 2791 τῆς
3020 2721 3270 2792 ἀγράφου
3320 2722 3768 2794 μεταγραφεῶης

2192 2814 2425 2884 μορφῆς.
2472 2814 2537 2868 Ὂ
2588 2813 2680 2866 καὶ
2724 2812 3071 2884 θεασάμενοι,
3092 2815 3185 2867 καὶ
3230 2813 3438 2883 θάμϐος
3486 2814 3623 2887 ὁμοῦ
3669 2816 3769 2870 καὶ

2189 2905 2509 2976 ἐκπλήξεως
2537 2906 2816 2977 γενόμενοι
2848 2904 3093 2975 ἔμπλεῳ,
3116 2906 3203 2961 διά
3243 2925 3293 2960 τε
3329 2907 3508 2974 τοῦτο,
3542 2910 3640 2962 καὶ
3682 2909 3770 2963 διὰ

2190 2997 2251 3052 τὸ
2287 2997 2539 3069 μηδαμοῦ
2574 2998 2685 3070 πῦρ
2707 2998 3001 3070 εὑρεθῆναι
3037 2999 3351 3068 καιόμενον,
3387 3000 3502 3053 ἀλλ’
3530 3000 3642 3055 ἀπὸ
3673 3004 3770 3071 τῆς

2192 3090 2252 3144 ιν
2279 3093 2346 3162 τῇ
2384 3092 2565 3162 μορφῇ
2608 3089 2953 3160 λαμπηδόνος
2974 3088 3124 3156 δόξαι
3144 3092 3242 3161 τὴν
3274 3092 3445 3161 φλόγα
3480 3094 3770 3159 ἐκπέμπε-

2191 3180 2338 3246 σθαι,
2369 3180 2462 3235 τδν
2492 3182 2592 3251 μὲν
2624 3181 2870 3253 κέραμον
2904 3183 2998 3237 τὸν
3033 3182 3460 3255 ἀπσμαξάμενον
3496 3186 3552 3238 ὲν
3586 3184 3768 3253 ἐαυτῷ

2192 3273 2253 3328 τὸ
2281 3272 2423 3329 θεῖον
2450 3275 2772 3343 ἐκτύπωμα,
2799 3275 3067 3347 κατέσχον
3093 3279 3220 3347 παρ’
3252 3279 3484 3346 ἑαυτοῖς,
3509 3279 3699 3353 ὥσπερ
3718 3295 3771 3333 τι

2192 3367 2482 3439 κειμήλιον
2521 3366 2684 3439 ἱερὸν,
2733 3368 2829 3422 καὶ
2871 3368 3165 3441 πολύτιμον
3208 3370 3501 3442 θησαυρὸν,
3539 3372 3649 3426 ἀπὸ
3679 3370 3774 3426 τοῦ

2195 3458 2486 3530 ὁραθέντος
2524 3458 2624 3531 τὴν
2650 3458 2783 3531 περὶ
2811 3459 2945 3513 αὐτὸ
2970 3462 3368 3533 στοχασάμενοι
3414 3462 3565 3517 θείαν
3620 3463 3773 3531 ἐνέρ-

2198 3566 2376 3620 γειανο
2403 3551 2758 3622 πρωτότυπον
2784 3552 2864 3616 δὲ,
2892 3552 2990 3606 καὶ
3028 3553 3121 3606 τὸν
3148 3552 3344 3607 τούτου
3381 3554 3629 3608 διάκονον
3664 3553 3775 3608 δεί-

2201 3658 2390 3705 σαντες
2428 3643 2750 3712 κατασχεῖν,
2784 3641 3119 3695 ἀπέστειλαν
3178 3643 3313 3711 πρὸς
3358 3643 3448 3696 τὸν
3500 3642 3772 3715 Αὓγαρον.

2200 3735 2310 3789 Καὶ
2333 3733 2428 3788 νῦν
2455 3734 2574 3788 ἐστι
2600 3733 2879 3806 σωζομένη
2912 3737 3009 3788 καὶ
3042 3736 3329 3805 τιμωμένη
3356 3734 3506 3806 παρά
3535 3739 3649 3800 τοῖς
3676 3735 3774 3807 τῆς

2197 3828 2457 3897 τοιαύτης
2507 3827 2764 3899 πολίχνης
2830 3829 3238 3899 οίκήτορσιν,ή
3292 3830 3349 3882 ὲν
3408 3829 3485 3900 τῷ
3546 3829 3775 3900 κεράμῳ

2204 3920 2407 3994 μορφὴ.
2447 3922 2547 3991 τῆς
2596 3921 2811 3992 μορφῆς
2851 3920 2952 3991 τῆς
3004 3921 3254 3991 ἀγράφου
3294 3921 3326 3993 ή
3367 3920 3636 3991 ἄγραφος.
3682 3922 3775 3975 καὶ

2198 4015 2299 4085 τῆς
2343 4011 2761 4083 ἀχειροτεύκτου
2802 4014 2837 4081 ἡ
2870 4012 3306 4082 ἀχειρότευκτος.
3345 4012 3402 4065 Ὀ
3432 4012 3485 4065 δὲ
3522 4012 3775 4076 Ἀνανίας

2197 4106 2297 4178 τὴν
2325 4106 2694 4178 προκειμένην
2728 4105 2878 4177 αύτῷ
2915 4106 3141 4175 πορείαν
3171 4104 3462 4176 διηνυκὼς,
3485 4105 3563 4175 τῷ
3600 4105 3774 4176 κυρίῳ

2199 4198 2364 4254 αὑτοῦ
2392 4198 2461 4253 τὰ
2497 4196 2699 4268 μεταξὺ
2722 4197 3103 4268 διετράνωσεν,
3129 4197 3365 4261 ἀποδοὺς
3386 4198 3480 4252 καὶ
3506 4198 3544 4252 ἀ
3573 4198 3773 4267 ἐπεφέ-

2204 4309 2329 4364 ρετο
2359 4292 2604 4363 σωτήρια
2622 4290 2686 4345 σύ
2693 4291 2886 4364 μ6ολα.

2270 4410 2328 4461 I'.
2362 4407 2471 4460 Kal.
2500 4401 2654 4470 οὗτος
2684 4405 2783 4476 μὲν
2803 4407 2829 4459 ό
2868 4405 3017 4477 παρά
3050 4406 3157 4457 τῶν
3190 4404 3453 4460 πλειόνων
3483 4405 3773 4476 λεγόμενος

528 4498 732 4553 vatoris
764 4495 938 4550 forma
962 4510 1071 4592 ιιοὲ
1106 4494 1439 4558 manufacta,
1470 4512 1591 4564 quae
1623 4495 1888 4564 impressa
1928 4494 2086 4550 linteo

2199 4500 2388 4569 λόγος,
2444 4500 2569 4571 περὶ
2619 4501 2721 4571 τῆς
2771 4500 2831 4553 ἐν
2875 4498 2953 4570 τῷ
3000 4500 3283 4568 ὑφάσματι
3333 4498 3537 4569 ταύτης
3597 4500 3771 4568 ἀγρά-

526 4598 630 4647 est.
673 4587 871 4644 Fertur
904 4570 1124 4643 vero'et
1160 4588 1264 4642 alia
1295 4588 1363 4643 de
1405 4587 1494 4641 illa
1530 4589 1793 4653 narratio,
1832 4602 1933 4642 nec
1976 4586 2086 4657 ipsa

2200 4610 2300 4660 φου
2372 4570 2587 4663 μορφῆς
2617 4570 2712 4644 τοῦ
2763 4589 3014 4659 Σωτῆρος
3072 4589 3251 4657 ἡμῶν.
3307 4588 3537 4658 Λέγεται
3602 4589 3658 4643 δέ
3691 4605 3771 4652 τις

531 4686 597 4739 ab
647 4683 828 4752 specie
872 4680 985 4735 veri
1030 4680 1317 4748 remotior,
1350 4688 1444 4734 aut
1474 4695 1593 4750 qua:
1633 4681 1819 4749 probis
1867 4680 2086 4735 testibus

2200 4686 2298 4739 atat
2351 4683 2538 4754 ἕτερος
2583 4682 2710 4753 περὶ
2771 4681 2964 4736 τούτου
3031 4683 3223 4751 λόγος,
3276 4682 3399 4735 οὔτε
3443 4681 3504 4735 τὸ
3546 4682 3772 4735 πιθανὸν

527 4785 732 4832 careat.
768 4774 1132 4842 Quamobrem
1167 4775 1331 4828 etiam
1360 4785 1652 4843 exponam,
1685 4788 1752 4828 ne
1783 4788 1869 4828 me
1902 4772 2101 4842 aliquis

528 4870 804 4928 existimet
853 4869 1082 4924 alterius
1125 4866 1457 4938 ignorantia,
1492 4865 1719 4921 alterius
1759 4862 1917 4919 fidem
1953 4877 2103 4934 quae.-

527 4981 670 5023 rere.
694 4963 815 5019 Nec
848 4974 1085 5035 {prorsus
1116 4962 1353 5025 mirum,
1404 4965 1556 5013 tanto
1591 4958 1851 5028 temporis
1900 4956 2102 5028 spatio,

527 5058 674 5116 haud
694 5070 833 5113 raro
865 5054 986 5111 falsi
1019 5053 1224 5124 aliquid
1253 5052 1308 5107 in
1338 5047 2008 5107 hiswriam'commeasse.
2039 5045 2101 5101 In

527 5166 597 5208 eo
620 5150 843 5222 quidem
875 5148 1128 5220 quodrei
1163 5154 1329 5217 caput
1360 5153 1462 5211 est,
1494 5158 1685 5199 omnes
1716 5140 1941 5212 perinde
1966 5154 2100 5196 con-

528 5244 1019 5310 sentiunt-tesque
1064 5240 1219 5294 vultu
1270 5238 1579 5301 Dominico,
1628 5234 1880 5290 inaudito
1913 5232 2100 5299 modo,

527 5334 855 5407 impressam
888 5333 1055 5389 timeo
1086 5331 1314 5387 formam
1363 5336 1614 5385 asserunt
1644 5343 1659 5380 :
1693 5328 1759 5382 de
1799 5327 1873 5381 rei
1913 5333 2097 5380 autem

531 5426 711 5497 aliquo
738 5424 1006 5481 accidenti
1035 5422 1125 5494 (de
1159 5432 1400 5490 tempore
1428 5419 1659 5490 scilicet)
1690 5429 1774 5476 est
1803 5418 2097 5475 dissensio.

2205 4774 2527 4843 ὲκφεύγων,
2564 4770 2686 4826 οὔτε
2748 4772 3041 4844 μαρτύρων
3098 4772 3351 4844 χρηστῶν
3400 4772 3640 4842 ἀπορῶν.
3682 4771 3771 4825 Διὸ

2208 4864 2301 4916 καὶ
2346 4861 2536 4915 τοῦτον
2597 4862 2946 4933 ἐκθήσομαι,
2996 4862 3085 4916 ἴνα
3144 4864 3218 4933 μή
3302 4878 3388 4925 τις
3456 4862 3768 4933 ύποτοπάσῃ

2210 4956 2268 5009 ὲν
2300 4954 2379 5026 τῷ
2421 4956 2636 5023 ἀγνοεῖν
2666 4954 2857 5010 τοῦτον
2881 4998 2895 5022 ,
2950 4956 3241 5027 κρατύνειν
3284 4956 3374 5008 τὸν
3416 4955 3618 5025 ἓτερον.
3667 4954 3771 5008 Καὶ

2192 5046 2410 5107 πάντως
2469 5048 2617 5101 οὐδὲν
2677 5046 2992 5118 θαυμαστὸν
3025 5051 3084 5103 ἐν
3130 5050 3380 5119 τοσούτῳ
3432 5049 3608 5119 χρόνῳ
3633 5049 3769 5100 πλασ-

2192 5140 2389 5197 νᾶσθαι
2432 5139 2697 5205 πολλάκις
2730 5140 2829 5212 τὴν
2873 5140 3135 5210 ἱστορίαν.
3172 5141 3307 5210 Περὶ
3341 5142 3444 5210 μὲν
3473 5141 3535 5193 τὸ
3563 5139 3770 5211 καίριον

2189 5234 2289 5304 τῆς
2314 5231 2641 5295 ὑποθέσεως,
2660 5234 2862 5302 ὁμοίως
2890 5234 3095 5297 πάντες
3122 5234 3512 5304 συμφέρονται,
3536 5232 3628 5286 καὶ
3641 5233 3770 5301 ὁμο.

2189 5322 2460 5391 λογοῦσιν,
2480 5323 2588 5375 ἀπὸ
2606 5322 2700 5375 τοῦ
2721 5322 3002 5395 Κυριακοῦ
3031 5322 3324 5397 προσώπου
3350 5325 3449 5395 τὴν
3466 5327 3524 5379 ὲν
3540 5325 3618 5397 τῷ
3637 5326 3771 5395 ὑφάν

2194 5434 2359 5489 σματι
2405 5417 2787 5487 ἑκτυπωοῆναι
2818 5420 3138 5490 παραδόξως
3180 5421 3417 5492 μορφήν.
3444 5418 3767 5491 Περὶδὲτῶν

530 5517 678 5576 Nihil
703 5530 881 5574 tamen
905 5516 1074 5583 istud,
1100 5515 1365 5586 quidquid
1390 5522 1497 5580 est,
1514 5511 1738 5570 weritati
1766 5517 1948 5579 nocet,
1980 5510 2086 5567 sive

2186 5510 2282 5566 τοῦ
2333 5512 2676 5583 πράγματος,
2711 5511 2832 5583 ἦτοι
2857 5513 2948 5568 τὸν
2978 5511 3056 5586 (8)
3091 5513 3283 5586 καιρὸν
3307 5514 3677 5587 διαφέρονται.
3700 5512 3766 5564 ὐ

2026 5690 2262 5750 NOTAE.

605 5834 684 5905 (8)
710 5831 897 5901 Forte,
924 5831 1031 5887 τῶν
1056 5829 1284 5901 καιρῶν.
