4046 6330
394 341 497 410 433

1357 352 1754 418 NARRATIO
1793 355 1904 416 DE.
1927 355 2257 417 IMAGINE
2300 357 2729 421 EDESSENA..

3534 358 3659 425 434.

397 464 545 518 οὐδὲν
578 464 645 535 τῇ
674 463 905 536 ἀληθεία
950 464 1292 537 λυμαίνεται,
1333 466 1444 521 εἴτε
1496 469 1798 541 πρότερον,
1850 466 2005 533 εἴτελ

2108 490 2223 529 rtus
2256 472 2371 531 sive
2396 474 2836 544 postealactum
2854 480 2959 529 cst.
2995 471 3089 529 Sic
3121 487 3253 529 vero
3297 473 3463 531 altera
3501 490 3637 543 quo-

401 554 627 625 ὕστερον
677 555 923 625 γέγονεν.
988 558 1140 629 Ἔχει
1185 557 1240 611 δὲ
1288 559 1461 625 οὓτως
1516 562 1611 617 καὶ
1652 561 1759 617 τῶν
1797 561 1974 635 λόγων

2112 582 2182 635 ue
2213 582 2276 623 se
2307 567 2551 626 narratio
2583 566 2799 623 habet-

400 652 606 723 ἕτερος.

472 745 576 803 iA'.
607 748 697 800 Ἐν
723 746 800 818 τῷ
830 748 1042 819 μέλλειν
1065 754 1199 818 φασὶ
1216 750 1308 806 τὸν
1335 752 1570 824 Χριστὸν
1607 752 1703 806 ἐπὶ
1722 755 1785 807 τδ
1812 752 1975 809 ἑκού-

403 856 516 891 σιον
540 838 715 904 πάθος
753 840 950 907 ἐλθεῖν,
983 842 1146 912 ἡνίκα
1177 846 1278 914 τὴν
1311 843 1660 916 ἀνθρωπίνην
1690 843 1977 901 ἀσθένειαν

402 928 849 998 ἐνδεικνύμενος,
898 933 1149 1002 ἀγωνιῶν
1171 936 1353 1007 ὤρετο
1386 938 1479 991 καὶ
1516 937 1978 1010 προσευχόμενος,

402 1020 491 1074 ὅτε
523 1023 620 1076 καὶ
648 1023 779 1087 τοὺς
821 1024 1047 1096 ἱδρῶτας
1072 1027 1240 1082 αὑτοῦ
1266 1028 1400 1083 ὡσεὶ
1431 1028 1703 1102 θρόμϐους
1746 1031 1979 1086 σταλάσ-

404 1131 520 1169 σειν
568 1115 800 1187 αἵματος
830 1118 859 1170 6
889 1117 983 1173 τοῦ
1028 1120 1357 1191 Εὑαγγελίου
1405 1121 1561 1191 λόγος
1610 1124 1981 1194 ὑποσημαίνε-

404 1225 495 1262 ται
514 1222 531 1238 ⁸
555 1209 857 1278 τηνικαῦτά
872 1229 1034 1279 φασιν
1048 1212 1156 1266 ἀπό
1176 1231 1321 1278 τινος
1341 1214 1448 1268 τῶν
1467 1215 1724 1286 μαθητῶν
1750 1215 1981 1270 λαϐόντα

402 1302 465 1357 τὸ
494 1301 591 1356 νῦν
628 1302 960 1375 βλεπόμενον
1006 1304 1164 1359 τοῦτο
1203 1308 1465 1378 τεμάχιον
1496 1307 1591 1361 τοῦ
1635 1309 1978 1378 ὑφάσματος,

402 1397 505 1461 τὰς
533 1396 641 1449 τῶν
666 1396 905 1467 ἱδρώτων
939 1396 1159 1462 λιϐάδας
1189 1400 1246 1452 ὲν
1274 1398 1423 1470 αὑτῷ
1452 1400 1863 1471 ἀπομάξασθαι·
1890 1406 1984 1455 καὶ

406 1487 611 1551 εὐθέως
642 1488 1023 1559 ὲντυπωθῆναι
1066 1490 1165 1557 τὴν
1197 1492 1483 1561 ὁρωμένην
1509 1492 1714 1562 ταύτην
1749 1492 1842 1546 τοῦ
1868 1491 1985 1547 θεο-

409 1580 582 1643 ειδοῦς
614 1580 823 1635 ἐκείνου
858 1581 1030 1647 εἴδους
1064 1582 1395 1647 ἔκτὺπωσιν,
1424 1583 1452 1636 ὃ
1486 1584 1563 1655 τῷ
1593 1585 1763 1655 Θωμᾷ
1804 1602 1984 1653 παρα-

410 1673 668 1742 θέμενος,
723 1673 862 1744 μετέι
910 1674 1007 1744 τὴν
1068 1678 1147 1737 εἰς
1181 1676 1442 1747 οὐρανοὺς
1476 1676 1639 1729 αὑτοῦ
1663 1675 1870 1744 ἄνοδον,
1902 1678 1985 1729 διὰ

410 1762 674 1816 Θαδδαίου
711 1764 944 1835 Λὺγάρῳ
972 1765 1290 1819 ἀποστεῖλαι
1318 1766 1641 1836 προσέταξε,
1666 1766 1760 1836 τὴν
1778 1766 1866 1821 διὰ
1880 1766 1989 1820 τῶν

412 1854 761 1925 γραμμάτων
804 1856 1099 1927 ὑπόσχεσιν
1126 1857 1439 1926 ἐκπληρῶν.
1468 1858 1623 1913 Μετὰ
1651 1854 1744 1910 οὖν
1770 1858 1829 1913 τὸ
1859 1859 1989 1917 ἁνα-

410 1947 686 2018 ληφθῆναι
710 1948 798 2002 τὸν
827 1949 1030 2017 Κύριον
1052 1950 1210 2020 ἡμῶν
1252 1949 1458 2020 Ἰησοῦν
1492 1952 1729 2020 Χριστὸν
1759 1955 1837 2015 είς
1868 1954 1993 2015 τοὺς

412 2042 702 2113 οὐρανοὺς,
734 2041 857 2107 δοὺς
907 2045 933 2094 6
980 2041 1183 2112 Θωμᾶς
1231 2043 1307 2113 τῷ
1342 2043 1584 2112 Θαδδαίῳ
1634 2045 1732 2115 τὴν
1780 2046 1992 2117 6x5196-

416 2152 632 2204 γραφον
678 2134 774 2188 τοῦ
823 2134 1103 2205 Κυριακοῦ
1132 2134 1425 2206 προσώπου
1459 2137 1829 2207 ὲκμόρφωσιν,
1861 2138 1994 2208 πρὸς

415 2226 510 2280 τὸν
534 2226 789 2295 Αῦγαρον
827 2225 1199 2289 ἱξαπέστειλε.

491 2317 589 2373 ιΒν.
626 2317 966 2373 Καταλαδὼν
1012 2318 1190 2373 τοίνυν
1219 2321 1246 2373 6
1284 2318 1541 2385 Θαδδαῖος
1566 2324 1682 2392 ¹τὴν
1710 2321 1994 2385 Ἔδεσσαν,

421 2414 606 2483 ἔμεινε
660 2412 875 2483 πρῶτον
930 2415 1083 2486 παρά
1128 2432 1234 2469 τινι
1290 2413 1399 2468 τῶν
1451 2414 1639 2470 αὐτόθι
1709 2415 1997 2469 Ἰουδαίων.

419 2506 641 2572 Τωόίας
672 2502 825 2571 οὗτος
855 2506 1163 2577 ὦνόμαστο.
1182 2508 1290 2563 Καὶ
1325 2506 1390 2577 δὴ
1427 2508 1534 2579 πρὸ
1554 2510 1663 2562 τῶν
1684 2508 1877 2577 λόγων,
1895 2508 2001 2560 ἀπὸ

420 2598 535 2654 τῶν
584 2598 764 2672 ῐργων
824 2599 995 2653 θέλων
1050 2601 1240 2654 ἑαυτὸν
1278 2601 1543 2674 γνωρίσαι
1582 2600 1659 2671 τῷ
1688 2601 1925 2670 Abydum?
1976 2599 2003 2650 6

421 2688 520 2744 τοῦ
553 2688 793 2760 Χριστοῦ
830 2690 1097 2761 μαθητὴς,
1124 2692 1251 2754 τοὺς
1276 2686 1636 2753 ἀσθενοῦντας
1656 2689 1754 2760 τῆς
1795 2687 2004 2749 πόλεως

423 2786 716 2856 ἐπικλήσει
749 2784 885 2858 μόνῃ
920 2783 1579 2856 Χριστοῦὲθεράπευσεν.
1618 2780 1783 2835 Ὅθεν
1812 2797 1893 2833 τοι
1910 2778 2003 2831 τοῦ

423 2875 667 2947 Χριστοῦ
695 2877 791 2946 τῆς
834 2877 1024 2947 φήμης
1061 2874 1400 2945 διαδοθείσης
1424 2874 1583 2944 (ὅπερ
1628 2873 1721 2926 ἐπὶ
1755 2869 1865 2924 τῶν
1903 2886 2007 2922 τοι·

424 2969 601 3023 οὐτων
645 2967 964 3040 συμὸαίνειν
999 2968 1180 3039 φιλεῖ·
1210 2966 1405 3036 τὰγὰρ
1436 2964 1715 3037 παράδοξα
1736 2965 1843 3015 τῶν
1861 2978 2007 3031 πρα-

426 3057 658 3128 γμάτων
700 3057 928 3131 πολλοὺς
974 3058 1085 3131 ἔχει
1108 3059 1231 3122 τοὺς
1259 3059 1388 3128 περὶ
1421 3055 1601 3111 αὐτῶν
1632 3053 2008 3123 ἀπαγγέλλον-

2145 754 2241 813 XI.
2282 755 2419 811 Cum
2449 754 2704 812 Christus
2727 751 3053 810 admortem
3085 760 3279 825 sponte
3306 751 3645 809 subeundam

2078 846 2450 920 profecturus,
2484 846 2786 905 humanam
2815 844 2873 901 in
2902 858 2964 902 se
2996 851 3277 911 naturam,
3305 843 3526 899 timoris
3550 859 3619 898 an
3639 870 3655 885 ι

2079 941 2259 1011 gustia
2300 940 2494 997 mortis
2531 938 2752 1005 comite,
2793 938 3100 1002 exhiberet,
3151 945 3317 1009 atque
3361 937 3417 992 iu
3458 952 3652 1009 preces

2080 1033 2289 1091 eil‘usus
2309 1031 2731 1103 esset;quando
2753 1032 2918 1090 etiam
2950 1031 3304 1102 evangelicus
3337 1045 3518 1088 sermo
3566 1047 3654 1087 su-

2080 1125 2267 1181 dorem
2295 1125 2416 1192 ejus
2440 1124 2588 1180 velut
2615 1131 2801 1194 guttas
2827 1121 3114 1194 sanguinis
3144 1129 3299 1178 notat
3323 1121 3650 1178 deﬂuxisse;

2083 1227 2217 1274 tunc
2243 1218 2396 1272 aiunt
2427 1216 2582 1272 lintei
2610 1216 2903 1273 rescissam
2934 1223 3147 1287 partem
3177 1230 3342 1286 quam
3386 1228 3535 1277 nunc
3576 1214 3651 1269 vi«

2086 1311 2303 1374 demus,
2337 1324 2463 1365 cum
2507 1325 2571 1365 et
2610 1308 2847 1379 quodam
2880 1308 3280 1379 discipulorum
3325 1308 3657 1376 accepisset.

2087 1403 2359 1457 stillantes
2408 1401 2614 1457 imbres
2660 1416 2726 1455 eo
2770 1400 3100 1456 abstersisse
3146 1415 3161 1452 :
3214 1412 3450 1466 moxque
3492 1410 3663 1467 quam

2087 1494 2263 1550 oculis
2296 1508 2627 1562 usurpamus
2664 1493 2907 1547 divinam
2945 1492 3085 1546 hanc
3118 1492 3408 1561 imaginem
3444 1490 3522 1544 illi
3556 1491 3663 1544 im—

2090 1603 2336 1659 pressam
2370 1586 2667 1643 eﬂ'ulsisse.
2711 1584 2918 1657 Pignus
2956 1584 3181 1639 Thema:
3222 1583 3566 1654 depositum;
3601 1594 3668 1635 ac

2090 1682 2144 1737 in
2174 1679 2446 1736 mandatis
2479 1680 2688 1742 datum,
2723 1691 2780 1732 ut
2821 1688 2942 1749 post
2981 1676 3113 1733 Iesu
3158 1677 3214 1731 in
3263 1676 3433 1732 caelos
3470 1690 3672 1731 asceu--.

2093 1788 2237 1838 sum,
2289 1787 2382 1841 per
2423 1770 2781 1836 Thaddaum,
2825 1784 2937 1841 quo
2989 1771 3071 1825 sic
3120 1768 3323 1837 scripta
3375 1766 3670 1837 promissio

2096 1864 2435 1933 impleretur,
2483 1862 2721 1917 mitteret
2766 1860 2834 1915 ad
2884 1862 3187 1931 Augarum.
3233 1858 3405 1930 Igitur
3449 1858 3679 1913 Christo

2095 1955 2329 2010 Domino
2374 1957 2428 2008 in
2456 1956 2627 2010 caelos
2671 1963 2913 2023 recepto,
2959 1954 3096 2007 dans
3130 1935 3368 2006 Thomas
3395 1949 3669 2004 Tliaddazo

2095 2064 2203 2102 non
2242 2046 2613 2102 manufactam
2641 2044 2910 2101 Dominici
2945 2044 3131 2099 vultus
3168 2040 3420 2113 elligiem,
3452 2043 3668 2110 Augaro

2095 2140 2449 2202 deferendam
2478 2139 2669 2211 jussit.

2169 2322 2289 2379 Xll.
2326 2322 2567 2395 Veniens
2596 2321 2784 2392 itaque
2808 2317 3120 2373 Thaddaeus
3148 2314 3432 2378 Edessam,
3473 2313 3675 2369 mansit

2103 2419 2338 2489 primum
2369 2416 2512 2485 apud
2544 2412 2832 2485 quemdam
2858 2412 2978 2481 ejus
3011 2411 3113 2464 loci
3147 2407 3425 2473 Judaeum,
3445 2404 3673 2461 Tobiam

2104 2511 2344 2565 nomine.
2392 2507 2636 2563 Necdum
2685 2520 2809 2560 cum
2861 2506 3053 2573 regulo
3096 2507 3351 2555 conserto
3401 2510 3674 2573 sermone.

2104 2602 2303 2672 quippe
2336 2615 2460 2655 cum
2502 2601 2549 2655 is
2582 2597 2765 2652 animo
2809 2596 3171 2652 constitutum
3222 2593 3471 2652 haberet,
3506 2598 3565 2643 ut
3611 2605 3677 2643 ex

2106 2693 2362 2764 cperihus
2394 2692 2617 2763 Augaro
2647 2690 3054 2752 inuotesceret;
3090 2700 3231 2755 quos
3264 2683 3462 2741 civium
3500 2696 3678 2751 aegro-

2108 2795 2193 2841 tos
2226 2784 2476 2847 oti'endit,
2511 2792 2756 2839 actutum
2784 2782 2997 2837 curavit
3038 2780 3157 2836 solo
3186 2778 3391 2834 Christi
3422 2777 3679 2831 invocato

2110 2881 2350 2934 nomine.
2398 2877 2667 2943 Quocirca
2720 2873 3199 2943 percrebrescente
3258 2868 3464 2925 Christi
3513 2868 3681 2930 tanta,

2112 2976 2187 3029 uti
2226 2973 2447 3043 quidem
2481 2971 2535 3024 iu
2568 2969 2773 3025 talibus
2799 2967 2939 3023 solet
2964 2965 3247 3023 accidere:
3282 2979 3371 3019 res
3401 2964 3545 3017 enim
3582 2960 3684 3013 mi-

2110 3064 2313 3120 rabiles
2345 3070 2400 3117 et
2435 3060 2717 3125 iuauditze,
2752 3059 2937 3129 plures
2964 3057 3049 3113 sui
3084 3055 3311 3111 nuntios
3344 3054 3584 3117 habent;
3617 3051 3689 3110 ad

427 3150 807 3220 τας),ἐφθασε
866 3151 958 3205 καὶ
1009 3151 1146 3223 πρὸς
1170 3150 1260 3203 τὸν
1304 3147 1557 3222 Αὑγαρον
1599 3146 1689 3201 διά
1726 3163 1869 3211 τινος
1898 3146 2005 3200 τῶν

2116 3156 2389 3227 Augarum
2420 3167 2637 3224 quoque
2677 3166 2772 3222 per
2805 3165 2973 3205 unum
3005 3149 3297 3220 quemdam
3326 3161 3391 3207 ex
3434 3145 3681 3216 proceri-

428 3240 598 3298 αὑτοῦ
656 3243 933 3297 δυναστῶν
996 3242 1190 3314 ’Λμδοῦ
1253 3243 1588 3313 καλουμένου
1610 3279 1627 3306 ,
1667 3241 1702 3313 ἡ
1745 3241 1873 3310 περὶ
1909 3239 2008 3305 τῆς

431 3333 695 3405 ἱνδημίας
725 3334 817 3387 τοῦ
853 3334 1151 3389 ἀποστόλου
1174 3334 1412 3407 Χριστοῦ
1439 3334 1599 3404 ἀκοή.
1634 3332 2008 3401 Λογισὰμενος

432 3426 529 3482 οὖν
575 3427 779 3493 εὐθέως
828 3429 897 3482 ἐκ
947 3428 1044 3499 τῆς
1095 3426 1526 3499 ὑποικουροὺσης
1562 3426 1621 3479 ἐν
1664 3424 1816 3495 αὑτῷ
1856 3422 2011 3478 ἐλπί-

431 3520 545 3586 δος,
577 3518 767 3573 τοῦτον
792 3521 997 3573 ἐκείνον
1020 3513 1180 3585 εἶναι,
1211 3519 1271 3573 ὃν
1304 3518 1620 3573 ἀποστεῖλαι
1671 3516 1806 3588 πρὸς
1850 3516 2012 3571 αὑτὸν

432 3614 466 3665 6
496 3610 700 3683 Ἰησοῦς
719 3611 809 3665 διὰ
832 3613 928 3684 τῆς
958 3613 1172 3682 γραφῆς
1204 3611 1604 3684 ὲπηγγεῦιατα·
1640 3611 1733 3664 καὶ
1762 3609 1891 3681 παρ’
1917 3609 2016 3663 αὐ-

432 3701 531 3756 τοῦ
559 3702 899 3775 τελειότερον
940 3703 1006 3757 τὰ
1038 3704 1169 3773 περὶ
1205 3703 1300 3757 τοῦ
1327 3702 1590 3758 Θαδδαίου
1630 3701 1838 3771 μαθὼν,
1872 3703 2011 3771 ἀγα-

434 3794 558 3863 γεῖν
607 3793 773 3849 αὑτὸν
812 3794 1126 3862 διωρίσατο.
1165 3796 1221 3849 '0
1244 3791 1339 3849 οὖν
1370 3793 1585 3859 Τωϐίας
1615 3792 1808 3859 ἐλθὼν,
1840 3790 2014 3861 ιγνώο

440 3904 561 3959 ρισε
597 3888 772 3943 ταῦτα
802 3887 881 3959 τῷ
909 3887 1235 3958 Ἀποστόλιιν
1260 3889 1509 3952 κακεῖνος
1529 3888 1588 3943 δν
1616 3887 1845 3957 δυνάμει
1877 3887 2015 3958 1:96;

437 3978 604 4033 αὑτὸν
634 3980 973 4035 ἀπεστάλθαι
1000 3978 1191 4047 εἰπὼν,
1217 3980 1281 4034 τὸ
1310 3979 1436 4051 ἑξῆς
1472 3978 1613 4051 πρὸς
1638 3979 1731 4033 τὸν
1764 3977 2017 4049 Αὑγαρον

440 4073 798 4143 παρεγένετο.
844 4073 934 4127 Ἑν
958 4073 1016 4127 δὲ
1035 4072 1114 4143 τῷ
1149 4072 1361 4145 μέλλειν
1383 4072 1525 4127 κατὰ
1549 4071 1841 4143 πρόσωπον
1866 4069 2017 4141 αὑτῷ

442 4165 864 4236 ἐμφανίζεσθαι,
896 4166 990 4219 ἐπὶ
1034 4165 1130 4220 τοῦ
1172 4165 1302 4220 ἰδίου
1337 4162 1589 4237 μετώπου
1635 4158 1748 4218 οἷον
1777 4164 2017 4233 ἀναστηο

440 4258 622 4322 λώσας
669 4257 768 4330 τὴν
816 4258 1072 4330 τοιαύτην
1116 4258 1439 4330 ἐμφέρειαν,
1468 4256 1641 4321 οὑτως
1672 4256 1842 4327 εἰσῄει
1884 4255 2022 4327 πρὸς

443 4349 717 4421 Λῦγαρον.
761 4348 820 4404 '0
863 4349 921 4402 Bk
964 4349 1259 4421 πόρρωθεν¹
1308 4348 1470 4403 αὑτὸν
1519 4350 1818 4420 προσιόντα
1871 4345 2017 4411 ἰδὼν,

444 4444 695 4512 κρεῖττον
744 4441 921 4513 ὅψεως
970 4441 1086 4513 φῶς
1137 4440 1514 4495 ἁκτινοδολοῦν
1560 4441 1666 4495 ἀπὸ
1713 4441 1812 4509 τῆς
1845 4438 2022 4507 ὅψεως

2114 3249 2239 3311 bus,
2273 3246 2451 3301 Amdu
2496 3245 2737 3309 nomine,
2782 3242 3074 3300 advenisse
3118 3240 3323 3296 Christi
3372 3239 3682 3311 apostolum

2112 3354 2302 3396 rumor
2339 3339 2583 3411 perlatus
2610 3343 2716 3393 est.
2742 3337 2870 3391 Mox
2899 3336 3108 3406 itaque,
3143 3347 3206 3390 ea
3239 3347 3341 3407 spe
3368 3346 3533 3403 quam
3562 3330 3694 3385 σοῖς

2113 3446 2205 3486 mo
2237 3430 2441 3494 alebat,
2469 3428 2523 3482 in
2549 3435 2787 3483 mentem
2820 3425 2969 3485 venit
2993 3439 3118 3479 eum
3146 3424 3325 3493 ipsum
3354 3437 3497 3484 esse,
3523 3436 3685 3489 quem

2114 3524 2163 3578 ei
2192 3538 2252 3579 se
2283 3522 2582 3577 missurum
2607 3535 2701 3590 per
2723 3518 2911 3576 literas
2935 3517 3099 3573 Jesus
3124 3516 3493 3587 promisisset,
3515 3514 3688 3585 igitur

2114 3614 2182 3669 de
2204 3611 2477 3667 Thaddaeo
2499 3611 2715 3685 plenius
2746 3610 3088 3677 sciscitatus,
3121 3624 3247 3663 cum
3281 3607 3587 3663 didicisset.
3619 3607 3686 3659 ad

2117 3716 2175 3756 se
2222 3701 2399 3755 virum
2455 3700 2653 3755 adduci
2699 3699 2875 3769 jubet.
2905 3699 3108 3755 Tobias
3153 3699 3402 3764 veniens,
3446 3698 3499 3752 id
3542 3697 3689 3764 quod

2112 3793 2302 3864 jussus
2347 3800 2467 3848 erat
2502 3792 2750 3861 apostolo
2784 3790 3133 3863 signiﬁcavit,
3180 3799 3296 3846 tum
3342 3790 3433 3846 ille
3474 3804 3597 3842 cum
3632 3804 3692 3845 se

2117 3882 2181 3937 ad
2215 3883 2365 3938 illum
2409 3884 2462 3937 in
2499 3882 2703 3938 virtute
2751 3884 2981 3940 missum
3028 3881 3285 3948 dixisset,
3319 3881 3587 3951 postridie
3622 3880 3696 3933 ad

2116 3989 2241 4032 eum
2274 3978 2557 4046 profectus
2595 3985 2700 4032 est.
2734 3975 2922 4052 itaque
2961 3975 3019 4031 in
3061 3977 3347 4046 procinctu
3381 3983 3441 4027 ut
3476 3988 3534 4027 se
3570 3972 3689 4041 ejus

2119 4085 2303 4125 coram
2340 4069 2515 4126 oculis
2546 4068 2790 4136 sisteret,
2838 4082 2960 4124 eam
3012 4067 3119 4126 sibi
3165 4066 3392 4139 efﬁgiem
3429 4066 3575 4121 velut
3613 4065 3693 4120 ai-

2121 4178 2286 4232 gnum
2320 4163 2372 4215 in
2407 4161 2587 4216 fronte
2610 4176 2821 4231 ponens
2848 4169 3012 4231 atque
3036 4160 3277 4229 erigens,
3314 4158 3369 4212 in
3400 4158 3545 4211 hunc
3571 4170 3691 4209 mo-

2122 4256 2251 4310 dum
2282 4254 2349 4308 ad
2377 4260 2654 4323 Augarum
2686 4253 2966 4323 ingressus
2997 4262 3102 4307 εει.
3131 4248 3337 4305 Videns
3360 4249 3448 4303 illc
3479 4248 3695 4301 eminus

2121 4347 2450 4410 venientem,
2497 4346 2673 4413 lucem
2723 4344 2828 4400 sibi
2878 4358 2943 4398 ex
2993 4341 3113 4412 ejus
3168 4341 3304 4404 facie
3346 4340 3693 4403 emicautcm,

2123 4453 2285 4507 quam
2324 4436 2477 4490 nulla
2519 4436 2603 4491 vis
2652 4434 2935 4489 oculorum
2982 4432 3127 4487 ferre
3166 4440 3351 4501 posset
3388 4429 3697 4497 ejaculante

446 4529 612 4584 αὑτοῦ
688 4528 1045 4599 ἐξαλλόμενον
1096 4528 1274 4583 ἐδόκει
1331 4529 1486 4600 όρᾷν,
1532 4528 1567 4581 δ
1621 4528 1681 4580 τὸ
1731 4525 2005 4597 ἐπικείμε-

2126 4530 2243 4600 ipsa
2271 4530 2467 4600 eiligie,
2500 4542 2723 4584 cernere
2749 4528 2901 4583 visus
2934 4532 3041 4581 est.
3082 4522 3479 4595 Eﬂulgurantis
3511 4523 3705 4589 itaque

445 4640 537 4676 νον
607 4622 757 4690 ἀφίει
828 4621 1102 4692 ὁμοίωμα.
1136 4621 1300 4674 Ὅθεν
1347 4619 1425 4690 τῷ
1478 4618 1870 4691 ὑπερϐάλλοντι
1923 4618 2023 4688 τῆς

449 4711 874 4786 ἀστραπτοὺσης
905 4712 1245 4782 λαμπηδόνος
1294 4709 1686 4780 καταπλαγεὶς,
1712 4710 1804 4763 καὶ
1833 4708 2024 4779 ὥσπερ

446 4806 509 4859 ἐν
556 4804 698 4878 λήθῃ
741 4803 851 4857 τῶν
887 4804 1016 4875 περὶ
1042 4804 1205 4856 αὑτὸν
1252 4801 1673 4873 συμπτωμάτων
1707 4800 2023 4870 γενόμενος,

450 4895 549 4949 καὶ
603 4894 706 4961 τῆς
755 4892 1112 4965 πολυχρονίου
1166 4893 1452 4961 παρέσεως
1516 4892 1625 4944 τῶν
1675 4888 1876 4961 μελῶν,
1924 4888 2024 4958 τῆς

451 4985 644 5055 κλίνης
693 4967 906 5057 ἀθρόως
974 4984 1201 5056 ἀνέθορε
1251 4984 1365 5057 (9),
1420 4984 1634 5056 τρέχειν
1696 4981 2026 5047 ἐξεϐιάζετο.

449 5080 635 5135 Tum
663 5078 835 5144 πάθος
874 5097 968 5134 κα.
996 5078 1131 5151 πρὸς
1171 5078 1415 5148 ὑπαντὴν
1462 5078 1531 5130 τὰ
1564 5074 1871 5147 παρειμένα
1893 5074 2026 5144 μέλη

452 5172 648 5225 παθὼν
699 5172 900 5244 τρόπον
958 5171 1145 5241 ἕτερον
1176 5173 1284 5229 τοῖς
1324 5172 1382 5224 ἐν
1418 5168 1497 5241 τῷ
1543 5169 1658 5240 ὄρει
1705 5166 1900 5239 Θαῦὼρ
1928 5168 2028 5237 τὴν

453 5262 813 5333 ἀστράψασαν
843 5262 1059 5335 μορφὴν
1089 5262 1465 5331 θεασαμένοις.

530 5355 627 5409 Il".
654 5355 849 5409 Λαϐὼν
882 5356 1061 5408 τοίνυν
1091 5356 1198 5408 ἀπὸ
1246 5354 1337 5409 τοῦ
1369 5354 1668 5408 ἀποστόλου
1698 5352 1757 5405 τὸ
1792 5351 2029 5405 τοιοῦτον

455 5446 737 5517 ὁμοίωμα,
778 5447 872 5500 καὶ
904 5446 1217 5517 σεϐασμίως
1247 5446 1381 5499 αὑτὸ
1415 5448 1481 5516 τῇ
1518 5445 1726 5515 κεφαλῇ
1764 5446 2027 5516 περιθεὶς,

458 5540 556 5594 καὶ
586 5542 700 5603 τοῖς
735 5538 962 5609 χείλεσι,
987 5541 1080 5593 καὶ
1114 5540 1231 5593 οὑδὲ
1254 5540 1301 5594 τ’
1330 5540 1463 5594 ἄλλα
1496 5539 1604 5592 τῶν
1641 5539 1736 5592 τοῦ
1781 5538 2030 5608 σώματος

464 5631 649 5703 μερῶν
685 5632 956 5703 στερήσεις
1006 5632 1105 5701 τῆς
1150 5631 1408 5702 τοιαύτης
1442 5630 1857 5704 προσψαύσεως,
1891 5631 2029 5698 ἔγνω

2124 4621 2267 4675 lucis
2304 4618 2637 4690 importabili
2670 4616 3130 4673 radio-attouitus
3166 4628 3230 4668 ac
3264 4622 3510 4684 stupens,
3547 4625 3696 4664 mor-

2128 4710 2291 4780 bique
2321 4723 2557 4764 casuum
2583 4722 2647 4763 ac
2677 4707 2910 4763 diutina:
2941 4705 3309 4762 membrorum
3345 4701 3697 4760 resolutionis

2128 4803 2273 4856 velut
2338 4801 2564 4865 oblitus,
2623 4808 2847 4871 repente
2897 4799 3040 4856 lecto
3098 4812 3387 4862 excussus,
3453 4795 3711 4851 resoluta,

2130 4894 2372 4948 membra
2410 4894 2464 4948 in
2499 4907 2793 4948 occursum
2824 4892 2971 4962 cogit
2999 4890 3282 4947 festinare.
3310 4887 3511 4944 Eodem
3548 4886 3700 4943 scili-

2130 4994 2214 5043 cet
2241 4986 2458 5050 aﬂ‘cctu,
2493 4985 2637 5040 haud
2669 4995 2852 5041 tamen
2877 4985 3067 5042 eadem
3097 4984 3312 5040 ratione
3340 4996 3402 5037 ac
3430 4980 3491 5047 ii,
3522 4982 3615 5053 qui
3642 4980 3699 5035 in

2128 5092 2310 5134 monte
2340 5078 2563 5134 Thahor
2608 5078 2746 5136 lucis
2794 5077 3102 5150 fulgoribus
3135 5076 3431 5132 micantem
3465 5073 3698 5137 formari;

2128 5187 2480 5242 conspexere.

2200 5348 2337 5412 Xlll‘.
2380 5358 2617 5427 Accrpta
2656 5356 2941 5428 itaque'al)
2978 5357 3229 5429 apostolo
3266 5355 3464 5427 eﬂigie,
3507 5370 3571 5411 ac
3605 5371 3699 5411 ve:

2138 5451 2385 5505 nerautis
2412 5451 2594 5520 specie
2628 5450 2790 5519 capiti
2824 5450 3095 5521 imposita,
3130 5450 3412 5518 oculisque
3443 5458 3496 5503 et
3524 5448 3702 5501 mani-

2140 5542 2244 5596 bus
2269 5550 2322 5593 οι
2364 5541 2542 5604 labiis,
2582 5555 2644 5593 ac
2681 5542 2929 5611 corporis
2974 5540 3233 5597 membris
3266 5541 3516 5611 reliquis,
3553 5540 3702 5593 nullo

2140 5633 2258 5697 eius
2315 5631 2556 5686 muneris
2609 5641 2850 5703 experte,
2904 5633 3164 5701 adhibita,
3228 5632 3409 5689 statim
3459 5634 3703 5694 malum

2009 5748 2139 5800 πυτ
2150 5748 2211 5800 .1'7
2226 5792 2231 5797 .

532 5836 612 5909 (9)
646 5835 811 5896 Forte
850 5839 1001 5899 deest
1034 5840 1145 5895 καί.
