  <div class='ocr_page' id='page_1' title='image "/cluster/home/n/w/nwhite01/storage/ocr_20150623/113/mdp.39015078384305/227.png"; bbox 0 0 4042 6344; ppageno 0'>
   <div class='ocr_carea' id='block_1_1' title="bbox 462 379 569 443">
    <p class='ocr_par' dir='ltr' id='par_1_1' title="bbox 462 379 569 443">
     <span class='ocr_line' id='line_1_1' title="bbox 462 379 569 443; baseline 0.019 -2"><span class='ocrx_word' id='word_1_1' title='bbox 462 379 569 443; x_wconf 64' lang='grc' dir='ltr'><strong>ιον</strong></span> 
     </span>
    </p>
   </div>
   <div class='ocr_carea' id='block_1_2' title="bbox 1336 363 2681 461">
    <p class='ocr_par' dir='ltr' id='par_1_2' title="bbox 1336 363 2681 461">
     <span class='ocr_line' id='line_1_2' title="bbox 1336 363 2681 461; baseline 0.009 -14"><span class='ocrx_word' id='word_1_2' title='bbox 1336 363 1341 367; x_wconf 76' lang='grc'><strong>’</strong></span> <span class='ocrx_word' id='word_1_3' title='bbox 1449 384 2681 461; x_wconf 68' lang='lat' dir='ltr'><strong>CONSTANTINIZPORPHYROGENITI</strong></span> 
     </span>
    </p>
   </div>
   <div class='ocr_carea' id='block_1_3' title="bbox 3639 395 3759 461">
    <p class='ocr_par' dir='ltr' id='par_1_3' title="bbox 3639 395 3759 461">
     <span class='ocr_line' id='line_1_3' title="bbox 3639 395 3759 461; baseline 0 0"><span class='ocrx_word' id='word_1_4' title='bbox 3639 395 3759 461; x_wconf 68' lang='grc' dir='ltr'><strong>ιεο</strong></span> 
     </span>
    </p>
   </div>
   <div class='ocr_carea' id='block_1_4' title="bbox 460 500 2046 588">
    <p class='ocr_par' dir='ltr' id='par_1_4' title="bbox 460 500 2038 580">
     <span class='ocr_line' id='line_1_4' title="bbox 460 500 2038 580; baseline 0.007 -27"><span class='ocrx_word' id='word_1_5' title='bbox 460 516 688 555; x_wconf 79' lang='lat' dir='ltr'><strong>munere</strong></span> <span class='ocrx_word' id='word_1_6' title='bbox 714 500 916 580; x_wconf 74' lang='lat' dir='ltr'><strong>auxilia</strong></span> <span class='ocrx_word' id='word_1_7' title='bbox 951 500 1329 573; x_wconf 77' lang='lat' dir='ltr'><strong>impetrarent.</strong></span> <span class='ocrx_word' id='word_1_8' title='bbox 1359 504 1590 561; x_wconf 75' lang='lat' dir='ltr'><strong>Romani</strong></span> <span class='ocrx_word' id='word_1_9' title='bbox 1612 518 1744 563; x_wconf 81' lang='lat' dir='ltr'><strong>tunc</strong></span> <span class='ocrx_word' id='word_1_10' title='bbox 1766 510 2038 565; x_wconf 77' lang='lat' dir='ltr'><strong>exercitus</strong></span> 
     </span>
    </p>
   </div>
   <div class='ocr_carea' id='block_1_5' title="bbox 2150 500 3768 588">
    <p class='ocr_par' dir='ltr' id='par_1_5' title="bbox 2150 513 3768 588">
     <span class='ocr_line' id='line_1_5' title="bbox 2150 513 3768 588; baseline 0.002 -25"><span class='ocrx_word' id='word_1_11' title='bbox 2150 513 2529 583; x_wconf 62' lang='lat' dir='ltr'><strong>atparqyotig.</strong></span> <span class='ocrx_word' id='word_1_12' title='bbox 2552 516 2749 570; x_wconf 80' lang='grc' dir='ltr'>Ἡλίων</span> <span class='ocrx_word' id='word_1_13' title='bbox 2768 514 2844 581; x_wconf 76' lang='grc' dir='ltr'>δὲ,</span> <span class='ocrx_word' id='word_1_14' title='bbox 2864 518 2893 570; x_wconf 82' lang='grc' dir='ltr'><strong>ὁ</strong></span> <span class='ocrx_word' id='word_1_15' title='bbox 2922 518 3043 572; x_wconf 83' lang='grc' dir='ltr'>τότε</span> <span class='ocrx_word' id='word_1_16' title='bbox 3066 516 3177 572; x_wconf 78' lang='grc' dir='ltr'><strong>τῶν</strong></span> <span class='ocrx_word' id='word_1_17' title='bbox 3218 516 3556 588; x_wconf 79' lang='grc' dir='ltr'>Ῥωμαϊκῶν</span> <span class='ocrx_word' id='word_1_18' title='bbox 3582 532 3768 586; x_wconf 62' lang='lat' dir='ltr'><strong>etpa-</strong></span> 
     </span>
    </p>
   </div>
   <div class='ocr_carea' id='block_1_6' title="bbox 463 593 2043 666">
    <p class='ocr_par' dir='ltr' id='par_1_6' title="bbox 463 593 2043 666">
     <span class='ocr_line' id='line_1_6' title="bbox 463 593 2043 666; baseline 0.008 -21"><span class='ocrx_word' id='word_1_19' title='bbox 463 602 665 663; x_wconf 68' lang='lat' dir='ltr'><strong>praator</strong></span> <span class='ocrx_word' id='word_1_20' title='bbox 707 593 861 648; x_wconf 78' lang='lat' dir='ltr'><strong>Helio</strong></span> <span class='ocrx_word' id='word_1_21' title='bbox 888 604 1028 658; x_wconf 86' lang='lat' dir='ltr'><strong>erat,</strong></span> <span class='ocrx_word' id='word_1_22' title='bbox 1064 596 1289 666; x_wconf 77' lang='lat' dir='ltr'><strong>ipseque</strong></span> <span class='ocrx_word' id='word_1_23' title='bbox 1320 612 1350 652; x_wconf 87' lang='lat' dir='ltr'><strong>a</strong></span> <span class='ocrx_word' id='word_1_24' title='bbox 1390 615 1470 663; x_wconf 84' lang='lat' dir='ltr'><strong>se,</strong></span> <span class='ocrx_word' id='word_1_25' title='bbox 1509 600 1801 655; x_wconf 79' lang='lat' dir='ltr'><strong>Persarum</strong></span> <span class='ocrx_word' id='word_1_26' title='bbox 1832 603 1881 656; x_wconf 85' lang='lat' dir='ltr'><strong>vi</strong></span> <span class='ocrx_word' id='word_1_27' title='bbox 1922 603 2043 658; x_wconf 88' lang='lat' dir='ltr'><strong>acie</strong></span> 
     </span>
    </p>
   </div>
   <div class='ocr_carea' id='block_1_7' title="bbox 463 686 2045 759">
    <p class='ocr_par' dir='ltr' id='par_1_7' title="bbox 463 686 2045 759">
     <span class='ocr_line' id='line_1_7' title="bbox 463 686 2045 759; baseline 0.009 -22"><span class='ocrx_word' id='word_1_28' title='bbox 463 686 743 749; x_wconf 79' lang='lat' dir='ltr'><strong>laborans,</strong></span> <span class='ocrx_word' id='word_1_29' title='bbox 771 686 1068 744; x_wconf 80' lang='lat' dir='ltr'><strong>auxiliares</strong></span> <span class='ocrx_word' id='word_1_30' title='bbox 1093 689 1280 759; x_wconf 86' lang='lat' dir='ltr'><strong>copias</strong></span> <span class='ocrx_word' id='word_1_31' title='bbox 1309 690 1559 749; x_wconf 84' lang='lat' dir='ltr'><strong>sul‘licere</strong></span> <span class='ocrx_word' id='word_1_32' title='bbox 1577 691 1801 750; x_wconf 69' lang='lat' dir='ltr'><strong>Edessa:</strong></span> <span class='ocrx_word' id='word_1_33' title='bbox 1829 693 2045 751; x_wconf 78' lang='lat' dir='ltr'><strong>civibus</strong></span> 
     </span>
    </p>
   </div>
   <div class='ocr_carea' id='block_1_8' title="bbox 460 778 2038 854">
    <p class='ocr_par' dir='ltr' id='par_1_8' title="bbox 460 778 2038 854">
     <span class='ocr_line' id='line_1_8' title="bbox 460 778 2038 854; baseline 0.006 -24"><span class='ocrx_word' id='word_1_34' title='bbox 460 793 570 832; x_wconf 89' lang='lat' dir='ltr'><strong>non</strong></span> <span class='ocrx_word' id='word_1_35' title='bbox 594 778 829 841; x_wconf 81' lang='lat' dir='ltr'><strong>valebat,</strong></span> <span class='ocrx_word' id='word_1_36' title='bbox 848 780 1065 836; x_wconf 87' lang='lat' dir='ltr'><strong>animos</strong></span> <span class='ocrx_word' id='word_1_37' title='bbox 1092 790 1273 838; x_wconf 88' lang='lat' dir='ltr'><strong>tamen</strong></span> <span class='ocrx_word' id='word_1_38' title='bbox 1303 783 1527 854; x_wconf 73' lang='lat' dir='ltr'><strong>scriptis</strong></span> <span class='ocrx_word' id='word_1_39' title='bbox 1556 783 1756 842; x_wconf 84' lang='lat' dir='ltr'><strong>litteris</strong></span> <span class='ocrx_word' id='word_1_40' title='bbox 1781 785 2038 851; x_wconf 82' lang='lat' dir='ltr'><strong>addebat,</strong></span> 
     </span>
    </p>
   </div>
   <div class='ocr_carea' id='block_1_9' title="bbox 462 869 2040 943">
    <p class='ocr_par' dir='ltr' id='par_1_9' title="bbox 462 869 2040 943">
     <span class='ocr_line' id='line_1_9' title="bbox 462 869 2040 943; baseline 0.006 -22"><span class='ocrx_word' id='word_1_41' title='bbox 462 869 790 940; x_wconf 84' lang='lat' dir='ltr'><strong>Dominiquc</strong></span> <span class='ocrx_word' id='word_1_42' title='bbox 818 871 1108 940; x_wconf 86' lang='lat' dir='ltr'><strong>epistolam</strong></span> <span class='ocrx_word' id='word_1_43' title='bbox 1150 886 1215 927; x_wconf 89' lang='lat' dir='ltr'><strong>ac</strong></span> <span class='ocrx_word' id='word_1_44' title='bbox 1257 887 1444 929; x_wconf 81' lang='lat' dir='ltr'><strong>veram</strong></span> <span class='ocrx_word' id='word_1_45' title='bbox 1493 874 1549 929; x_wconf 92' lang='lat' dir='ltr'><strong>in</strong></span> <span class='ocrx_word' id='word_1_46' title='bbox 1584 889 1645 929; x_wconf 88' lang='lat' dir='ltr'><strong>ea</strong></span> <span class='ocrx_word' id='word_1_47' title='bbox 1687 877 2040 943; x_wconf 79' lang='lat' dir='ltr'><strong>sententiam,</strong></span> 
     </span>
    </p>
   </div>
   <div class='ocr_carea' id='block_1_10' title="bbox 459 961 2042 1041">
    <p class='ocr_par' dir='ltr' id='par_1_10' title="bbox 459 961 2042 1041">
     <span class='ocr_line' id='line_1_10' title="bbox 459 961 2042 1041; baseline 0.008 -28"><span class='ocrx_word' id='word_1_48' title='bbox 459 976 565 1027; x_wconf 79' lang='lat' dir='ltr'><strong>qua</strong></span> <span class='ocrx_word' id='word_1_49' title='bbox 604 961 895 1018; x_wconf 75' lang='lat' dir='ltr'><strong>incolumis</strong></span> <span class='ocrx_word' id='word_1_50' title='bbox 942 961 1153 1029; x_wconf 79' lang='lat' dir='ltr'><strong>futura,</strong></span> <span class='ocrx_word' id='word_1_51' title='bbox 1186 964 1450 1036; x_wconf 87' lang='lat' dir='ltr'><strong>nullaque</strong></span> <span class='ocrx_word' id='word_1_52' title='bbox 1493 965 1731 1023; x_wconf 88' lang='lat' dir='ltr'><strong>hostium</strong></span> <span class='ocrx_word' id='word_1_53' title='bbox 1776 968 1828 1023; x_wconf 90' lang='lat' dir='ltr'><strong>vi</strong></span> <span class='ocrx_word' id='word_1_54' title='bbox 1867 984 2042 1041; x_wconf 43' lang='lat' dir='ltr'><strong>expue</strong></span> 
     </span>
    </p>
   </div>
   <div class='ocr_carea' id='block_1_11' title="bbox 460 1053 2041 1127">
    <p class='ocr_par' dir='ltr' id='par_1_11' title="bbox 460 1053 2041 1127">
     <span class='ocr_line' id='line_1_11' title="bbox 460 1053 2041 1127; baseline 0.008 -21"><span class='ocrx_word' id='word_1_55' title='bbox 460 1053 679 1119; x_wconf 76' lang='lat' dir='ltr'><strong>gnanda</strong></span> <span class='ocrx_word' id='word_1_56' title='bbox 707 1053 904 1109; x_wconf 79' lang='lat' dir='ltr'><strong>civitas</strong></span> <span class='ocrx_word' id='word_1_57' title='bbox 930 1064 986 1111; x_wconf 90' lang='lat' dir='ltr'><strong>et</strong></span> <span class='ocrx_word' id='word_1_58' title='bbox 1013 1055 1257 1113; x_wconf 75' lang='lat' dir='ltr'><strong>ferretur</strong></span> <span class='ocrx_word' id='word_1_59' title='bbox 1282 1065 1337 1113; x_wconf 89' lang='lat' dir='ltr'><strong>et</strong></span> <span class='ocrx_word' id='word_1_60' title='bbox 1377 1058 1717 1127; x_wconf 83' lang='lat' dir='ltr'><strong>crederetur,</strong></span> <span class='ocrx_word' id='word_1_61' title='bbox 1748 1060 1805 1116; x_wconf 90' lang='lat' dir='ltr'><strong>in</strong></span> <span class='ocrx_word' id='word_1_62' title='bbox 1834 1076 2041 1118; x_wconf 82' lang='lat' dir='ltr'><strong>memo-</strong></span> 
     </span>
    </p>
   </div>
   <div class='ocr_carea' id='block_1_12' title="bbox 464 1146 2043 1222">
    <p class='ocr_par' dir='ltr' id='par_1_12' title="bbox 464 1146 2043 1222">
     <span class='ocr_line' id='line_1_12' title="bbox 464 1146 2043 1222; baseline 0.007 -24"><span class='ocrx_word' id='word_1_63' title='bbox 464 1146 602 1199; x_wconf 88' lang='lat' dir='ltr'><strong>riam</strong></span> <span class='ocrx_word' id='word_1_64' title='bbox 638 1148 953 1203; x_wconf 80' lang='lat' dir='ltr'><strong>revocabat.</strong></span> <span class='ocrx_word' id='word_1_65' title='bbox 988 1146 1159 1204; x_wconf 81' lang='lat' dir='ltr'><strong>Porro</strong></span> <span class='ocrx_word' id='word_1_66' title='bbox 1192 1149 1379 1205; x_wconf 78' lang='lat' dir='ltr'><strong>Persae</strong></span> <span class='ocrx_word' id='word_1_67' title='bbox 1418 1164 1545 1206; x_wconf 89' lang='lat' dir='ltr'><strong>cum</strong></span> <span class='ocrx_word' id='word_1_68' title='bbox 1593 1152 1772 1222; x_wconf 84' lang='lat' dir='ltr'><strong>palam</strong></span> <span class='ocrx_word' id='word_1_69' title='bbox 1825 1153 2043 1209; x_wconf 82' lang='lat' dir='ltr'><strong>adorie-</strong></span> 
     </span>
    </p>
   </div>
   <div class='ocr_carea' id='block_1_13' title="bbox 461 1237 2041 1313">
    <p class='ocr_par' dir='ltr' id='par_1_13' title="bbox 461 1237 2041 1313">
     <span class='ocr_line' id='line_1_13' title="bbox 461 1237 2041 1313; baseline 0.006 -22"><span class='ocrx_word' id='word_1_70' title='bbox 461 1237 689 1301; x_wconf 77' lang='lat' dir='ltr'><strong>bantur,</strong></span> <span class='ocrx_word' id='word_1_71' title='bbox 726 1248 840 1293; x_wconf 89' lang='lat' dir='ltr'><strong>tum</strong></span> <span class='ocrx_word' id='word_1_72' title='bbox 876 1256 942 1294; x_wconf 77' lang='lat' dir='ltr'><strong>ex</strong></span> <span class='ocrx_word' id='word_1_73' title='bbox 976 1241 1193 1298; x_wconf 80' lang='lat' dir='ltr'><strong>insidiis</strong></span> <span class='ocrx_word' id='word_1_74' title='bbox 1225 1243 1565 1313; x_wconf 85' lang='lat' dir='ltr'><strong>structisque</strong></span> <span class='ocrx_word' id='word_1_75' title='bbox 1603 1244 1874 1301; x_wconf 85' lang='lat' dir='ltr'><strong>cuniculis</strong></span> <span class='ocrx_word' id='word_1_76' title='bbox 1907 1245 2041 1300; x_wconf 85' lang='lat' dir='ltr'><strong>civi-</strong></span> 
     </span>
    </p>
   </div>
   <div class='ocr_carea' id='block_1_14' title="bbox 463 1331 2041 1406">
    <p class='ocr_par' dir='ltr' id='par_1_14' title="bbox 463 1331 2041 1406">
     <span class='ocr_line' id='line_1_14' title="bbox 463 1331 2041 1406; baseline 0.006 -23"><span class='ocrx_word' id='word_1_77' title='bbox 463 1338 629 1385; x_wconf 81' lang='lat' dir='ltr'><strong>tatem</strong></span> <span class='ocrx_word' id='word_1_78' title='bbox 670 1331 949 1386; x_wconf 88' lang='lat' dir='ltr'><strong>tenebant.</strong></span> <span class='ocrx_word' id='word_1_79' title='bbox 978 1331 1176 1388; x_wconf 82' lang='lat' dir='ltr'><strong>Procul</strong></span> <span class='ocrx_word' id='word_1_80' title='bbox 1212 1334 1380 1405; x_wconf 79' lang='lat' dir='ltr'><strong>igitur</strong></span> <span class='ocrx_word' id='word_1_81' title='bbox 1408 1344 1634 1403; x_wconf 88' lang='lat' dir='ltr'><strong>occepta</strong></span> <span class='ocrx_word' id='word_1_82' title='bbox 1679 1336 1896 1402; x_wconf 87' lang='lat' dir='ltr'><strong>scrobe,</strong></span> <span class='ocrx_word' id='word_1_83' title='bbox 1942 1352 2041 1406; x_wconf 87' lang='lat' dir='ltr'><strong>per</strong></span> 
     </span>
    </p>
   </div>
   <div class='ocr_carea' id='block_1_15' title="bbox 462 1422 2041 1482">
    <p class='ocr_par' dir='ltr' id='par_1_15' title="bbox 462 1422 2041 1482">
     <span class='ocr_line' id='line_1_15' title="bbox 462 1422 2041 1482; baseline 0.004 -6"><span class='ocrx_word' id='word_1_84' title='bbox 462 1422 855 1477; x_wconf 78' lang='lat' dir='ltr'><strong>subterraneos</strong></span> <span class='ocrx_word' id='word_1_85' title='bbox 888 1433 1107 1481; x_wconf 85' lang='lat' dir='ltr'><strong>meatus</strong></span> <span class='ocrx_word' id='word_1_86' title='bbox 1135 1425 1241 1481; x_wconf 86' lang='lat' dir='ltr'><strong>sibi</strong></span> <span class='ocrx_word' id='word_1_87' title='bbox 1284 1425 1338 1481; x_wconf 87' lang='lat' dir='ltr'><strong>in</strong></span> <span class='ocrx_word' id='word_1_88' title='bbox 1384 1427 1571 1481; x_wconf 81' lang='lat' dir='ltr'><strong>urbem</strong></span> <span class='ocrx_word' id='word_1_89' title='bbox 1610 1426 1817 1481; x_wconf 80' lang='lat' dir='ltr'><strong>aditum</strong></span> <span class='ocrx_word' id='word_1_90' title='bbox 1860 1436 2041 1482; x_wconf 84' lang='lat' dir='ltr'><strong>struc-</strong></span> 
     </span>
    </p>
   </div>
   <div class='ocr_carea' id='block_1_16' title="bbox 460 1514 2040 1590">
    <p class='ocr_par' dir='ltr' id='par_1_16' title="bbox 460 1514 2040 1590">
     <span class='ocr_line' id='line_1_16' title="bbox 460 1514 2040 1590; baseline 0.008 -23"><span class='ocrx_word' id='word_1_91' title='bbox 460 1514 614 1567; x_wconf 86' lang='lat' dir='ltr'><strong>bant.</strong></span> <span class='ocrx_word' id='word_1_92' title='bbox 644 1514 892 1585; x_wconf 78' lang='lat' dir='ltr'><strong>Cumque</strong></span> <span class='ocrx_word' id='word_1_93' title='bbox 928 1515 1041 1585; x_wconf 87' lang='lat' dir='ltr'><strong>jam</strong></span> <span class='ocrx_word' id='word_1_94' title='bbox 1084 1518 1313 1587; x_wconf 88' lang='lat' dir='ltr'><strong>perinde</strong></span> <span class='ocrx_word' id='word_1_95' title='bbox 1350 1533 1414 1572; x_wconf 88' lang='lat' dir='ltr'><strong>ac</strong></span> <span class='ocrx_word' id='word_1_96' title='bbox 1458 1520 1682 1590; x_wconf 79' lang='lat' dir='ltr'><strong>quidam</strong></span> <span class='ocrx_word' id='word_1_97' title='bbox 1729 1522 2040 1579; x_wconf 75' lang='lat' dir='ltr'><strong>urinatores</strong></span> 
     </span>
    </p>
   </div>
   <div class='ocr_carea' id='block_1_17' title="bbox 462 1606 2040 1685">
    <p class='ocr_par' dir='ltr' id='par_1_17' title="bbox 462 1606 2040 1685">
     <span class='ocr_line' id='line_1_17' title="bbox 462 1606 2040 1685; baseline 0.008 -27"><span class='ocrx_word' id='word_1_98' title='bbox 462 1606 607 1660; x_wconf 84' lang='lat' dir='ltr'><strong>intra</strong></span> <span class='ocrx_word' id='word_1_99' title='bbox 639 1622 826 1663; x_wconf 88' lang='lat' dir='ltr'><strong>muros</strong></span> <span class='ocrx_word' id='word_1_100' title='bbox 860 1623 928 1664; x_wconf 72' lang='lat' dir='ltr'><strong>ex</strong></span> <span class='ocrx_word' id='word_1_101' title='bbox 960 1608 1235 1667; x_wconf 82' lang='lat' dir='ltr'><strong>cuniculis</strong></span> <span class='ocrx_word' id='word_1_102' title='bbox 1259 1612 1683 1675; x_wconf 87' lang='lat' dir='ltr'><strong>successissent,</strong></span> <span class='ocrx_word' id='word_1_103' title='bbox 1704 1614 1932 1685; x_wconf 83' lang='lat' dir='ltr'><strong>contigit</strong></span> <span class='ocrx_word' id='word_1_104' title='bbox 1953 1617 2040 1669; x_wconf 86' lang='lat' dir='ltr'><strong>in-</strong></span> 
     </span>
    </p>
   </div>
   <div class='ocr_carea' id='block_1_18' title="bbox 460 1698 2056 1784">
    <p class='ocr_par' dir='ltr' id='par_1_18' title="bbox 460 1698 2056 1784">
     <span class='ocr_line' id='line_1_18' title="bbox 460 1698 2056 1784; baseline 0.008 -34"><span class='ocrx_word' id='word_1_105' title='bbox 460 1698 631 1754; x_wconf 76' lang='lat' dir='ltr'><strong>sidias</strong></span> <span class='ocrx_word' id='word_1_106' title='bbox 656 1698 836 1769; x_wconf 78' lang='lat' dir='ltr'><strong>detegi</strong></span> <span class='ocrx_word' id='word_1_107' title='bbox 863 1715 961 1771; x_wconf 87' lang='lat' dir='ltr'><strong>per</strong></span> <span class='ocrx_word' id='word_1_108' title='bbox 988 1702 1147 1756; x_wconf 86' lang='lat' dir='ltr'><strong>talem</strong></span> <span class='ocrx_word' id='word_1_109' title='bbox 1172 1704 1543 1760; x_wconf 86' lang='lat' dir='ltr'><strong>occasionem.</strong></span> <span class='ocrx_word' id='word_1_110' title='bbox 1567 1703 1840 1784; x_wconf 75' lang='lat' dir='ltr'><strong>Nimirum</strong></span> <span class='ocrx_word' id='word_1_111' title='bbox 1872 1707 1959 1761; x_wconf 82' lang='lat' dir='ltr'><strong>illa</strong></span> <span class='ocrx_word' id='word_1_112' title='bbox 1984 1706 2056 1762; x_wconf 87' lang='lat' dir='ltr'><strong>in&#39;</strong></span> 
     </span>
    </p>
   </div>
   <div class='ocr_carea' id='block_1_19' title="bbox 464 1789 2036 1864">
    <p class='ocr_par' dir='ltr' id='par_1_19' title="bbox 464 1789 2036 1864">
     <span class='ocr_line' id='line_1_19' title="bbox 464 1789 2036 1864; baseline 0.01 -24"><span class='ocrx_word' id='word_1_113' title='bbox 464 1789 619 1845; x_wconf 81' lang='lat' dir='ltr'><strong>urbis</strong></span> <span class='ocrx_word' id='word_1_114' title='bbox 644 1800 800 1860; x_wconf 86' lang='lat' dir='ltr'><strong>parte</strong></span> <span class='ocrx_word' id='word_1_115' title='bbox 823 1790 977 1847; x_wconf 81' lang='lat' dir='ltr'><strong>faber</strong></span> <span class='ocrx_word' id='word_1_116' title='bbox 1004 1792 1227 1864; x_wconf 88' lang='lat' dir='ltr'><strong>quidam</strong></span> <span class='ocrx_word' id='word_1_117' title='bbox 1254 1798 1483 1852; x_wconf 61' lang='lat' dir='ltr'><strong>ararius</strong></span> <span class='ocrx_word' id='word_1_118' title='bbox 1505 1797 1645 1851; x_wconf 83' lang='lat' dir='ltr'><strong>intra</strong></span> <span class='ocrx_word' id='word_1_119' title='bbox 1678 1814 1865 1853; x_wconf 84' lang='lat' dir='ltr'><strong>muros</strong></span> <span class='ocrx_word' id='word_1_120' title='bbox 1892 1800 2036 1855; x_wconf 74' lang='lat' dir='ltr'><strong>aedes</strong></span> 
     </span>
    </p>
   </div>
   <div class='ocr_carea' id='block_1_20' title="bbox 461 1879 2037 1958">
    <p class='ocr_par' dir='ltr' id='par_1_20' title="bbox 461 1879 2037 1958">
     <span class='ocr_line' id='line_1_20' title="bbox 461 1879 2037 1958; baseline 0.012 -26"><span class='ocrx_word' id='word_1_121' title='bbox 461 1879 721 1945; x_wconf 82' lang='lat' dir='ltr'><strong>habebat,</strong></span> <span class='ocrx_word' id='word_1_122' title='bbox 752 1882 911 1951; x_wconf 82' lang='lat' dir='ltr'><strong>cuius</strong></span> <span class='ocrx_word' id='word_1_123' title='bbox 936 1900 1065 1939; x_wconf 88' lang='lat' dir='ltr'><strong>vasa</strong></span> <span class='ocrx_word' id='word_1_124' title='bbox 1094 1901 1244 1942; x_wconf 69' lang='lat' dir='ltr'><strong>mnea</strong></span> <span class='ocrx_word' id='word_1_125' title='bbox 1274 1888 1330 1942; x_wconf 87' lang='lat' dir='ltr'><strong>in</strong></span> <span class='ocrx_word' id='word_1_126' title='bbox 1354 1888 1516 1943; x_wconf 85' lang='lat' dir='ltr'><strong>domo</strong></span> <span class='ocrx_word' id='word_1_127' title='bbox 1549 1890 1827 1958; x_wconf 86' lang='lat' dir='ltr'><strong>sublimia,</strong></span> <span class='ocrx_word' id='word_1_128' title='bbox 1856 1890 2037 1951; x_wconf 84' lang='lat' dir='ltr'><strong>Persis</strong></span> 
     </span>
    </p>
   </div>
   <div class='ocr_carea' id='block_1_21' title="bbox 462 1974 2035 2056">
    <p class='ocr_par' dir='ltr' id='par_1_21' title="bbox 462 1974 2035 2056">
     <span class='ocr_line' id='line_1_21' title="bbox 462 1974 2035 2056; baseline 0.01 -31"><span class='ocrx_word' id='word_1_129' title='bbox 462 1974 567 2026; x_wconf 86' lang='lat' dir='ltr'><strong>sub</strong></span> <span class='ocrx_word' id='word_1_130' title='bbox 607 1984 751 2030; x_wconf 85' lang='lat' dir='ltr'><strong>terra</strong></span> <span class='ocrx_word' id='word_1_131' title='bbox 801 1976 1166 2036; x_wconf 85' lang='lat' dir='ltr'><strong>tundentibus</strong></span> <span class='ocrx_word' id='word_1_132' title='bbox 1213 1994 1281 2035; x_wconf 87' lang='lat' dir='ltr'><strong>ac</strong></span> <span class='ocrx_word' id='word_1_133' title='bbox 1331 1981 1611 2049; x_wconf 82' lang='lat' dir='ltr'><strong>pulverem</strong></span> <span class='ocrx_word' id='word_1_134' title='bbox 1662 1985 2035 2056; x_wconf 66' lang='lat' dir='ltr'><strong>egerentibus,</strong></span> 
     </span>
    </p>
   </div>
   <div class='ocr_carea' id='block_1_22' title="bbox 463 2066 2038 2145">
    <p class='ocr_par' dir='ltr' id='par_1_22' title="bbox 463 2066 2038 2145">
     <span class='ocr_line' id='line_1_22' title="bbox 463 2066 2038 2145; baseline 0.009 -28"><span class='ocrx_word' id='word_1_135' title='bbox 463 2066 706 2121; x_wconf 81' lang='lat' dir='ltr'><strong>sonitum</strong></span> <span class='ocrx_word' id='word_1_136' title='bbox 742 2070 1067 2126; x_wconf 84' lang='lat' dir='ltr'><strong>emiserunt.</strong></span> <span class='ocrx_word' id='word_1_137' title='bbox 1113 2072 1307 2143; x_wconf 86' lang='lat' dir='ltr'><strong>itaque</strong></span> <span class='ocrx_word' id='word_1_138' title='bbox 1350 2074 1565 2130; x_wconf 85' lang='lat' dir='ltr'><strong>consilii</strong></span> <span class='ocrx_word' id='word_1_139' title='bbox 1618 2076 1828 2145; x_wconf 84' lang='lat' dir='ltr'><strong>inopes,</strong></span> <span class='ocrx_word' id='word_1_140' title='bbox 1878 2085 1933 2131; x_wconf 83' lang='lat' dir='ltr'><strong>et</strong></span> <span class='ocrx_word' id='word_1_141' title='bbox 1971 2078 2038 2131; x_wconf 87' lang='lat' dir='ltr'><strong>ad</strong></span> 
     </span>
    </p>
   </div>
   <div class='ocr_carea' id='block_1_23' title="bbox 462 2165 2039 2237">
    <p class='ocr_par' dir='ltr' id='par_1_23' title="bbox 462 2165 2039 2237">
     <span class='ocr_line' id='line_1_23' title="bbox 462 2165 2039 2237; baseline 0.008 -24"><span class='ocrx_word' id='word_1_142' title='bbox 462 2168 767 2216; x_wconf 75' lang='lat' dir='ltr'><strong>extremam</strong></span> <span class='ocrx_word' id='word_1_143' title='bbox 815 2166 961 2221; x_wconf 81' lang='lat' dir='ltr'><strong>cives</strong></span> <span class='ocrx_word' id='word_1_144' title='bbox 1003 2165 1443 2237; x_wconf 85' lang='lat' dir='ltr'><strong>desperationem</strong></span> <span class='ocrx_word' id='word_1_145' title='bbox 1488 2168 1718 2237; x_wconf 87' lang='lat' dir='ltr'><strong>redacti,</strong></span> <span class='ocrx_word' id='word_1_146' title='bbox 1759 2169 1828 2225; x_wconf 84' lang='lat' dir='ltr'><strong>ad</strong></span> <span class='ocrx_word' id='word_1_147' title='bbox 1870 2172 2039 2226; x_wconf 76' lang='lat' dir='ltr'><strong>Deum</strong></span> 
     </span>
    </p>
   </div>
   <div class='ocr_carea' id='block_1_24' title="bbox 462 2251 2041 2333">
    <p class='ocr_par' dir='ltr' id='par_1_24' title="bbox 462 2251 2041 2333">
     <span class='ocr_line' id='line_1_24' title="bbox 462 2251 2041 2333; baseline 0.008 -26"><span class='ocrx_word' id='word_1_148' title='bbox 462 2251 813 2325; x_wconf 82' lang='lat' dir='ltr'><strong>confugiunt,</strong></span> <span class='ocrx_word' id='word_1_149' title='bbox 862 2256 1154 2327; x_wconf 84' lang='lat' dir='ltr'><strong>ipsumque</strong></span> <span class='ocrx_word' id='word_1_150' title='bbox 1199 2260 1383 2316; x_wconf 83' lang='lat' dir='ltr'><strong>cordis</strong></span> <span class='ocrx_word' id='word_1_151' title='bbox 1429 2261 1621 2317; x_wconf 84' lang='lat' dir='ltr'><strong>dolore</strong></span> <span class='ocrx_word' id='word_1_152' title='bbox 1664 2277 1730 2317; x_wconf 82' lang='lat' dir='ltr'><strong>ac</strong></span> <span class='ocrx_word' id='word_1_153' title='bbox 1782 2262 2041 2333; x_wconf 81' lang='lat' dir='ltr'><strong>lacrymis</strong></span> 
     </span>
    </p>
   </div>
   <div class='ocr_carea' id='block_1_25' title="bbox 463 2346 2043 2425">
    <p class='ocr_par' dir='ltr' id='par_1_25' title="bbox 463 2346 2043 2425">
     <span class='ocr_line' id='line_1_25' title="bbox 463 2346 2043 2425; baseline 0.006 -26"><span class='ocrx_word' id='word_1_154' title='bbox 463 2346 787 2416; x_wconf 83' lang='lat' dir='ltr'><strong>exquirunt.</strong></span> <span class='ocrx_word' id='word_1_155' title='bbox 817 2349 986 2404; x_wconf 83' lang='lat' dir='ltr'><strong>Porro</strong></span> <span class='ocrx_word' id='word_1_156' title='bbox 1009 2362 1172 2407; x_wconf 92' lang='lat' dir='ltr'><strong>noctu</strong></span> <span class='ocrx_word' id='word_1_157' title='bbox 1204 2352 1401 2409; x_wconf 80' lang='lat' dir='ltr'><strong>mulier</strong></span> <span class='ocrx_word' id='word_1_158' title='bbox 1431 2355 1679 2425; x_wconf 79' lang='lat' dir='ltr'><strong>quaedam</strong></span> <span class='ocrx_word' id='word_1_159' title='bbox 1714 2364 1912 2410; x_wconf 77' lang='lat' dir='ltr'><strong>ornato</strong></span> <span class='ocrx_word' id='word_1_160' title='bbox 1945 2356 2043 2409; x_wconf 81' lang='lat' dir='ltr'><strong>ba-</strong></span> 
     </span>
    </p>
   </div>
   <div class='ocr_carea' id='block_1_26' title="bbox 466 2439 2043 2518">
    <p class='ocr_par' dir='ltr' id='par_1_26' title="bbox 466 2439 2043 2518">
     <span class='ocr_line' id='line_1_26' title="bbox 466 2439 2043 2518; baseline 0.008 -27"><span class='ocrx_word' id='word_1_161' title='bbox 466 2439 606 2505; x_wconf 88' lang='lat' dir='ltr'><strong>bitu,</strong></span> <span class='ocrx_word' id='word_1_162' title='bbox 642 2441 906 2512; x_wconf 80' lang='lat' dir='ltr'><strong>gravique</strong></span> <span class='ocrx_word' id='word_1_163' title='bbox 934 2456 998 2497; x_wconf 88' lang='lat' dir='ltr'><strong>ac</strong></span> <span class='ocrx_word' id='word_1_164' title='bbox 1040 2442 1289 2499; x_wconf 81' lang='lat' dir='ltr'><strong>modesta</strong></span> <span class='ocrx_word' id='word_1_165' title='bbox 1329 2447 1534 2518; x_wconf 87' lang='lat' dir='ltr'><strong>specie,</strong></span> <span class='ocrx_word' id='word_1_166' title='bbox 1562 2447 1917 2518; x_wconf 69' lang='lat' dir='ltr'><strong>praestantior</strong></span> <span class='ocrx_word' id='word_1_167' title='bbox 1945 2448 2043 2503; x_wconf 84' lang='lat' dir='ltr'><strong>de-</strong></span> 
     </span>
    </p>
   </div>
   <div class='ocr_carea' id='block_1_27' title="bbox 468 2530 2045 2610">
    <p class='ocr_par' dir='ltr' id='par_1_27' title="bbox 468 2530 2045 2610">
     <span class='ocr_line' id='line_1_27' title="bbox 468 2530 2045 2610; baseline 0.005 -25"><span class='ocrx_word' id='word_1_168' title='bbox 468 2530 633 2603; x_wconf 87' lang='lat' dir='ltr'><strong>niquc</strong></span> <span class='ocrx_word' id='word_1_169' title='bbox 662 2548 825 2603; x_wconf 87' lang='lat' dir='ltr'><strong>quam</strong></span> <span class='ocrx_word' id='word_1_170' title='bbox 865 2540 925 2589; x_wconf 80' lang='lat' dir='ltr'><strong>ut</strong></span> <span class='ocrx_word' id='word_1_171' title='bbox 959 2535 1129 2591; x_wconf 82' lang='lat' dir='ltr'><strong>homo</strong></span> <span class='ocrx_word' id='word_1_172' title='bbox 1158 2536 1459 2605; x_wconf 76' lang='lat' dir='ltr'><strong>videretur,</strong></span> <span class='ocrx_word' id='word_1_173' title='bbox 1495 2538 1789 2610; x_wconf 81' lang='lat' dir='ltr'><strong>episcopo,</strong></span> <span class='ocrx_word' id='word_1_174' title='bbox 1834 2538 2045 2594; x_wconf 77' lang='lat' dir='ltr'><strong>Eulalia</strong></span> 
     </span>
    </p>
   </div>
   <div class='ocr_carea' id='block_1_28' title="bbox 468 2626 2043 2703">
    <p class='ocr_par' dir='ltr' id='par_1_28' title="bbox 468 2626 2043 2703">
     <span class='ocr_line' id='line_1_28' title="bbox 468 2626 2043 2703; baseline 0.005 -24"><span class='ocrx_word' id='word_1_175' title='bbox 468 2626 599 2680; x_wconf 84' lang='lat' dir='ltr'><strong>huic</strong></span> <span class='ocrx_word' id='word_1_176' title='bbox 626 2642 824 2681; x_wconf 89' lang='lat' dir='ltr'><strong>nomen</strong></span> <span class='ocrx_word' id='word_1_177' title='bbox 869 2637 1020 2694; x_wconf 90' lang='lat' dir='ltr'><strong>erat,</strong></span> <span class='ocrx_word' id='word_1_178' title='bbox 1049 2630 1312 2700; x_wconf 76' lang='lat' dir='ltr'><strong>apparet,</strong></span> <span class='ocrx_word' id='word_1_179' title='bbox 1347 2639 1641 2702; x_wconf 84' lang='lat' dir='ltr'><strong>monetque</strong></span> <span class='ocrx_word' id='word_1_180' title='bbox 1676 2640 1897 2703; x_wconf 84' lang='lat' dir='ltr'><strong>arrepta</strong></span> <span class='ocrx_word' id='word_1_181' title='bbox 1934 2646 2043 2687; x_wconf 90' lang='lat' dir='ltr'><strong>non</strong></span> 
     </span>
    </p>
   </div>
   <div class='ocr_carea' id='block_1_29' title="bbox 466 2717 2046 2795">
    <p class='ocr_par' dir='ltr' id='par_1_29' title="bbox 466 2717 2046 2795">
     <span class='ocr_line' id='line_1_29' title="bbox 466 2717 2046 2795; baseline 0.004 -23"><span class='ocrx_word' id='word_1_182' title='bbox 466 2717 784 2775; x_wconf 78' lang='lat' dir='ltr'><strong>manufacta</strong></span> <span class='ocrx_word' id='word_1_183' title='bbox 817 2718 1021 2776; x_wconf 80' lang='lat' dir='ltr'><strong>Christi</strong></span> <span class='ocrx_word' id='word_1_184' title='bbox 1065 2720 1324 2793; x_wconf 89' lang='lat' dir='ltr'><strong>imagine,</strong></span> <span class='ocrx_word' id='word_1_185' title='bbox 1368 2737 1494 2779; x_wconf 82' lang='lat' dir='ltr'><strong>eum</strong></span> <span class='ocrx_word' id='word_1_186' title='bbox 1530 2724 1650 2794; x_wconf 89' lang='lat' dir='ltr'><strong>ipsa</strong></span> <span class='ocrx_word' id='word_1_187' title='bbox 1686 2723 2046 2795; x_wconf 81' lang='lat' dir='ltr'><strong>supplicatio-</strong></span> 
     </span>
    </p>
   </div>
   <div class='ocr_carea' id='block_1_30' title="bbox 465 2810 2051 2885">
    <p class='ocr_par' dir='ltr' id='par_1_30' title="bbox 465 2810 2051 2885">
     <span class='ocr_line' id='line_1_30' title="bbox 465 2810 2051 2885; baseline 0.003 -18"><span class='ocrx_word' id='word_1_188' title='bbox 465 2826 590 2867; x_wconf 88' lang='lat' dir='ltr'><strong>nem</strong></span> <span class='ocrx_word' id='word_1_189' title='bbox 616 2812 855 2881; x_wconf 83' lang='lat' dir='ltr'><strong>habeat;</strong></span> <span class='ocrx_word' id='word_1_190' title='bbox 884 2810 1111 2883; x_wconf 74' lang='lat' dir='ltr'><strong>fereque</strong></span> <span class='ocrx_word' id='word_1_191' title='bbox 1138 2812 1366 2870; x_wconf 84' lang='lat' dir='ltr'><strong>omnino</strong></span> <span class='ocrx_word' id='word_1_192' title='bbox 1413 2824 1473 2869; x_wconf 88' lang='lat' dir='ltr'><strong>ut</strong></span> <span class='ocrx_word' id='word_1_193' title='bbox 1505 2813 1770 2870; x_wconf 87' lang='lat' dir='ltr'><strong>Dominus</strong></span> <span class='ocrx_word' id='word_1_194' title='bbox 1793 2823 2051 2885; x_wconf 71' lang='lat' dir='ltr'><strong>portenta</strong></span> 
     </span>
    </p>
   </div>
   <div class='ocr_carea' id='block_1_31' title="bbox 466 2904 2048 2980">
    <p class='ocr_par' dir='ltr' id='par_1_31' title="bbox 466 2904 2048 2980">
     <span class='ocr_line' id='line_1_31' title="bbox 466 2904 2048 2980; baseline 0.002 -20"><span class='ocrx_word' id='word_1_195' title='bbox 466 2920 567 2960; x_wconf 83' lang='lat' dir='ltr'><strong>sua</strong></span> <span class='ocrx_word' id='word_1_196' title='bbox 599 2920 661 2961; x_wconf 90' lang='lat' dir='ltr'><strong>ac</strong></span> <span class='ocrx_word' id='word_1_197' title='bbox 696 2904 962 2961; x_wconf 84' lang='lat' dir='ltr'><strong>miracula</strong></span> <span class='ocrx_word' id='word_1_198' title='bbox 986 2906 1260 2963; x_wconf 80' lang='lat' dir='ltr'><strong>ostendat.</strong></span> <span class='ocrx_word' id='word_1_199' title='bbox 1291 2905 1491 2964; x_wconf 79' lang='lat' dir='ltr'><strong>Aiebat</strong></span> <span class='ocrx_word' id='word_1_200' title='bbox 1513 2908 1833 2980; x_wconf 81' lang='lat' dir='ltr'><strong>episcopus,</strong></span> <span class='ocrx_word' id='word_1_201' title='bbox 1862 2908 2048 2964; x_wconf 78' lang='lat' dir='ltr'><strong>nesci-</strong></span> 
     </span>
    </p>
   </div>
   <div class='ocr_carea' id='block_1_32' title="bbox 466 2995 2049 3068">
    <p class='ocr_par' dir='ltr' id='par_1_32' title="bbox 466 2995 2049 3068">
     <span class='ocr_line' id='line_1_32' title="bbox 466 2995 2049 3068; baseline 0.004 -21"><span class='ocrx_word' id='word_1_202' title='bbox 466 3010 527 3049; x_wconf 90' lang='lat' dir='ltr'><strong>re</strong></span> <span class='ocrx_word' id='word_1_203' title='bbox 560 3010 621 3051; x_wconf 85' lang='lat' dir='ltr'><strong>se</strong></span> <span class='ocrx_word' id='word_1_204' title='bbox 658 3010 913 3066; x_wconf 85' lang='lat' dir='ltr'><strong>prorsus,</strong></span> <span class='ocrx_word' id='word_1_205' title='bbox 962 3010 1032 3051; x_wconf 85' lang='lat' dir='ltr'><strong>an</strong></span> <span class='ocrx_word' id='word_1_206' title='bbox 1077 2995 1299 3052; x_wconf 84' lang='lat' dir='ltr'><strong>omnino</strong></span> <span class='ocrx_word' id='word_1_207' title='bbox 1333 2996 1461 3053; x_wconf 84' lang='lat' dir='ltr'><strong>talis</strong></span> <span class='ocrx_word' id='word_1_208' title='bbox 1494 2996 1679 3067; x_wconf 81' lang='lat' dir='ltr'><strong>imago</strong></span> <span class='ocrx_word' id='word_1_209' title='bbox 1716 2997 1861 3068; x_wconf 86' lang='lat' dir='ltr'><strong>apud</strong></span> <span class='ocrx_word' id='word_1_210' title='bbox 1898 2998 2049 3054; x_wconf 81' lang='lat' dir='ltr'><strong>cives</strong></span> 
     </span>
    </p>
   </div>
   <div class='ocr_carea' id='block_1_33' title="bbox 468 3086 2049 3159">
    <p class='ocr_par' dir='ltr' id='par_1_33' title="bbox 468 3086 2049 3159">
     <span class='ocr_line' id='line_1_33' title="bbox 468 3086 2049 3159; baseline 0.003 -19"><span class='ocrx_word' id='word_1_211' title='bbox 468 3086 679 3144; x_wconf 85' lang='lat' dir='ltr'><strong>aliosve</strong></span> <span class='ocrx_word' id='word_1_212' title='bbox 707 3088 851 3144; x_wconf 87' lang='lat' dir='ltr'><strong>ullos</strong></span> <span class='ocrx_word' id='word_1_213' title='bbox 881 3097 1146 3145; x_wconf 80' lang='lat' dir='ltr'><strong>exstaret.</strong></span> <span class='ocrx_word' id='word_1_214' title='bbox 1169 3086 1328 3146; x_wconf 77' lang='lat' dir='ltr'><strong>Tunc</strong></span> <span class='ocrx_word' id='word_1_215' title='bbox 1359 3088 1428 3147; x_wconf 84' lang='lat' dir='ltr'><strong>ad</strong></span> <span class='ocrx_word' id='word_1_216' title='bbox 1461 3088 1617 3145; x_wconf 86' lang='lat' dir='ltr'><strong>illum</strong></span> <span class='ocrx_word' id='word_1_217' title='bbox 1646 3103 1768 3159; x_wconf 67' lang='lat' dir='ltr'><strong>quae</strong></span> <span class='ocrx_word' id='word_1_218' title='bbox 1793 3087 2049 3145; x_wconf 81' lang='lat' dir='ltr'><strong>muliebri</strong></span> 
     </span>
    </p>
   </div>
   <div class='ocr_carea' id='block_1_34' title="bbox 2142 603 3768 675">
    <p class='ocr_par' dir='ltr' id='par_1_34' title="bbox 2142 603 3768 675">
     <span class='ocr_line' id='line_1_34' title="bbox 2142 603 3768 675; baseline 0.004 -23"><span class='ocrx_word' id='word_1_219' title='bbox 2142 603 2429 673; x_wconf 84' lang='grc' dir='ltr'>τευμάτων</span> <span class='ocrx_word' id='word_1_220' title='bbox 2454 603 2588 675; x_wconf 82' lang='grc' dir='ltr'>ὴγού</span> <span class='ocrx_word' id='word_1_221' title='bbox 2598 623 2776 675; x_wconf 83' lang='grc' dir='ltr'>μενος,</span> <span class='ocrx_word' id='word_1_222' title='bbox 2809 608 2903 662; x_wconf 75' lang='grc' dir='ltr'>καὶ</span> <span class='ocrx_word' id='word_1_223' title='bbox 2927 608 3048 661; x_wconf 84' lang='grc' dir='ltr'>καθ’</span> <span class='ocrx_word' id='word_1_224' title='bbox 3081 608 3273 664; x_wconf 73' lang='grc' dir='ltr'>ἑαυτὸν</span> <span class='ocrx_word' id='word_1_225' title='bbox 3292 608 3399 662; x_wconf 69' lang='grc' dir='ltr'><strong>ὑπὸ</strong></span> <span class='ocrx_word' id='word_1_226' title='bbox 3424 609 3545 662; x_wconf 80' lang='grc' dir='ltr'><strong>τῶν</strong></span> <span class='ocrx_word' id='word_1_227' title='bbox 3585 607 3768 659; x_wconf 83' lang='grc' dir='ltr'>πολε-</span> 
     </span>
    </p>
   </div>
   <div class='ocr_carea' id='block_1_35' title="bbox 2145 686 3765 769">
    <p class='ocr_par' dir='ltr' id='par_1_35' title="bbox 2145 686 3765 769">
     <span class='ocr_line' id='line_1_35' title="bbox 2145 686 3765 769; baseline 0.007 -29"><span class='ocrx_word' id='word_1_228' title='bbox 2145 686 2287 758; x_wconf 86' lang='grc' dir='ltr'>μίων</span> <span class='ocrx_word' id='word_1_229' title='bbox 2314 691 2679 763; x_wconf 76' lang='grc' dir='ltr'><strong>πονούμενος,</strong></span> <span class='ocrx_word' id='word_1_230' title='bbox 2715 696 2827 759; x_wconf 79' lang='grc' dir='ltr'>τοῖς</span> <span class='ocrx_word' id='word_1_231' title='bbox 2858 697 2917 749; x_wconf 87' lang='grc' dir='ltr'>ὲν</span> <span class='ocrx_word' id='word_1_232' title='bbox 2953 695 3177 768; x_wconf 74' lang='grc' dir='ltr'>Ἐδέσσῃ</span> <span class='ocrx_word' id='word_1_233' title='bbox 3213 698 3544 769; x_wconf 70' lang='grc' dir='ltr'><strong>συμμαχίαν</strong></span> <span class='ocrx_word' id='word_1_234' title='bbox 3598 696 3765 767; x_wconf 69' lang='grc' dir='ltr'>πόμα</span> 
     </span>
    </p>
   </div>
   <div class='ocr_carea' id='block_1_36' title="bbox 2139 778 3766 859">
    <p class='ocr_par' dir='ltr' id='par_1_36' title="bbox 2139 778 3766 859">
     <span class='ocr_line' id='line_1_36' title="bbox 2139 778 3766 859; baseline 0.01 -27"><span class='ocrx_word' id='word_1_235' title='bbox 2139 778 2241 849; x_wconf 76' lang='grc' dir='ltr'><strong>ψαι</strong></span> <span class='ocrx_word' id='word_1_236' title='bbox 2277 782 2379 854; x_wconf 83' lang='grc' dir='ltr'>οὐχ</span> <span class='ocrx_word' id='word_1_237' title='bbox 2423 778 2536 847; x_wconf 75' lang='grc' dir='ltr'>οἷός</span> <span class='ocrx_word' id='word_1_238' title='bbox 2578 800 2639 839; x_wconf 79' lang='grc' dir='ltr'><strong>τε</strong></span> <span class='ocrx_word' id='word_1_239' title='bbox 2679 780 2771 856; x_wconf 77' lang='grc' dir='ltr'><strong>ἦν.</strong></span> <span class='ocrx_word' id='word_1_240' title='bbox 2798 785 2899 840; x_wconf 84' lang='grc' dir='ltr'>Διά</span> <span class='ocrx_word' id='word_1_241' title='bbox 2928 788 3274 859; x_wconf 78' lang='grc' dir='ltr'><strong>γραμμάτων</strong></span> <span class='ocrx_word' id='word_1_242' title='bbox 3296 787 3351 842; x_wconf 68' lang='grc' dir='ltr'>δὲ</span> <span class='ocrx_word' id='word_1_243' title='bbox 3383 786 3766 858; x_wconf 73' lang='grc' dir='ltr'>διεθάρῤυνε.</span> 
     </span>
    </p>
   </div>
   <div class='ocr_carea' id='block_1_37' title="bbox 2148 870 3767 947">
    <p class='ocr_par' dir='ltr' id='par_1_37' title="bbox 2148 870 3767 947">
     <span class='ocr_line' id='line_1_37' title="bbox 2148 870 3767 947; baseline 0 -22"><span class='ocrx_word' id='word_1_244' title='bbox 2148 870 2249 939; x_wconf 81' lang='grc' dir='ltr'>τῆς</span> <span class='ocrx_word' id='word_1_245' title='bbox 2275 870 2371 924; x_wconf 85' lang='grc' dir='ltr'><strong>τοῦ</strong></span> <span class='ocrx_word' id='word_1_246' title='bbox 2404 872 2608 942; x_wconf 77' lang='grc' dir='ltr'>Κυρίου</span> <span class='ocrx_word' id='word_1_247' title='bbox 2664 874 3099 947; x_wconf 76' lang='grc' dir='ltr'><strong>ἀναμιμνήσκων</strong></span> <span class='ocrx_word' id='word_1_248' title='bbox 3151 875 3461 945; x_wconf 69' lang='grc' dir='ltr'>ἐπιστολῆς,</span> <span class='ocrx_word' id='word_1_249' title='bbox 3501 874 3614 927; x_wconf 70' lang='grc' dir='ltr'>καὶ</span> <span class='ocrx_word' id='word_1_250' title='bbox 3653 872 3767 941; x_wconf 79' lang='grc' dir='ltr'>τῆς</span> 
     </span>
    </p>
   </div>
   <div class='ocr_carea' id='block_1_38' title="bbox 2142 961 3771 1042">
    <p class='ocr_par' dir='ltr' id='par_1_38' title="bbox 2142 961 3771 1042">
     <span class='ocr_line' id='line_1_38' title="bbox 2142 961 3771 1042; baseline 0.002 -25"><span class='ocrx_word' id='word_1_251' title='bbox 2142 962 2407 1032; x_wconf 72' lang='grc' dir='ltr'>ἀψευδοῦς</span> <span class='ocrx_word' id='word_1_252' title='bbox 2455 966 2515 1022; x_wconf 76' lang='grc' dir='ltr'>ἐν</span> <span class='ocrx_word' id='word_1_253' title='bbox 2549 965 2687 1039; x_wconf 76' lang='grc' dir='ltr'>αὐτῇ</span> <span class='ocrx_word' id='word_1_254' title='bbox 2730 967 3083 1037; x_wconf 77' lang='grc' dir='ltr'><strong>ἀποφάσεως,</strong></span> <span class='ocrx_word' id='word_1_255' title='bbox 3113 968 3184 1023; x_wconf 85' lang='grc' dir='ltr'>δι’</span> <span class='ocrx_word' id='word_1_256' title='bbox 3206 961 3273 1042; x_wconf 78' lang='grc' dir='ltr'>ἧς</span> <span class='ocrx_word' id='word_1_257' title='bbox 3299 967 3634 1039; x_wconf 72' lang='grc' dir='ltr'><strong>ἀπόρθητον</strong></span> <span class='ocrx_word' id='word_1_258' title='bbox 3662 983 3771 1034; x_wconf 84' lang='grc' dir='ltr'>τη·</span> 
     </span>
    </p>
   </div>
   <div class='ocr_carea' id='block_1_39' title="bbox 2147 1053 3770 1127">
    <p class='ocr_par' dir='ltr' id='par_1_39' title="bbox 2147 1053 3770 1127">
     <span class='ocr_line' id='line_1_39' title="bbox 2147 1053 3770 1127; baseline 0.001 -20"><span class='ocrx_word' id='word_1_259' title='bbox 2147 1054 2357 1125; x_wconf 85' lang='grc' dir='ltr'>ρείσθαι</span> <span class='ocrx_word' id='word_1_260' title='bbox 2382 1053 2661 1127; x_wconf 61' lang='grc' dir='ltr'>τηνῗπόλιν</span> <span class='ocrx_word' id='word_1_261' title='bbox 2705 1058 2801 1112; x_wconf 79' lang='grc' dir='ltr'>καὶ</span> <span class='ocrx_word' id='word_1_262' title='bbox 2846 1056 3063 1127; x_wconf 74' lang='grc' dir='ltr'>λέγεται</span> <span class='ocrx_word' id='word_1_263' title='bbox 3086 1058 3183 1113; x_wconf 78' lang='grc' dir='ltr'>καὶ</span> <span class='ocrx_word' id='word_1_264' title='bbox 3207 1058 3562 1113; x_wconf 78' lang='grc' dir='ltr'><strong>πιστεύεται.</strong></span> <span class='ocrx_word' id='word_1_265' title='bbox 3602 1054 3677 1110; x_wconf 75' lang='grc' dir='ltr'><strong>οι</strong></span> <span class='ocrx_word' id='word_1_266' title='bbox 3706 1054 3770 1108; x_wconf 78' lang='grc' dir='ltr'>δὲ</span> 
     </span>
    </p>
   </div>
   <div class='ocr_carea' id='block_1_40' title="bbox 2142 1146 3772 1221">
    <p class='ocr_par' dir='ltr' id='par_1_40' title="bbox 2142 1146 3772 1221">
     <span class='ocr_line' id='line_1_40' title="bbox 2142 1146 3772 1221; baseline -0.014 1"><span class='ocrx_word' id='word_1_267' title='bbox 2142 1146 2352 1219; x_wconf 70' lang='grc' dir='ltr'><strong>Πέρσαι</strong></span> <span class='ocrx_word' id='word_1_268' title='bbox 2380 1148 2519 1220; x_wconf 79' lang='grc' dir='ltr'>μετά</span> <span class='ocrx_word' id='word_1_269' title='bbox 2554 1150 2656 1220; x_wconf 81' lang='grc' dir='ltr'>τῆς</span> <span class='ocrx_word' id='word_1_270' title='bbox 2683 1150 2958 1221; x_wconf 68' lang='grc' dir='ltr'>δμφανοῦς</span> <span class='ocrx_word' id='word_1_271' title='bbox 2999 1151 3322 1215; x_wconf 74' lang='grc' dir='ltr'>ἐπιθέσεως,</span> <span class='ocrx_word' id='word_1_272' title='bbox 3357 1152 3453 1204; x_wconf 70' lang='grc' dir='ltr'>καὶ</span> <span class='ocrx_word' id='word_1_273' title='bbox 3486 1150 3569 1202; x_wconf 87' lang='grc' dir='ltr'><strong>τά</strong></span> <span class='ocrx_word' id='word_1_274' title='bbox 3606 1150 3772 1216; x_wconf 79' lang='grc' dir='ltr'>ἀφα-</span> 
     </span>
    </p>
   </div>
   <div class='ocr_carea' id='block_1_41' title="bbox 2141 1225 3773 1313">
    <p class='ocr_par' dir='ltr' id='par_1_41' title="bbox 2141 1225 3773 1313">
     <span class='ocr_line' id='line_1_41' title="bbox 2141 1225 3773 1313; baseline -0.001 -20"><span class='ocrx_word' id='word_1_275' title='bbox 2141 1238 2248 1304; x_wconf 78' lang='grc' dir='ltr'><strong>νῶς</strong></span> <span class='ocrx_word' id='word_1_276' title='bbox 2297 1225 2553 1295; x_wconf 73' lang='grc' dir='ltr'>ἓπενόουν</span> <span class='ocrx_word' id='word_1_277' title='bbox 2592 1241 3057 1313; x_wconf 77' lang='grc' dir='ltr'>ὲπιϐουλεύματα.</span> <span class='ocrx_word' id='word_1_278' title='bbox 3094 1242 3203 1297; x_wconf 76' lang='grc' dir='ltr'><strong>Καὶ</strong></span> <span class='ocrx_word' id='word_1_279' title='bbox 3251 1240 3555 1313; x_wconf 78' lang='grc' dir='ltr'>πόρῤωθεν</span> <span class='ocrx_word' id='word_1_280' title='bbox 3594 1239 3773 1311; x_wconf 81' lang='grc' dir='ltr'>ὀρύτ-</span> 
     </span>
    </p>
   </div>
   <div class='ocr_carea' id='block_1_42' title="bbox 2142 1331 3773 1405">
    <p class='ocr_par' dir='ltr' id='par_1_42' title="bbox 2142 1331 3773 1405">
     <span class='ocr_line' id='line_1_42' title="bbox 2142 1331 3773 1405; baseline -0.001 -19"><span class='ocrx_word' id='word_1_281' title='bbox 2142 1348 2255 1386; x_wconf 86' lang='grc' dir='ltr'>τειν</span> <span class='ocrx_word' id='word_1_282' title='bbox 2293 1332 2615 1403; x_wconf 77' lang='grc' dir='ltr'><strong>ἀρξάμενοι,</strong></span> <span class='ocrx_word' id='word_1_283' title='bbox 2672 1334 2742 1388; x_wconf 85' lang='grc' dir='ltr'>δι’</span> <span class='ocrx_word' id='word_1_284' title='bbox 2785 1334 3079 1405; x_wconf 75' lang='grc' dir='ltr'>ὑπονόμων</span> <span class='ocrx_word' id='word_1_285' title='bbox 3108 1335 3281 1389; x_wconf 69' lang='grc' dir='ltr'>,ἔνδον</span> <span class='ocrx_word' id='word_1_286' title='bbox 3330 1331 3609 1402; x_wconf 78' lang='grc' dir='ltr'>γενέσθαι</span> <span class='ocrx_word' id='word_1_287' title='bbox 3661 1332 3773 1403; x_wconf 82' lang='grc' dir='ltr'>τῆς</span> 
     </span>
    </p>
   </div>
   <div class='ocr_carea' id='block_1_43' title="bbox 2141 1416 3773 1494">
    <p class='ocr_par' dir='ltr' id='par_1_43' title="bbox 2141 1416 3773 1494">
     <span class='ocr_line' id='line_1_43' title="bbox 2141 1416 3773 1494; baseline -0.001 -21"><span class='ocrx_word' id='word_1_288' title='bbox 2141 1422 2351 1485; x_wconf 86' lang='grc' dir='ltr'>πόλεως</span> <span class='ocrx_word' id='word_1_289' title='bbox 2402 1422 2780 1492; x_wconf 69' lang='grc' dir='ltr'>ἑτεχνάζοντο.</span> <span class='ocrx_word' id='word_1_290' title='bbox 2826 1422 2923 1487; x_wconf 79' lang='grc' dir='ltr'><strong>Ὠς</strong></span> <span class='ocrx_word' id='word_1_291' title='bbox 2966 1423 3024 1478; x_wconf 75' lang='grc' dir='ltr'>δὲ</span> <span class='ocrx_word' id='word_1_292' title='bbox 3068 1418 3209 1494; x_wconf 77' lang='grc' dir='ltr'>ἦσαν</span> <span class='ocrx_word' id='word_1_293' title='bbox 3237 1416 3349 1476; x_wconf 80' lang='grc' dir='ltr'>οἷον</span> <span class='ocrx_word' id='word_1_294' title='bbox 3380 1421 3633 1491; x_wconf 76' lang='grc' dir='ltr'>ῦφυδροι</span> <span class='ocrx_word' id='word_1_295' title='bbox 3665 1438 3773 1474; x_wconf 78' lang='grc' dir='ltr'>κο-</span> 
     </span>
    </p>
   </div>
   <div class='ocr_carea' id='block_1_44' title="bbox 2139 1513 3773 1588">
    <p class='ocr_par' dir='ltr' id='par_1_44' title="bbox 2139 1513 3773 1588">
     <span class='ocr_line' id='line_1_44' title="bbox 2139 1513 3773 1588; baseline 0 -22"><span class='ocrx_word' id='word_1_296' title='bbox 2139 1513 2414 1586; x_wconf 73' lang='grc' dir='ltr'>λυμϐηταὶ</span> <span class='ocrx_word' id='word_1_297' title='bbox 2432 1514 2527 1570; x_wconf 83' lang='grc' dir='ltr'><strong>τοῦ</strong></span> <span class='ocrx_word' id='word_1_298' title='bbox 2584 1517 2797 1588; x_wconf 78' lang='grc' dir='ltr'>τείχους</span> <span class='ocrx_word' id='word_1_299' title='bbox 2846 1517 2995 1580; x_wconf 66' lang='grc' dir='ltr'>ἐντος</span> <span class='ocrx_word' id='word_1_300' title='bbox 3042 1517 3147 1571; x_wconf 74' lang='grc' dir='ltr'><strong>ὑπὸ</strong></span> <span class='ocrx_word' id='word_1_301' title='bbox 3185 1517 3308 1587; x_wconf 71' lang='grc' dir='ltr'>γῆν,</span> <span class='ocrx_word' id='word_1_302' title='bbox 3362 1518 3426 1569; x_wconf 70' lang='grc' dir='ltr'>ἐκ</span> <span class='ocrx_word' id='word_1_303' title='bbox 3474 1515 3773 1583; x_wconf 74' lang='grc' dir='ltr'><strong>τοιαύτης</strong></span> 
     </span>
    </p>
   </div>
   <div class='ocr_carea' id='block_1_45' title="bbox 2142 1605 3775 1680">
    <p class='ocr_par' dir='ltr' id='par_1_45' title="bbox 2142 1605 3775 1680">
     <span class='ocr_line' id='line_1_45' title="bbox 2142 1605 3775 1680; baseline -0.004 -16"><span class='ocrx_word' id='word_1_304' title='bbox 2142 1609 2324 1674; x_wconf 86' lang='grc' dir='ltr'>αίτίας</span> <span class='ocrx_word' id='word_1_305' title='bbox 2354 1613 2691 1680; x_wconf 81' lang='grc' dir='ltr'>καταφανεῖς</span> <span class='ocrx_word' id='word_1_306' title='bbox 2721 1613 2833 1677; x_wconf 82' lang='grc' dir='ltr'>τοῖς</span> <span class='ocrx_word' id='word_1_307' title='bbox 2864 1611 3015 1666; x_wconf 76' lang='grc' dir='ltr'>ἔνδον</span> <span class='ocrx_word' id='word_1_308' title='bbox 3034 1610 3130 1665; x_wconf 84' lang='grc' dir='ltr'><strong>τοῦ</strong></span> <span class='ocrx_word' id='word_1_309' title='bbox 3161 1611 3588 1680; x_wconf 84' lang='grc' dir='ltr'>τείχους........</span> <span class='ocrx_word' id='word_1_310' title='bbox 3629 1605 3775 1675; x_wconf 85' lang='grc' dir='ltr'>χαλ-</span> 
     </span>
    </p>
   </div>
   <div class='ocr_carea' id='block_1_46' title="bbox 2141 1694 3772 1773">
    <p class='ocr_par' dir='ltr' id='par_1_46' title="bbox 2141 1694 3772 1773">
     <span class='ocr_line' id='line_1_46' title="bbox 2141 1694 3772 1773; baseline -0.004 -19"><span class='ocrx_word' id='word_1_311' title='bbox 2141 1704 2245 1755; x_wconf 74' lang='grc' dir='ltr'><strong>κέα</strong></span> <span class='ocrx_word' id='word_1_312' title='bbox 2264 1703 2456 1766; x_wconf 73' lang='grc' dir='ltr'>οἰκεῖν,</span> <span class='ocrx_word' id='word_1_313' title='bbox 2480 1694 2541 1757; x_wconf 75' lang='grc' dir='ltr'><strong>οὗ</strong></span> <span class='ocrx_word' id='word_1_314' title='bbox 2574 1703 2643 1756; x_wconf 85' lang='grc' dir='ltr'><strong>τά</strong></span> <span class='ocrx_word' id='word_1_315' title='bbox 2662 1704 2807 1758; x_wconf 87' lang='grc' dir='ltr'><strong>κατά</strong></span> <span class='ocrx_word' id='word_1_316' title='bbox 2844 1703 2946 1773; x_wconf 82' lang='grc' dir='ltr'>τὴν</span> <span class='ocrx_word' id='word_1_317' title='bbox 2972 1701 3151 1756; x_wconf 84' lang='grc' dir='ltr'>οίκίαν</span> <span class='ocrx_word' id='word_1_318' title='bbox 3186 1700 3553 1769; x_wconf 69' lang='grc' dir='ltr'>αἰωρούμενα</span> <span class='ocrx_word' id='word_1_319' title='bbox 3578 1698 3772 1765; x_wconf 83' lang='grc' dir='ltr'>σκεύη</span> 
     </span>
    </p>
   </div>
   <div class='ocr_carea' id='block_1_47' title="bbox 2142 1785 3773 1861">
    <p class='ocr_par' dir='ltr' id='par_1_47' title="bbox 2142 1785 3773 1861">
     <span class='ocr_line' id='line_1_47' title="bbox 2142 1785 3773 1861; baseline -0.004 -17"><span class='ocrx_word' id='word_1_320' title='bbox 2142 1790 2322 1859; x_wconf 79' lang='grc' dir='ltr'>χαλκᾶ</span> <span class='ocrx_word' id='word_1_321' title='bbox 2362 1785 2495 1861; x_wconf 78' lang='grc' dir='ltr'>ἦχον</span> <span class='ocrx_word' id='word_1_322' title='bbox 2527 1791 2803 1854; x_wconf 77' lang='grc' dir='ltr'>ἀπετέλει,</span> <span class='ocrx_word' id='word_1_323' title='bbox 2825 1789 2935 1843; x_wconf 84' lang='grc' dir='ltr'><strong>τῶν</strong></span> <span class='ocrx_word' id='word_1_324' title='bbox 2967 1789 3196 1861; x_wconf 75' lang='grc' dir='ltr'>Περσῶν</span> <span class='ocrx_word' id='word_1_325' title='bbox 3231 1789 3336 1842; x_wconf 73' lang='grc' dir='ltr'><strong>ὑπὸ</strong></span> <span class='ocrx_word' id='word_1_326' title='bbox 3360 1789 3464 1857; x_wconf 79' lang='grc' dir='ltr'>γῆν</span> <span class='ocrx_word' id='word_1_327' title='bbox 3506 1786 3773 1839; x_wconf 80' lang='grc' dir='ltr'>κοπτόν-</span> 
     </span>
    </p>
   </div>
   <div class='ocr_carea' id='block_1_48' title="bbox 2139 1878 3772 1953">
    <p class='ocr_par' dir='ltr' id='par_1_48' title="bbox 2139 1878 3772 1953">
     <span class='ocr_line' id='line_1_48' title="bbox 2139 1878 3772 1953; baseline -0.004 -17"><span class='ocrx_word' id='word_1_328' title='bbox 2139 1900 2248 1937; x_wconf 87' lang='grc' dir='ltr'>των</span> <span class='ocrx_word' id='word_1_329' title='bbox 2282 1884 2377 1937; x_wconf 82' lang='grc' dir='ltr'>καὶ</span> <span class='ocrx_word' id='word_1_330' title='bbox 2423 1882 2804 1953; x_wconf 77' lang='grc' dir='ltr'>ὲκφορούντων</span> <span class='ocrx_word' id='word_1_331' title='bbox 2839 1882 2931 1937; x_wconf 73' lang='grc' dir='ltr'>τὸν</span> <span class='ocrx_word' id='word_1_332' title='bbox 2976 1882 3128 1952; x_wconf 91' lang='grc' dir='ltr'>χοῦν.</span> <span class='ocrx_word' id='word_1_333' title='bbox 3178 1882 3267 1935; x_wconf 81' lang='grc' dir='ltr'>Ἐν</span> <span class='ocrx_word' id='word_1_334' title='bbox 3295 1881 3598 1952; x_wconf 72' lang='grc' dir='ltr'>ἀμηχανίᾳ</span> <span class='ocrx_word' id='word_1_335' title='bbox 3637 1878 3772 1933; x_wconf 60' lang='grc' dir='ltr'>οὖν,</span> 
     </span>
    </p>
   </div>
   <div class='ocr_carea' id='block_1_49' title="bbox 2141 1974 3775 2047">
    <p class='ocr_par' dir='ltr' id='par_1_49' title="bbox 2141 1974 3775 2047">
     <span class='ocr_line' id='line_1_49' title="bbox 2141 1974 3775 2047; baseline -0.004 -17"><span class='ocrx_word' id='word_1_336' title='bbox 2141 1976 2236 2030; x_wconf 77' lang='grc' dir='ltr'>καὶ</span> <span class='ocrx_word' id='word_1_337' title='bbox 2261 1979 2326 2047; x_wconf 77' lang='grc' dir='ltr'><strong>τῇ</strong></span> <span class='ocrx_word' id='word_1_338' title='bbox 2359 1976 2561 2047; x_wconf 72' lang='grc' dir='ltr'>ἐσχάτῃ</span> <span class='ocrx_word' id='word_1_339' title='bbox 2590 1974 2902 2044; x_wconf 81' lang='grc' dir='ltr'>ἀπογνώσει</span> <span class='ocrx_word' id='word_1_340' title='bbox 2921 1976 2970 2029; x_wconf 84' lang='lat' dir='ltr'><strong>oi</strong></span> <span class='ocrx_word' id='word_1_341' title='bbox 2993 1975 3089 2046; x_wconf 79' lang='grc' dir='ltr'>τῆς</span> <span class='ocrx_word' id='word_1_342' title='bbox 3108 1974 3313 2037; x_wconf 86' lang='grc' dir='ltr'>πόλεως</span> <span class='ocrx_word' id='word_1_343' title='bbox 3339 1991 3474 2027; x_wconf 83' lang='grc' dir='ltr'>κατα</span> <span class='ocrx_word' id='word_1_344' title='bbox 3488 1974 3775 2035; x_wconf 76' lang='grc' dir='ltr'>στάντες’</span> 
     </span>
    </p>
   </div>
   <div class='ocr_carea' id='block_1_50' title="bbox 2144 2065 3778 2138">
    <p class='ocr_par' dir='ltr' id='par_1_50' title="bbox 2144 2065 3778 2138">
     <span class='ocr_line' id='line_1_50' title="bbox 2144 2065 3778 2138; baseline -0.002 -17"><span class='ocrx_word' id='word_1_345' title='bbox 2144 2068 2281 2138; x_wconf 82' lang='grc' dir='ltr'>πρὸς</span> <span class='ocrx_word' id='word_1_346' title='bbox 2312 2070 2406 2123; x_wconf 82' lang='grc' dir='ltr'>τὸν</span> <span class='ocrx_word' id='word_1_347' title='bbox 2441 2069 2576 2123; x_wconf 68' lang='grc' dir='ltr'>Θεὸν</span> <span class='ocrx_word' id='word_1_348' title='bbox 2618 2065 3054 2138; x_wconf 78' lang='grc' dir='ltr'>καταφεύγουσι,</span> <span class='ocrx_word' id='word_1_349' title='bbox 3087 2067 3185 2123; x_wconf 61' lang='grc' dir='ltr'><strong>καὶ⁵</strong></span> <span class='ocrx_word' id='word_1_350' title='bbox 3214 2068 3332 2138; x_wconf 82' lang='grc' dir='ltr'>μετ’</span> <span class='ocrx_word' id='word_1_351' title='bbox 3363 2066 3573 2135; x_wconf 75' lang='grc' dir='ltr'>ὀδύνης</span> <span class='ocrx_word' id='word_1_352' title='bbox 3614 2081 3778 2133; x_wconf 79' lang='grc' dir='ltr'>καρ-</span> 
     </span>
    </p>
   </div>
   <div class='ocr_carea' id='block_1_51' title="bbox 2142 2154 3776 2231">
    <p class='ocr_par' dir='ltr' id='par_1_51' title="bbox 2142 2154 3776 2231">
     <span class='ocr_line' id='line_1_51' title="bbox 2142 2154 3776 2231; baseline -0.004 -16"><span class='ocrx_word' id='word_1_353' title='bbox 2142 2160 2260 2226; x_wconf 83' lang='grc' dir='ltr'>δίας</span> <span class='ocrx_word' id='word_1_354' title='bbox 2285 2162 2380 2215; x_wconf 76' lang='grc' dir='ltr'>καὶ</span> <span class='ocrx_word' id='word_1_355' title='bbox 2396 2160 2649 2231; x_wconf 79' lang='grc' dir='ltr'>δακρύων</span> <span class='ocrx_word' id='word_1_356' title='bbox 2669 2161 2959 2231; x_wconf 75' lang='grc' dir='ltr'>ὲξεξήτουν</span> <span class='ocrx_word' id='word_1_357' title='bbox 2986 2160 3171 2215; x_wconf 74' lang='grc' dir='ltr'>αὐτόν.</span> <span class='ocrx_word' id='word_1_358' title='bbox 3190 2160 3444 2213; x_wconf 75' lang='grc' dir='ltr'>Φαενεται</span> <span class='ocrx_word' id='word_1_359' title='bbox 3458 2156 3663 2210; x_wconf 77' lang='grc' dir='ltr'>τοίνυν</span> <span class='ocrx_word' id='word_1_360' title='bbox 3677 2154 3776 2209; x_wconf 76' lang='grc' dir='ltr'>διὰ</span> 
     </span>
    </p>
   </div>
   <div class='ocr_carea' id='block_1_52' title="bbox 2143 2244 3773 2325">
    <p class='ocr_par' dir='ltr' id='par_1_52' title="bbox 2143 2244 3773 2325">
     <span class='ocr_line' id='line_1_52' title="bbox 2143 2244 3773 2325; baseline -0.003 -17"><span class='ocrx_word' id='word_1_361' title='bbox 2143 2254 2339 2318; x_wconf 81' lang='grc' dir='ltr'>νυκτὸς</span> <span class='ocrx_word' id='word_1_362' title='bbox 2360 2253 2438 2323; x_wconf 82' lang='grc' dir='ltr'>τῷ</span> <span class='ocrx_word' id='word_1_363' title='bbox 2456 2252 3045 2325; x_wconf 80' lang='grc' dir='ltr'>ὲπισκόπῳ(Εὐλάλιος</span> <span class='ocrx_word' id='word_1_364' title='bbox 3075 2254 3131 2306; x_wconf 77' lang='grc' dir='ltr'>δὲ</span> <span class='ocrx_word' id='word_1_365' title='bbox 3164 2245 3317 2316; x_wconf 72' lang='grc' dir='ltr'>οὗτος</span> <span class='ocrx_word' id='word_1_366' title='bbox 3353 2244 3443 2321; x_wconf 77' lang='grc' dir='ltr'><strong>ἦν)</strong></span> <span class='ocrx_word' id='word_1_367' title='bbox 3481 2249 3641 2321; x_wconf 83' lang='grc' dir='ltr'>γυνή</span> <span class='ocrx_word' id='word_1_368' title='bbox 3677 2266 3773 2311; x_wconf 90' lang='grc' dir='ltr'><strong>τις</strong></span> 
     </span>
    </p>
   </div>
   <div class='ocr_carea' id='block_1_53' title="bbox 2145 2340 3770 2415">
    <p class='ocr_par' dir='ltr' id='par_1_53' title="bbox 2145 2340 3770 2415">
     <span class='ocr_line' id='line_1_53' title="bbox 2145 2340 3770 2415; baseline -0.006 -17"><span class='ocrx_word' id='word_1_369' title='bbox 2145 2344 2410 2413; x_wconf 77' lang='grc' dir='ltr'>εὐσταλὴς</span> <span class='ocrx_word' id='word_1_370' title='bbox 2444 2346 2541 2398; x_wconf 63' lang='grc' dir='ltr'><strong>οιαὶ⁴</strong></span> <span class='ocrx_word' id='word_1_371' title='bbox 2586 2343 2882 2415; x_wconf 77' lang='grc' dir='ltr'>σεύασμία,</span> <span class='ocrx_word' id='word_1_372' title='bbox 2901 2344 3166 2415; x_wconf 74' lang='grc' dir='ltr'>κρείττων</span> <span class='ocrx_word' id='word_1_373' title='bbox 3200 2343 3236 2415; x_wconf 67' lang='grc' dir='ltr'>ἢ</span> <span class='ocrx_word' id='word_1_374' title='bbox 3269 2341 3386 2397; x_wconf 88' lang='grc' dir='ltr'>κατ’</span> <span class='ocrx_word' id='word_1_375' title='bbox 3422 2340 3770 2413; x_wconf 82' lang='grc' dir='ltr'>ἄνθρωπον,</span> 
     </span>
    </p>
   </div>
   <div class='ocr_carea' id='block_1_54' title="bbox 2148 2432 3773 2509">
    <p class='ocr_par' dir='ltr' id='par_1_54' title="bbox 2148 2432 3773 2509">
     <span class='ocr_line' id='line_1_54' title="bbox 2148 2432 3773 2509; baseline -0.005 -16"><span class='ocrx_word' id='word_1_376' title='bbox 2148 2436 2515 2509; x_wconf 73' lang='grc' dir='ltr'>ύποτιθεμένη</span> <span class='ocrx_word' id='word_1_377' title='bbox 2547 2437 2701 2509; x_wconf 80' lang='grc' dir='ltr'>αὐτῷ</span> <span class='ocrx_word' id='word_1_378' title='bbox 2726 2438 2827 2506; x_wconf 75' lang='grc' dir='ltr'>τὴν</span> <span class='ocrx_word' id='word_1_379' title='bbox 2874 2435 3293 2508; x_wconf 76' lang='grc' dir='ltr'>ἀχειροποίητον</span> <span class='ocrx_word' id='word_1_380' title='bbox 3332 2433 3523 2489; x_wconf 81' lang='grc' dir='ltr'>είκόνα</span> <span class='ocrx_word' id='word_1_381' title='bbox 3556 2432 3773 2486; x_wconf 75' lang='grc' dir='ltr'>λαϐεῖν</span> 
     </span>
    </p>
   </div>
   <div class='ocr_carea' id='block_1_55' title="bbox 2140 2526 3773 2601">
    <p class='ocr_par' dir='ltr' id='par_1_55' title="bbox 2140 2526 3773 2601">
     <span class='ocr_line' id='line_1_55' title="bbox 2140 2526 3773 2601; baseline -0.004 -16"><span class='ocrx_word' id='word_1_382' title='bbox 2140 2530 2239 2585; x_wconf 82' lang='grc' dir='ltr'><strong>τοῦ</strong></span> <span class='ocrx_word' id='word_1_383' title='bbox 2261 2530 2525 2601; x_wconf 81' lang='grc' dir='ltr'>Χριστοῦ,</span> <span class='ocrx_word' id='word_1_384' title='bbox 2559 2532 2656 2585; x_wconf 68' lang='grc' dir='ltr'>καὶ</span> <span class='ocrx_word' id='word_1_385' title='bbox 2681 2530 2963 2586; x_wconf 84' lang='grc' dir='ltr'>λιτανείαν</span> <span class='ocrx_word' id='word_1_386' title='bbox 2991 2531 3107 2599; x_wconf 85' lang='grc' dir='ltr'>μετ’</span> <span class='ocrx_word' id='word_1_387' title='bbox 3148 2528 3321 2594; x_wconf 78' lang='grc' dir='ltr'>αὐτῆς</span> <span class='ocrx_word' id='word_1_388' title='bbox 3373 2526 3773 2597; x_wconf 71' lang='grc' dir='ltr'>ποιήσασθαισ</span> 
     </span>
    </p>
   </div>
   <div class='ocr_carea' id='block_1_56' title="bbox 2146 2617 3773 2694">
    <p class='ocr_par' dir='ltr' id='par_1_56' title="bbox 2146 2617 3773 2694">
     <span class='ocr_line' id='line_1_56' title="bbox 2146 2617 3773 2694; baseline -0.002 -18"><span class='ocrx_word' id='word_1_389' title='bbox 2146 2622 2370 2687; x_wconf 82' lang='grc' dir='ltr'>πάντως</span> <span class='ocrx_word' id='word_1_390' title='bbox 2392 2622 2567 2687; x_wconf 80' lang='grc' dir='ltr'>δεῖξαι</span> <span class='ocrx_word' id='word_1_391' title='bbox 2597 2623 2689 2678; x_wconf 75' lang='grc' dir='ltr'>τὸν</span> <span class='ocrx_word' id='word_1_392' title='bbox 2714 2623 2916 2694; x_wconf 81' lang='grc' dir='ltr'>Κύριον</span> <span class='ocrx_word' id='word_1_393' title='bbox 2947 2621 3016 2676; x_wconf 75' lang='grc' dir='ltr'><strong>τὰ</strong></span> <span class='ocrx_word' id='word_1_394' title='bbox 3042 2620 3327 2691; x_wconf 81' lang='grc' dir='ltr'>θαυμάσια</span> <span class='ocrx_word' id='word_1_395' title='bbox 3353 2618 3553 2673; x_wconf 79' lang='grc' dir='ltr'>αὐτοῦ.</span> <span class='ocrx_word' id='word_1_396' title='bbox 3615 2618 3684 2673; x_wconf 86' lang='lat'><strong>&#39;0</strong></span> <span class='ocrx_word' id='word_1_397' title='bbox 3706 2617 3773 2672; x_wconf 63' lang='grc' dir='ltr'>δὲ</span> 
     </span>
    </p>
   </div>
   <div class='ocr_carea' id='block_1_57' title="bbox 2148 2710 3773 2783">
    <p class='ocr_par' dir='ltr' id='par_1_57' title="bbox 2148 2710 3773 2783">
     <span class='ocr_line' id='line_1_57' title="bbox 2148 2710 3773 2783; baseline -0.002 -14"><span class='ocrx_word' id='word_1_398' title='bbox 2148 2712 2448 2779; x_wconf 70' lang='grc' dir='ltr'>δπίσκοπος</span> <span class='ocrx_word' id='word_1_399' title='bbox 2491 2715 2771 2779; x_wconf 79' lang='grc' dir='ltr'>παντελῶς</span> <span class='ocrx_word' id='word_1_400' title='bbox 2819 2716 3037 2783; x_wconf 78' lang='grc' dir='ltr'>ἀγνοεῖν</span> <span class='ocrx_word' id='word_1_401' title='bbox 3072 2713 3256 2782; x_wconf 83' lang='grc' dir='ltr'>ἔλεγεν</span> <span class='ocrx_word' id='word_1_402' title='bbox 3288 2712 3339 2766; x_wconf 79' lang='grc' dir='ltr'>εξ</span> <span class='ocrx_word' id='word_1_403' title='bbox 3380 2710 3541 2766; x_wconf 75' lang='grc' dir='ltr'>ἐστιν</span> <span class='ocrx_word' id='word_1_404' title='bbox 3573 2710 3773 2779; x_wconf 81' lang='grc' dir='ltr'>ὅλως,</span> 
     </span>
    </p>
   </div>
   <div class='ocr_carea' id='block_1_58' title="bbox 2147 2801 3769 2877">
    <p class='ocr_par' dir='ltr' id='par_1_58' title="bbox 2147 2801 3769 2877">
     <span class='ocr_line' id='line_1_58' title="bbox 2147 2801 3769 2877; baseline -0.002 -16"><span class='ocrx_word' id='word_1_405' title='bbox 2147 2805 2259 2861; x_wconf 71' lang='grc' dir='ltr'>εἴτε</span> <span class='ocrx_word' id='word_1_406' title='bbox 2298 2805 2430 2877; x_wconf 79' lang='grc' dir='ltr'>παρ’</span> <span class='ocrx_word' id='word_1_407' title='bbox 2478 2806 2687 2872; x_wconf 80' lang='grc' dir='ltr'>αὐτοῖς,</span> <span class='ocrx_word' id='word_1_408' title='bbox 2714 2804 2823 2861; x_wconf 82' lang='grc' dir='ltr'>εἴτε</span> <span class='ocrx_word' id='word_1_409' title='bbox 2866 2805 2997 2876; x_wconf 85' lang='grc' dir='ltr'>παρ’</span> <span class='ocrx_word' id='word_1_410' title='bbox 3038 2804 3220 2869; x_wconf 73' lang='grc' dir='ltr'>ἄλλοις</span> <span class='ocrx_word' id='word_1_411' title='bbox 3274 2804 3415 2857; x_wconf 72' lang='grc' dir='ltr'>τισίν</span> <span class='ocrx_word' id='word_1_412' title='bbox 3463 2804 3502 2873; x_wconf 79' lang='grc' dir='ltr'><strong>ἡ</strong></span> <span class='ocrx_word' id='word_1_413' title='bbox 3553 2801 3769 2858; x_wconf 79' lang='grc' dir='ltr'>εἰκών.</span> 
     </span>
    </p>
   </div>
   <div class='ocr_carea' id='block_1_59' title="bbox 2147 2895 3773 2968">
    <p class='ocr_par' dir='ltr' id='par_1_59' title="bbox 2147 2895 3773 2968">
     <span class='ocr_line' id='line_1_59' title="bbox 2147 2895 3773 2968; baseline -0.004 -15"><span class='ocrx_word' id='word_1_414' title='bbox 2147 2900 2285 2953; x_wconf 83' lang='grc' dir='ltr'>Τότε</span> <span class='ocrx_word' id='word_1_415' title='bbox 2319 2898 2472 2967; x_wconf 83' lang='grc' dir='ltr'>λέγει</span> <span class='ocrx_word' id='word_1_416' title='bbox 2500 2898 2638 2968; x_wconf 82' lang='grc' dir='ltr'>πρὸς</span> <span class='ocrx_word' id='word_1_417' title='bbox 2669 2899 2832 2953; x_wconf 72' lang='grc' dir='ltr'>αὑτὸν</span> <span class='ocrx_word' id='word_1_418' title='bbox 2862 2899 2896 2967; x_wconf 76' lang='grc' dir='ltr'>ἡ</span> <span class='ocrx_word' id='word_1_419' title='bbox 2922 2899 2980 2951; x_wconf 66' lang='grc' dir='ltr'>ἐν</span> <span class='ocrx_word' id='word_1_420' title='bbox 3008 2897 3304 2967; x_wconf 77' lang='grc' dir='ltr'>γυναικείῳ</span> <span class='ocrx_word' id='word_1_421' title='bbox 3328 2895 3652 2966; x_wconf 79' lang='grc' dir='ltr'>φαινομένη</span> <span class='ocrx_word' id='word_1_422' title='bbox 3682 2895 3773 2966; x_wconf 76' lang='grc' dir='ltr'>τῷ</span> 
     </span>
    </p>
   </div>
   <div class='ocr_carea' id='block_1_60' title="bbox 2151 2986 3771 3063">
    <p class='ocr_par' dir='ltr' id='par_1_60' title="bbox 2151 2986 3771 3063">
     <span class='ocr_line' id='line_1_60' title="bbox 2151 2986 3771 3063; baseline -0.004 -18"><span class='ocrx_word' id='word_1_423' title='bbox 2151 2990 2414 3063; x_wconf 79' lang='grc' dir='ltr'>σχήματι,</span> <span class='ocrx_word' id='word_1_424' title='bbox 2442 2991 2525 3044; x_wconf 80' lang='grc' dir='ltr'>ὅτι</span> <span class='ocrx_word' id='word_1_425' title='bbox 2558 2991 2746 3045; x_wconf 76' lang='grc' dir='ltr'>ἐπάνω</span> <span class='ocrx_word' id='word_1_426' title='bbox 2782 2989 2881 3061; x_wconf 81' lang='grc' dir='ltr'>τῆς</span> <span class='ocrx_word' id='word_1_427' title='bbox 2932 2990 3109 3061; x_wconf 87' lang='grc' dir='ltr'>πύλης</span> <span class='ocrx_word' id='word_1_428' title='bbox 3136 2990 3235 3059; x_wconf 84' lang='grc' dir='ltr'>τῆς</span> <span class='ocrx_word' id='word_1_429' title='bbox 3283 2987 3488 3049; x_wconf 86' lang='grc' dir='ltr'>πόλεως</span> <span class='ocrx_word' id='word_1_430' title='bbox 3555 2989 3625 3040; x_wconf 82' lang='grc' dir='ltr'>ὲν</span> <span class='ocrx_word' id='word_1_431' title='bbox 3682 2986 3771 3060; x_wconf 73' lang='grc' dir='ltr'><strong>τῷ</strong></span> 
     </span>
    </p>
   </div>
   <div class='ocr_carea' id='block_1_61' title="bbox 2151 3066 3771 3155">
    <p class='ocr_par' dir='ltr' id='par_1_61' title="bbox 2151 3066 3771 3155">
     <span class='ocr_line' id='line_1_61' title="bbox 2151 3066 3771 3155; baseline -0.001 -18"><span class='ocrx_word' id='word_1_432' title='bbox 2151 3084 2302 3155; x_wconf 83' lang='grc' dir='ltr'>τόπῳ</span> <span class='ocrx_word' id='word_1_433' title='bbox 2321 3084 2409 3138; x_wconf 78' lang='grc' dir='ltr'><strong>διὰ</strong></span> <span class='ocrx_word' id='word_1_434' title='bbox 2446 3083 2596 3137; x_wconf 84' lang='grc' dir='ltr'>τόνδε</span> <span class='ocrx_word' id='word_1_435' title='bbox 2643 3084 2738 3137; x_wconf 73' lang='grc' dir='ltr'><strong>τδν</strong></span> <span class='ocrx_word' id='word_1_436' title='bbox 2782 3082 2987 3155; x_wconf 82' lang='grc' dir='ltr'>τρόπον</span> <span class='ocrx_word' id='word_1_437' title='bbox 3030 3083 3066 3154; x_wconf 68' lang='grc' dir='ltr'><strong>ἡ</strong></span> <span class='ocrx_word' id='word_1_438' title='bbox 3090 3083 3317 3151; x_wconf 77' lang='grc' dir='ltr'>τοιαύτη</span> <span class='ocrx_word' id='word_1_439' title='bbox 3348 3066 3771 3154; x_wconf 51' lang='grc' dir='ltr'>εἰκὼνμῖκρυέ</span> 
     </span>
    </p>
   </div>
   <div class='ocr_carea' id='block_1_62' title="bbox 469 3180 2312 3265">
    <p class='ocr_par' dir='ltr' id='par_1_62' title="bbox 469 3180 2312 3265">
     <span class='ocr_line' id='line_1_62' title="bbox 469 3180 2312 3265; baseline 0.001 -30"><span class='ocrx_word' id='word_1_440' title='bbox 469 3180 659 3235; x_wconf 83' lang='lat' dir='ltr'><strong>habitu</strong></span> <span class='ocrx_word' id='word_1_441' title='bbox 692 3196 753 3238; x_wconf 91' lang='lat' dir='ltr'><strong>se</strong></span> <span class='ocrx_word' id='word_1_442' title='bbox 785 3180 1143 3253; x_wconf 86' lang='lat' dir='ltr'><strong>conspicuam</strong></span> <span class='ocrx_word' id='word_1_443' title='bbox 1176 3182 1406 3249; x_wconf 80' lang='lat' dir='ltr'><strong>fecerat,</strong></span> <span class='ocrx_word' id='word_1_444' title='bbox 1441 3197 1607 3253; x_wconf 85' lang='lat' dir='ltr'><strong>super</strong></span> <span class='ocrx_word' id='word_1_445' title='bbox 1637 3190 1851 3255; x_wconf 85' lang='lat' dir='ltr'><strong>portam</strong></span> <span class='ocrx_word' id='word_1_446' title='bbox 1896 3180 2052 3238; x_wconf 83' lang='lat' dir='ltr'><strong>urbis</strong></span> <span class='ocrx_word' id='word_1_447' title='bbox 2077 3202 2123 3265; x_wconf 71' lang='grc' dir='ltr'><strong>ρ</strong></span> <span class='ocrx_word' id='word_1_448' title='bbox 2156 3191 2312 3229; x_wconf 69' lang='grc' dir='ltr'>πται.</span> 
     </span>
    </p>
   </div>
   <div class='ocr_carea' id='block_1_63' title="bbox 467 3272 2047 3346">
    <p class='ocr_par' dir='ltr' id='par_1_63' title="bbox 467 3272 2047 3346">
     <span class='ocr_line' id='line_1_63' title="bbox 467 3272 2047 3346; baseline 0.002 -20"><span class='ocrx_word' id='word_1_449' title='bbox 467 3273 563 3326; x_wconf 84' lang='lat' dir='ltr'><strong>tali</strong></span> <span class='ocrx_word' id='word_1_450' title='bbox 605 3272 727 3328; x_wconf 87' lang='lat' dir='ltr'><strong>loco</strong></span> <span class='ocrx_word' id='word_1_451' title='bbox 768 3288 865 3345; x_wconf 86' lang='lat' dir='ltr'><strong>per</strong></span> <span class='ocrx_word' id='word_1_452' title='bbox 909 3274 1077 3332; x_wconf 80' lang='lat' dir='ltr'><strong>talem</strong></span> <span class='ocrx_word' id='word_1_453' title='bbox 1118 3274 1339 3332; x_wconf 81' lang='lat' dir='ltr'><strong>modum</strong></span> <span class='ocrx_word' id='word_1_454' title='bbox 1386 3274 1678 3346; x_wconf 77' lang='lat' dir='ltr'><strong>imaginem</strong></span> <span class='ocrx_word' id='word_1_455' title='bbox 1721 3274 2047 3331; x_wconf 85' lang='lat' dir='ltr'><strong>absconsam</strong></span> 
     </span>
    </p>
   </div>
   <div class='ocr_carea' id='block_1_64' title="bbox 469 3363 730 3434">
    <p class='ocr_par' dir='ltr' id='par_1_64' title="bbox 469 3363 730 3434">
     <span class='ocr_line' id='line_1_64' title="bbox 469 3363 730 3434; baseline 0.008 -17"><span class='ocrx_word' id='word_1_456' title='bbox 469 3363 730 3434; x_wconf 79' lang='lat' dir='ltr'><strong>subjecit.</strong></span> 
     </span>
    </p>
   </div>
   <div class='ocr_carea' id='block_1_65' title="bbox 541 3457 2050 3541">
    <p class='ocr_par' dir='ltr' id='par_1_65' title="bbox 541 3457 2050 3541">
     <span class='ocr_line' id='line_1_65' title="bbox 541 3457 2050 3541; baseline 0.005 -28"><span class='ocrx_word' id='word_1_457' title='bbox 541 3457 704 3515; x_wconf 79' lang='lat' dir='ltr'><strong>XV&quot;.</strong></span> <span class='ocrx_word' id='word_1_458' title='bbox 745 3460 905 3518; x_wconf 80' lang='lat' dir='ltr'><strong>Mane</strong></span> <span class='ocrx_word' id='word_1_459' title='bbox 938 3462 1107 3534; x_wconf 84' lang='lat' dir='ltr'><strong>igitur</strong></span> <span class='ocrx_word' id='word_1_460' title='bbox 1131 3465 1452 3539; x_wconf 85' lang='lat' dir='ltr'><strong>episcopus,</strong></span> <span class='ocrx_word' id='word_1_461' title='bbox 1484 3476 1673 3541; x_wconf 88' lang='lat' dir='ltr'><strong>aperta</strong></span> <span class='ocrx_word' id='word_1_462' title='bbox 1706 3468 1921 3526; x_wconf 89' lang='lat' dir='ltr'><strong>visione</strong></span> <span class='ocrx_word' id='word_1_463' title='bbox 1941 3465 2050 3521; x_wconf 80' lang='lat' dir='ltr'><strong>fre-</strong></span> 
     </span>
    </p>
   </div>
   <div class='ocr_carea' id='block_1_66' title="bbox 468 3560 2053 3631">
    <p class='ocr_par' dir='ltr' id='par_1_66' title="bbox 468 3560 2053 3631">
     <span class='ocr_line' id='line_1_66' title="bbox 468 3560 2053 3631; baseline 0.005 -21"><span class='ocrx_word' id='word_1_464' title='bbox 468 3564 582 3623; x_wconf 87' lang='lat' dir='ltr'><strong>tus,</strong></span> <span class='ocrx_word' id='word_1_465' title='bbox 606 3573 734 3613; x_wconf 88' lang='lat' dir='ltr'><strong>cum</strong></span> <span class='ocrx_word' id='word_1_466' title='bbox 767 3560 1175 3631; x_wconf 87' lang='lat' dir='ltr'><strong>supplicatione</strong></span> <span class='ocrx_word' id='word_1_467' title='bbox 1206 3564 1275 3620; x_wconf 86' lang='lat' dir='ltr'><strong>ad</strong></span> <span class='ocrx_word' id='word_1_468' title='bbox 1307 3565 1489 3621; x_wconf 88' lang='lat' dir='ltr'><strong>locum</strong></span> <span class='ocrx_word' id='word_1_469' title='bbox 1512 3564 1869 3627; x_wconf 85' lang='lat' dir='ltr'><strong>conveniens,</strong></span> <span class='ocrx_word' id='word_1_470' title='bbox 1896 3579 2053 3620; x_wconf 87' lang='lat' dir='ltr'><strong>scru-</strong></span> 
     </span>
    </p>
   </div>
   <div class='ocr_carea' id='block_1_67' title="bbox 467 3653 2055 3725">
    <p class='ocr_par' dir='ltr' id='par_1_67' title="bbox 467 3653 2055 3725">
     <span class='ocr_line' id='line_1_67' title="bbox 467 3653 2055 3725; baseline 0.004 -22"><span class='ocrx_word' id='word_1_471' title='bbox 467 3657 730 3722; x_wconf 88' lang='lat' dir='ltr'><strong>tansque,</strong></span> <span class='ocrx_word' id='word_1_472' title='bbox 778 3653 1044 3725; x_wconf 80' lang='lat' dir='ltr'><strong>integram</strong></span> <span class='ocrx_word' id='word_1_473' title='bbox 1088 3671 1153 3712; x_wconf 82' lang='lat' dir='ltr'><strong>ac</strong></span> <span class='ocrx_word' id='word_1_474' title='bbox 1192 3656 1521 3714; x_wconf 89' lang='lat' dir='ltr'><strong>incolumem</strong></span> <span class='ocrx_word' id='word_1_475' title='bbox 1553 3660 1793 3716; x_wconf 83' lang='lat' dir='ltr'><strong>divinam</strong></span> <span class='ocrx_word' id='word_1_476' title='bbox 1823 3655 2055 3715; x_wconf 81' lang='lat' dir='ltr'><strong>oﬂ‘endit</strong></span> 
     </span>
    </p>
   </div>
   <div class='ocr_carea' id='block_1_68' title="bbox 469 3745 2053 3821">
    <p class='ocr_par' dir='ltr' id='par_1_68' title="bbox 469 3745 2053 3821">
     <span class='ocr_line' id='line_1_68' title="bbox 469 3745 2053 3821; baseline 0.004 -22"><span class='ocrx_word' id='word_1_477' title='bbox 469 3745 790 3815; x_wconf 77' lang='lat' dir='ltr'><strong>imaginem,</strong></span> <span class='ocrx_word' id='word_1_478' title='bbox 824 3748 1108 3804; x_wconf 86' lang='lat' dir='ltr'><strong>lucernam</strong></span> <span class='ocrx_word' id='word_1_479' title='bbox 1151 3764 1371 3821; x_wconf 85' lang='lat' dir='ltr'><strong>quoque</strong></span> <span class='ocrx_word' id='word_1_480' title='bbox 1413 3760 1494 3807; x_wconf 90' lang='lat' dir='ltr'><strong>tot</strong></span> <span class='ocrx_word' id='word_1_481' title='bbox 1529 3759 1679 3809; x_wconf 87' lang='lat' dir='ltr'><strong>retro</strong></span> <span class='ocrx_word' id='word_1_482' title='bbox 1708 3752 1870 3809; x_wconf 86' lang='lat' dir='ltr'><strong>annis</strong></span> <span class='ocrx_word' id='word_1_483' title='bbox 1899 3751 2053 3806; x_wconf 60' lang='lat' dir='ltr'><strong>inex»</strong></span> 
     </span>
    </p>
   </div>
   <div class='ocr_carea' id='block_1_69' title="bbox 470 3839 2058 3917">
    <p class='ocr_par' dir='ltr' id='par_1_69' title="bbox 470 3839 2058 3917">
     <span class='ocr_line' id='line_1_69' title="bbox 470 3839 2058 3917; baseline 0.004 -23"><span class='ocrx_word' id='word_1_484' title='bbox 470 3839 732 3895; x_wconf 80' lang='lat' dir='ltr'><strong>stinctam</strong></span> <span class='ocrx_word' id='word_1_485' title='bbox 764 3858 780 3895; x_wconf 91' lang='lat'><strong>:</strong></span> <span class='ocrx_word' id='word_1_486' title='bbox 814 3842 979 3912; x_wconf 86' lang='lat' dir='ltr'><strong>inque</strong></span> <span class='ocrx_word' id='word_1_487' title='bbox 1016 3850 1158 3898; x_wconf 86' lang='lat' dir='ltr'><strong>testa</strong></span> <span class='ocrx_word' id='word_1_488' title='bbox 1206 3852 1335 3903; x_wconf 86' lang='lat' dir='ltr'><strong>ante</strong></span> <span class='ocrx_word' id='word_1_489' title='bbox 1372 3844 1656 3901; x_wconf 87' lang='lat' dir='ltr'><strong>lucernam</strong></span> <span class='ocrx_word' id='word_1_490' title='bbox 1682 3845 1803 3917; x_wconf 79' lang='lat' dir='ltr'><strong>ejus</strong></span> <span class='ocrx_word' id='word_1_491' title='bbox 1828 3859 2058 3903; x_wconf 84' lang='lat' dir='ltr'><strong>conser-</strong></span> 
     </span>
    </p>
   </div>
   <div class='ocr_carea' id='block_1_70' title="bbox 470 3930 2057 4011">
    <p class='ocr_par' dir='ltr' id='par_1_70' title="bbox 470 3930 2057 4011">
     <span class='ocr_line' id='line_1_70' title="bbox 470 3930 2057 4011; baseline 0.008 -25"><span class='ocrx_word' id='word_1_492' title='bbox 470 3930 664 3987; x_wconf 69' lang='lat' dir='ltr'><strong>vandae</strong></span> <span class='ocrx_word' id='word_1_493' title='bbox 715 3947 887 3990; x_wconf 84' lang='lat' dir='ltr'><strong>causa</strong></span> <span class='ocrx_word' id='word_1_494' title='bbox 923 3936 1199 4007; x_wconf 89' lang='lat' dir='ltr'><strong>imposita,</strong></span> <span class='ocrx_word' id='word_1_495' title='bbox 1243 3937 1473 3993; x_wconf 88' lang='lat' dir='ltr'><strong>alteram</strong></span> <span class='ocrx_word' id='word_1_496' title='bbox 1520 3938 1781 4011; x_wconf 80' lang='lat' dir='ltr'><strong>imaginis</strong></span> <span class='ocrx_word' id='word_1_497' title='bbox 1832 3955 2057 4011; x_wconf 82' lang='lat' dir='ltr'><strong>expres-</strong></span> 
     </span>
    </p>
   </div>
   <div class='ocr_carea' id='block_1_71' title="bbox 472 4022 2055 4096">
    <p class='ocr_par' dir='ltr' id='par_1_71' title="bbox 472 4022 2055 4096">
     <span class='ocr_line' id='line_1_71' title="bbox 472 4022 2055 4096; baseline 0.005 -15"><span class='ocrx_word' id='word_1_498' title='bbox 472 4038 591 4081; x_wconf 89' lang='lat' dir='ltr'><strong>sam</strong></span> <span class='ocrx_word' id='word_1_499' title='bbox 624 4022 879 4095; x_wconf 78' lang='lat' dir='ltr'><strong>efﬁgiem,</strong></span> <span class='ocrx_word' id='word_1_500' title='bbox 908 4042 1031 4096; x_wconf 72' lang='lat' dir='ltr'><strong>quae</strong></span> <span class='ocrx_word' id='word_1_501' title='bbox 1061 4030 1179 4096; x_wconf 88' lang='lat' dir='ltr'><strong>ipsa</strong></span> <span class='ocrx_word' id='word_1_502' title='bbox 1213 4027 1484 4087; x_wconf 88' lang='lat' dir='ltr'><strong>hactenus</strong></span> <span class='ocrx_word' id='word_1_503' title='bbox 1516 4030 1732 4088; x_wconf 70' lang='lat' dir='ltr'><strong>Edessa:</strong></span> <span class='ocrx_word' id='word_1_504' title='bbox 1759 4031 2055 4089; x_wconf 86' lang='lat' dir='ltr'><strong>incolumis</strong></span> 
     </span>
    </p>
   </div>
   <div class='ocr_carea' id='block_1_72' title="bbox 469 4114 2055 4187">
    <p class='ocr_par' dir='ltr' id='par_1_72' title="bbox 469 4114 2055 4187">
     <span class='ocr_line' id='line_1_72' title="bbox 469 4114 2055 4187; baseline 0.004 -15"><span class='ocrx_word' id='word_1_505' title='bbox 469 4122 577 4172; x_wconf 77' lang='lat' dir='ltr'><strong>est.</strong></span> <span class='ocrx_word' id='word_1_506' title='bbox 603 4114 834 4186; x_wconf 88' lang='lat' dir='ltr'><strong>Sumpta</strong></span> <span class='ocrx_word' id='word_1_507' title='bbox 859 4117 1027 4187; x_wconf 78' lang='lat' dir='ltr'><strong>igitur</strong></span> <span class='ocrx_word' id='word_1_508' title='bbox 1058 4119 1114 4173; x_wconf 90' lang='lat' dir='ltr'><strong>in</strong></span> <span class='ocrx_word' id='word_1_509' title='bbox 1145 4134 1343 4176; x_wconf 88' lang='lat' dir='ltr'><strong>manus</strong></span> <span class='ocrx_word' id='word_1_510' title='bbox 1374 4117 1561 4175; x_wconf 86' lang='lat' dir='ltr'><strong>divina</strong></span> <span class='ocrx_word' id='word_1_511' title='bbox 1591 4119 1800 4178; x_wconf 83' lang='lat' dir='ltr'><strong>Christi</strong></span> <span class='ocrx_word' id='word_1_512' title='bbox 1832 4120 1925 4175; x_wconf 89' lang='lat' dir='ltr'><strong>Dei</strong></span> <span class='ocrx_word' id='word_1_513' title='bbox 1953 4122 2055 4177; x_wconf 65' lang='lat' dir='ltr'><strong>boo</strong></span> 
     </span>
    </p>
   </div>
   <div class='ocr_carea' id='block_1_73' title="bbox 471 4206 2054 4285">
    <p class='ocr_par' dir='ltr' id='par_1_73' title="bbox 471 4206 2054 4285">
     <span class='ocr_line' id='line_1_73' title="bbox 471 4206 2054 4285; baseline 0.006 -26"><span class='ocrx_word' id='word_1_514' title='bbox 471 4206 639 4261; x_wconf 86' lang='lat' dir='ltr'><strong>minis</strong></span> <span class='ocrx_word' id='word_1_515' title='bbox 674 4206 872 4278; x_wconf 79' lang='lat' dir='ltr'><strong>eﬂigie,</strong></span> <span class='ocrx_word' id='word_1_516' title='bbox 901 4206 1272 4278; x_wconf 79' lang='lat' dir='ltr'><strong>praeﬁdentior</strong></span> <span class='ocrx_word' id='word_1_517' title='bbox 1303 4211 1595 4282; x_wconf 87' lang='lat' dir='ltr'><strong>episcopus</strong></span> <span class='ocrx_word' id='word_1_518' title='bbox 1622 4209 1690 4266; x_wconf 85' lang='lat' dir='ltr'><strong>ad</strong></span> <span class='ocrx_word' id='word_1_519' title='bbox 1720 4210 1902 4269; x_wconf 82' lang='lat' dir='ltr'><strong>locum</strong></span> <span class='ocrx_word' id='word_1_520' title='bbox 1931 4227 2054 4285; x_wconf 85' lang='lat' dir='ltr'><strong>per-</strong></span> 
     </span>
    </p>
   </div>
   <div class='ocr_carea' id='block_1_74' title="bbox 471 4299 2054 4372">
    <p class='ocr_par' dir='ltr' id='par_1_74' title="bbox 471 4299 2054 4372">
     <span class='ocr_line' id='line_1_74' title="bbox 471 4299 2054 4372; baseline 0.004 -18"><span class='ocrx_word' id='word_1_521' title='bbox 471 4300 577 4372; x_wconf 87' lang='lat' dir='ltr'><strong>git,</strong></span> <span class='ocrx_word' id='word_1_522' title='bbox 612 4300 706 4356; x_wconf 88' lang='lat' dir='ltr'><strong>ubi</strong></span> <span class='ocrx_word' id='word_1_523' title='bbox 739 4299 927 4357; x_wconf 64' lang='lat' dir='ltr'><strong>Persae</strong></span> <span class='ocrx_word' id='word_1_524' title='bbox 954 4316 1021 4359; x_wconf 79' lang='lat' dir='ltr'><strong>ex</strong></span> <span class='ocrx_word' id='word_1_525' title='bbox 1055 4318 1317 4359; x_wconf 85' lang='lat' dir='ltr'><strong>vasorum</strong></span> <span class='ocrx_word' id='word_1_526' title='bbox 1359 4319 1468 4360; x_wconf 67' lang='lat' dir='ltr'><strong>aere</strong></span> <span class='ocrx_word' id='word_1_527' title='bbox 1504 4305 1819 4360; x_wconf 87' lang='lat' dir='ltr'><strong>sonantium</strong></span> <span class='ocrx_word' id='word_1_528' title='bbox 1851 4304 2054 4360; x_wconf 83' lang='lat' dir='ltr'><strong>tinnitu</strong></span> 
     </span>
    </p>
   </div>
   <div class='ocr_carea' id='block_1_75' title="bbox 2224 3460 3767 3533">
    <p class='ocr_par' dir='ltr' id='par_1_75' title="bbox 2224 3460 3767 3533">
     <span class='ocr_line' id='line_1_75' title="bbox 2224 3460 3767 3533; baseline -0.001 -16"><span class='ocrx_word' id='word_1_529' title='bbox 2224 3460 2323 3519; x_wconf 81' lang='lat' dir='ltr'><strong>IZ&#39;.</strong></span> <span class='ocrx_word' id='word_1_530' title='bbox 2356 3461 2564 3517; x_wconf 81' lang='grc' dir='ltr'>Ἕωθεν</span> <span class='ocrx_word' id='word_1_531' title='bbox 2594 3462 2689 3517; x_wconf 77' lang='grc' dir='ltr'><strong>οῦν</strong></span> <span class='ocrx_word' id='word_1_532' title='bbox 2719 3464 2746 3516; x_wconf 84' lang='grc' dir='ltr'><strong>ό</strong></span> <span class='ocrx_word' id='word_1_533' title='bbox 2772 3462 3071 3527; x_wconf 78' lang='grc' dir='ltr'>ἐπίσκοπος</span> <span class='ocrx_word' id='word_1_534' title='bbox 3096 3461 3175 3533; x_wconf 86' lang='grc' dir='ltr'><strong>τῷ</strong></span> <span class='ocrx_word' id='word_1_535' title='bbox 3196 3462 3422 3533; x_wconf 80' lang='grc' dir='ltr'>ὲναργεῖ</span> <span class='ocrx_word' id='word_1_536' title='bbox 3434 3462 3539 3531; x_wconf 79' lang='grc' dir='ltr'>τῆς</span> <span class='ocrx_word' id='word_1_537' title='bbox 3565 3460 3767 3532; x_wconf 68' lang='grc' dir='ltr'>ὂψεως</span> 
     </span>
    </p>
   </div>
   <div class='ocr_carea' id='block_1_76' title="bbox 2154 3553 3767 3628">
    <p class='ocr_par' dir='ltr' id='par_1_76' title="bbox 2154 3553 3767 3628">
     <span class='ocr_line' id='line_1_76' title="bbox 2154 3553 3767 3628; baseline -0.002 -16"><span class='ocrx_word' id='word_1_538' title='bbox 2154 3555 2452 3623; x_wconf 82' lang='grc' dir='ltr'>πεποιθὼς,</span> <span class='ocrx_word' id='word_1_539' title='bbox 2487 3556 2623 3628; x_wconf 87' lang='grc' dir='ltr'><strong>μετά</strong></span> <span class='ocrx_word' id='word_1_540' title='bbox 2672 3556 2829 3628; x_wconf 79' lang='grc' dir='ltr'>λιτῆς</span> <span class='ocrx_word' id='word_1_541' title='bbox 2878 3556 3017 3627; x_wconf 74' lang='grc' dir='ltr'>πρὸς</span> <span class='ocrx_word' id='word_1_542' title='bbox 3047 3554 3137 3609; x_wconf 71' lang='grc' dir='ltr'><strong>τὸν</strong></span> <span class='ocrx_word' id='word_1_543' title='bbox 3188 3554 3355 3607; x_wconf 84' lang='grc' dir='ltr'>τόπον</span> <span class='ocrx_word' id='word_1_544' title='bbox 3406 3553 3613 3620; x_wconf 74' lang='grc' dir='ltr'>ἐλθὼν,</span> <span class='ocrx_word' id='word_1_545' title='bbox 3658 3557 3767 3608; x_wconf 73' lang='grc' dir='ltr'>καὶ</span> 
     </span>
    </p>
   </div>
   <div class='ocr_carea' id='block_1_77' title="bbox 2152 3643 3765 3721">
    <p class='ocr_par' dir='ltr' id='par_1_77' title="bbox 2152 3643 3765 3721">
     <span class='ocr_line' id='line_1_77' title="bbox 2152 3643 3765 3721; baseline -0.001 -18"><span class='ocrx_word' id='word_1_546' title='bbox 2152 3650 2640 3721; x_wconf 80' lang='grc' dir='ltr'>διερευνησάμενος</span> <span class='ocrx_word' id='word_1_547' title='bbox 2670 3643 2793 3720; x_wconf 75' lang='grc' dir='ltr'>εῦρε</span> <span class='ocrx_word' id='word_1_548' title='bbox 2808 3648 2909 3720; x_wconf 77' lang='grc' dir='ltr'><strong>τὴν</strong></span> <span class='ocrx_word' id='word_1_549' title='bbox 2938 3647 3089 3701; x_wconf 85' lang='grc' dir='ltr'>θείαν</span> <span class='ocrx_word' id='word_1_550' title='bbox 3128 3647 3332 3717; x_wconf 77' lang='grc' dir='ltr'>ταύτην</span> <span class='ocrx_word' id='word_1_551' title='bbox 3361 3647 3554 3700; x_wconf 74' lang='grc' dir='ltr'>εἰκόνα</span> <span class='ocrx_word' id='word_1_552' title='bbox 3591 3648 3765 3701; x_wconf 73' lang='grc' dir='ltr'>ἀδια-</span> 
     </span>
    </p>
   </div>
   <div class='ocr_carea' id='block_1_78' title="bbox 2152 3739 3766 3815">
    <p class='ocr_par' dir='ltr' id='par_1_78' title="bbox 2152 3739 3766 3815">
     <span class='ocr_line' id='line_1_78' title="bbox 2152 3739 3766 3815; baseline -0.003 -18"><span class='ocrx_word' id='word_1_553' title='bbox 2152 3742 2417 3815; x_wconf 74' lang='grc' dir='ltr'>λώδητον,</span> <span class='ocrx_word' id='word_1_554' title='bbox 2452 3742 2551 3799; x_wconf 76' lang='grc' dir='ltr'>καὶ</span> <span class='ocrx_word' id='word_1_555' title='bbox 2600 3742 2701 3812; x_wconf 81' lang='grc' dir='ltr'>τὴν</span> <span class='ocrx_word' id='word_1_556' title='bbox 2752 3742 3048 3812; x_wconf 82' lang='grc' dir='ltr'>θρυαλλίδα</span> <span class='ocrx_word' id='word_1_557' title='bbox 3099 3744 3159 3795; x_wconf 83' lang='grc' dir='ltr'>ἐν</span> <span class='ocrx_word' id='word_1_558' title='bbox 3198 3742 3313 3805; x_wconf 75' lang='grc' dir='ltr'>τοῖς</span> <span class='ocrx_word' id='word_1_559' title='bbox 3344 3739 3639 3805; x_wconf 82' lang='grc' dir='ltr'>τοσούτοις</span> <span class='ocrx_word' id='word_1_560' title='bbox 3680 3742 3766 3811; x_wconf 68' lang='grc' dir='ltr'>μὴ</span> 
     </span>
    </p>
   </div>
   <div class='ocr_carea' id='block_1_79' title="bbox 2152 3831 3764 3905">
    <p class='ocr_par' dir='ltr' id='par_1_79' title="bbox 2152 3831 3764 3905">
     <span class='ocr_line' id='line_1_79' title="bbox 2152 3831 3764 3905; baseline -0.006 -17"><span class='ocrx_word' id='word_1_561' title='bbox 2152 3832 2586 3888; x_wconf 56' lang='grc' dir='ltr'>ἀποσῶσθεῖσαν</span> <span class='ocrx_word' id='word_1_562' title='bbox 2623 3832 2789 3886; x_wconf 78' lang='grc' dir='ltr'>ἔτεσι.</span> <span class='ocrx_word' id='word_1_563' title='bbox 2818 3832 2928 3885; x_wconf 76' lang='grc' dir='ltr'><strong>Καὶ</strong></span> <span class='ocrx_word' id='word_1_564' title='bbox 2954 3834 3013 3886; x_wconf 79' lang='grc' dir='ltr'>ὲν</span> <span class='ocrx_word' id='word_1_565' title='bbox 3039 3831 3118 3904; x_wconf 82' lang='grc' dir='ltr'>τῷ</span> <span class='ocrx_word' id='word_1_566' title='bbox 3149 3834 3283 3905; x_wconf 76' lang='grc' dir='ltr'>πρὸς</span> <span class='ocrx_word' id='word_1_567' title='bbox 3316 3831 3571 3900; x_wconf 77' lang='grc' dir='ltr'>φυλακὴν</span> <span class='ocrx_word' id='word_1_568' title='bbox 3628 3837 3764 3888; x_wconf 74' lang='grc' dir='ltr'>ἐπι-</span> 
     </span>
    </p>
   </div>
   <div class='ocr_carea' id='block_1_80' title="bbox 2154 3921 3764 3994">
    <p class='ocr_par' dir='ltr' id='par_1_80' title="bbox 2154 3921 3764 3994">
     <span class='ocr_line' id='line_1_80' title="bbox 2154 3921 3764 3994; baseline -0.001 -17"><span class='ocrx_word' id='word_1_569' title='bbox 2154 3923 2362 3978; x_wconf 71' lang='grc' dir='ltr'>τεθέντι</span> <span class='ocrx_word' id='word_1_570' title='bbox 2389 3922 2497 3994; x_wconf 78' lang='grc' dir='ltr'><strong>πρὸ</strong></span> <span class='ocrx_word' id='word_1_571' title='bbox 2524 3922 2617 3975; x_wconf 91' lang='grc' dir='ltr'><strong>τοῦ</strong></span> <span class='ocrx_word' id='word_1_572' title='bbox 2648 3922 2842 3992; x_wconf 85' lang='grc' dir='ltr'>λύχνου</span> <span class='ocrx_word' id='word_1_573' title='bbox 2869 3921 3102 3993; x_wconf 80' lang='grc' dir='ltr'>κεράμῳ</span> <span class='ocrx_word' id='word_1_574' title='bbox 3137 3922 3531 3976; x_wconf 71' lang='grc' dir='ltr'>ἑπεκτυπωθὲν</span> <span class='ocrx_word' id='word_1_575' title='bbox 3553 3922 3764 3994; x_wconf 74' lang='grc' dir='ltr'>ἕτερον</span> 
     </span>
    </p>
   </div>
   <div class='ocr_carea' id='block_1_81' title="bbox 2154 4009 3767 4083">
    <p class='ocr_par' dir='ltr' id='par_1_81' title="bbox 2154 4009 3767 4083">
     <span class='ocr_line' id='line_1_81' title="bbox 2154 4009 3767 4083; baseline 0.002 -17"><span class='ocrx_word' id='word_1_576' title='bbox 2154 4013 2409 4083; x_wconf 81' lang='grc' dir='ltr'>ὁμοίωμα</span> <span class='ocrx_word' id='word_1_577' title='bbox 2441 4009 2538 4064; x_wconf 85' lang='grc' dir='ltr'><strong>τοῦ</strong></span> <span class='ocrx_word' id='word_1_578' title='bbox 2582 4010 2948 4082; x_wconf 84' lang='grc' dir='ltr'>όμοιώματος,</span> <span class='ocrx_word' id='word_1_579' title='bbox 2982 4012 3012 4065; x_wconf 80' lang='grc' dir='ltr'><strong>ὃ</strong></span> <span class='ocrx_word' id='word_1_580' title='bbox 3055 4011 3150 4067; x_wconf 77' lang='grc' dir='ltr'>καὶ</span> <span class='ocrx_word' id='word_1_581' title='bbox 3191 4011 3351 4082; x_wconf 75' lang='grc' dir='ltr'>μέχρι</span> <span class='ocrx_word' id='word_1_582' title='bbox 3393 4011 3488 4065; x_wconf 85' lang='grc' dir='ltr'><strong>τοῦ</strong></span> <span class='ocrx_word' id='word_1_583' title='bbox 3534 4012 3643 4068; x_wconf 82' lang='grc' dir='ltr'><strong>νῦν</strong></span> <span class='ocrx_word' id='word_1_584' title='bbox 3697 4016 3767 4068; x_wconf 68' lang='grc' dir='ltr'>ὲν</span> 
     </span>
    </p>
   </div>
   <div class='ocr_carea' id='block_1_82' title="bbox 2168 4100 3763 4177">
    <p class='ocr_par' dir='ltr' id='par_1_82' title="bbox 2168 4100 3763 4177">
     <span class='ocr_line' id='line_1_82' title="bbox 2168 4100 3763 4177; baseline 0.001 -19"><span class='ocrx_word' id='word_1_585' title='bbox 2168 4104 2391 4175; x_wconf 77' lang='grc' dir='ltr'>Ἐδέσση</span> <span class='ocrx_word' id='word_1_586' title='bbox 2415 4102 2679 4174; x_wconf 81' lang='grc' dir='ltr'>τυγχάνει</span> <span class='ocrx_word' id='word_1_587' title='bbox 2720 4103 3053 4173; x_wconf 80' lang='grc' dir='ltr'>σωζόμενον.</span> <span class='ocrx_word' id='word_1_588' title='bbox 3094 4103 3294 4158; x_wconf 78' lang='grc' dir='ltr'>Λαὸὼν</span> <span class='ocrx_word' id='word_1_589' title='bbox 3329 4100 3424 4158; x_wconf 80' lang='grc' dir='ltr'>οὖν</span> <span class='ocrx_word' id='word_1_590' title='bbox 3454 4108 3601 4158; x_wconf 80' lang='grc' dir='ltr'><strong>κατά</strong></span> <span class='ocrx_word' id='word_1_591' title='bbox 3637 4108 3763 4177; x_wconf 79' lang='grc' dir='ltr'>χεῐο</span> 
     </span>
    </p>
   </div>
   <div class='ocr_carea' id='block_1_83' title="bbox 2156 4196 3761 4271">
    <p class='ocr_par' dir='ltr' id='par_1_83' title="bbox 2156 4196 3761 4271">
     <span class='ocr_line' id='line_1_83' title="bbox 2156 4196 3761 4271; baseline 0.002 -21"><span class='ocrx_word' id='word_1_592' title='bbox 2156 4213 2257 4271; x_wconf 86' lang='grc' dir='ltr'><strong>ρας</strong></span> <span class='ocrx_word' id='word_1_593' title='bbox 2298 4197 2361 4251; x_wconf 77' lang='grc' dir='ltr'><strong>τὸ</strong></span> <span class='ocrx_word' id='word_1_594' title='bbox 2410 4197 2554 4251; x_wconf 74' lang='grc' dir='ltr'>θεῖον</span> <span class='ocrx_word' id='word_1_595' title='bbox 2598 4196 2758 4251; x_wconf 88' lang='grc' dir='ltr'>τοῦτο</span> <span class='ocrx_word' id='word_1_596' title='bbox 2788 4196 3146 4268; x_wconf 86' lang='grc' dir='ltr'>θεανθρὼπου</span> <span class='ocrx_word' id='word_1_597' title='bbox 3188 4198 3425 4268; x_wconf 86' lang='grc' dir='ltr'>Χριστοῦ</span> <span class='ocrx_word' id='word_1_598' title='bbox 3455 4200 3761 4254; x_wconf 82' lang='grc' dir='ltr'>ἀπεικόνι-</span> 
     </span>
    </p>
   </div>
   <div class='ocr_carea' id='block_1_84' title="bbox 2156 4289 3760 4363">
    <p class='ocr_par' dir='ltr' id='par_1_84' title="bbox 2156 4289 3760 4363">
     <span class='ocr_line' id='line_1_84' title="bbox 2156 4289 3760 4363; baseline 0.002 -20"><span class='ocrx_word' id='word_1_599' title='bbox 2156 4306 2291 4361; x_wconf 89' lang='grc' dir='ltr'>σμα,</span> <span class='ocrx_word' id='word_1_600' title='bbox 2320 4289 2417 4343; x_wconf 73' lang='grc' dir='ltr'>καὶ</span> <span class='ocrx_word' id='word_1_601' title='bbox 2442 4290 2542 4343; x_wconf 64' lang='grc' dir='ltr'>ἐπὶ</span> <span class='ocrx_word' id='word_1_602' title='bbox 2559 4290 2870 4362; x_wconf 81' lang='grc' dir='ltr'>κρείττονος</span> <span class='ocrx_word' id='word_1_603' title='bbox 2901 4289 3122 4353; x_wconf 78' lang='grc' dir='ltr'>ἐλπίδος</span> <span class='ocrx_word' id='word_1_604' title='bbox 3160 4292 3472 4359; x_wconf 81' lang='grc' dir='ltr'>γενόμενος,</span> <span class='ocrx_word' id='word_1_605' title='bbox 3516 4292 3760 4363; x_wconf 75' lang='grc' dir='ltr'>ἔρχεται</span> 
     </span>
    </p>
   </div>
   <div class='ocr_carea' id='block_1_85' title="bbox 473 4382 2046 4467">
    <p class='ocr_par' dir='ltr' id='par_1_85' title="bbox 473 4391 2046 4467">
     <span class='ocr_line' id='line_1_85' title="bbox 473 4391 2046 4467; baseline 0.002 -19"><span class='ocrx_word' id='word_1_606' title='bbox 473 4391 799 4448; x_wconf 85' lang='lat' dir='ltr'><strong>cuniculum</strong></span> <span class='ocrx_word' id='word_1_607' title='bbox 838 4399 1120 4451; x_wconf 86' lang='lat' dir='ltr'><strong>struentes</strong></span> <span class='ocrx_word' id='word_1_608' title='bbox 1166 4393 1493 4464; x_wconf 80' lang='lat' dir='ltr'><strong>deprehensi</strong></span> <span class='ocrx_word' id='word_1_609' title='bbox 1545 4404 1703 4451; x_wconf 89' lang='lat' dir='ltr'><strong>erant</strong></span> <span class='ocrx_word' id='word_1_610' title='bbox 1746 4412 1765 4451; x_wconf 77' lang='grc' dir='ltr'><strong>ι</strong></span> <span class='ocrx_word' id='word_1_611' title='bbox 1817 4409 2046 4467; x_wconf 85' lang='lat' dir='ltr'><strong>cumque</strong></span> 
     </span>
    </p>
   </div>
   <div class='ocr_carea' id='block_1_86' title="bbox 2150 4382 3756 4467">
    <p class='ocr_par' dir='ltr' id='par_1_86' title="bbox 2156 4382 3756 4457">
     <span class='ocr_line' id='line_1_86' title="bbox 2156 4382 3756 4457; baseline 0.003 -21"><span class='ocrx_word' id='word_1_612' title='bbox 2156 4384 2280 4437; x_wconf 83' lang='grc' dir='ltr'>κατ’</span> <span class='ocrx_word' id='word_1_613' title='bbox 2327 4383 2537 4436; x_wconf 64' lang='grc' dir='ltr'>ἐκεῖνον</span> <span class='ocrx_word' id='word_1_614' title='bbox 2573 4383 2666 4437; x_wconf 77' lang='grc' dir='ltr'>τὸν</span> <span class='ocrx_word' id='word_1_615' title='bbox 2695 4382 2887 4448; x_wconf 83' lang='grc' dir='ltr'>τόπον,</span> <span class='ocrx_word' id='word_1_616' title='bbox 2927 4383 3051 4437; x_wconf 82' lang='grc' dir='ltr'>καθ’</span> <span class='ocrx_word' id='word_1_617' title='bbox 3080 4382 3140 4438; x_wconf 81' lang='grc' dir='ltr'><strong>δν</strong></span> <span class='ocrx_word' id='word_1_618' title='bbox 3166 4385 3215 4437; x_wconf 89' lang='grc' dir='ltr'>οἱ</span> <span class='ocrx_word' id='word_1_619' title='bbox 3259 4384 3465 4455; x_wconf 85' lang='grc' dir='ltr'>Πέρσαι</span> <span class='ocrx_word' id='word_1_620' title='bbox 3518 4385 3756 4457; x_wconf 80' lang='grc' dir='ltr'>διορύτ-</span> 
     </span>
    </p>
   </div>
   <div class='ocr_carea' id='block_1_87' title="bbox 475 4473 2046 4557">
    <p class='ocr_par' dir='ltr' id='par_1_87' title="bbox 475 4483 2046 4557">
     <span class='ocr_line' id='line_1_87' title="bbox 475 4483 2046 4557; baseline 0.003 -19"><span class='ocrx_word' id='word_1_621' title='bbox 475 4484 626 4540; x_wconf 88' lang='lat' dir='ltr'><strong>eives</strong></span> <span class='ocrx_word' id='word_1_622' title='bbox 638 4489 691 4539; x_wconf 90' lang='lat' dir='ltr'><strong>et</strong></span> <span class='ocrx_word' id='word_1_623' title='bbox 709 4483 813 4554; x_wconf 85' lang='lat' dir='ltr'><strong>ipsi</strong></span> <span class='ocrx_word' id='word_1_624' title='bbox 833 4486 983 4542; x_wconf 88' lang='lat' dir='ltr'><strong>intus</strong></span> <span class='ocrx_word' id='word_1_625' title='bbox 996 4487 1241 4557; x_wconf 83' lang='lat' dir='ltr'><strong>aggressi</strong></span> <span class='ocrx_word' id='word_1_626' title='bbox 1260 4487 1316 4541; x_wconf 90' lang='lat' dir='ltr'><strong>in</strong></span> <span class='ocrx_word' id='word_1_627' title='bbox 1334 4487 1472 4544; x_wconf 88' lang='lat' dir='ltr'><strong>alios</strong></span> <span class='ocrx_word' id='word_1_628' title='bbox 1488 4487 1580 4542; x_wconf 87' lang='lat' dir='ltr'><strong>alii</strong></span> <span class='ocrx_word' id='word_1_629' title='bbox 1595 4487 1977 4553; x_wconf 82' lang='lat' dir='ltr'><strong>incurrissent,</strong></span> <span class='ocrx_word' id='word_1_630' title='bbox 1994 4486 2046 4543; x_wconf 87' lang='lat' dir='ltr'><strong>in</strong></span> 
     </span>
    </p>
   </div>
   <div class='ocr_carea' id='block_1_88' title="bbox 2150 4473 3758 4557">
    <p class='ocr_par' dir='ltr' id='par_1_88' title="bbox 2154 4473 3758 4550">
     <span class='ocr_line' id='line_1_88' title="bbox 2154 4473 3758 4550; baseline 0.004 -23"><span class='ocrx_word' id='word_1_631' title='bbox 2154 4490 2340 4538; x_wconf 81' lang='grc' dir='ltr'>τοντες</span> <span class='ocrx_word' id='word_1_632' title='bbox 2385 4473 2493 4529; x_wconf 70' lang='grc' dir='ltr'><strong>ἀπὸ</strong></span> <span class='ocrx_word' id='word_1_633' title='bbox 2529 4473 2626 4528; x_wconf 84' lang='grc' dir='ltr'><strong>τοῦ</strong></span> <span class='ocrx_word' id='word_1_634' title='bbox 2678 4473 2791 4529; x_wconf 81' lang='grc' dir='ltr'><strong>τῶν</strong></span> <span class='ocrx_word' id='word_1_635' title='bbox 2836 4476 3214 4548; x_wconf 78' lang='grc' dir='ltr'>χαλκωμάτων</span> <span class='ocrx_word' id='word_1_636' title='bbox 3248 4477 3381 4547; x_wconf 62' lang='lat' dir='ltr'><strong>ﬁxos</strong></span> <span class='ocrx_word' id='word_1_637' title='bbox 3417 4478 3758 4550; x_wconf 82' lang='grc' dir='ltr'>κατάφωροι</span> 
     </span>
    </p>
   </div>
   <div class='ocr_carea' id='block_1_89' title="bbox 475 4550 2046 4650">
    <p class='ocr_par' dir='ltr' id='par_1_89' title="bbox 475 4550 2046 4650">
     <span class='ocr_line' id='line_1_89' title="bbox 475 4550 2046 4650; baseline 0.003 -19"><span class='ocrx_word' id='word_1_638' title='bbox 475 4577 658 4648; x_wconf 86' lang='lat' dir='ltr'><strong>ignem</strong></span> <span class='ocrx_word' id='word_1_639' title='bbox 692 4550 827 4647; x_wconf 78' lang='lat' dir='ltr'><strong>ipsis</strong></span> <span class='ocrx_word' id='word_1_640' title='bbox 856 4576 911 4631; x_wconf 89' lang='lat' dir='ltr'><strong>in</strong></span> <span class='ocrx_word' id='word_1_641' title='bbox 942 4550 1131 4635; x_wconf 61' lang='lat' dir='ltr'><strong>hostes</strong></span> <span class='ocrx_word' id='word_1_642' title='bbox 1164 4586 1413 4650; x_wconf 88' lang='lat' dir='ltr'><strong>paratum</strong></span> <span class='ocrx_word' id='word_1_643' title='bbox 1468 4593 1536 4635; x_wconf 75' lang='lat' dir='ltr'><strong>ex</strong></span> <span class='ocrx_word' id='word_1_644' title='bbox 1595 4578 1820 4635; x_wconf 84' lang='lat' dir='ltr'><strong>lucerna</strong></span> <span class='ocrx_word' id='word_1_645' title='bbox 1868 4550 2046 4636; x_wconf 86' lang='lat' dir='ltr'><strong>oleum</strong></span> 
     </span>
    </p>
   </div>
   <div class='ocr_carea' id='block_1_90' title="bbox 2150 4550 3757 4650">
    <p class='ocr_par' dir='ltr' id='par_1_90' title="bbox 2159 4564 3757 4641">
     <span class='ocr_line' id='line_1_90' title="bbox 2159 4564 3757 4641; baseline 0.003 -21"><span class='ocrx_word' id='word_1_646' title='bbox 2159 4564 2589 4637; x_wconf 78' lang='grc' dir='ltr'>καθεστήκεσαν.</span> <span class='ocrx_word' id='word_1_647' title='bbox 2617 4565 2728 4621; x_wconf 75' lang='grc' dir='ltr'><strong>Καὶ</strong></span> <span class='ocrx_word' id='word_1_648' title='bbox 2758 4565 3057 4637; x_wconf 79' lang='grc' dir='ltr'>ἀρξάμενοι</span> <span class='ocrx_word' id='word_1_649' title='bbox 3078 4565 3290 4621; x_wconf 72' lang='grc' dir='ltr'>ἔνδοθεν</span> <span class='ocrx_word' id='word_1_650' title='bbox 3342 4567 3595 4639; x_wconf 75' lang='grc' dir='ltr'>ὀρύττειν</span> <span class='ocrx_word' id='word_1_651' title='bbox 3632 4571 3757 4641; x_wconf 72' lang='lat' dir='ltr'><strong>(I2)</strong></span> 
     </span>
    </p>
   </div>
   <div class='ocr_carea' id='block_1_91' title="bbox 478 4660 2046 4749">
    <p class='ocr_par' dir='ltr' id='par_1_91' title="bbox 478 4664 2046 4749">
     <span class='ocr_line' id='line_1_91' title="bbox 478 4664 2046 4749; baseline 0.001 -27"><span class='ocrx_word' id='word_1_652' title='bbox 478 4665 778 4731; x_wconf 82' lang='lat' dir='ltr'><strong>stillantes,</strong></span> <span class='ocrx_word' id='word_1_653' title='bbox 798 4664 963 4738; x_wconf 86' lang='lat' dir='ltr'><strong>inque</strong></span> <span class='ocrx_word' id='word_1_654' title='bbox 980 4668 1181 4724; x_wconf 84' lang='lat' dir='ltr'><strong>Persas</strong></span> <span class='ocrx_word' id='word_1_655' title='bbox 1214 4668 1271 4723; x_wconf 87' lang='lat' dir='ltr'><strong>in</strong></span> <span class='ocrx_word' id='word_1_656' title='bbox 1287 4668 1545 4724; x_wconf 90' lang='lat' dir='ltr'><strong>cuniculo</strong></span> <span class='ocrx_word' id='word_1_657' title='bbox 1562 4675 1809 4743; x_wconf 83' lang='lat' dir='ltr'><strong>repertos</strong></span> <span class='ocrx_word' id='word_1_658' title='bbox 1832 4669 2046 4749; x_wconf 77' lang='lat' dir='ltr'><strong>mitten-</strong></span> 
     </span>
    </p>
   </div>
   <div class='ocr_carea' id='block_1_92' title="bbox 2150 4660 3758 4749">
    <p class='ocr_par' dir='ltr' id='par_1_92' title="bbox 2161 4660 3758 4737">
     <span class='ocr_line' id='line_1_92' title="bbox 2161 4660 3758 4737; baseline 0.004 -21"><span class='ocrx_word' id='word_1_659' title='bbox 2161 4660 2270 4716; x_wconf 86' lang='grc' dir='ltr'><strong>τῶν</strong></span> <span class='ocrx_word' id='word_1_660' title='bbox 2293 4660 2398 4733; x_wconf 81' lang='grc' dir='ltr'><strong>τῆς</strong></span> <span class='ocrx_word' id='word_1_661' title='bbox 2432 4661 2662 4729; x_wconf 87' lang='grc' dir='ltr'>πόλεως,</span> <span class='ocrx_word' id='word_1_662' title='bbox 2692 4661 2769 4727; x_wconf 84' lang='grc' dir='ltr'><strong>ὡς</strong></span> <span class='ocrx_word' id='word_1_663' title='bbox 2824 4663 2993 4733; x_wconf 74' lang='grc' dir='ltr'><strong>ἐγγὺς</strong></span> <span class='ocrx_word' id='word_1_664' title='bbox 3034 4663 3283 4737; x_wconf 82' lang='grc' dir='ltr'>ἀλλήλων</span> <span class='ocrx_word' id='word_1_665' title='bbox 3326 4666 3601 4734; x_wconf 81' lang='grc' dir='ltr'>ἐγένοντο,</span> <span class='ocrx_word' id='word_1_666' title='bbox 3637 4668 3758 4722; x_wconf 75' lang='grc' dir='ltr'><strong>ἀπὸ</strong></span> 
     </span>
    </p>
   </div>
   <div class='ocr_carea' id='block_1_93' title="bbox 477 4754 2046 4831">
    <p class='ocr_par' dir='ltr' id='par_1_93' title="bbox 477 4758 2046 4831">
     <span class='ocr_line' id='line_1_93' title="bbox 477 4758 2046 4831; baseline 0.004 -20"><span class='ocrx_word' id='word_1_667' title='bbox 477 4764 587 4822; x_wconf 87' lang='lat' dir='ltr'><strong>tes,</strong></span> <span class='ocrx_word' id='word_1_668' title='bbox 608 4771 803 4814; x_wconf 71' lang='lat' dir='ltr'><strong>ornnes</strong></span> <span class='ocrx_word' id='word_1_669' title='bbox 824 4758 1201 4829; x_wconf 87' lang='lat' dir='ltr'><strong>perdiderunt.</strong></span> <span class='ocrx_word' id='word_1_670' title='bbox 1223 4759 1405 4831; x_wconf 86' lang='lat' dir='ltr'><strong>lisque</strong></span> <span class='ocrx_word' id='word_1_671' title='bbox 1431 4759 1651 4817; x_wconf 88' lang='lat' dir='ltr'><strong>demum</strong></span> <span class='ocrx_word' id='word_1_672' title='bbox 1676 4760 1893 4817; x_wconf 76' lang='lat' dir='ltr'><strong>libenti</strong></span> <span class='ocrx_word' id='word_1_673' title='bbox 1916 4761 2046 4818; x_wconf 89' lang='lat' dir='ltr'><strong>insi-</strong></span> 
     </span>
    </p>
   </div>
   <div class='ocr_carea' id='block_1_94' title="bbox 2150 4754 3756 4831">
    <p class='ocr_par' dir='ltr' id='par_1_94' title="bbox 2158 4754 3756 4829">
     <span class='ocr_line' id='line_1_94' title="bbox 2158 4754 3756 4829; baseline 0.004 -21"><span class='ocrx_word' id='word_1_674' title='bbox 2158 4754 2262 4825; x_wconf 78' lang='grc' dir='ltr'>τῆς</span> <span class='ocrx_word' id='word_1_675' title='bbox 2288 4754 2507 4826; x_wconf 82' lang='grc' dir='ltr'>λυχνίας</span> <span class='ocrx_word' id='word_1_676' title='bbox 2518 4757 2734 4829; x_wconf 75' lang='grc' dir='ltr'>ἐκείνης</span> <span class='ocrx_word' id='word_1_677' title='bbox 2758 4756 2934 4811; x_wconf 76' lang='grc' dir='ltr'>ἔλαιον</span> <span class='ocrx_word' id='word_1_678' title='bbox 2958 4756 3372 4823; x_wconf 71' lang='grc' dir='ltr'>ἐπιστάξαντες,</span> <span class='ocrx_word' id='word_1_679' title='bbox 3400 4761 3480 4823; x_wconf 79' lang='grc' dir='ltr'><strong>εἰς</strong></span> <span class='ocrx_word' id='word_1_680' title='bbox 3502 4759 3567 4812; x_wconf 86' lang='grc' dir='ltr'><strong>τὺ</strong></span> <span class='ocrx_word' id='word_1_681' title='bbox 3599 4762 3756 4815; x_wconf 77' lang='grc' dir='ltr'>κατὰ</span> 
     </span>
    </p>
   </div>
   <div class='ocr_carea' id='block_1_95' title="bbox 479 4847 2046 4921">
    <p class='ocr_par' dir='ltr' id='par_1_95' title="bbox 479 4848 2046 4913">
     <span class='ocr_line' id='line_1_95' title="bbox 479 4848 2046 4913; baseline 0.006 -10"><span class='ocrx_word' id='word_1_682' title='bbox 479 4848 587 4904; x_wconf 89' lang='lat' dir='ltr'><strong>diis</strong></span> <span class='ocrx_word' id='word_1_683' title='bbox 607 4848 798 4905; x_wconf 85' lang='lat' dir='ltr'><strong>eodem</strong></span> <span class='ocrx_word' id='word_1_684' title='bbox 836 4850 1116 4908; x_wconf 87' lang='lat' dir='ltr'><strong>molimine</strong></span> <span class='ocrx_word' id='word_1_685' title='bbox 1145 4852 1311 4908; x_wconf 87' lang='lat' dir='ltr'><strong>etiam</strong></span> <span class='ocrx_word' id='word_1_686' title='bbox 1358 4852 1639 4910; x_wconf 85' lang='lat' dir='ltr'><strong>machinas</strong></span> <span class='ocrx_word' id='word_1_687' title='bbox 1666 4862 1822 4911; x_wconf 72' lang='lat' dir='ltr'><strong>extra</strong></span> <span class='ocrx_word' id='word_1_688' title='bbox 1864 4869 2046 4913; x_wconf 81' lang='lat' dir='ltr'><strong>muros</strong></span> 
     </span>
    </p>
   </div>
   <div class='ocr_carea' id='block_1_96' title="bbox 2150 4847 3755 4921">
    <p class='ocr_par' dir='ltr' id='par_1_96' title="bbox 2160 4847 3755 4921">
     <span class='ocr_line' id='line_1_96' title="bbox 2160 4847 3755 4921; baseline 0.003 -20"><span class='ocrx_word' id='word_1_689' title='bbox 2160 4847 2269 4903; x_wconf 84' lang='grc' dir='ltr'><strong>τῶν</strong></span> <span class='ocrx_word' id='word_1_690' title='bbox 2300 4847 2574 4917; x_wconf 87' lang='grc' dir='ltr'>πολεμίων</span> <span class='ocrx_word' id='word_1_691' title='bbox 2602 4848 2784 4913; x_wconf 79' lang='grc' dir='ltr'>αὐτοῖς</span> <span class='ocrx_word' id='word_1_692' title='bbox 2812 4849 3240 4921; x_wconf 82' lang='grc' dir='ltr'>εύτρεπισμένον</span> <span class='ocrx_word' id='word_1_693' title='bbox 3287 4848 3420 4921; x_wconf 87' lang='grc' dir='ltr'>πῦρ,</span> <span class='ocrx_word' id='word_1_694' title='bbox 3468 4853 3566 4905; x_wconf 76' lang='grc' dir='ltr'>καὶ</span> <span class='ocrx_word' id='word_1_695' title='bbox 3599 4854 3755 4908; x_wconf 84' lang='grc' dir='ltr'><strong>κατά</strong></span> 
     </span>
    </p>
   </div>
   <div class='ocr_carea' id='block_1_97' title="bbox 478 4943 2051 5018">
    <p class='ocr_par' dir='ltr' id='par_1_97' title="bbox 478 4943 2051 5018">
     <span class='ocr_line' id='line_1_97' title="bbox 478 4943 2051 5018; baseline 0.003 -20"><span class='ocrx_word' id='word_1_696' title='bbox 478 4943 685 5014; x_wconf 85' lang='lat' dir='ltr'><strong>positas</strong></span> <span class='ocrx_word' id='word_1_697' title='bbox 717 4945 926 5011; x_wconf 89' lang='lat' dir='ltr'><strong>adorsi,</strong></span> <span class='ocrx_word' id='word_1_698' title='bbox 964 4946 1062 4999; x_wconf 86' lang='lat' dir='ltr'><strong>bas</strong></span> <span class='ocrx_word' id='word_1_699' title='bbox 1093 4961 1311 5018; x_wconf 89' lang='lat' dir='ltr'><strong>quoque</strong></span> <span class='ocrx_word' id='word_1_700' title='bbox 1344 4954 1571 5017; x_wconf 88' lang='lat' dir='ltr'><strong>repente</strong></span> <span class='ocrx_word' id='word_1_701' title='bbox 1597 4946 2051 5015; x_wconf 82' lang='lat' dir='ltr'><strong>combusserunt,</strong></span> 
     </span>
    </p>
   </div>
   <div class='ocr_carea' id='block_1_98' title="bbox 480 5034 2056 5106">
    <p class='ocr_par' dir='ltr' id='par_1_98' title="bbox 480 5034 2056 5106">
     <span class='ocr_line' id='line_1_98' title="bbox 480 5034 2056 5106; baseline 0.003 -18"><span class='ocrx_word' id='word_1_702' title='bbox 480 5035 780 5106; x_wconf 87' lang='lat' dir='ltr'><strong>pluresque</strong></span> <span class='ocrx_word' id='word_1_703' title='bbox 810 5034 868 5090; x_wconf 88' lang='lat' dir='ltr'><strong>in</strong></span> <span class='ocrx_word' id='word_1_704' title='bbox 896 5035 978 5091; x_wconf 82' lang='lat' dir='ltr'><strong>cis</strong></span> <span class='ocrx_word' id='word_1_705' title='bbox 1010 5036 1279 5093; x_wconf 88' lang='lat' dir='ltr'><strong>militares</strong></span> <span class='ocrx_word' id='word_1_706' title='bbox 1316 5036 1466 5093; x_wconf 84' lang='lat' dir='ltr'><strong>viros</strong></span> <span class='ocrx_word' id='word_1_707' title='bbox 1505 5036 1872 5093; x_wconf 81' lang='lat' dir='ltr'><strong>sustulerunt.</strong></span> <span class='ocrx_word' id='word_1_708' title='bbox 1905 5036 2056 5094; x_wconf 82' lang='lat' dir='ltr'><strong>Jam-</strong></span> 
     </span>
    </p>
   </div>
   <div class='ocr_carea' id='block_1_99' title="bbox 480 5125 2061 5211">
    <p class='ocr_par' dir='ltr' id='par_1_99' title="bbox 480 5125 2061 5211">
     <span class='ocr_line' id='line_1_99' title="bbox 480 5125 2061 5211; baseline 0.003 -31"><span class='ocrx_word' id='word_1_709' title='bbox 480 5142 588 5198; x_wconf 89' lang='lat' dir='ltr'><strong>que</strong></span> <span class='ocrx_word' id='word_1_710' title='bbox 618 5125 757 5182; x_wconf 87' lang='lat' dir='ltr'><strong>adeo</strong></span> <span class='ocrx_word' id='word_1_711' title='bbox 784 5126 933 5183; x_wconf 90' lang='lat' dir='ltr'><strong>aucti</strong></span> <span class='ocrx_word' id='word_1_712' title='bbox 962 5127 1180 5196; x_wconf 88' lang='lat' dir='ltr'><strong>llducia,</strong></span> <span class='ocrx_word' id='word_1_713' title='bbox 1211 5128 1435 5184; x_wconf 89' lang='lat' dir='ltr'><strong>crebros</strong></span> <span class='ocrx_word' id='word_1_714' title='bbox 1466 5129 1634 5185; x_wconf 88' lang='lat' dir='ltr'><strong>etiam</strong></span> <span class='ocrx_word' id='word_1_715' title='bbox 1664 5143 1697 5185; x_wconf 89' lang='lat' dir='ltr'><strong>e</strong></span> <span class='ocrx_word' id='word_1_716' title='bbox 1733 5130 1906 5211; x_wconf 81' lang='lat' dir='ltr'><strong>muris</strong></span> <span class='ocrx_word' id='word_1_717' title='bbox 1930 5129 2061 5184; x_wconf 69' lang='lat' dir='ltr'><strong>mit»</strong></span> 
     </span>
    </p>
   </div>
   <div class='ocr_carea' id='block_1_100' title="bbox 480 5215 2054 5289">
    <p class='ocr_par' dir='ltr' id='par_1_100' title="bbox 480 5215 2054 5289">
     <span class='ocr_line' id='line_1_100' title="bbox 480 5215 2054 5289; baseline 0 -17"><span class='ocrx_word' id='word_1_718' title='bbox 480 5224 656 5272; x_wconf 85' lang='lat' dir='ltr'><strong>tentes</strong></span> <span class='ocrx_word' id='word_1_719' title='bbox 688 5216 921 5287; x_wconf 86' lang='lat' dir='ltr'><strong>lapides,</strong></span> <span class='ocrx_word' id='word_1_720' title='bbox 968 5232 1158 5273; x_wconf 91' lang='lat' dir='ltr'><strong>eorum</strong></span> <span class='ocrx_word' id='word_1_721' title='bbox 1196 5215 1351 5287; x_wconf 82' lang='lat' dir='ltr'><strong>jactu</strong></span> <span class='ocrx_word' id='word_1_722' title='bbox 1396 5232 1460 5273; x_wconf 89' lang='lat' dir='ltr'><strong>ac</strong></span> <span class='ocrx_word' id='word_1_723' title='bbox 1507 5216 1804 5281; x_wconf 85' lang='lat' dir='ltr'><strong>rotatione,</strong></span> <span class='ocrx_word' id='word_1_724' title='bbox 1852 5217 2054 5289; x_wconf 88' lang='lat' dir='ltr'><strong>impuri</strong></span> 
     </span>
    </p>
   </div>
   <div class='ocr_carea' id='block_1_101' title="bbox 479 5310 2055 5383">
    <p class='ocr_par' dir='ltr' id='par_1_101' title="bbox 479 5310 2055 5383">
     <span class='ocr_line' id='line_1_101' title="bbox 479 5310 2055 5383; baseline 0 -17"><span class='ocrx_word' id='word_1_725' title='bbox 479 5311 755 5367; x_wconf 76' lang='lat' dir='ltr'><strong>exercitus</strong></span> <span class='ocrx_word' id='word_1_726' title='bbox 796 5310 921 5366; x_wconf 91' lang='lat' dir='ltr'><strong>duci</strong></span> <span class='ocrx_word' id='word_1_727' title='bbox 954 5310 1185 5383; x_wconf 87' lang='lat' dir='ltr'><strong>aliisque</strong></span> <span class='ocrx_word' id='word_1_728' title='bbox 1226 5326 1335 5367; x_wconf 90' lang='lat' dir='ltr'><strong>non</strong></span> <span class='ocrx_word' id='word_1_729' title='bbox 1381 5310 1573 5382; x_wconf 88' lang='lat' dir='ltr'><strong>paucis</strong></span> <span class='ocrx_word' id='word_1_730' title='bbox 1614 5325 1804 5367; x_wconf 85' lang='lat' dir='ltr'><strong>necem</strong></span> <span class='ocrx_word' id='word_1_731' title='bbox 1836 5310 2055 5366; x_wconf 76' lang='lat' dir='ltr'><strong>consci~</strong></span> 
     </span>
    </p>
   </div>
   <div class='ocr_carea' id='block_1_102' title="bbox 480 5398 2053 5470">
    <p class='ocr_par' dir='ltr' id='par_1_102' title="bbox 480 5398 2053 5470">
     <span class='ocr_line' id='line_1_102' title="bbox 480 5398 2053 5470; baseline 0.002 -14"><span class='ocrx_word' id='word_1_732' title='bbox 480 5408 699 5456; x_wconf 87' lang='lat' dir='ltr'><strong>verunt.</strong></span> <span class='ocrx_word' id='word_1_733' title='bbox 724 5398 914 5470; x_wconf 80' lang='lat' dir='ltr'><strong>Neque</strong></span> <span class='ocrx_word' id='word_1_734' title='bbox 944 5400 994 5455; x_wconf 89' lang='lat' dir='ltr'><strong>id</strong></span> <span class='ocrx_word' id='word_1_735' title='bbox 1031 5400 1212 5465; x_wconf 85' lang='lat' dir='ltr'><strong>modo,</strong></span> <span class='ocrx_word' id='word_1_736' title='bbox 1242 5398 1337 5457; x_wconf 88' lang='lat' dir='ltr'><strong>sed</strong></span> <span class='ocrx_word' id='word_1_737' title='bbox 1369 5412 1423 5457; x_wconf 90' lang='lat' dir='ltr'><strong>et</strong></span> <span class='ocrx_word' id='word_1_738' title='bbox 1451 5401 1797 5458; x_wconf 80' lang='lat' dir='ltr'><strong>extrinsecus</strong></span> <span class='ocrx_word' id='word_1_739' title='bbox 1818 5401 2053 5459; x_wconf 58' lang='lat' dir='ltr'><strong>a‘Pcrsis</strong></span> 
     </span>
    </p>
   </div>
   <div class='ocr_carea' id='block_1_103' title="bbox 479 5492 2048 5565">
    <p class='ocr_par' dir='ltr' id='par_1_103' title="bbox 479 5492 2048 5565">
     <span class='ocr_line' id='line_1_103' title="bbox 479 5492 2048 5565; baseline 0.003 -19"><span class='ocrx_word' id='word_1_740' title='bbox 479 5492 747 5549; x_wconf 86' lang='lat' dir='ltr'><strong>adversus</strong></span> <span class='ocrx_word' id='word_1_741' title='bbox 795 5492 947 5549; x_wconf 83' lang='lat' dir='ltr'><strong>cives</strong></span> <span class='ocrx_word' id='word_1_742' title='bbox 989 5507 1279 5550; x_wconf 82' lang='lat' dir='ltr'><strong>accensam</strong></span> <span class='ocrx_word' id='word_1_743' title='bbox 1330 5509 1539 5565; x_wconf 86' lang='lat' dir='ltr'><strong>pyram,</strong></span> <span class='ocrx_word' id='word_1_744' title='bbox 1593 5508 1758 5564; x_wconf 88' lang='lat' dir='ltr'><strong>quam</strong></span> <span class='ocrx_word' id='word_1_745' title='bbox 1802 5493 2048 5551; x_wconf 84' lang='lat' dir='ltr'><strong>olearum</strong></span> 
     </span>
    </p>
   </div>
   <div class='ocr_carea' id='block_1_104' title="bbox 480 5583 2045 5655">
    <p class='ocr_par' dir='ltr' id='par_1_104' title="bbox 480 5583 2045 5655">
     <span class='ocr_line' id='line_1_104' title="bbox 480 5583 2045 5655; baseline 0.001 -17"><span class='ocrx_word' id='word_1_746' title='bbox 480 5583 885 5654; x_wconf 88' lang='lat' dir='ltr'><strong>multarumque</strong></span> <span class='ocrx_word' id='word_1_747' title='bbox 927 5583 1179 5649; x_wconf 87' lang='lat' dir='ltr'><strong>aliarum,</strong></span> <span class='ocrx_word' id='word_1_748' title='bbox 1220 5599 1359 5655; x_wconf 87' lang='lat' dir='ltr'><strong>quas</strong></span> <span class='ocrx_word' id='word_1_749' title='bbox 1403 5584 1745 5642; x_wconf 87' lang='lat' dir='ltr'><strong>immiserant</strong></span> <span class='ocrx_word' id='word_1_750' title='bbox 1788 5584 2045 5642; x_wconf 87' lang='lat' dir='ltr'><strong>arborum</strong></span> 
     </span>
    </p>
   </div>
   <div class='ocr_carea' id='block_1_105' title="bbox 2161 4938 3752 5013">
    <p class='ocr_par' dir='ltr' id='par_1_105' title="bbox 2161 4938 3752 5013">
     <span class='ocr_line' id='line_1_105' title="bbox 2161 4938 3752 5013; baseline 0.003 -20"><span class='ocrx_word' id='word_1_751' title='bbox 2161 4938 2270 4993; x_wconf 83' lang='grc' dir='ltr'>τῶν</span> <span class='ocrx_word' id='word_1_752' title='bbox 2291 4940 2349 4993; x_wconf 85' lang='grc' dir='ltr'>ὲν</span> <span class='ocrx_word' id='word_1_753' title='bbox 2384 4938 2463 5011; x_wconf 82' lang='grc' dir='ltr'>τῷ</span> <span class='ocrx_word' id='word_1_754' title='bbox 2492 4939 2753 5013; x_wconf 83' lang='grc' dir='ltr'>ύπονόμῳ</span> <span class='ocrx_word' id='word_1_755' title='bbox 2777 4941 3008 5012; x_wconf 82' lang='grc' dir='ltr'>Περσῶν</span> <span class='ocrx_word' id='word_1_756' title='bbox 3064 4940 3318 5012; x_wconf 74' lang='grc' dir='ltr'>ἀφέντες,</span> <span class='ocrx_word' id='word_1_757' title='bbox 3368 4943 3581 5007; x_wconf 79' lang='grc' dir='ltr'>πάντας</span> <span class='ocrx_word' id='word_1_758' title='bbox 3635 4946 3752 4999; x_wconf 86' lang='grc' dir='ltr'>ἀπ-</span> 
     </span>
    </p>
   </div>
   <div class='ocr_carea' id='block_1_106' title="bbox 2163 5029 3752 5109">
    <p class='ocr_par' dir='ltr' id='par_1_106' title="bbox 2163 5029 3752 5109">
     <span class='ocr_line' id='line_1_106' title="bbox 2163 5029 3752 5109; baseline 0.004 -25"><span class='ocrx_word' id='word_1_759' title='bbox 2163 5029 2392 5087; x_wconf 80' lang='grc' dir='ltr'>ώλεσαν.</span> <span class='ocrx_word' id='word_1_760' title='bbox 2420 5032 2534 5086; x_wconf 76' lang='grc' dir='ltr'>Καὶ</span> <span class='ocrx_word' id='word_1_761' title='bbox 2554 5032 2655 5105; x_wconf 81' lang='grc' dir='ltr'>τῆς</span> <span class='ocrx_word' id='word_1_762' title='bbox 2678 5033 2927 5089; x_wconf 73' lang='grc' dir='ltr'>ἐντεῦθεν</span> <span class='ocrx_word' id='word_1_763' title='bbox 2945 5034 3235 5104; x_wconf 76' lang='grc' dir='ltr'>ρυσθέντες</span> <span class='ocrx_word' id='word_1_764' title='bbox 3262 5035 3578 5105; x_wconf 71' lang='grc' dir='ltr'>ἐπιϐουλῆς,</span> <span class='ocrx_word' id='word_1_765' title='bbox 3611 5039 3752 5109; x_wconf 71' lang='grc' dir='ltr'>πρὸς</span> 
     </span>
    </p>
   </div>
   <div class='ocr_carea' id='block_1_107' title="bbox 2165 5122 3750 5200">
    <p class='ocr_par' dir='ltr' id='par_1_107' title="bbox 2165 5122 3750 5200">
     <span class='ocr_line' id='line_1_107' title="bbox 2165 5122 3750 5200; baseline 0.003 -23"><span class='ocrx_word' id='word_1_766' title='bbox 2165 5124 2232 5180; x_wconf 85' lang='grc' dir='ltr'><strong>τά</strong></span> <span class='ocrx_word' id='word_1_767' title='bbox 2263 5124 2420 5188; x_wconf 79' lang='grc' dir='ltr'>ἐκτὸς</span> <span class='ocrx_word' id='word_1_768' title='bbox 2467 5122 2566 5179; x_wconf 87' lang='grc' dir='ltr'><strong>τοῦ</strong></span> <span class='ocrx_word' id='word_1_769' title='bbox 2604 5124 2820 5199; x_wconf 86' lang='grc' dir='ltr'>τείχους</span> <span class='ocrx_word' id='word_1_770' title='bbox 2852 5127 3102 5200; x_wconf 75' lang='grc' dir='ltr'>μηχανάς</span> <span class='ocrx_word' id='word_1_771' title='bbox 3160 5128 3258 5199; x_wconf 77' lang='grc' dir='ltr'>τὴν</span> <span class='ocrx_word' id='word_1_772' title='bbox 3301 5129 3485 5199; x_wconf 81' lang='grc' dir='ltr'>ὅμοιον</span> <span class='ocrx_word' id='word_1_773' title='bbox 3542 5133 3750 5200; x_wconf 82' lang='grc' dir='ltr'>πεῖραν</span> 
     </span>
    </p>
   </div>
   <div class='ocr_carea' id='block_1_108' title="bbox 2164 5216 3748 5291">
    <p class='ocr_par' dir='ltr' id='par_1_108' title="bbox 2164 5216 3748 5291">
     <span class='ocr_line' id='line_1_108' title="bbox 2164 5216 3748 5291; baseline 0.003 -22"><span class='ocrx_word' id='word_1_774' title='bbox 2164 5216 2531 5288; x_wconf 80' lang='grc' dir='ltr'>προήνεγκαν,</span> <span class='ocrx_word' id='word_1_775' title='bbox 2565 5217 2662 5272; x_wconf 62' lang='grc' dir='ltr'><strong>καί¹</strong></span> <span class='ocrx_word' id='word_1_776' title='bbox 2707 5217 2913 5284; x_wconf 84' lang='grc' dir='ltr'>ταύτας</span> <span class='ocrx_word' id='word_1_777' title='bbox 2964 5220 3177 5291; x_wconf 86' lang='grc' dir='ltr'>ἀθρόως</span> <span class='ocrx_word' id='word_1_778' title='bbox 3235 5220 3596 5291; x_wconf 73' lang='grc' dir='ltr'>κατέφλεξαν.</span> <span class='ocrx_word' id='word_1_779' title='bbox 3630 5223 3748 5277; x_wconf 74' lang='grc' dir='ltr'><strong>Καὶ</strong></span> 
     </span>
    </p>
   </div>
   <div class='ocr_carea' id='block_1_109' title="bbox 2158 5306 3745 5383">
    <p class='ocr_par' dir='ltr' id='par_1_109' title="bbox 2158 5306 3745 5383">
     <span class='ocr_line' id='line_1_109' title="bbox 2158 5306 3745 5383; baseline 0.003 -23"><span class='ocrx_word' id='word_1_780' title='bbox 2158 5306 2387 5371; x_wconf 73' lang='grc' dir='ltr'>πολλοὺς</span> <span class='ocrx_word' id='word_1_781' title='bbox 2407 5308 2516 5362; x_wconf 86' lang='grc' dir='ltr'>τῶν</span> <span class='ocrx_word' id='word_1_782' title='bbox 2549 5309 2608 5363; x_wconf 79' lang='grc' dir='ltr'>ὲν</span> <span class='ocrx_word' id='word_1_783' title='bbox 2638 5310 2832 5376; x_wconf 76' lang='grc' dir='ltr'>αὐταῖς</span> <span class='ocrx_word' id='word_1_784' title='bbox 2861 5311 3137 5383; x_wconf 84' lang='grc' dir='ltr'>πολεμίων</span> <span class='ocrx_word' id='word_1_785' title='bbox 3163 5312 3470 5366; x_wconf 81' lang='grc' dir='ltr'>ἀνάλωσαν.</span> <span class='ocrx_word' id='word_1_786' title='bbox 3509 5313 3651 5383; x_wconf 85' lang='grc' dir='ltr'><strong>Ἤδη</strong></span> <span class='ocrx_word' id='word_1_787' title='bbox 3683 5312 3745 5365; x_wconf 72' lang='grc' dir='ltr'>δὲ</span> 
     </span>
    </p>
   </div>
   <div class='ocr_carea' id='block_1_110' title="bbox 2156 5399 3745 5475">
    <p class='ocr_par' dir='ltr' id='par_1_110' title="bbox 2156 5399 3745 5475">
     <span class='ocr_line' id='line_1_110' title="bbox 2156 5399 3745 5475; baseline 0.003 -22"><span class='ocrx_word' id='word_1_788' title='bbox 2156 5399 2686 5473; x_wconf 79' lang='grc' dir='ltr'>ἀνατεθαρῤηκότες,</span> <span class='ocrx_word' id='word_1_789' title='bbox 2714 5403 2812 5457; x_wconf 72' lang='grc' dir='ltr'>καὶ</span> <span class='ocrx_word' id='word_1_790' title='bbox 2869 5402 3036 5457; x_wconf 81' lang='grc' dir='ltr'>λίθων</span> <span class='ocrx_word' id='word_1_791' title='bbox 3085 5404 3309 5474; x_wconf 74' lang='grc' dir='ltr'>ἀφέσεις</span> <span class='ocrx_word' id='word_1_792' title='bbox 3357 5406 3571 5475; x_wconf 81' lang='grc' dir='ltr'>συχνῶν</span> <span class='ocrx_word' id='word_1_793' title='bbox 3629 5407 3745 5459; x_wconf 70' lang='grc' dir='ltr'><strong>ἀπὸ</strong></span> 
     </span>
    </p>
   </div>
   <div class='ocr_carea' id='block_1_111' title="bbox 2153 5490 3741 5571">
    <p class='ocr_par' dir='ltr' id='par_1_111' title="bbox 2153 5490 3741 5571">
     <span class='ocr_line' id='line_1_111' title="bbox 2153 5490 3741 5571; baseline 0.004 -25"><span class='ocrx_word' id='word_1_794' title='bbox 2153 5491 2264 5547; x_wconf 82' lang='grc' dir='ltr'><strong>τῶν</strong></span> <span class='ocrx_word' id='word_1_795' title='bbox 2293 5492 2488 5565; x_wconf 83' lang='grc' dir='ltr'>τειχῶν</span> <span class='ocrx_word' id='word_1_796' title='bbox 2525 5494 2874 5568; x_wconf 68' lang='grc' dir='ltr'>ἐπεποίηντο,</span> <span class='ocrx_word' id='word_1_797' title='bbox 2904 5497 2995 5566; x_wconf 82' lang='grc' dir='ltr'><strong>ὑφ’</strong></span> <span class='ocrx_word' id='word_1_798' title='bbox 3018 5490 3095 5551; x_wconf 84' lang='grc' dir='ltr'>ὧν</span> <span class='ocrx_word' id='word_1_799' title='bbox 3137 5498 3354 5552; x_wconf 58' lang='grc' dir='ltr'>καὶτὸν</span> <span class='ocrx_word' id='word_1_800' title='bbox 3401 5500 3741 5571; x_wconf 73' lang='grc' dir='ltr'>στρατοπεδ-</span> 
     </span>
    </p>
   </div>
   <div class='ocr_carea' id='block_1_112' title="bbox 2153 5584 3742 5664">
    <p class='ocr_par' dir='ltr' id='par_1_112' title="bbox 2153 5584 3742 5664">
     <span class='ocr_line' id='line_1_112' title="bbox 2153 5584 3742 5664; baseline 0.003 -23"><span class='ocrx_word' id='word_1_801' title='bbox 2153 5584 2330 5657; x_wconf 78' lang='grc' dir='ltr'>άρχην</span> <span class='ocrx_word' id='word_1_802' title='bbox 2380 5584 2476 5639; x_wconf 90' lang='grc' dir='ltr'><strong>τοῦ</strong></span> <span class='ocrx_word' id='word_1_803' title='bbox 2522 5587 2724 5661; x_wconf 86' lang='grc' dir='ltr'>μιαροῦ</span> <span class='ocrx_word' id='word_1_804' title='bbox 2767 5589 3175 5664; x_wconf 73' lang='grc' dir='ltr'>στρατεύματος</span> <span class='ocrx_word' id='word_1_805' title='bbox 3198 5591 3398 5664; x_wconf 79' lang='grc' dir='ltr'>συνέϐη</span> <span class='ocrx_word' id='word_1_806' title='bbox 3434 5593 3617 5645; x_wconf 70' lang='grc' dir='ltr'>πεσεῖν</span> <span class='ocrx_word' id='word_1_807' title='bbox 3640 5591 3742 5646; x_wconf 76' lang='grc' dir='ltr'>καὶ</span> 
     </span>
    </p>
   </div>
   <div class='ocr_carea' id='block_1_113' title="bbox 1963 5767 2199 5831">
    <p class='ocr_par' dir='ltr' id='par_1_113' title="bbox 1963 5767 2199 5831">
     <span class='ocr_line' id='line_1_113' title="bbox 1963 5767 2199 5831; baseline 0.017 -5"><span class='ocrx_word' id='word_1_808' title='bbox 1963 5767 2199 5831; x_wconf 62' lang='grc' dir='ltr'>ηοω.</span> 
     </span>
    </p>
   </div>
   <div class='ocr_carea' id='block_1_114' title="bbox 558 5855 1523 5929">
    <p class='ocr_par' dir='ltr' id='par_1_114' title="bbox 558 5855 1523 5929">
     <span class='ocr_line' id='line_1_114' title="bbox 558 5855 1523 5929; baseline 0.01 -18"><span class='ocrx_word' id='word_1_809' title='bbox 558 5855 671 5929; x_wconf 72' lang='lat' dir='ltr'><strong>(l2)</strong></span> <span class='ocrx_word' id='word_1_810' title='bbox 713 5856 889 5918; x_wconf 82' lang='lat' dir='ltr'><strong>Locus</strong></span> <span class='ocrx_word' id='word_1_811' title='bbox 922 5860 1159 5919; x_wconf 81' lang='lat' dir='ltr'><strong>fortasse</strong></span> <span class='ocrx_word' id='word_1_812' title='bbox 1186 5873 1297 5917; x_wconf 88' lang='lat' dir='ltr'><strong>non</strong></span> <span class='ocrx_word' id='word_1_813' title='bbox 1329 5876 1523 5926; x_wconf 86' lang='lat' dir='ltr'><strong>sanus.</strong></span> 
     </span>
    </p>
   </div>
  </div>
