4042 6344
278 344 386 407 4ί9

1225 336 1618 399 NARRATIO
1657 336 1757 396 DE
1800 333 2131 395 IMAGINE
2168 331 2577 397 EDESSEIi‘A.

3424 334 3531 397 450

282 459 547 527 τέννητε,
567 451 686 520 τὴν
699 450 1024 518 βασιλείαν
1044 463 1181 505 σου.
1202 450 1312 505 Καὶ
1333 450 1537 503 τούτων
1562 449 1855 521 ῥηθέντων,

1972 454 2132 501 testes
2159 447 2450 502 exsistunt.
2478 444 2614 499 Nam
2647 459 2771 500 eum
2804 444 3101 515 imperator
3137 444 3344 515 primos
3367 462 3537 517 quos-

284 547 403 617 ίάθη
444 548 471 601 ό
499 546 811 617 ἄνθρωπος.
865 544 960 599 καὶ⁵
987 543 1233 612 ἀπελύθη
1266 544 1607 612 παραχρῆμα
1634 542 1734 611 τῆς
1759 539 1854 594 τοῦ

282 638 534 707 δαίμονος
569 638 890 701 ἐπιθέσεως.
928 636 1145 689 τούτων
1170 634 1225 687 δὲ
1259 634 1445 687 πολλοὶ
1479 634 1857 705 καθεστήκασι

285 730 563 801 primum;
590 729 701 783 τῶν
720 728 1001 800 ῥημάτιον.
1033 728 1142 779 Τοῦ
1172 727 1282 795 γὰρ
1304 725 1564 797 βασιλέως
1592 727 1671 790 είς
1692 726 1859 796 τιμὴν

282 822 373 873 καὶ
401 821 712 890 ὑπάντησιν
730 818 827 872 τοῦ
860 817 1198 889 ποθουμένου
1224 818 1352 881 τοὺς
1392 817 1640 887 πρώτους
1672 818 1769 888 τῆς
1801 819 1860 871 ὲν

280 912 422 967 τέλει
448 911 650 983 βουλῆς
688 910 1134 975 ἀποστείλαντος,
1166 913 1263 965 καὶ
1294 909 1505 973 τούτοις
1530 909 1640 964 τῶν
1671 912 1735 965 ἔκ
1759 911 1860 982 τῆς

282 1006 590 1077 δορυφόρου
640 1005 848 1074 τάξεως
904 1003 1332 1071 συνεξελθόντων
1390 1002 1622 1069 πολλῶν,
1660 1005 1861 1074 συνέϐη

286 1097 628 1166 μαγίστρους
656 1097 750 1150 καὶ
775 1094 1099 1166 πατρικίους
1125 1095 1264 1165 μετὰ
1312 1094 1422 1148 τῶν
1448 1093 1863 1166 ύποϐεϐηκυιῶν

283 1187 493 1254 τάξεων
529 1185 669 1244 εἶναι
714 1191 841 1253 τοὺς
871 1190 1143 1254 ἀκουστάς
1172 1206 1234 1243 τε
1262 1189 1357 1243 καὶ
1389 1190 1694 1260 μάρτυρας.
1752 1190 1865 1245 Καὶ

283 1278 408 1333 ἐπεὶ
433 1282 507 1334 τὰ
561 1280 797 1352 ρηθέντα
843 1281 940 1353 τὴν
962 1281 1184 1335 ἑκϐασιν
1209 1282 1402 1336 θᾶττον
1432 1281 1701 1349 ἐδέξαντο,
1728 1282 1866 1335 ἀπο·

285 1368 452 1440 ρῆσαι
512 1371 666 1439 ἄξιον
711 1372 876 1427 πόθεν
917 1375 951 1443 ὴ
982 1374 1296 1444 πρόγνωσις
1332 1374 1413 1445 τῷ
1448 1373 1664 1444 δαίμονι
1702 1389 1866 1443 προσ-

284 1463 528 1531 εγενετο.
561 1465 636 1518 Ού
667 1464 779 1536 γὰρ
807 1465 955 1536 εχειν
992 1466 1346 1520 πιστεύονται
1377 1465 1587 1537 ταύτην
1630 1465 1866 1531 οἴκοθεν,

284 1556 383 1626 τῆς
432 1555 594 1621 θείας
648 1557 804 1629 δόξης
857 1559 1352 1631 ἀπολισθήσαντες,
1395 1560 1490 1613 καὶ
1530 1558 1719 1619 σκότος
1745 1559 1867 1613 ἀντὶ

287 1648 465 1717 φωτὸς
525 1651 988 1721 χρηματίσαντες.
1054 1654 1123 1705 Ἣ
1166 1653 1349 1722 δῆλον,
1404 1654 1482 1707 ὅτι
1515 1654 1765 1724 καθάπερ
1792 1651 1869 1723 τῷ

286 1738 523 1811 Βαλαὰμ
581 1743 615 1812 ἡ
677 1741 800 1796 θεία
853 1742 1083 1814 δύναμις
1136 1743 1335 1815 εχρῆτο
1367 1744 1599 1814 διακόνῳ
1622 1744 1717 1798 τοῦ
1745 1746 1867 1797 τότε

285 1831 804 1903 προαγορεύματος,
832 1836 926 1889 καὶ
954 1834 1142 1890 ἄλλοτε
1173 1834 1352 1900 ἄλλοις
1378 1837 1479 1890 ούκ
1508 1836 1680 1902 ἀξίοις
1734 1837 1863 1890 πολ-

284 1923 440 1987 λάκις
467 1923 566 1977 τοῦ
605 1925 947 1997 πράγματος,
987 1927 1110 1981 κατ’
1140 1928 1455 1999 οἰκονομίαν
1502 1930 1719 1993 πάντως
1745 1930 1869 1983 τινὰ

286 2017 456 2090 σοφὴν
514 2019 611 2072 καὶ
644 2019 986 2092 εὐμήχανον·
1042 2019 1186 2076 οὕτω
1214 2023 1309 2076 καὶ
1340 2022 1434 2076 νῦν
1463 2024 1495 2094 ἡ
1524 2026 1581 2076 ἐν
1622 2024 1699 2097 τῷ
1738 2023 1868 2096 θείῳ

283 2112 709 2183 ἀπεικονίσματι
737 2113 987 2185 δύναμις,
1019 2114 1097 2188 τῷ
1116 2116 1332 2188 δαίμονι
1358 2118 1732 2189 ἀπεχρήσατο.
1760 2118 1869 2173 Καὶ

285 2202 371 2254 διὰ
396 2202 561 2256 τοῦτο
582 2204 651 2256 τὰ
691 2204 813 2275 μετ’
863 2204 1045 2275 ὀλίγον
1076 2208 1420 2279 ἐκϐησόμενα
1470 2209 1866 2280 προεδήλωσεν.

1960 553 2069 609 que
2102 537 2215 593 fere
2246 545 2476 593 senatus
2519 550 2584 592 ac
2633 536 2991 606 magistratus
3025 535 3079 588 in
3110 533 3408 591 desiderati
3455 538 3538 607 pi-

1959 632 2147 702 gnoris
2188 644 2485 685 occursum
2536 628 2806 700 obsequio
2854 627 3117 694 misisset,
3156 642 3373 700 unaque
3410 644 3537 685 cum

1960 724 2073 781 illis
2103 724 2425 794 stipantium
2466 724 2634 778 turba
2669 723 2862 792 ingens
2893 720 3176 789 exivisset,
3213 724 3445 795 contigit
3476 733 3536 779 ut

1962 820 2206 893 Magistri
2229 830 2284 876 et
2316 820 2567 885 Patricii,
2594 834 2658 875 ac
2680 819 2773 891 qui
2803 818 3084 881 inferioris
3112 820 3322 876 ordinis
3354 829 3539 881 erant.

1963 914 2218 970 audirent
2252 928 2313 969 ac
2344 920 2517 970 testes
2565 920 2774 969 essent.
2822 910 3070 981 Cumque
3097 911 3364 967 vaticinio
3392 911 3541 968 dicta

1963 1008 2117 1064 brevi
2144 1015 2266 1079 post
2295 1018 2549 1064 eventum
2575 1006 2771 1063 sortita
2802 1004 3075 1075 sint,'jure
3097 1005 3296 1061 nierito
3321 1005 3544 1061 dubita-

1965 1102 2011 1157 ri
2038 1102 2235 1172 possit,
2260 1100 2533 1156 undenam
2560 1097 2918 1170 pmscientia
2940 1097 3172 1152 daemonii
3194 1099 3545 1154 accessisset.

1966 1193 2083 1250 Non
2111 1195 2256 1248 enim
2289 1208 2319 1247 a
2354 1207 2414 1247 se
2443 1192 2755 1247 creduntur
2786 1190 2876 1244 illa
2906 1189 3143 1259 praediti,
3171 1190 3263 1261 qui
3294 1205 3324 1245 a
3354 1190 3541 1245 divina

1967 1285 2221 1341 claritate
2242 1285 2482 1355 prolapsi
2517 1291 2670 1345 sunt,
2698 1297 2761 1336 ac
2788 1296 2889 1353 pro
2921 1282 3043 1338 luce
3064 1282 3305 1338 tenebrae
3339 1282 3543 1339 eﬂ'ecti.

1968 1377 2104 1433 Nam
2138 1377 2317 1448 palam
2340 1378 2486 1430 sicut
2510 1374 2695 1429 divina
2720 1375 2897 1429 virtus
2923 1373 3142 1429 Balaam
3164 1374 3243 1430 rei
3269 1382 3383 1429 tum
3414 1389 3547 1445 pra:-

1969 1470 2217 1526 dicaudze
2257 1470 2574 1524 ministrum
2607 1465 2883 1532 adhibuit,
2926 1466 3178 1536 aliasque
3207 1466 3347 1521 alios
3375 1481 3438 1520 ea
3488 1481 3550 1521 re

1972 1575 2114 1630 smpe
2148 1557 2426 1630 indignos,
2455 1572 2685 1627 prorsus
2717 1556 2953 1627 sapienti
2982 1556 3220 1627 quodam
3248 1557 3551 1629 solertiqne

1970 1652 2246 1709 consilio:
2290 1653 2358 1707 ita
2410 1665 2555 1705 nunc
2587 1665 2809 1720 quoque
2840 1650 2893 1703 in
2931 1650 3115 1704 divina
3146 1650 3227 1706 vis
3273 1651 3551 1706 exsislens

1972 1746 2166 1816 elligie.
2198 1745 2443 1799 daemone
2467 1760 2565 1800 usa
2597 1751 2704 1809 est,
2737 1752 2793 1798 et
2824 1742 2947 1798 ideo
2980 1758 3076 1813 per
3101 1757 3225 1796 eum
3247 1757 3367 1811 qua:
3397 1742 3551 1797 brevi

1975 1848 2099 1908 post
2141 1846 2298 1893 erant
2338 1846 2602 1893 eventura
2648 1842 2777 1891 ante
2822 1833 3215 1890 manifestavit.
3268 1833 3375 1889 Sed
3423 1849 3551 1889 cum

1977 1928 2081 1982 hoc
2110 1927 2330 1982 interim
2360 1926 2663 1990 evenisset,
2705 1925 2826 1994 ejus
2870 1925 3190 1981 meminisse
3233 1924 3379 1979 haud
3412 1923 3553 1980 forte

1979 2022 2378 2091 importunum.
2413 2019 2494 2074 Ad
2521 2034 2582 2073 ea
2612 2034 2744 2073 vero
2785 2031 3101 2089 pergamus,
3129 2031 3251 2088 quae
3277 2016 3553 2073 narranda

1978 2122 2310 2185 Sequuntur.

1920 2208 2083 2262 ’Δλλὰ
2108 2206 2299 2261 τούτου
2333 2206 2432 2277 μὲν
2453 2204 2626 2269 οὕτως
2652 2204 2960 2276 συμϐάντος
3018 2204 3248 2276 μεταξὺ,
3312 2204 3553 2279 μνησθῆ.

285 2312 372 2349 ναι
407 2298 543 2362 ίσως
566 2299 667 2352 οὐκ
688 2298 934 2368 ἄκαιρον.
970 2300 1094 2359 Ἐπὶ
1123 2300 1177 2354 δὲ
1201 2300 1272 2354 τὰ
1294 2301 1526 2373 ἐχόμενα
1551 2303 1647 2372 τῆς
1670 2302 1973 2372 διηγήσεως
2005 2296 2357 2370 βαδιούμεθα.

355 2392 493 2447 κη’.
528 2394 607 2463 Τῇ
650 2394 882 2469 πέμπτῃ
905 2396 1003 2449 καὶ
1031 2396 1233 2469 δεκάτῃ
1253 2398 1347 2451 τοῦ
1370 2397 1682 2468 Αὐγούστου
1702 2400 1869 2471 μηνὸς

290 2482 542 2552 συνήθως
587 2486 697 2539 τῶν
756 2486 1023 2556 βασιλέων
1084 2489 1182 2558 τὴν
1213 2488 1408 2560 ἑορτὴν
1467 2490 1710 2558 ἀγόντων
1769 2490 1869 2559 τῆς

293 2575 682 2643 μεταστάσεως
700 2577 799 2646 τῆς
836 2577 1223 2649 Ἀειπαρθὲνου
1247 2580 1341 2633 καὶ
1358 2582 1703 2654 Θεομήτορος
1721 2584 1779 2635 ὲν
1793 2581 1870 2649 τῷ

294 2668 591 2738 πτανοί-ἑπτῳ
625 2668 826 2738 ταύτης
877 2671 1020 2725 κατὰ
1053 2672 1384 2742 Βλαχὲρναις
1423 2672 1556 2742 ναῷ,
1596 2677 1723 2743 περὶ
1761 2673 1869 2726 δεί-

292 2756 388 2828 λης
418 2760 586 2829 ὀψίας
633 2762 929 2817 κατέλαϐον
988 2766 1164 2818 ἐκεῖσε
1196 2768 1245 2818 oi
1287 2765 1396 2820 τῶν
1441 2766 1637 2836 τιμίων
1670 2769 1875 2819 τούτων

292 2850 554 2917 διάκονοι,
587 2856 681 2907 καὶ
730 2856 970 2927 ἁπετέθη
1022 2859 1080 2910 ἐν
1110 2856 1190 2928 τῷ
1223 2856 1456 2929 ὑπερῴῳ
1484 2859 1758 2930 εὐκτηρίῳ
1781 2858 1875 2912 τοῦ

294 2945 540 3000 τοιούτου
575 2949 743 3012 ,θείου
799 2949 931 3005 ναοῦ
979 2952 1013 3022 ἠ
1040 2951 1184 3005 ἔνδον
1216 2952 1414 3022 ἔχουσα
1445 2950 1543 3023 τὴν
1574 2953 1759 3005 είκόνα
1782 2952 1877 3005 καὶ

294 3037 392 3108 τὴν
432 3041 730 3111 ἐπιστολὴν
765 3042 1017 3108 κιϐωτός.
1070 3044 1180 3097 Καὶ
1228 3044 1615 3115 προσελθόντες
1643 3047 1693 3098 οί
1725 3044 1877 3115 βασιο

2049 2394 2289 2451 XXVI".
2321 2392 2742 2460 Quintadecima
2781 2392 2871 2447 die
2907 2393 3139 2464 Augusti
3169 2397 3395 2462 mensis,
3422 2411 3550 2452 cum

1976 2503 2040 2543 cx
2077 2503 2229 2541 more
2257 2488 2453 2540 festum
2486 2485 2832 2556 migrationis
2861 2499 3078 2556 semper
3107 2487 3339 2556 virginis
3370 2502 3432 2542 ac
3464 2488 3556 2542 Dei

1976 2582 2168 2636 matris
2193 2579 2377 2635 Μητίἓὲ
2414 2580 2467 2634 in
2499 2584 2618 2649 ejus
2645 2579 2944 2634 venerabili
2981 2580 3186 2651 templo
3211 2580 3355 2651 quod
3381 2588 3466 2636 est
3497 2584 3555 2636 in

1978 2672 2319 2738 Blacheruis,
2364 2671 2794 2742 imperatoribus
2829 2672 3075 2727 solemne
3109 2680 3406 2744 ageretur:
3443 2675 3557 2729 alto

1977 2767 2306 2836 crepusculo
2328 2781 2611 2821 sacrorum
2643 2766 2933 2836 pignorum
2962 2766 3201 2822 ministri
3228 2765 3363 2822 illuc
3392 2768 3555 2822 adve-

1978 2870 2198 2924 nerunt,
2235 2867 2399 2927 atqtlc
2425 2861 2478 2913 in
2508 2859 2755 2929 ejusdem
2790 2859 2984 2931 templi
3031 2860 3317 2928 superiore
3356 2860 3555 2915 Grato.

1976 2953 2080 3015 rio,
2111 2968 2294 3007 arcam
2320 2953 2374 3006 in
2399 2967 2506 3021 qua
2538 2952 2777 3021 reposita
2803 2953 2982 3024 imago
3018 2966 3083 3007 ac
3104 2952 3355 3021 epistola,
3386 2952 3555 3009 collo-

1978 3047 2194 3098 carunt.
2224 3043 2671 3113 Accedentcsque
2699 3044 3057 3115 imperatores
3088 3060 3207 3099 eam
3241 3052 3557 3101 reverenter

295 3125 425 3191 λεῖς,
450 3128 658 3192 ἔξωθεν
679 3131 882 3203 ταύτην
915 3132 1227 3204 σεϐασμίω;
1278 3134 1599 3203 ἠσπάσαντο
1634 3153 1869 3205 προσκυ-

1981 3150 2011 3189 a
2038 3135 2170 3204 loris
2195 3136 2301 3189 lixo
2332 3137 2495 3190 oculo
2522 3135 2842 3191 adoravere.
2879 3137 3084 3192 Deinde
3105 3137 3408 3193 honoriﬁce
3441 3137 3555 3193 l'rca

294 3222 583 3290 νήσαντες.
612 3220 746 3279 Εἶτα
777 3225 913 3295 μετὰ
943 3225 1110 3295 τιμῆς
1140 3228 1232 3280 καὶ
1258 3226 1584 3297 δορυφορίας
1615 3229 1707 3282 καὶ
1728 3229 1868 3299 λαμ-

297 3312 481 3366 πάδων
512 3317 724 3386 συχνῶν
760 3318 896 3389 πρὸς
952 3320 1049 3391 τὴν
1080 3318 1350 3389 βασίλειον
1397 3320 1616 3391 τρίηριν
1665 3320 1872 3393 ταύτην

295 3404 734 3477 διακομίσαντες,
803 3413 901 3466 σὺν
957 3412 1098 3484 αὐτῇ
1150 3414 1448 3467 κατέλαϐον
1495 3414 1564 3467 τὰ
1603 3414 1869 3485 βασίλεια.

298 3496 404 3550 Καὶ
462 3500 524 3553 ὲν
568 3500 647 3571 τῷ
672 3501 800 3574 θείῳ
833 3504 1014 3558 ἐκεῖσε
1063 3504 1198 3575 ναῷ,
1256 3505 1313 3567 ὃς
1350 3506 1524 3576 Φάρος
1561 3506 1873 3577 ὠνόμασται

294 3591 444 3665 (iam;
483 3594 571 3648 διὰ
603 3594 665 3647 τὸ
696 3589 804 3648 οἷον
862 3596 1079 3669 ἱμάτιον
1118 3598 1371 3669 λαμπρὸν
1422 3599 1870 3654 κεκαλλωπίσθαι

296 3686 426 3738 αὐτὸ
450 3687 747 3757 περιττῶς)
789 3689 993 3760 ταύτην
1015 3690 1300 3745 ἀπέθεντο.
1333 3691 1412 3762 Τῇ
1446 3693 1736 3765 ἱκνουμένη
1762 3692 1870 3747 τῶν

296 3778 544 3847 ἡμερῶν,
572 3779 693 3849 ἥτις
736 3781 1098 3855 ὲκκαιδεκάτη
1127 3783 1222 3838 τοῦ
1246 3785 1413 3855 μηνὸς
1438 3780 1524 3856 ἦν,
1547 3788 1668 3856 μετ’
1689 3785 1871 3850 αἰδοῦς

294 3868 383 3919 καὶ
410 3868 705 3933 εὐλαϐείας
746 3872 908 3927 πάλιν
943 3874 1032 3928 τὸν
1063 3875 1353 3946 ἀσπασμὸν
1383 3878 1477 3930 καὶ
1507 3877 1605 3948 τὴν
1632 3880 1873 3947 προσκύ-

297 3973 449 4027 νησιν
496 3961 887 4031 ποιησάμενοι,
954 3964 1050 4016 καὶ
1077 3964 1335 4030 λαϐόντες
1374 3969 1545 4041 αὐτὴν
1575 3974 1785 4027 ἐκεῖθεν
1822 3974 1875 4027 οῖ

295 4066 351 4101 τε
408 4052 577 4121 ἱερεῖς
618 4056 712 4105 καὶ
764 4054 813 4106 oi
866 4056 1150 4120 νεάζοντες
1199 4057 1442 4127 βασιλεῖς
1484 4062 1533 4129 (ὁ
1560 4064 1668 4133 γὰρ
1692 4065 1871 4135 γέρων

295 4146 546 4216 οἰκουρός
572 4148 640 4200 δι’
676 4148 961 4203 ἀσθένειαν
1005 4152 1421 4223 κατελείπετο),
1456 4155 1595 4226 μετὰ
1640 4156 1871 4229 ψαλμῶν

299 4238 387 4289 καὶ
410 4238 619 4308 ὕμνων,
659 4241 752 4293 καὶ
803 4241 1059 4312 δαψιλοῦς
1090 4243 1185 4297 τοῦ
1223 4245 1421 4313 φωτὸς,
1478 4247 1566 4301 διὰ
1598 4250 1698 4321 τῆς
1738 4253 1872 4323 πρὸς

300 4330 575 4386 θάλασσαν
610 4334 837 4388 καθόδου
877 4338 959 4397 είς
1007 4337 1107 4410 τὴν
1159 4337 1430 4408 βασίλειον
1471 4343 1688 4416 τρίηριν
1716 4341 1872 4410 αὖθις

302 4423 622 4492 ἐνθέμενοι,
682 4427 781 4496 τῆς
843 4430 1049 4493 πόλεως
1110 4432 1169 4485 ἐν
1198 4430 1315 4504 χρῷ
1369 4435 1554 4504 σχεδὸν
1591 4436 1689 4508 τὴν
1736 4441 1875 4508 εἰρε-

1978 3229 2278 3300 quentique
2300 3230 2589 3300 obsequio,
2612 3244 2677 3284 ae
2701 3228 2973 3284 luminum
3006 3231 3305 3299 gestatione
3332 3230 3396 3286 ad
3423 3245 3562 3300 pra!-

1929 3383 1934 3389 ,
1980 3323 2178 3376 toriam
2208 3321 2321 3392 (l8)
2356 3321 2692 3388 detulerunt,
2727 3336 2901 3392 eaque
2939 3320 2995 3377 in
3030 3322 3233 3393 regiam
3265 3332 3556 3386 venerunt,

1979 3417 2145 3481 atque
2190 3412 2244 3467 in
2293 3412 2483 3467 divino
2518 3413 2720 3481 templo
2766 3413 2909 3482 quod
2953 3412 3065 3466 illic
3087 3420 3193 3478 est,
3236 3428 3301 3468 ac
3338 3411 3556 3468 Phorm

1977 3505 2287 3575 appellatur
2313 3504 2627 3577 (propterea
2658 3504 2798 3560 forte
2826 3505 2968 3575 quod
2998 3506 3141 3561 sicut
3169 3505 3337 3562 vestis
3365 3506 3556 3576 Splen-

1978 3598 2105 3652 dida
2148 3598 2201 3651 id
2234 3598 2306 3654 sit
2341 3599 2556 3670 egregie
2593 3598 2883 3667 ornatum)
2926 3599 3100 3667 ipsam
3141 3598 3551 3666 exposuerunt;

1976 3692 2275 3761 Alteroque
2300 3690 2484 3746 statim
2515 3690 2624 3757 die,
2645 3691 2850 3747 mensis
2879 3691 3090 3745 scilicet
3130 3699 3285 3746 sexto
3316 3692 3556 3755 decimo,

1980 3786 2066 3855 pie
2113 3786 2309 3839 iterum
2358 3798 2423 3838 ac
2470 3793 2784 3840 reverenter
2820 3784 3007 3839 oscula
3057 3784 3311 3849 libantes,
3357 3784 3557 3839 adora-

1981 3878 2129 3932 tione
2168 3875 2465 3943 perfuncti,
2521 3885 2686 3945 atque
2726 3875 2854 3930 inde
2916 3875 3190 3939 tollentes,
3240 3874 3558 3929 sacerdotes

1980 3967 2185 4039 pariter
2215 3976 2379 4037 atque
2413 3967 2668 4035 juniores
2711 3967 3075 4036 imperatores
3104 3981 3120 4032 ;
3166 3965 3354 4020 senior
3381 3965 3555 4029 enim,

1979 4066 2124 4131 quod
2158 4076 2283 4115 cum
2328 4060 2473 4115 vires
2513 4059 2831 4126 deﬁcerent,
2874 4054 3020 4115 domi
3066 4059 3292 4114 relictus
3330 4057 3553 4125 fuerat;

1981 4168 2103 4208 cum
2150 4153 2376 4223 psalmis
2416 4159 2467 4207 ct
2514 4152 2750 4207 canticis
2791 4168 2854 4207 ac
2892 4152 3116 4222 copioso
3175 4149 3404 4214 lumine,
3460 4165 3556 4220 per

1982 4244 2307 4299 descensum
2345 4243 2412 4297 ad
2458 4257 2627 4304 mare,
2662 4256 2724 4296 ea
2766 4256 2960 4296 rursus
2997 4242 3048 4294 in
3086 4241 3337 4310 pratoria
3377 4241 3556 4310 impo-

1982 4335 2116 4401 sita,
2149 4334 2214 4388 ad
2258 4332 2431 4403 ipsam
2464 4332 2701 4388 civitatis
2733 4347 2886 4387 oram
2930 4331 3170 4387 citimam
3211 4332 3553 4401 navigantes,

1981 4444 2091 4498 quo
2120 4427 2335 4482 scilicet
2365 4426 2535 4479 maris
2566 4425 2686 4495 ipso
2727 4424 2924 4479 itinere
2956 4422 3074 4477 urbi
3117 4423 3551 4477 incolumitatem

305 4515 420 4567 σίαν
454 4516 570 4587 (l7)
627 4510 965 4591 τέοιούμενοι,
1023 4522 1109 4577 ἵνα
1137 4526 1335 4594 τρόπον
1362 4528 1481 4579 τινὰ
1536 4527 1779 4603 διασώσῃ
1814 4534 1869 4584 τὸ

1982 4528 2286 4591 praestaret,
2322 4526 2475 4573 extra
2511 4517 2629 4583 ejus
2665 4532 2910 4581 murum,
2944 4516 3038 4585 qui
3076 4521 3161 4570 est
3192 4516 3260 4569 ad
3294 4514 3552 4570 occiden-

301 4604 431 4658 ἄστυ
472 4606 577 4661 ’διὰ
607 4609 706 4680 τῆς
740 4610 797 4663 ἐν
832 4610 1074 4686 θαλάσσῃ
1110 4616 1333 4688 πορείας
1363 4615 1553 4687 αὐτῆς,
1596 4621 1749 4684 ἐκτὸς
1785 4624 1877 4676 τοῦ

302 4700 436 4782 πρὸς
471 4701 624 4756 δύσιν
678 4702 895 4777 τείχους
944 4706 1044 4775 τῆς
1088 4706 1296 4772 πόλεως
1354 4711 1877 4782 προσωρμίσθησαν,

303 4790 430 4846 ἔνθα
454 4796 555 4856 τῆς
583 4793 725 4859 νεὼς
777 4797 1062 4865 ἐκϐάντες,
1095 4797 1530 4870 πεζοπορώντες
1555 4801 1611 4855 οἵ
1634 4819 1692 4855 τε
1725 4802 1881 4873 βασι-

303 4880 430 4951 λιῖς,
455 4885 549 4939 καὶ
581 4886 783 4949 πάντες
812 4888 864 4941 οί
884 4889 982 4959 τῆς
1004 4888 1296 4959 γερουσίας
1335 4888 1549 4958 βουλῆς,
1580 4891 1675 4944 καὶ
1715 4895 1743 4945 ό
1772 4891 1881 4945 τῶν

306 4973 464 5042 ίερῶν
521 4975 814 5047 κατάρχων
858 4979 998 5048 μετὰ
1049 4979 1250 5042 παντὸς
1281 4978 1374 5032 τοῦ
1428 4979 1527 5051 τῆς
1582 4980 1874 5050 ἐκκλησίας

304 5067 695 5139 πληρώματος,
726 5073 791 5142 τῇ
834 5071 1191 5142 προσηκούσῃ
1245 5072 1563 5144 δορυφορίᾳ,
1592 5074 1666 5137 ὡς
1708 5074 1875 5145 ἀλλην

305 5161 556 5229 κιϐωτὸν,
589 5163 790 5233 μᾶλλον
818 5165 874 5218 δὲ
909 5165 1002 5218 καὶ
1037 5164 1179 5235 ὑπὲρ
1223 5165 1447 5237 ταύτην,
1477 5167 1538 5221 τὸ
1566 5167 1672 5221 τῶν
1700 5168 1872 5237 ἁγιω-

304 5254 477 5310 τάτων
508 5256 603 5311 καί⁵
634 5257 831 5327 τιμίων
867 5257 1101 5327 φρουρὸν
1133 5257 1324 5321 σκεῦος
1348 5258 1730 5329 παρέπεμπον.
1766 5260 1873 5313 Καὶ

304 5348 370 5401 τὰ
398 5349 552 5413 ἐκτὸς
584 5348 678 5402 τοῦ
728 5351 938 5421 τείχους
974 5350 1134 5422 μέχρι
1164 5350 1264 5421 τῆς
1301 5351 1528 5420 Χρυσῆς
1571 5349 1872 5415 διελθόντες

304 5438 494 5511 πύλης,
522 5437 640 5494 εἶτα
665 5441 874 5495 ἐκεῖθεν
903 5443 1051 5505 ἐντὸς
1077 5442 1361 5511 γεγονότες
1379 5440 1472 5494 τοῦ
1497 5441 1708 5505 ἄστεος,
1731 5443 1868 5509 μετὰ

310 5532 596 5605 μετεώρων
624 5533 950 5607 ψαλμῳδιῶν
982 5535 1074 5587 καὶ
1104 5534 1289 5605 ὓμνων
1320 5532 1413 5587 καὶ
1430 5531 1584 5603 ᾠδῶν
1617 5549 1865 5602 πνευμαρ

1981 4623 2086 4669 tem
2130 4613 2485 4684 appulerunt.
2526 4609 2647 4677 Quo
2692 4610 2810 4666 loco
2856 4624 2995 4664 nave
3041 4611 3283 4678 egressi.
3320 4608 3553 4678 pedibus

1979 4715 2092 4761 tum
2138 4705 2240 4773 ipsi
2278 4704 2659 4773 imperatores,
2705 4710 2818 4755 tum
2863 4708 3088 4755 senatus
3145 4699 3326 4754 omnis
3388 4705 3555 4768 atque

1979 4812 2263 4852 sacrorum
2323 4796 2580 4857 antistes,
2622 4795 2915 4863 omnisque
2952 4793 3199 4846 ecclesia:
3248 4800 3445 4856 cmtus,
3485 4803 3552 4844 eo

1979 4902 2091 4958 quo
2121 4902 2216 4957 par
2250 4894 2369 4942 erat
2409 4885 2670 4939 comitatu
2700 4881 3002 4953 prosecuti,
3053 4888 3313 4948 tanquam
3367 4891 3549 4931 arcam

1980 4981 2165 5045 aliam,
2212 4995 2306 5035 seu
2332 4979 2524 5049 potius
2565 4991 2679 5032 rem
2708 4989 2834 5031 arca
2878 4973 3245 5044 superiorem,
3282 4986 3376 5025 vas
3415 4968 3547 5023 illud

1977 5087 2087 5143 quo
2124 5070 2473 5127 sanctissima
2506 5084 2568 5124 ac
2601 5067 2929 5123 venerabilia
2965 5065 3245 5119 recondita
3295 5063 3545 5133 pignora,

1977 5163 2341 5220 deducebant.
2390 5160 2739 5230 Emensaque
2776 5167 2930 5213 extra
2979 5172 3164 5210 muros
3208 5155 3275 5209 ad
3311 5155 3545 5209 Auream

1980 5269 2156 5324 usque
2193 5263 2404 5322 portam
2448 5250 2663 5312 itinere,
2699 5259 2925 5318 tumque
2958 5248 3083 5302 inde
3116 5248 3169 5300 in
3196 5246 3390 5300 urbem
3418 5246 3550 5300 sub-

1977 5355 2193 5411 euntes,
2231 5346 2343 5400 alto
2378 5344 2710 5415 psalmorum
2747 5349 2803 5397 et
2831 5341 3171 5397 canticorum
3217 5339 3548 5408 laudumque

1978 5438 2303 5508 spiritalium
2336 5453 2474 5492 sono
2502 5445 2668 5507 atque
2691 5435 2952 5505 tripudio,
2991 5433 3312 5503 inﬁnitoque
3340 5432 3548 5501 lampa-

1975 5531 2102 5585 dum
2130 5530 2354 5593 lumine,
2379 5529 2553 5601 plebis
2579 5528 2845 5584 universae
2869 5541 3141 5583 concursu
3161 5525 3545 5583 deductioucm

1803 5715 2030 5795 nom.

371 5811 482 5883 (I7)
514 5813 748 5885 ἑρεσίαν.

2050 5812 2160 5885 (18)
2194 5812 2512 5868 Triremcm.
