4046 6330
471 322 581 387 455

1480 314 1991 381 CONSTANTINI
2026 315 2698 378 PORPHYROGENITI

3609 306 3711 372 456

467 449 617 493 tione
647 432 1018 490 frustrabitur.
1048 430 1255 502 Quippe
1284 429 1425 485 Deus
1447 440 1551 497 est,
1586 433 1675 498 qui
1714 433 1863 502 prius
1895 441 2045 484 utra-

2163 429 2403 486 Βπωσοῦν
2434 428 2823 500 πραττομέωυν
2873 426 3326 498 διαψευσθήσεται
3380 424 3717 488 ἀντιδόσεως.

470 542 575 597 que
619 525 952 580 denuntiavit
998 542 1014 580 :
1061 525 1215 593 cujus
1263 525 1550 578 verborum
1599 525 1678 577 vis
1709 540 1774 578 ac
1800 532 2045 593 potestas

469 634 594 672 cum
644 617 993 671 mutationem
1037 616 1240 669 nullam
1264 614 1532 680 admittat,
1571 623 1627 669 et
1661 616 1901 684 cujusvis
1922 627 2045 682 0pc-

472 694 669 768 rationi
708 712 897 765 merita
930 710 1152 779 praemia
1195 694 1536 776 remetiatur,
1572 713 1872 766 secundum
1912 710 2041 763 illud

473 803 750 872 Evangelii
788 802 1016 865 dictum,
1070 817 1175 856 non
1222 800 1501 856 transibit.
1557 802 1822 868 Quoniam
1877 801 2043 869 igitur

470 894 702 962 imperio
748 892 895 961 regio
942 906 1040 961 pro
1080 890 1304 960 benigna
1351 889 1622 965 voluntate
1660 907 1760 946 sua
1803 892 1956 946 nobis
1986 890 2040 945 in

470 1003 665 1042 manus
680 989 901 1052 tradito,
932 987 1163 1056 idipsnm
1191 986 1491 1056 conjunctae
1510 1002 1631 1042 cum
1651 988 1847 1044 timore
1875 987 2043 1042 dilec-

469 1081 634 1139 tionis
665 1096 792 1151 erga
824 1095 885 1135 se
918 1088 1115 1135 nostra:
1138 1080 1520 1135 documentum
1544 1096 1665 1136 esse
1693 1080 1886 1146 voluit,
1914 1081 2042 1135 dum

472 1172 767 1228 secundum
811 1170 1052 1237 Petrum,
1088 1173 1299 1242 apicem
1337 1171 1703 1243 apostolorum
1746 1188 2041 1235 summum,

474 1264 847 1320 fidelissimum
884 1278 1099 1333 gregem
1132 1278 1295 1337 suum
1337 1277 1560 1330 pascere
1598 1278 1696 1319 nos
1723 1263 1925 1334 jussit:
1962 1263 2043 1317 ni-

474 1360 547 1415 lai!
573 1360 624 1415 ei
656 1361 805 1427 prius
846 1370 938 1412 aut
983 1356 1158 1426 majus
1188 1341 1343 1425 ωηιιέ
1369 1354 1623 1425 justaque
1651 1348 2044 1425 gubernatione

474 1453 830 1516 Subditorum,
874 1450 940 1504 ab
983 1450 1097 1518 ipso
1145 1448 1300 1503 nobis
1350 1449 1770 1504 conuuissorum
1804 1448 2042 1501 vicissim

476 1539 665 1595 referri
698 1554 854 1609 posse
885 1541 1265 1607 agnoscimus;
1302 1548 1361 1593 ut
1400 1538 1523 1593 inde
1552 1552 1724 1592 nexus
1752 1538 1927 1592 omnis
1960 1538 2041 1591 in-

475 1630 704 1701 justitiae
731 1630 990 1690 solvatur,
1013 1637 1066 1683 ct
1091 1628 1443 1683 violentorum
1474 1636 1846 1683 contmctuum
1868 1626 2041 1681 tendi-

475 1724 609 1779 culae
632 1724 1038 1793 dirumpuntur,
1067 1732 1121 1776 et
1145 1722 1379 1791 impetus
1402 1720 1830 1789 delinquentium
1863 1730 2043 1773 retun-

2162 521 2295 584 Θεὸς
2324 522 2507 591 γὰρ,ὁ
2563 519 3148 590 προαπηγγειλὰμενος
3200 520 3268 571 τά
3306 519 3609 585 ἀμφότερα,
3661 511 3719 571 οὗ

2148 613 2254 665 τῶν
2286 612 2459 679 λόγων
2482 612 2760 683 ἠδύναμις
2791 610 3104 680 κεκτημένη
3129 610 3192 662 τὸ
3242 607 3596 679 ἀμετάθετον,
3631 613 3723 660 καὶ

2148 708 2215 777 τῇ
2257 706 2488 759 ἑκάστου
2536 704 2767 775 ἐργασίᾳ
2806 703 3208 774 άντιμετροῦσα
3269 702 3339 756 τὰ
3397 700 3545 766 ἀξια,
3580 702 3720 755 κατά

2149 798 2213 851 τὸ
2268 797 2643 866 εύαγγελικῶς
2674 798 2984 869 εἰρημένον,
3015 797 3076 850 οὐ
3119 793 3534 866 παρελεύσεται.
3572 792 3723 849 Ἐπεὶ

2149 887 2244 945 οὖν
2268 888 2326 942 τὸ
2356 888 2555 959 κράτος
2577 888 2676 957 τῆς
2712 887 2987 957 βασιλείας
3009 887 3141 958 ἡμῖν
3166 884 3501 957 ἐγχειρίσας,
3525 884 3599 946 ὡς
3622 884 3724 954 ηύο

2148 982 2370 1056 δόκησε,
2402 984 2601 1052 δεῖγμα
2632 981 2790 1037 τοῦτο
2818 981 2916 1052 τῆς
2950 983 3008 1035 ὲν
3042 980 3192 1052 φόϐῳ
3243 981 3379 1052 πρὸς
3409 980 3570 1033 αὐτὸν
3596 980 3727 1049 ἀγα·

2151 1073 2369 1145 πήσεως
2404 1072 2560 1141 ἡμῶν
2608 1073 2940 1144 ἐποιήσατο,
2984 1071 3125 1130 κατά
3166 1069 3371 1141 Πέτρον
3418 1070 3520 1141 τὴν
3570 1087 3730 1140 κορυ-

2152 1163 2584 1238 φαιοτάτηνιτῶν
2599 1164 2908 1217 ἀποστόλων
2934 1163 3226 1234 ἀκρότητα,
3254 1161 3562 1232 ποιμαίνειν
3580 1162 3727 1233 ἡμᾶς

2151 1257 2415 1321 κελεύσας
2454 1241 2514 1309 τὸ
2539 1257 2861 1310 πιστότατον
2895 1256 3165 1327 ποίμνιον,
3210 1255 3360 1310 οὐδὲν
3400 1252 3550 1325 αὺτῷ
3587 1255 3727 1327 πρό-

2148 1367 2306 1419 τερον
2336 1350 2370 1419 ἢ
2402 1350 2584 1418 μεῖζον
2611 1350 2708 1420 τῆς
2745 1350 2803 1403 ὲν
2835 1348 3060 1420 κρίματι
3118 1349 3209 1402 καὶ
3258 1346 3573 1418 δικαιοσύνῃ
3618 1347 3727 1400 τῶν

2152 1444 2244 1496 ὑπ’
2279 1442 2446 1495 αὐτοῦ
2477 1439 3016 1497 καταπιστευθέντων
3049 1442 3179 1513 ἡμῖν
3226 1440 3600 1510 κυϐερνήσεως
3644 1442 3730 1503 είς

2152 1533 2423 1588 ἀντίδοσιν
2457 1529 2596 1586 εἶναι
2631 1532 2990 1604 γινώσκομεν,
3018 1532 3092 1596 ὡς
3122 1532 3369 1587 ἐντεῦθεν
3404 1533 3585 1603 πάσης
3615 1532 3732 1587 ἀδι-

2152 1626 2276 1688 κίας
2302 1624 2529 1678 λύεσθαι
2555 1624 2871 1692 σύνδεσμον,
2913 1624 3007 1679 καὶ
3039 1624 3229 1697 βιαίων
3260 1624 3731 1696 συναλλαγμάτων

2155 1715 2523 1790 στραγγαλιάς
2551 1706 2881 1785 διαλύεσθαι,
2909 1718 3116 1780 καὶτὰς
3138 1716 3246 1772 τῶν
3270 1717 3736 1788 πλημμελούντων

474 1814 658 1879 datur,
696 1822 858 1883 atque
901 1816 970 1867 ita
1044 1814 1290 1867 victoriis
1326 1814 1591 1867 adversus
1624 1813 1805 1866 hOstes
1833 1811 1901 1865 ab
1929 1824 2043 1863 om-

2163 1813 2325 1883 5ρμάς
2368 1812 2789 1874 ἀνακόπτεσθαι,
2825 1812 2920 1865 καὶ
2964 1809 3139 1873 οὕτως
3170 1816 3291 1873 ταῖς
3346 1808 3463 1863 κατ’
3520 1808 3735 1881 ἐχθρῶν

479 1911 756 1977 nipotente
804 1923 962 1961 manu
992 1907 1161 1978 ipsius
1196 1907 1367 1962 multo
1397 1906 1688 1974 pretiosius
1716 1914 1769 1960 et
1792 1906 2048 1960 honorifi-

478 2000 714 2067 centius,
747 2014 914 2069 quam
953 1998 1257 2055 diademate
1286 1998 1440 2053 nobis
1476 1997 1859 2068 circumposita
1890 2012 2049 2052 coro-

480 2107 689 2152 nemur.
732 2099 785 2145 et
835 2091 1118 2158 imperium
1163 2091 1321 2146 nobis
1367 2091 1678 2158 pacificum,
1740 2092 1927 2160 reique
1955 2107 2051 2162 pu-

481 2181 633 2236 blicae
660 2180 1057 2236 administratto
1093 2182 1240 2235 firma
1276 2190 1329 2237 et
1355 2180 1561 2251 stabilis
1589 2181 1870 2238 efﬁciatur.

553 2386 709 2442 Unde
738 2384 886 2439 curis
915 2385 1177 2453 ejusmodi
1214 2384 1487 2455 occupati,
1512 2395 1567 2439 et
1588 2387 1654 2439 ad
1687 2386 2050 2441 inventionem

483 2487 762 2547 gratorum
797 2477 925 2543 Deo,
960 2476 1294 2546 publicaeque
1333 2476 1409 2532 rei
1449 2475 1866 2531 conducibilium
1902 2492 2054 2533 men-

485 2581 594 2627 tem
638 2572 939 2627 insomnem
971 2580 1378 2641 componentes,
1412 2578 1466 2625 et
1489 2569 1752 2641 justitiam
1782 2572 2055 2626 terrestri-

488 2666 588 2718 bus
612 2662 881 2717 universis
909 2670 1323 2731 anteponentes,
1354 2662 1517 2716 veluti
1545 2662 1846 2718 ctelcstium
1877 2665 2057 2717 conci-

490 2755 775 2819 liatricem,
808 2761 862 2808 et
905 2752 1049 2808 illius
1096 2753 1316 2818 virtute,
1345 2754 1438 2824 qui
1485 2769 1579 2824 per
1619 2755 1789 2824 ipsam
1833 2755 2054 2819 colitur,

486 2847 663 2917 gladio
686 2847 876 2916 quovis
899 2847 1160 2901 adversus
1191 2847 1375 2902 hostes
1401 2849 1733 2914 acutiorem;
1762 2864 1885 2902 cum
1911 2848 2056 2918 leges

489 2939 557 2992 ab
604 2939 1017 3008 imperatoribus
1059 2947 1185 2993 ante
1202 2944 1331 2995 ‘nos
1379 2954 1541 3009 regno
1578 2940 1765 3010 politis
1813 2940 1971 3006 latas,
2002 2943 2056 2996 iu

495 3033 674 3087 multis
698 3032 850 3087 libris
871 3032 1178 3100 descriptas
1202 3033 1488 3097 sciremus,
1518 3043 1573 3087 et
1604 3034 1878 3101 aliquibus
1906 3034 2060 3088 intel-

2151 1906 2329 1969 νίκαις
2358 1905 2461 1959 ὑπὸ
2504 1904 2605 1974 τῆς
2646 1903 2811 1959 αὐτοῦ
2862 1902 3270 1973 παντοδυνάμου
3301 1902 3483 1973 χειρὸς
3528 1920 3732 1972 στεφα-

2167 1998 2389 2052 νοῦσθαι
2442 1999 2607 2069 ἡμᾶς,
2633 1997 2725 2051 τοῦ
2758 1996 3137 2068 περικειμένου
3158 1994 3482 2065 διαδήματος
3510 1993 3738 2047 πολυτε-

2153 2089 2406 2160 λέστερόν
2444 2107 2502 2141 τε
2533 2092 2625 2143 καὶ
2653 2089 2998 2161 τιμιώτερον,
3030 2086 3298 2158 εἰρηναῖόν
3331 2104 3390 2140 τε
3423 2087 3558 2159 ἡμῖν
3594 2088 3737 2142 ἀποο

2156 2180 2520 2239 καθίστασθαι
2574 2181 2671 2253 τὴν
2718 2178 3016 2253 βασιλείαν,
3048 2178 3146 2234 καὶ
3185 2178 3442 2244 εὐσταθὲς
3494 2179 3558 2233 τὸ
3584 2179 3738 2243 πολί-

2154 2291 2248 2327 τευ
2256 2292 2353 2345 μα.

2230 2365 2394 2419 Ὅθεν
2422 2367 2539 2429 ταῖς
2587 2364 2861 2429 τοιαύταις
2912 2362 3203 2436 μερίμναις
3260 2361 3737 2436 ὲνασχολούμενοι,

2158 2457 2415 2529 καὶπρὸς
2444 2458 2544 2530 τὴν
2587 2457 2695 2511 τῶν
2729 2444 3072 2528 ἀρεσκόντων
3102 2457 3240 2529 Θεῷ,
3289 2461 3386 2512 καὶ
3435 2456 3513 2529 τῷ
3567 2458 3741 2529 κοινῷ

2158 2551 2547 2620 συμφερόντων
2586 2550 2828 2621 εὕρεσιν,
2865 2551 3164 2623 ἀκοίμητον
3189 2551 3279 2605 τὸν
3304 2552 3429 2605 νοῦν
3457 2552 3743 2623 καταστή-

2159 2663 2373 2713 σαντες,
2403 2649 2505 2721 τὴν
2552 2665 2609 2701 τε
2647 2648 2994 2719 δικαιοσύνην
3053 2648 3271 2704 πάντων
3308 2646 3418 2702 τῶν
3474 2648 3741 2717 ἐπιγείων

2159 2741 2614 2811 προτιμήσαντες,
2669 2740 2743 2803 ὡς
2794 2742 3052 2811 πρόξενον
3097 2741 3206 2795 τῶν
3237 2740 3505 2811 οὐρανίων
3556 2740 3743 2812 ὑπάρ-

2158 2850 2378 2903 χουσαν,
2430 2833 2523 2887 καὶ
2572 2832 2891 2904 τομωτέραν
2936 2832 3136 2898 παντὸς
3189 2834 3375 2903 ξίφους
3413 2836 3481 2905 τῇ
3527 2830 3626 2887 τοῦ
3653 2826 3745 2887 ἐπ’

2160 2928 2298 2996 αὐτῇ
2352 2926 2789 2999 θεραπευομένου
2837 2926 3083 2996 δυνάμει,
3115 2927 3256 2981 κατά
3294 2925 3404 2981 τῶν
3460 2925 3751 2998 πολεμίων

2158 3018 2549 3088 τυγχάνουσαν,
2571 3019 2628 3071 ὲν
2655 3018 2875 3081 πολλαῖς
2898 3019 3097 3090 βίϐλοις
3113 3019 3179 3072 τὰ
3207 3018 3311 3071 ὑπὸ
3339 3018 3445 3072 τῶν
3468 3017 3748 3090 προϐεϐα-

490 3124 631 3178 lcctu
675 3123 941 3179 difﬁcilem
991 3138 1114 3180 esse
1156 3140 1402 3189 sensum,
1452 3126 1542 3194 qui
1593 3127 1673 3181 eis
1715 3126 2043 3181 continetur.

2164 3110 2487 3164 σιλευκότων
2516 3111 2984 3181 νενομοθετημένα
3014 3110 3322 3183 γεγράφθαι
3354 3109 3745 3192 γινώσκοντες,

490 3217 616 3270 aliis
644 3232 871 3286 prorsus
897 3218 1158 3287 ignotum.
1194 3231 1256 3273 ac
1287 3217 1587 3287 presertim
1619 3217 1744 3281 illis,
1775 3219 1864 3289 qui
1898 3227 2049 3271 extra

494 3294 816 3363 custoditum
851 3310 988 3365 lianc
1011 3310 1267 3365 divinitus
1293 3318 1348 3366 et
1379 3310 1579 3381 regiam
1604 3310 1791 3365 urbem
1816 3320 2054 3373 nostram

493 3399 775 3453 constituti
805 3408 951 3464 sunt,
979 3414 1265 3456 nossemus
1291 3415 1305 3452 :
1338 3402 1598 3455 arcessito
1621 3399 1828 3464 Niccta,
1860 3401 2057 3470 glorio-

496 3489 715 3544 sissimo
752 3487 1003 3556 patricio,
1038 3498 1091 3543 et
1121 3499 1389 3559 qutcstorc
1418 3499 1627 3558 nostro,
1666 3493 1904 3560 itemque
1951 3492 2063 3561 glo-

498 3579 812 3635 riosissimis
848 3578 1089 3648 patriciis
1126 3580 1349 3648 nostris,
1377 3579 1561 3635 Niceta
1603 3590 1658 3635 et
1683 3579 1911 3645 Marino,
1939 3598 2062 3636 cum

498 3671 906 3741 gloriosissimis
941 3672 1253 3728 consulibus
1284 3689 1345 3728 ac
1379 3673 1822 3744 rescriptoribus,
1853 3683 1907 3729 ct
1940 3676 2064 3729 reli-

498 3764 620 3831 quis
654 3762 743 3815 Dei
776 3763 967 3817 timore
996 3763 1258 3833 prmiitis,
1289 3778 1479 3818 omnes
1505 3780 1691 3819 eorum
1729 3765 1894 3819 libros
1924 3766 2063 3833 apud

501 3870 599 3909 nos
625 3854 801 3926 colligi
825 3855 1083 3922 ju~simus
1104 3873 1121 3923 ;
1143 3857 1466 3911 etomnibus
1488 3857 1921 3911 cumattcutionc
1948 3857 2068 3911 dili—

501 3948 644 4018 genti
679 3948 1024 4013 examinatis,
1054 3959 1161 4018 tam
1204 3964 1298 4018 per
1335 3964 1420 4013 ca,
1466 3965 1590 4020 quze
1626 3950 1677 4004 in
1709 3951 1813 4006 illis
1842 3950 1970 4021 ipsis
2003 3951 2066 4005 li-

500 4039 615 4094 bris
647 4047 769 4110 apte
820 4042 995 4109 posita
1049 4040 1490 4104 continebantur,
1537 4059 1696 4111 quant
1730 4060 1823 4115 per
1857 4046 2065 4101 sancito

503 4145 692 4185 ret-eus
723 4146 750 4183 a
780 4130 958 4194 nobis,
978 4132 1277 4187 sententias
1299 4142 1348 4185 et
1374 4132 1579 4203 judicia
1608 4135 1673 4189 de
1700 4134 2066 4204 frequentih'is

503 4222 732 4290 aegonis
780 4230 835 4275 et
892 4222 1282 4287 contractibus,
1334 4232 1386 4277 et
1432 4225 1817 4280 convenientes
1856 4226 2067 4281 delictis

502 4310 878 4365 criminalibus
917 4326 1105 4382 pmuas
1140 4312 1189 4365 in
1222 4311 1324 4366 hoc
1372 4312 1510 4370 libro
1540 4323 1650 4367 tum
1703 4316 2063 4381 manifestius,

504 4410 617 4454 tum
664 4400 836 4469 magis
887 4402 1090 4455 minute
1119 4402 1286 4471 repeti
1330 4403 1528 4460 debere
1570 4419 1862 4475 congruum
1914 4409 2067 4461 duxi-

2167 3203 2257 3255 καὶ
2286 3205 2397 3265 τοῖς
2430 3202 2528 3271 μὲν
2560 3202 2987 3271 δυσδιάγνωστον
3010 3202 3100 3257 τὸν
3148 3202 3206 3255 ὲν
3253 3201 3440 3264 αὐτοῖς
3485 3204 3748 3273 περιεχό-

2169 3311 2328 3364 μενον
2360 3273 2505 3359 νοῦν,
2551 3297 2657 3356 τοῖς
2682 3294 2736 3347 δὲ
2760 3295 2853 3348 καὶ
2892 3293 3172 3357 παντελῶς
3201 3294 3590 3361 ἀδιάγνωστον,
3646 3296 3748 3349 καὶ

2168 3384 2403 3455 μάλιστα
2432 3387 2543 3447 τοῖς
2571 3384 2673 3449 ἔξω
2698 3384 2793 3455 τῆς
2822 3382 3183 3452 θεοφυλάκτου
3215 3381 3418 3455 ταύτης
3443 3383 3538 3438 καὶ
3578 3383 3747 3455 βασι-

2167 3476 2309 3539 λίδος
2341 3476 2496 3547 ἡμῶν
2530 3476 2755 3538 πόλεως,
2795 3476 3018 3540 εἰδότες,
3041 3476 3398 3547 τυγχάνοντα,
3439 3475 3750 3546 μετακαλε-

2171 3564 2392 3638 σάμενοι
2448 3568 2692 3638 Νικηταν
2746 3568 2837 3621 τὸν
2901 3568 3244 3633 ἐνδοξότατον
3294 3570 3582 3641 πατρίκιον
3646 3570 3749 3624 καὶ

2171 3660 2508 3731 κοιαίστωρα
2562 3659 2740 3730 ἡμῶν,
2795 3658 2920 3724 τούς
2947 3678 3006 3713 τε
3045 3660 3419 3725 ἐνδοξοτάτους
3447 3659 3605 3731 ἡμῶν
3642 3679 3751 3713 παν

2171 3752 2434 3824 τρικίους,
2492 3752 2741 3825 Νικήταν
2778 3754 2874 3808 καὶ
2902 3755 3165 3828 Μαρῖνον,
3201 3757 3326 3819 τοὺς
3364 3754 3749 3820 ἐνδοξοτάτους

2170 3843 2408 3906 ὑπάτους
2436 3843 2529 3897 καὶ
2564 3845 2937 3916 ἀντιγραφεῖς,
2968 3845 3064 3899 καὶ
3104 3846 3321 3911 λοιποὺς
3357 3847 3449 3901 τὸν
3476 3846 3570 3901 τοῦ
3600 3847 3747 3902 Θεοῦ

2148 3933 2334 4013 ,φόϐον
2356 3921 2597 4005 ἔχοντάς,
2614 3937 2791 4001 πάσας
2806 3937 2904 3996 τὰς
2916 3937 3095 3991 αὐτῶν
3120 3937 3331 4008 βίϐλους
3355 3938 3751 4011 συναθροισθῆ-

2168 4043 2258 4080 ναι
2328 4026 2827 4099 παρεκελεύεαμεν,
2885 4028 2978 4082 καὶ
3049 4030 3228 4085 πάντα
3296 4031 3413 4101 μετ’
3446 4031 3749 4102 ἐπιμελοῦς

2171 4121 2506 4191 ἐπισχέσεως
2538 4121 2949 4193 ἀνακρίναντες,
2988 4122 3075 4177 διά
3102 4140 3162 4175 τε
3188 4123 3296 4175 τῶν
3326 4126 3383 4177 έν
3408 4126 3528 4187 ταῖς
3548 4126 3749 4191 αὑταῖς

2170 4214 2371 4286 βίϐλοις
2396 4213 2631 4278 εὐθέτως
2663 4215 3071 4285 ἐμφερομένων,
3100 4217 3189 4272 διά
3208 4234 3265 4271 τε
3285 4217 3390 4272 τῶν
3422 4218 3551 4290 παρ’
3580 4219 3748 4289 ἡμῶν

2167 4309 2377 4379 νεαρῶς
2418 4307 2836 4375 θεσπισοέντων,
2870 4311 2961 4363 ἐπὶ
2996 4311 3205 4380 συχνῶν
3236 4311 3345 4367 τῶν
3397 4313 3748 4383 πραγμάτων

2171 4399 2285 4474 [ἐπὶ
2320 4402 2694 4472 συχναζὸντων
2719 4402 3085 4474 πραγμάτων]
3128 4404 3221 4458 καὶ
3276 4405 3749 4475 συναλλαγμάτων

507 4504 655 4554 mus;
687 4499 744 4544 ut
772 4489 1046 4545 intellectu
1078 4489 1322 4548 faciliore
1356 4495 1436 4549 vis
1465 4496 1725 4566 ejusmodi
1753 4500 1962 4569 piarum
1987 4500 2058 4553 le«

2174 4493 2268 4556 τὰς
2305 4493 2532 4564 κρίσεις,
2570 4496 2662 4547 καὶ
2705 4494 2805 4559 τάς
2840 4496 3204 4567 καταλλήλους
3236 4496 3343 4550 τῶν
3381 4498 3751 4570 ἐγκλημάτων

507 4598 631 4652 gum
663 4582 866 4653 percipi
903 4583 1093 4651 possit,
1136 4595 1189 4637 et
1229 4586 1344 4655 ipsa
1388 4590 1597 4659 negotia
1633 4592 1821 4660 majori
1857 4593 2066 4662 perspi-

505 4676 710 4730 cuitatc
755 4675 960 4740 decidi,
1015 4691 1079 4731 ac
1115 4676 1260 4745 iusta
1304 4682 1649 4737 exsecutione
1695 4670 2069 4752 delinquentes

508 4758 721 4839 puniri,
747 4769 947 4838 quique
977 4769 1242 4837 proelites
1272 4773 1337 4822 ad
1366 4772 1694 4838 peccandum
1726 4784 1927 4838 esscnt,
1961 4784 2065 4829 tam

509 4862 775 4928 coerceri,
807 4877 969 4931 quam
1003 4862 1217 4933 corrigi.
1254 4862 1354 4930 Qui
1384 4877 1508 4919 vero
1537 4866 1603 4918 ad
1649 4865 1954 4922 tractandas
1994 4866 2069 4923 le-

512 4954 731 5024 gitimas
779 4968 1063 5009 causarum
1110 4955 1453 5024 cognitiones
1500 4955 1735 5010 ordinati
1782 4969 1931 5025 sunt,
1980 4973 2073 5015 eos

512 5059 794 5101 monemus
850 5054 903 5099 et
962 5046 1263 5105 hortamur.
1310 5055 1368 5102 ut
1417 5046 1485 5101 ab
1531 5048 1779 5102 omnibus
1826 5048 2074 5105 humanis

513 5135 801 5193 affectibus
847 5137 1179 5202 abstineant,
1210 5147 1263 5194 et
1292 5155 1359 5195 ex
1393 5138 1604 5194 sincera
1630 5154 1869 5209 sanaque
1899 5151 2076 5197 mente

510 5227 710 5295 judicia
740 5242 881 5283 vera:
906 5228 1130 5298 juStitia:
1157 5228 1453 5298 proferant,
1492 5245 1557 5284 ac
1591 5244 1764 5296 neque
1790 5245 2074 5300 pauperem

516 5329 887 5387 contemnant,
933 5337 1106 5390 neque
1134 5331 1403 5391 potentem
1439 5323 1638 5391 injuste
1668 5324 1873 5394 aliquid
1908 5339 2075 5394 agen—

518 5420 624 5464 tem
678 5411 990 5481 relinquant
1030 5412 1491 5483 irreprehensum,
1519 5429 1618 5467 nec
1648 5414 1699 5467 in
1749 5415 1982 5484 speciem
2017 5430 2079 5470 ac

517 5502 697 5556 verbis
737 5504 1037 5573 nimiopere
1074 5505 1336 5571 justitiam
1372 5515 1427 5559 ct
1468 5507 1777 5574 :cqnitatem
1810 5506 2079 5561 admiren-

519 5600 633 5653 tur,
676 5608 866 5661 reapse
900 5607 1025 5645 vero
1053 5593 1399 5662 injustitiam,
1428 5604 1483 5648 et
1517 5594 1637 5663 plus
1666 5596 1895 5649 habendi
1933 5597 2079 5666 cupi-

519 5682 742 5737 ditatem
796 5684 1108 5755 praeferant,
1163 5685 1327 5741 veluti
1379 5685 1712 5743 fructuosam
1773 5693 1912 5743 :scd
1957 5705 2079 5744 cum

519 5778 661 5839 apud
687 5791 781 5835 eos
803 5792 966 5833 causa
1007 5778 1233 5833 duorum
1267 5780 1467 5850 agitur,
1495 5796 1723 5852 quarunt
1756 5782 1890 5837 alter
1915 5784 2084 5854 copiis

2169 4584 2360 4648 ποινὰς
2412 4585 2467 4638 ἐν
2499 4586 2624 4657 τῇδε
2648 4589 2709 4656 τῇ
2763 4586 2927 4659 βίϐλῳ
2986 4588 3375 4660 φανερωτέρως
3421 4608 3477 4642 τε
3521 4592 3613 4645 καὶ
3651 4594 3749 4646 λε-

2170 4676 2447 4746 πτοτέρως
2492 4678 2865 4750 ἀναληφθῆναι
2926 4679 3182 4753 ἁρμόδιον
3211 4681 3554 4753 ἡγησάμεθα,
3604 4688 3750 4756 πρὶς

2171 4769 2501 4822 εὐσύνοπτον
2530 4770 2630 4840 τῆς
2657 4771 2765 4824 τῶν
2800 4770 3057 4826 τοιούτων
3091 4772 3334 4826 εὐσεϐῶν
3363 4773 3542 4846 νόμων
3577 4777 3748 4833 δυνά-

2176 4878 2324 4931 μεως
2357 4861 2585 4933 εἴδησιν,
2610 4862 2705 4916 καὶ
2728 4862 2827 4934 τὴν
2855 4864 2912 4915 ὲν
2935 4864 3212 4937 εὐκρινείᾳ
3243 4864 3353 4919 τῶν
3401 4870 3748 4939 πραγμάτιον

2172 4950 2489 5019 εὐλύτωσιν,
2546 4952 2640 5005 καὶ
2687 4952 2785 5023 τὴν
2841 4953 3055 5008 δικαίαν
3117 4956 3226 5011 τῶν
3278 4956 3749 5029 πλημμελούντων

2174 5045 2538 5111 ὲπεξέλευσιν,
2569 5044 2661 5099 καὶ
2682 5045 2780 5116 τὴν
2808 5044 2918 5097 τῶν
2956 5044 3271 5118 ἑπιῤῥεπῶς
3302 5048 3437 5121 πρὸς
3468 5050 3527 5104 τὸ
3560 5052 3749 5123 πλημ..

2180 5134 2360 5205 μελεῖν
2385 5134 2741 5203 διακειμένων
2775 5135 3072 5207 ἀναστολὴν
3111 5138 3203 5192 καὶ
3240 5139 3541 5211 διόρθωσιν.
3605 5144 3750 5211 Τοὺς

2174 5227 2231 5280 δὲ
2274 5226 2515 5297 μετιέναι
2560 5229 2923 5299 τεταγμένους
2972 5230 3040 5283 τὰ
3104 5229 3329 5304 νόμιμα,
3376 5234 3593 5289 πάντων
3637 5239 3751 5294 τῶν

2178 5320 2535 5389 ἀνθρωπίνων
2552 5321 2739 5374 παθῶν
2756 5320 3128 5393 παραινοῦμεν
3151 5322 3268 5394 ἅμα
3296 5325 3388 5380 καλ⁵
3415 5332 3749 5399 παρεγγυῶ-

2182 5429 2281 5483 μεν
2306 5413 2628 5482 ἀπέχεσθαι,
2663 5414 2757 5467 καὶ
2801 5413 2909 5467 ἀπὸ
2942 5414 3131 5484 ὑγιοῦς
3164 5415 3405 5494 διανοίας
3445 5423 3750 5493 προφέρειν

2179 5506 2280 5576 τῆς
2304 5503 2535 5577 ἀληθοῦς
2565 5505 2907 5575 δικαιοσύνης
2935 5504 3005 5558 τά
3042 5506 3308 5579 κρίματα,
3336 5510 3430 5563 καὶ
3458 5510 3599 5583 μήτε
3650 5515 3749 5569 πέ-

2181 5616 2339 5670 νητος
2389 5599 2781 5669 καταφρονεῖν,
2814 5598 2951 5669 μήτε
3000 5597 3265 5670 δυνάστην
3313 5600 3599 5658 ἀδικοῦντα
3653 5608 3752 5676 tio

2183 5688 2588 5760 ἀνεξέλεγκτον,
2613 5691 2748 5762 μήτε
2776 5690 2883 5763 μὴν
2925 5693 3166 5763 σχήματι
3195 5694 3292 5762 μὲν
3332 5695 3425 5748 καὶ
3477 5698 3619 5769 λόγῳ
3646 5700 3752 5771 τὴν

2187 5783 2532 5855 δικαιοσύνην
2569 5783 3012 5856 ὑπερθαυμάζειν
3051 5786 3142 5841 καὶ
3179 5787 3277 5860 τὴν
3307 5788 3554 5865 ἰσότητα⁶
3598 5791 3750 5865 ἔργῳ
