4042 6344
188 318 273 387 15⁵1

1402 308 1797 376 DELECTUS
1839 310 2135 376 LEGUM.

3299 308 3412 378 458

178 430 318 487 δὲτδν
338 425 519 483 ἄδικον
565 426 661 481 καὶ
698 421 1079 480 πλεονεκτικὸν
1108 423 1401 496 προτιμᾷν,
1424 425 1501 489 ὡς
1536 424 1738 496 ὠφέλι-

1859 425 2104 493 tbundat,
2150 423 2288 480 alter
2329 425 2507 482 minus
2553 424 2739 494 habet,
2787 425 2853 482 Id
2891 422 3152 497 aequalem
3188 439 3314 498 erga
3358 440 3433 484 se

181 539 281 598 μον·
306 520 435 577 ἀλλά
457 521 556 576 δύο
595 520 931 594 κρινομένων
946 519 1083 593 παρτ,
1104 519 1310 585 αὐτοῖς,
1336 517 1429 574 τοῦ
1456 535 1517 573 τε
1545 520 1737 573 πλεον·

178 613 452 680 ειιτοῦντος,
515 614 616 668 καὶ
642 611 733 666 τοῦ
768 612 832 665 τὸ
872 611 1093 667 ἔλαττον
1120 610 1367 682 ἔχοντος,
1385 611 1467 676 είς
1511 611 1573 665 τὸ
1602 610 1739 680 πρὸς

178 708 409 781 ἀλλήλους
431 707 546 760 ίσον
574 705 777 771 αὐτοὺς
801 704 1077 772 ἵστασθαι,
1108 704 1205 759 καὶ
1239 703 1495 760 τοσοῦτον
1518 704 1740 773 ἀφελεῖν

178 802 255 857 τοῦ
310 802 688 873 ὑπερέχοντος,
744 800 870 853 ὅσον
923 797 1315 871 ἐλαττούμενον
1350 799 1555 869 εὕρωσι
1584 814 1737 870 τηνι-

179 895 336 951 καῦτα
381 898 472 947 τὸν
509 892 888 964 ἀδικούμενον.
939 893 1003 948 Οί
1036 893 1148 965 γὰρ
1194 893 1296 963 τὴν
1324 890 1498 963 ἀληθῆ
1529 891 1739 948 δικαιο-

182 987 324 1056 σύνην
361 988 479 1050 ταῖς
530 984 743 1040 ἑαυτῶν
816 986 1018 1056 ψυχαῖς
1075 983 1619 1056 προεναποκειμένην
1665 985 1740 1057 μὴ

181 1082 388 1152 ἔχοντες,
432 1077 629 1149 ἀλλ’-ἢ
697 1068 949 1148 χρήμασι
1004 1076 1447 1147 διεφθαρμένοι..
1478 1079 1511 1152 ἢ
1540 1076 1742 1150 ἔχθραν

183 1172 524 1245 ἀμυνόμενοι,
596 1170 630 1244 ἢ
685 1170 1010 1225 δυναστείαν
1080 1164 1489 1242 δυσωπούμενοι
1568 1173 1744 1241 κρῖμα

185 1264 513 1321 κατευθύνειν
569 1263 629 1317 οὐ
686 1262 984 1329 δύνανται,
1041 1262 1349 1326 δεικνύντες
1400 1262 1484 1332 ἐφ’
1533 1263 1745 1326 ἑαυτοῖς

182 1360 259 1413 τὸν
284 1356 575 1429 Ψαλμῳδδν
625 1355 979 1428 ἀληθεύοντα·
1008 1371 1031 1408 ι
1051 1355 1117 1411 El
1149 1354 1365 1426 ἀληθῶς
1395 1355 1504 1425 ἄρα
1535 1355 1745 1408 δικαιο-

186 1451 330 1523 σύνην
378 1450 607 1515 λαλεῖτε,
666 1448 893 1513 εὐθείας
923 1448 1148 1519 κρίνατε
1194 1446 1305 1511 τὰς.
1354 1446 1589 1517 κρίσεις,
1642 1446 1746 1500 υἱοὶ

190 1545 286 1598 τῶν
314 1541 629 1617 ἀνθρώπων.
661 1540 773 1595 Καὶ
807 1541 918 1611 γὰρ
952 1542 1010 1595 ὲν
1056 1540 1253 1611 καρδίᾳ
1310 1538 1541 1609 ἀνομίας
1581 1540 1749 1612 ἐργά-

185 1635 327 1700 ζεσθε
366 1637 423 1690 ἐν
469 1637 536 1707 τῇ
590 1636 685 1706 γῇ,
721 1633 939 1687 ἀδικίαν
998 1634 1055 1687 αί
1103 1635 1284 1704 χεῖρες
1315 1630 1467 1702 ὑμῶν
1506 1631 1749 1702 συμπλέ-

180 1747 373 1784 κουσιν.
413 1747 432 1782 ι
492 1728 710 1799 Ὠσπερ
745 1728 840 1782 καὶ
886 1728 915 1782 6
958 1725 1215 1798 Σολομῶν
1246 1728 1275 1780 6
1315 1728 1478 1798 σοφὸς
1521 1726 1582 1780 τὸ
1620 1724 1750 1797 περὶ

181 1824 270 1905 τὴν
326 1822 500 1893 κρίσιν
556 1793 743 1876 ἄνισον
799 1822 867 1893 τῇ
924 1820 1033 1875 τῶν
1098 1793 1358 1892 σταθμῶν
1392 1793 1750 1893 προσηγορίᾳ
1782 1793 1823 1853 Β

184 1913 575 1987 παρωμοιακὼς
624 1911 1054 1987 [παροιμιακῶς]
1127 1913 1503 1985 αἰνιττόμενος
1550 1911 1745 1983 ἔφησε*

186 2025 212 2059 ε
233 2008 458 2078 Σταῦμὸν
483 2007 629 2079 μέγα
657 2006 751 2061 καὶ
785 2006 1003 2077 μικρὸν,
1027 2004 1291 2076 βδελυκτά
1309 2006 1459 2078 παρὰ
1485 2005 1746 2076 Κυρίου.»

183 2100 281 2152 Καὶ
299 2099 459 2153 ταῦτα
479 2099 593 2162 τοῖς
611 2096 790 2151 νοοῦσι
819 2096 918 2165 μὲν
936 2096 997 2150 τὺ
1010 2096 1238 2163 δίκαιον,
1261 2098 1671 2169 παρατρέπουσι
1693 2095 1753 2148 δὲ

182 2194 271 2262 τὴν
292 2190 563 2262 ἀλήθειαν,
587 2190 994 2263 παραινετικῶς
1022 2189 1141 2260 ἅμα
1171 2190 1266 2244 καὶ
1286 2188 1753 2262 προμαρτυρικῶς

188 2286 303 2357 παρ’
329 2285 477 2356 ἡμῶν
522 2282 895 2338 διατέτακται.
938 2276 1034 2348 Οἷς
1073 2281 1131 2335 δὲ
1152 2280 1331 2347 τοῦτο,
1401 2280 1491 2335 διὰ
1516 2282 1576 2338 τὸ
1624 2286 1752 2351 περὶ

184 2380 269 2448 τὴν
294 2378 544 2449 φρόνησιν
568 2374 836 2443 ὲλλειπὲς,
881 2376 1115 2447 ὑπάρχει
1138 2375 1492 2446 δυσθήρατον,
1524 2375 1618 2427 καὶ
1644 2373 1751 2426 δια·

185 2475 348 2542 νεῖμαι
370 2473 426 2525 τὸ
458 2472 572 2525 ίςον
603 2471 841 2541 ἑκάστῳ,
867 2467 1147 2532 παντελῶς
1175 2468 1411 2540 ὑπάρχει
1438 2466 1747 2536 ἀνέφικτον,

186 2558 315 2617 οὗτοι
336 2566 467 2617 κατὰ
489 2563 548 2616 τὸ
566 2562 670 2616 ὐπύ
690 2560 870 2632 Ἰησοῦ
893 2560 988 2616 τοῦ
1022 2559 1197 2631 Σιρὰχ
1240 2558 1554 2630 λεγόμενον,
1615 2558 1753 2627 μήτε

190 2656 323 2728 παρά
343 2656 543 2727 Κυρίου
595 2654 925 2727 ήγεμονείαν
978 2652 1337 2724 ζητείτωσαν,
1410 2652 1546 2722 μήτε
1602 2650 1755 2720 παρὰ

177 2746 432 2816 ,βασιλέως
457 2744 727 2816 καθέδραν
747 2742 905 2813 δόξης
934 2742 1284 2806 αίτείτωσαν,
1325 2740 1463 2811 μήτε
1506 2738 1753 2808 γίνεσθαι

191 2839 353 2910 κριταὶ
403 2840 859 2911 προαιρείτωσαν,
915 2834 1130 2899 ἀδικίας
1187 2832 1441 2904 οὐδαμῶς
1512 2833 1754 2902 ἐξαιρεῖν

196 2931 462 3002 ἰσχύοντες.
537 2931 601 2984 Οί
661 2929 721 2981 δὲ
751 2926 843 2981 νοῦ
874 2926 969 2986 καὶ
1027 2926 1346 2996 φρονήσεως
1392 2923 1629 2996 μέτοχοι,
1663 2922 1755 2977 καὶ

197 3022 518 3093 δικαιοσύνης
578 3018 814 3092 ἀληθοῦς
871 3019 1116 3090 ἐναργῶς
1175 3018 1565 3087 ἐπιστήμονες,
1621 3016 1755 3085 ὀρθὰ

194 3116 305 3186 περὶ
324 3116 416 3181 τὰς
437 3115 652 3187 κρίσεις
680 3112 1053 3185 βλεπέτωσαν,
1099 3111 1194 3165 καὶ
1245 3108 1470 3172 ἀπαθῶς
1522 3109 1590 3163 τὰ
1635 3109 1753 3161 κατ’

194 3211 329 3274 ἀξίαν
363 3209 576 3278 ἑκάστῳ
635 3205 972 3277 νεμέτωσαν.
1012 3199 1170 3258 Οὕτω
1212 3200 1322 3274 γὰρ
1352 3201 1443 3254 καὶ
1472 3202 1502 3255 6
1556 3200 1756 3272 Κύριος

194 3304 334 3372 ἡμῶν
363 3301 572 3373 Ἰησοῦς
631 3298 888 3370 Χριστὸς,
938 3299 971 3368 ἡ
1031 3296 1126 3351 τοῦ
1193 3294 1327 3349 Θεοῦ
1379 3293 1639 3364 δύναμιςΔ
1669 3294 1763 3347 καὶ

197 3396 358 3463 σοφία,
399 3394 811 3465 περισσοτέρως
839 3390 1024 3453 αὐτοῖς
1052 3387 1151 3460 τὴν
1181 3386 1383 3456 γνῶσιν
1421 3386 1516 3440 τοῦ
1551 3384 1760 3439 δικαίου

196 3488 478 3558 χαρίζεται,
560 3488 655 3540 καὶ
703 3482 1077 3556 ᾁνακαλύπτει
1124 3480 1237 3541 τῶν
1272 3478 1626 3553 πραγμάτων
1694 3478 1764 3531 τὰ

196 3579 559 3652 δυσεξεύρητα⁶
617 3578 677 3643 ὃς
728 3579 826 3631 καὶ
874 3576 964 3631 τὸν
1009 3574 1345 3653 ,Σολομῶντα
1384 3572 1764 3644 ὲκζητὴσαντα

197 3674 249 3726 τὸ
278 3674 472 3727 δίκαιον
497 3671 732 3743 ἀληθείᾳ
763 3671 1006 3738 έσόφισε,
1032 3669 1126 3721 καὶ
1142 3670 1240 3739 τὴν
1264 3666 1393 3737 περὶ
1426 3666 1522 3719 τοῦ
1545 3667 1762 3720 παιδίου

200 3747 551 3839 κρίσινὸρθῶς
577 3767 674 3821 καὶ
737 3763 1045 3827 εὐθυϐόλως
1102 3765 1223 3827 ταῖς
1260 3746 1506 3831 γυναιξὶν
1555 3759 1787 3845 ὲξενεγτ

201 3868 305 3921 κείν
330 3865 656 3937 ἐχαρίσατο.
710 3862 930 3933 Ἐπειδὴ
960 3862 1070 3932 γὰρ
1117 3858 1412 3932 ἀμάρτυρα
1443 3854 1510 3929 ἦν
1529 3859 1598 3912 τὰ
1636 3860 1768 3930 παρ’
1800 3852 1803 3855 “

201 3963 448 4036 ἑκατέρας
493 3962 791 4031 λεγόμενα,
828 3961 919 4013 ἐπὶ
944 3958 1043 4028 τὴν
1070 3958 1232 4027 φύσιν
1281 3958 1529 4028 χωρῆσαι
1561 3953 1766 4009 τούτων

201 4054 453 4119 ἐκέλευσε,
485 4056 581 4108 καὶ
607 4050 678 4106 δι’
705 4051 877 4122 αὐτῆς
898 4049 1084 4121 εὑρεῖν
1127 4049 1189 4101 τὸ
1218 4046 1586 4117 ἀγνοούμενον
1624 4063 1767 4114 παρ-

202 4148 497 4202 εσκεύασεψ
521 4148 611 4201 ὅτε
651 4145 825 4217 μὲνὴ
854 4142 1112 4213 ἀλλοτρία
1137 4141 1361 4205 ἀπαθῶς
1401 4139 1464 4193 τὸ
1501 4141 1628 4212 περ)¹
1669 4140 1769 4211 τῆς

204 4239 511 4309 ἀναιρέσεως
538 4234 649 4292 τοῦί
672 4236 863 4301 παιδὸς
892 4234 1218 4299 κατεδέξατο
1245 4233 1597 4305 πρόσταγμαι
1645 4234 1674 4302 ἡ
1709 4232 1766 4284 δὲ

202 4330 399 4400 ἀληθῶς
427 4332 609 4403 μήτηρ
657 4330 779 4384 οὐδὲ
819 4329 919 4401 τὴν
954 4329 1125 4398 ἀκοὴν
1180 4327 1438 4396 ὑποσχεῖν
1468 4324 1548 4395 τῷ
1595 4341 1769 4395 προσ-

201 4421 443 4493 τάγματι,
480 4424 569 4477 διὰ
617 4423 719 4493 τὴν
748 4408 986 4492 φυσικὴν
1037 4418 1446 4488 φιλοστοργίαν,
1479 4417 1766 4487 ἠνέσχετο.

1842 525 2043 575 statum
2092 532 2191 577 eos
2230 517 2500 590 redigant,
2544 528 2605 577 et
2652 528 2863 577 tantum
2903 522 3253 577 eminentlori
3299 520 3421 577 adi-

1843 619 2019 677 mant,
2050 618 2259 682 quanto
2287 609 2606 667 inferiorem
2648 619 2777 667 tunc
2816 610 3129 668 invenerint
3157 625 3307 679 eum,
3335 612 3424 671 eui

1845 702 1906 758 lit
1938 701 2166 775 injuria.
2197 702 2301 773 Qui
2322 704 2469 761 enim
2492 703 2766 773 justitiam
2791 718 2974 759 veram
3003 702 3057 758 in
3082 704 3285 760 animis
3310 704 3426 761 suis

1838 795 1950 867 jam
1978 806 2105 852 ante
2133 797 2294 853 sitam
2325 812 2435 854 non
2458 796 2684 865 habent,
2713 796 2809 854 sed
2854 796 2939 854 vel
2965 797 3214 868 pecuniis
3237 812 3430 853 corru-

1846 888 1922 958 pti
1953 896 2102 952 sunt,
2137 887 2222 943 vel
2245 888 2559 945 inimicitias
2587 888 2953 955 ulciscuntur,
2980 890 3063 945 vel
3086 889 3426 960 potentiores

1847 989 2108 1036 verentur
2130 996 2193 1037 ac
2219 980 2616 1049 reformidant;
2641 982 2877 1052 dirigere
2897 980 3102 1051 judicia
3122 992 3426 1052 nequeunt,

1846 1087 2036 1128 verum
2070 1072 2200 1129 illud
2237 1076 2303 1130 de
2333 1088 2394 1130 se
2416 1075 2641 1130 verbum
2668 1088 2791 1132 esse
2814 1075 3155 1132 Psalmorum
3185 1079 3430 1134 auctoris

1847 1165 2199 1221 ostendentes
2232 1183 2246 1221 :
2289 1184 2309 1219 ι
2361 1164 2643 1238 Siquidem
2682 1184 2810 1226 vere
2836 1169 3113 1241 justitiam
3148 1173 3428 1243 profertis,

1842 1256 2073 1327 judicia,
2122 1269 2273 1316 recta
2320 1258 2586 1331 iudicate,
2612 1258 2705 1317 lilii
2759 1263 3071 1319 mortalium
3098 1264 3139 1318 '.
3182 1264 3318 1321 Nam
3370 1267 3427 1323 in

1849 1352 2014 1408 corde
2047 1362 2230 1409 vestro
2270 1354 2454 1423 iniqua
2482 1354 2729 1410 facinora
2763 1357 3035 1426 peragetis
3074 1358 3127 1412 in
3159 1361 3340 1421 terris.
3376 1370 3432 1416 et

1852 1458 2045 1499 manus
2084 1455 2277 1501 vestrae
2310 1446 2633 1514 injustitiam
2667 1457 2910 1505 nectunt.
2950 1470 2969 1502 ι
3009 1442 3187 1507 δίδοι
3213 1453 3432 1522 sapiens

1852 1536 1941 1592 ille
1991 1536 2212 1595 Salomo
2252 1540 2679 1610 inaequalitatem
2724 1543 2779 1599 in
2799 1542 3098 1613 judicando
3128 1545 3429 1615 ponderum

1852 1629 2310 1701 appellationibus
2355 1635 2763 1704 comparando,
2811 1649 2908 1705 per
2952 1639 3186 1707 aenigma
3236 1638 3372 1695 dixit
3410 1656 3428 1692 :

1858 1740 1878 1773 ι
1912 1720 2131 1777 Pondus
2154 1721 2355 1779 ibidem
2380 1738 2635 1795 magnum
2663 1735 2718 1782 et
2738 1726 2946 1795 minus,
2974 1729 3115 1800 apud
3145 1728 3442 1797 Dominum,

1855 1814 2242 1871 abominabilia
2288 1817 2416 1873 sun‘t
2460 1820 2501 1871 ³.
2557 1837 2577 1871 ι
2625 1819 2695 1874 Et
2734 1819 2853 1876 haec
2896 1820 3167 1889 justitiam
3211 1825 3431 1894 quidem

1855 1908 2307 1979 intclligentibus,
2344 1911 2442 1970 sed
2492 1915 2935 1984 pervertentibus
2968 1918 3279 1984 veritatem,
3315 1928 3430 1974 tum

1856 2001 2110 2057 monendi
2133 2018 2319 2070 causa,
2353 2013 2468 2059 tum
2506 2007 2870 2075 protestandi,
2898 2022 2927 2062 a
2968 2009 3131 2066 nobis
3164 2023 3433 2082 praecepta

1854 2098 2001 2142 sunt.
2031 2090 2104 2142 At
2138 2092 2336 2160 quibus
2366 2092 2492 2161 hoc,
2538 2104 2759 2167 propter
2802 2097 3170 2169 intelligentia:
3200 2103 3438 2172 pruden-

1856 2181 2061 2252 tiaeque
2091 2183 2391 2253 defectum,
2423 2188 2643 2245 inventu
2682 2200 2739 2247 et
2768 2195 3136 2265 pervesﬁgatu
3167 2207 3250 2254 est
3283 2197 3436 2253 dim-

1854 2278 1979 2342 cile,
2036 2280 2240 2350 quique
2294 2296 2521 2351 prorsus
2577 2282 2709 2340 illud
2755 2289 2969 2356 assequi
3022 2299 3328 2360 nequeunt,
3378 2305 3435 2348 ut

1855 2372 2081 2441 aequalia
2105 2372 2335 2443 singulis
2373 2374 2643 2443 tribuant;
2683 2377 2757 2433 illi
2792 2382 3089 2437 secundum
3122 2383 3197 2455 id,
3220 2388 3375 2457 quod,
3404 2402 3434 2441 a

1856 2464 2142 2523 Siracliide
2169 2464 2297 2522 Jesu
2328 2468 2606 2537 profertur
2634 2471 2679 2541 ⁸,
2715 2487 2816 2527 nec
2846 2489 2879 2529 ιι
2906 2474 3132 2530 Domino
3162 2479 3437 2550 principa-

1860 2570 1970 2615 tum
2004 2561 2301 2631 requirant,
2340 2577 2441 2618 nec
2468 2578 2499 2618 a
2534 2579 2661 2636 rege
2691 2564 2885 2621 solium
2921 2568 3106 2638 gloriae
3136 2574 3435 2641 postulent,

1859 2669 1960 2708 nec
2002 2654 2216 2722 iudices
2252 2654 2377 2710 ﬁeri
2407 2666 2715 2726 exspetant,
2763 2673 2887 2715 cum
2932 2661 3129 2718 tollere
3162 2665 3228 2720 de
3259 2665 3437 2722 medio

1858 2746 2102 2802 facinora
2136 2748 2337 2819 injusta
2368 2766 2712 2822 nequaquam
2741 2754 2971 2824 possint.
3000 2755 3102 2823 Qui
3127 2769 3261 2816 vero
3292 2771 3441 2815 men-

1860 2841 1928 2896 tis
1962 2856 2024 2896 ac
2052 2843 2355 2911 prudentiae
2386 2845 2701 2917 participes,
2732 2856 2783 2901 et
2815 2846 3019 2918 liquido
3047 2867 3187 2907 verae
3212 2850 3439 2920 iustitia:

1858 2934 2015 3004 periti
2051 2941 2211 3000 sunt;
2246 2935 2281 2989 ii
2311 2946 2458 2991 recta
2492 2938 2837 2996 considerent
2869 2941 2923 2995 in
2948 2936 3194 3013 Iudiciis,
3225 2952 3280 2999 et
3311 2947 3439 3000 abs-

1859 3038 1966 3095 que
1994 3026 2306 3082 animorum
2350 3026 2544 3085 aﬂectu
2591 3031 2789 3102 cuique
2831 3046 2932 3104 pro
2986 3035 3200 3094 meritis
3240 3049 3440 3093 conve-

1782 3141 1827 3200 ο
1862 3116 2068 3171 nientia
2107 3118 2375 3174 tribuant.
2421 3118 2559 3174 Nam
2610 3121 2690 3177 sic
2737 3123 2899 3177 etiam
2949 3123 3211 3180 Dominus
3252 3135 3442 3181 noster

1860 3211 2019 3267 .lesus
2054 3209 2326 3280 Christus,
2360 3213 2453 3268 Dei
2472 3214 2658 3270 -virtus
2696 3224 2751 3270 et
2787 3217 3080 3286 sapientia,
3124 3218 3298 3274 multo
3323 3230 3443 3273 ma-

1856 3305 1977 3375 jore
1999 3320 2121 3361 eum
2151 3306 2482 3362 abundantia
2512 3307 2653 3381 juris
2679 3319 2735 3364 et
2777 3310 2919 3381 aequi
2962 3296 3330 3379 ‘coghitionem
3361 3314 3443 3370 eis

1863 3396 2113 3468 largitur,
2150 3406 2204 3454 et
2250 3415 2340 3455 res
2391 3399 2611 3456 inventu
2656 3381 2916 3459 diﬂiciles'
2950 3403 3195 3469 revelat;
3242 3404 3334 3476 qui
3387 3416 3444 3462 et

1865 3485 2230 3551 Salomonem,
2264 3503 2385 3544 cum
2422 3489 2690 3558 justitiam
2723 3491 3111 3561 requisivisset,
3145 3492 3444 3564 sapientem

1866 3596 2051 3637 revera
2082 3583 2242 3649 fecit;
2275 3592 2330 3638 et
2365 3585 2598 3655 gratiam
2635 3586 2946 3652 concessit,
2984 3580 3265 3655 utiudicio
3295 3601 3447 3645 recte

1866 3676 1933 3730 ad
1958 3688 2185 3745 scepum
2213 3675 2466 3730 tendente
2501 3677 2829 3732 sententiam
2864 3678 2932 3733 de
2967 3692 3135 3749 puero
3159 3681 3446 3735 muliercu-

1867 3768 1933 3824 lis
1979 3769 2266 3839 prolerret.
2302 3769 2457 3836 Quod
2505 3770 2646 3825 enim
2692 3773 3019 3833 testimoniis
3062 3789 3127 3829 ea
3174 3787 3445 3841 carerent,

1867 3878 1988 3934 quae
2010 3862 2078 3918 ab
2114 3872 2342 3933 utraque
2362 3864 2713 3933 dicebantur;
2745 3866 2811 3921 ad
2842 3866 3011 3935 ipsam
3041 3877 3289 3943 naturam
3320 3884 3444 3924 eum

1848 3954 2119 4026 progredi
2145 3954 2326 4023 jussit,
2357 3964 2411 4010 et
2438 3956 2515 4010 uti
2549 3971 2649 4026 per
2683 3958 2828 4011 hanc
2876 3957 3145 4014 inveniret
3189 3957 3264 4024 id,
3302 3957 3447 4028 quod

1870 4049 2242 4119 ignorabatur,
2274 4040 2456 4104 effecit
2487 4064 2500 4097 :
2532 4063 2642 4118 quo
2678 4049 2893 4119 quidem
2935 4059 3182 4121 tempore
3228 4051 3447 4118 mulier,

1870 4140 1936 4194 ad
1986 4155 2151 4209 quam
2205 4155 2340 4209 puer
2387 4155 2491 4194 non
2542 4141 2883 4210 pertinebat,
2943 4142 3450 4199 immisericorditer

1872 4234 2092 4289 admisit
2137 4233 2443 4290 Salomonis
2490 4235 2557 4290 de
2599 4238 2844 4290 necando
2886 4251 3055 4306 puero
3104 4237 3445 4301 mandatum;

1873 4337 1937 4395 at
1980 4341 2102 4397 quae
2144 4342 2330 4383 revera
2376 4337 2553 4384 mater
2594 4340 2732 4395 erat,
2769 4345 2835 4386 ne
2873 4332 3089 4399 quidem
3136 4329 3444 4385 mandatum

1875 4420 1979 4473 hoc
2025 4419 2235 4483 audire,
2282 4426 2503 4489 propter
2533 4434 2772 4475 antorem
2824 4418 3127 4475 naturalem
3170 4421 3446 4475 sustinuit.

261 4515 434 4569 Ταῦτα
455 4515 770 4579 νοείτωσαν,
800 4512 978 4568 ταῦτα
1021 4513 1417 4585 φρονείτωσαν,
1451 4509 1512 4561 ὲν
1549 4508 1761 4570 τούτοις

1944 4507 2069 4564 llaec
2106 4509 2473 4572 considerent,
2508 4511 2623 4564 haec
2651 4508 2703 4564 in
2739 4510 2936 4565 animis
2962 4513 3077 4565 suis
3106 4509 3365 4575 sentiant,
3397 4511 3448 4564 in

206 4605 695 4680 ἀναστραφήτωσαν
740 4608 791 4658 ot
815 4605 967 4679 παρά
1015 4604 1114 4673 τῆς
1152 4602 1431 4673 ἡμετέρας
1466 4600 1771 4673 ,εὐσεϐείας

207 4700 391 4765 κρίνειν
422 4699 747 4771 τεταγμένοι
789 4699 859 4751 τὰ
880 4696 1208 4768 πράγματα,
1250 4695 1344 4748 καί
1377 4694 1484 4749 τῶν
1531 4692 1773 4747 εὐσεϐῶν

205 4792 346 4861 ἡμῶν
409 4793 586 4864 νόμων
654 4790 1125 4862 ὲγκεχειρισμένοι
1169 4788 1238 4841 τὰ
1278 4788 1463 4842 δίκαια
1511 4785 1773 4857 σταθμία.

218 4882 295 4936 Ἐν
337 4884 538 4948 τούτοις
585 4884 698 4953 γὰρ
753 4883 844 4937 τὸν
918 4884 985 4935 τὰ
1036 4882 1293 4951 σκῆπτρα
1366 4877 1466 4948 τῆς
1501 4877 1778 4947 βασιλείας

207 4977 320 5046 ﬁuit)
364 4980 745 5051 ἐγχειρίσαντα
797 4976 929 5031 Θεὸν
980 4975 1309 5047 θεραπεύειν
1361 4970 1764 5042 σπουδάζομεν.

217 5068 295 5121 Ἐν
323 5071 523 5135 τούτοις
549 5072 661 5133 τοῖς
687 5070 895 5133 ὅπλοις,
930 5070 995 5139 τῇ
1025 5066 1252 5137 δυνάμει
1282 5062 1470 5129 αὐτοῦ,
1499 5061 1770 5125 εὐσθενῶς

208 5159 603 5219 ἀντιτάσσεσθαι
629 5165 741 5227 τοῖς
777 5162 1059 5232 πολεμίοις
1083 5158 1411 5229 βουλόμεθα’
1454 5158 1513 5209 ἐν
1560 5156 1771 5219 τούτοις

208 5254 274 5325 τῷ
299 5257 510 5327 Χριστῷ
536 5275 601 5329 ση
613 5248 860 5327 μειωτον,
899 5255 992 5309 καὶ
1019 5251 1169 5324 παρὰ
1202 5251 1302 5322 τῆς
1328 5250 1493 5303 αὐτοῦ
1525 5248 1773 5314 ἐξουσίας

211 5348 627 5421 ὑποτεταγμένον
654 5352 722 5419 τῇ
750 5348 998 5419 ἡμετέρᾳ
1022 5346 1292 5418 πραότητι
1314 5344 1565 5413 ποίμνιον
1586 5339 1774 5407 αὔξειν

213 5442 287 5494 ἐπ’
314 5443 548 5511 ἀγαθοῖς,
574 5446 665 5496 καὶ
697 5442 1031 5513 προκόπτειν
1060 5438 1413 5507 πιστεύομεν.
1447 5434 1538 5490 Ἑν
1561 5436 1773 5497 τούτοις

217 5534 656 5593 ἀποκαθίστασθαι
687 5539 817 5606 ἡμῖν
841 5535 938 5605 τὴν
971 5534 1207 5605 ἀρχαίαν
1252 5530 1344 5584 τοῦ
1379 5525 1775 5597 πολιτεύματος

217 5631 545 5689 διγαιοδςσίαν
568 5632 883 5701 ἐλπίζομεν,
900 5628 989 5681 τοῦ
1007 5628 1215 5698 Κυρίου
1235 5624 1329 5678 καὶ
1347 5622 1597 5691 Σωτῆρος
1618 5622 1648 5689 ἡ
1657 5620 1773 5689 μῶν

1872 4602 1957 4657 his
1979 4611 2265 4672 versentur
2293 4602 2354 4666 ii,
2380 4602 2524 4671 quia
2559 4601 2757 4671 pietate
2782 4612 2970 4655 nostra
2993 4600 3275 4656 constituti
3300 4612 3446 4665 sunt,

1874 4704 1931 4747 ut
1965 4692 2087 4747 lites
2116 4702 2168 4747 et
2216 4693 2621 4748 controversias
2652 4700 2984 4763 cognoscant
3008 4707 3070 4747 ac
3097 4693 3365 4763 judicent,
3399 4704 3454 4747 et

1874 4788 2071 4855 quibus
2096 4787 2332 4855 pondera
2351 4785 2499 4854 justa
2532 4774 2911 4854 religioSarum
2935 4784 3112 4853 legum
3142 4794 3451 4839 nostrarum

1879 4880 2075 4935 tradita
2114 4888 2239 4932 sunt
2273 4886 2324 4931 et
2353 4876 2753 4930 commendata.
2784 4875 2843 4949 In
2885 4876 2968 4929 his
3009 4877 3153 4931 enim
3196 4874 3363 4929 Deum
3399 4878 3456 4929 il-

1875 4972 2008 5037 lum,
2045 4970 2136 5039 qui
2190 4969 2340 5037 regni
2386 4975 2601 5038 sceptra
2654 4967 2813 5021 nobis
2865 4966 2918 5021 in
2949 4983 3167 5020 manum
3209 4967 3455 5028 tradidit,

1876 5064 2021 5119 omni
2053 5063 2232 5116 studio
2282 5059 2459 5116 colere
2499 5061 2741 5115 nitimur.
2794 5058 2886 5115 llis
2930 5060 3118 5122 armis,
3155 5060 3322 5129 ipsius
3360 5060 3458 5114 ad-

1869 5154 1974 5223 juti
2023 5156 2223 5207 virtute
2275 5167 2337 5206 ac
2372 5149 2601 5215 viribus,
2654 5148 2869 5205 fortiter
2916 5149 3161 5205 hostibus
3196 5149 3455 5203 resistere

1870 5242 2146 5302 volumus.
2178 5245 2282 5300 Per
2330 5246 2444 5299 haec
2484 5244 2751 5314 signatum
2800 5241 3039 5305 Christo,
3076 5251 3128 5309 et
3163 5254 3263 5309 per
3288 5238 3457 5307 ipsius

1881 5349 2203 5409 petestatem
2237 5332 2541 5406 subjectum
2576 5332 2979 5389 mansuetudini
3010 5341 3213 5387 nostrae
3236 5343 3457 5399 gregem

1883 5434 1935 5485 in
1985 5430 2139 5485 bonis
2183 5443 2399 5484 sumere
2445 5427 2861 5489 incrementum,
2893 5438 2958 5478 ac
2984 5423 3251 5492 prolicere
3281 5419 3459 5475 credi-

1884 5538 2026 5577 mus.
2065 5518 2158 5574 llis
2195 5523 2245 5574 in
2274 5521 2540 5589 integrum
2573 5515 2864 5573 restituere
2901 5515 3058 5570 nobis
3098 5514 3375 5581 antiquam
3404 5513 3458 5565 in

1886 5614 2318 5671 administranda
2374 5609 2650 5681 republica
2692 5607 3130 5681 iurisdictionem
3176 5621 3335 5677 posse
3362 5619 3460 5661 nos

283 5811 303 5847 ί
332 5813 466 5873 Psal.
497 5831 630 5881 Lvlt,
660 5814 793 5868 2-4.
868 5815 886 5842 ‘-‘
917 5809 1075 5864 Prov.
1120 5823 1211 5873 xx,
1243 5806 1332 5861 2'5.
1414 5806 1433 5836 ³
1467 5803 1637 5860 Eccli.
1670 5816 1768 5867 vn,
1813 5798 1868 5857 6.

487 5911 761 5972 ΡΑτιιοι..
794 5911 910 5970 Gn.
936 5904 1148 5966 CXlll.

2980 5874 3053 5941 15
