4046 6330
620 351 730 419 463

1650 344 2165 407 ΕΟΝΞΤΛΝΤΙΝῘ
2206 343 2898 411 PORPHYROGENITI
2934 381 2937 384 ‹

3692 321 3698 327 ’
3777 342 3877 409 ita

692 466 785 521 12.
833 461 923 535 (L.
969 456 1182 532 xxxiv.)
1216 457 1371 514 Tunc
1411 457 1616 512 utimur
1651 456 2041 512 consuetudine
2074 458 2195 511 civi-

2385 457 2472 528 ιβ’.
2514 459 2649 514 Τότε
2703 456 2965 530 χρώμεθα
3013 457 3080 530 τῇ
3114 455 3374 528 συνηθείᾳ
3411 452 3553 520 τινὸς
3602 453 3803 520 πόλεως
3848 460 3878 533 ἢ

621 557 754 612 tatis
786 565 879 610 aut
918 554 1233 624 provinciae,
1276 566 1398 604 cum
1449 551 1506 603 in
1544 548 1746 617 judicio
1788 564 1954 604 causa
1988 551 2201 619 cognita

621 648 941 704 conﬁrmata
972 646 1066 709 sit,
1097 633 1217 714 quae
1243 653 1422 697 autem
1453 641 1613 711 longa
1640 640 2037 696 consuetudine
2061 655 2207 694 con;-

620 745 848 814 probata
896 748 1043 805 sunt,
1076 753 1139 791 ac
1176 751 1271 807 per
1310 735 1512 790 multos
1542 748 1714 790 annos
1745 735 2059 795 observata,
2095 746 2202 787 non

620 839 800 890 minus
822 848 983 903 quam
1009 846 1069 885 ea
1099 845 1217 899 qua:
1247 828 1455 897 scripta
1496 836 1627 881 sunt
1655 827 1777 896 jura
1810 833 2123 881 servantur.

1144 960 1523 1020 TITULUS
1573 958 1683 1015 111.

1190 1076 1268 1131 De
1293 1074 1629 1145 patriarcha.

690 1196 743 1249 ’l.
774 1190 1095 1247 Patriarcba
1129 1196 1210 1242 est
1245 1184 1462 1241 Christi
1495 1185 1616 1240 viva
1647 1192 1703 1241 et
1733 1183 1974 1240 animata
2001 1182 2205 1256 efﬁgies

556 1294 559 1297 λ
622 1288 804 1343 verbis
832 1284 1084 1340 omnibus
1116 1280 1389 1351 factisque
1410 1279 1723 1349 exprimens
1751 1278 2057 1334 veritatem.

687 1475 743 1527 Ξ.
770 1470 979 1541 Scopus
1001 1466 1320 1538 patriarchae
1342 1463 1651 1536 propositus
1675 1470 1758 1520 est
1783 1479 1796 1517 :
1826 1461 2058 1534 primum
2083 1461 2205 1533 qui-

622 1569 741 1621 dem
776 1564 975 1634 pietate
1019 1571 1073 1615 ct
1112 1560 1236 1613 vitae
1276 1555 1547 1629 gravitate
1600 1564 1788 1612 tenere
1835 1568 1971 1625 quos
2015 1571 2046 1610 a
2094 1556 2207 1612 Deo

624 1657 852 1711 tuendos
889 1653 1151 1722 suscepit,
1204 1649 1398 1704 deinde
1448 1656 1504 1704 et
1544 1663 1737 1706 omnes
1783 1650 2068 1707 haereticos
2106 1663 2207 1720 pro

620 1748 766 1803 virili
820 1748 885 1801 ad
937 1753 1141 1798 rectam
1173 1742 1488 1811 opinionem
1535 1750 1591 1796 et
1638 1740 1898 1797 Ecclesia:
1944 1740 2207 1797 unionem

2310 551 2602 623 ἐπαρχίας,
2643 553 2732 605 ὅτε
2781 548 3262 623 ἁμφισὸητηθεϊσα
3307 551 3365 603 ὲν
3409 548 3742 621 δικαστηρίῳ
3791 550 3874 621 βε-

2310 645 2544 716 ϐαιωθῇ,
2586 644 2655 699 τὰ
2701 644 2759 699 δὲ
2793 647 2983 717 μακρᾷ
3038 643 3301 716 συνηθείᾳ
3345 643 3765 714 δοκιμασθέντα,
3796 646 3882 697 καὶ

2309 736 2406 788 ἐπὶ
2434 735 2646 799 πολλοῖς
2667 737 2935 800 ἐνιαυτοῖς
2971 734 3312 806 φυλαχθέντα
3354 731 3770 807 [βεϐαιωθέντα]
3791 736 3881 805 οὐχ

2307 822 2472 903 ἦττον
2498 827 2609 882 τῶν
2657 829 2952 898 ἐγγράφων
2982 826 3269 898 κρατοῦσι.
3296 854 3297 857 η

2913 960 3169 1017 ΤΙΤΛΟΣ
3199 963 3273 1021 Γ¹.

2821 1075 2964 1145 Περί
2996 1074 3383 1146 πατριάρχου.

2381 1194 2458 1246 α’.
2498 1189 2859 1262 Πατριάρχης
2916 1189 3062 1243 ἐστὶν
3114 1187 3282 1243 εἰκὼν
3327 1188 3477 1254 ζῶσα
3514 1189 3753 1262 Χριστυῦ
3801 1191 3890 1244 καὶ

2309 1279 2556 1364 ἔμψυχος
2586 1281 2660 1335 δι’
2687 1280 2867 1352 ἔργων
2897 1281 2994 1335 καὶ
3021 1280 3196 1351 λόγων
3244 1282 3303 1337 ὲν
3341 1282 3508 1353 ἑαυτῇ
3559 1282 3890 1354 χαρακηρία

2310 1371 2476 1438 ζουσα
2507 1373 2605 1445 τὴν
2628 1372 2907 1443 ἀλήθειαν.
3146 1384 3149 1385 ⁷

2382 1462 2449 1535 β’.
2490 1464 2701 1527 Σκοπὸς
2749 1464 2827 1536 τῷ
2871 1464 3185 1537 πατριάρχῃ
3249 1465 3463 1537 πρῶτον
3500 1466 3621 1536 μὲν,
3679 1465 3774 1530 οὓς
3834 1466 3893 1519 ἐκ

2309 1556 2443 1611 Θεοῦ
2484 1557 2811 1629 παρέλαϐεν,
2842 1557 3101 1628 εὐσεϐείᾳ
3142 1557 3235 1611 καὶ
3267 1558 3559 1630 σεμνότητι
3614 1558 3732 1629 βίου
3784 1557 3895 1610 δια-

2310 1650 2565 1720 φυλάξαι,
2590 1651 2782 1705 ἔπειτα
2807 1650 2865 1704 δὲ
2895 1652 2990 1705 καὶ
3014 1651 3220 1715 πάντας
3239 1648 3384 1715 ’τοὺς
3414 1652 3727 1722 αἱρετικοὺς
3757 1651 3892 1704 κατᾶ

2310 1743 2404 1796 τὸν
2436 1744 2661 1798 δυνατὸν
2719 1742 2889 1814 αὐτῷ,
2947 1744 3086 1817 πρὸς
3139 1742 3239 1816 τὴν
3280 1743 3589 1816 όρθοδοξίαν
3650 1745 3747 1797 καὶ
3802 1743 3893 1813 τὴν

620 1847 962 1894 convertere.
997 1832 1251 1888 Ilaeretici
1285 1842 1466 1888 autem
1498 1840 1556 1887 et
1593 1846 1662 1886 ex
1693 1832 1903 1903 legibus
1932 1842 1987 1887 et
2013 1847 2081 1889 ex
2110 1846 2195 1889 ca-

2312 1835 2506 1890 ἕνωσιν
2536 1837 2634 1906 τῆς
2674 1836 3002 1909 Ἐκκλησίας
3026 1838 3379 1908 ἐπιστρέψαι,
3409 1837 3676 1908 αίρετικοὶ
3700 1836 3758 1890 δὲ
3788 1837 3893 1897 τοῖς

621 1930 857 1986 nonibus
882 1929 953 1983 ita
982 1933 1264 1990 vocantur,
1290 1934 1343 1980 et
1367 1924 1439 1979 illi
1467 1924 1561 1996 qui
1585 1940 1615 1981 a
1635 1925 1920 1982 catholicae
1948 1923 2205 1982 Ecclesiae

622 2021 1005 2080 communione
1062 2018 1275 2074 exclusi
1314 2026 1463 2084 sunt,
1513 2025 1569 2072 et
1617 2027 1882 2088 praeterea
1932 2018 2201 2083 inﬁdeles,

619 2116 764 2187 quod
791 2116 881 2169 ille
912 2112 1201 2166 manifesta
1245 2121 1301 2166 et
1346 2109 1494 2164 clara
1540 2110 1665 2165 vitae
1701 2110 1993 2166 sanctitate
2028 2112 2082 2166 in
2118 2112 2202 2168 sui

619 2209 1038 2267 admirationem
1072 2213 1423 2271 comertens,
1454 2204 1718 2261 accendet
1761 2204 1829 2259 ad
1863 2204 1985 2260 ﬁdei
2015 2205 2201 2262 imita-

614 2307 844 2364 tiouem.

689 2396 744 2451 5.
777 2392 928 2448 Finis
967 2390 1294 2464 patriarcha:
1326 2387 1642 2462 propositus
1677 2396 1781 2457 est,
1815 2387 1965 2444 salus
1994 2381 2201 2443 anima-

616 2504 735 2543 rum
748 2529 762 2555 ,
783 2503 889 2557 quo
908 2486 1011 2558 ipsi
1033 2485 1380 2541 concreditur
1404 2501 1419 2539 :
1441 2492 1497 2539 et
1520 2482 1705 2539 vivere
1718 2481 1937 2552 quidem
1953 2479 2197 2549 Christo,

614 2581 860 2650 cruciﬁgi
901 2586 1085 2634 autem
1122 2579 1345 2635 mundo.

689 2673 745 2728 4.
784 2671 1018 2741 Propria
1070 2668 1405 2741 patriarchae
1454 2676 1604 2736 sunt,
1654 2666 1906 2723 idoneum
1955 2679 2076 2723 esse
2129 2662 2200 2721 ad

614 2765 944 2830 docendum,
982 2762 1245 2833 aequalem
1283 2776 1341 2818 se
1367 2761 1623 2829 omnibus
1657 2760 1902 2832 praebere
1937 2769 1995 2816 et
2038 2758 2197 2815 altioo

617 2860 693 2913 ris
746 2866 803 2911 et
850 2855 1159 2911 bumilioris
1210 2854 1444 2910 fortuna
1497 2852 1845 2918 hominibus;
1897 2862 1954 2908 et
2004 2853 2195 2908 mitem

619 2949 839 3019 quidem
859 2962 998 3004 esse
1020 2946 1106 3018 inj
1118 2946 1411 3014 udicando,
1444 2945 1879 3001 inobedientibus
1897 2959 2024 3001 vero
2042 2959 2196 3015 aspe-

615 3061 760 3110 rum,
791 3052 1054 3111 praeterea
1083 3056 1179 3112 pro
1214 3041 1444 3096 veritate
1474 3049 1530 3093 et
1565 3053 1846 3095 sacrorum
1882 3038 2193 3108 dogmatum

614 3136 931 3193 deiensione
958 3151 1143 3191 coram
1177 3112 1513 3206 principibus
1536 3132 1705 3203 loqui,
1738 3147 1911 3204 neque
1944 3147 2194 3190 verecun-

615 3230 755 3286 dari.
1920 3299 1925 3305 ν

689 3322 745 3379 5.
776 3322 909 3390 Quae
936 3321 1272 3391 abantiquis
1315 3319 1610 3376 constituta
1653 3328 1803 3387 sunt,
1838 3329 1894 3376 et
1922 3312 1964 3375 'a
1995 3319 2199 3376 sanctis

614 3417 868 3471 Patribus
898 3413 1143 3478 deﬁnita,
1189 3423 1242 3467 et
1302 3428 1332 3467 a
1395 3414 1600 3469 sanetis
1658 3413 1879 3484 synodis
1930 3416 2194 3484 exposita,

616 3507 789 3562 solum
845 3504 1210 3574 patriarcham
1258 3504 1606 3572 interpretari
1653 3502 1829 3561 decet.

688 3689 744 3743 θ.
778 3688 909 3756 Quae
951 3688 1018 3743 ab
1054 3685 1295 3757 antiquis
1339 3684 1614 3752 Patribus,
1663 3686 1717 3741 in
1749 3686 1990 3757 synodis,
2020 3696 2113 3741 aut
2143 3686 2197 3742 in

616 3783 931 3855 provinciis,
983 3780 1293 3851 specialiter
1343 3779 1425 3834 vel
1482 3778 1862 3835 universaliler
1915 3779 2060 3836 facta
2112 3778 2197 3837 vel

614 3876 907 3933 constituta
937 3885 1083 3942 sunt,
1114 3872 1484 3943 patriarcbam
1516 3871 1813 3943 dijudicare
1843 3875 2017 3930 decet.

666 4052 742 4111 "7.
771 4056 1123 4126 Antiquiores
1145 4068 1383 4110 canones
1405 4052 1570 4109 etiam
1597 4053 1662 4109 ad
1692 4053 2029 4123 posteriores
2054 4054 2194 4111 trahi

617 4150 837 4218 solent;
878 4150 1128 4206 similiter
1162 4158 1215 4203 et
1230 4150 1441 4218 priores
1485 4148 1724 4204 actiones
1774 4148 1841 4204 ad
1870 4150 2196 4218 posteriores

617 4245 911 4299 trahuntur
942 4242 1319 4312 obtinentque,
1365 4238 1419 4295 in
1466 4239 1732 4298 similibus
1766 4239 2015 4297 videlicet
2057 4254 2195 4311 per-

615 4338 764 4393 sonis
791 4347 843 4391 et
877 4336 1056 4391 rebus.
1740 4348 1743 4351 '
2200 4354 2212 4384 \

2308 1928 2497 1997 νόμοις
2531 1927 2768 1991 καὶτοῖς
2800 1928 2989 1982 κανόσι
3025 1926 3341 1993 καλοῦνται,
3378 1927 3472 1980 καὶ
3525 1928 3576 1979 οί
3624 1930 3689 1996 τῇ
3764 1926 3894 1979 καθ-

2310 2020 2468 2089 ολικῇ
2506 2020 2582 2090 μὴ
2640 2019 3023 2084 κοινωνοῦντες
3070 2019 3389 2092 Ἐκκλησίᾳ,
3440 2018 3519 2072 έτι
3562 2019 3619 2071 δὲ
3648 2021 3745 2073 καὶ
3777 2020 3896 2085 τοὺς

2307 2115 2568 2179 ἀπίστους
2596 2114 2685 2169 διὰ
2712 2115 2811 2186 τῆς
2838 2114 3098 2188 λαμπρᾶς
3128 2114 3221 2169 καὶ
3257 2115 3740 2185 περιφανεστάτης
3796 2114 3891 2167 καὶ

2306 2207 2621 2278 θαυμασίας
2685 2207 2853 2264 αὑτοῦ
2920 2208 3173 2281 πράξεως
3240 2206 3580 2279 ἐκπλήττων,
3647 2206 3894 2279 μιμητὰς

2303 2302 2525 2372 ποιῆσαι
2554 2303 2656 2372 τῆς
2692 2301 2948 2365 πίστεως.

2352 2399 2445 2461 κγ’,
2489 2392 2655 2456 Τέλος
2682 2392 2761 2464 τῷ
2792 2392 3131 2468 πατριάρχη,
3173 2395 3212 2465 ἡ
3244 2394 3350 2451 τῶν
3376 2395 3888 2465 καταπεπιστευμέ-

2301 2500 2408 2539 νων
2431 2486 2579 2557 αὐτῷ
2619 2485 2809 2558 ψυχῶν
2854 2486 3125 2559 σωτηρία,
3178 2488 3272 2542 καὶ
3300 2489 3360 2543 τὸ
3392 2488 3489 2561 ζῇν
3521 2489 3622 2561 μὲν
3646 2488 3895 2562 Χριστῷ,

2298 2577 2679 2649 ἐσταυρῶσθαι
2714 2579 2770 2631 δὲ
2799 2577 2875 2650 τῷ
2913 2581 3125 2652 κόσμῳ.

2370 2668 2431 2722 δ’.
2476 2668 2612 2724 Ἴδια
2680 2673 3053 2743 πατριάρχου,
3118 2672 3181 2725 τδ
3254 2668 3395 2728 εῐναι
3445 2674 3785 2739 διδακτικδν,
3836 2673 3893 2727 τὸ

2298 2761 2436 2833 πρὸς
2486 2762 2694 2826 πάντας
2723 2763 2963 2836 ὑψηλούς
3014 2781 3073 2817 τε
3133 2765 3229 2819 καὶ
3264 2769 3551 2831 ταπεινοὺς
3584 2769 3890 2838 ἀστενοχωο

2300 2853 2481 2926 ρήτως
2514 2851 2861 2919 ὲξισοῦσθαι⁸
2910 2857 3007 2910 καὶ
3038 2857 3212 2925 πρᾶον
3253 2857 3355 2928 μὲν
3396 2853 3535 2913 εῖναι
3571 2859 3630 2911 ὲν
3685 2858 3892 2912 δικαιοο

2300 2943 2455 3017 σύνῃ,
2495 2943 2814 3014 ἐλεγκτικὸν
2856 2945 2915 3000 δὲ
2980 2946 3118 3017 πρὸς
3168 2947 3297 3011 τοὺς
3328 2945 3711 3010 ἀπειθοῦντας·
3758 2949 3890 3019 ὑπὲρ

2297 3032 2353 3087 δὲ
2383 3034 2483 3104 τῆς
2514 3033 2773 3106 ἀληθείας
2825 3034 2921 3088 κα)⁵
2950 3033 3051 3105 τῆς
3112 3036 3497 3107 συντηρήσεως
3530 3037 3625 3089 τοῦ
3679 3038 3889 3092 δικαίου

2297 3127 2392 3181 καὶ
2419 3127 2519 3198 τῆς
2553 3125 2857 3193 εὐσεϐείας,
2893 3125 3074 3182 λαλεῖν
3107 3125 3339 3184 ἐνώπιον
3367 3128 3655 3201 βασιλέων,
3678 3133 3778 3184 καὶ
3814 3131 3886 3202 μὴ

2301 3219 2673 3291 αἰσχύνεσθαι.

2370 3318 2434 3365 ε’.
2470 3312 2550 3376 Τά
2603 3311 2755 3383 παρὰ
2824 3311 2933 3367 τῶν
3012 3313 3258 3368 παλαιῶν
3328 3315 3744 3385 κανονισθέντα,
3792 3318 3885 3372 καὶ

2302 3404 2455 3474 παρὰ
2482 3404 2590 3457 τῶν
2624 3404 2800 3475 ἁγίων
2830 3405 3065 3476 Πάτρων
3094 3405 3406 3477 ὁρισθέντα,
3442 3407 3537 3461 καὶ
3579 3408 3741 3479 παρὰ
3779 3407 3887 3462 τῶν

2306 3499 2477 3570 ἁγίων
2514 3499 2746 3555 συνόδων
2774 3499 3067 3555 ἐκτεθέντα
3094 3499 3187 3557 τὸν
3219 3502 3566 3575 πατριάρχην
3606 3503 3776 3574 μόνον
3814 3503 3891 3559 δεῖ

2302 3587 2650 3662 ἑρμηνεύειν.

2348 3680 2449 3757 ,ςιο
2486 3684 2569 3738 Τὰ
2598 3682 2752 3753 παρά
2792 3683 2902 3739 τῶν
2941 3683 3190 3757 ἀρχαίων
3222 3684 3484 3757 Πατέρων
3508 3684 3569 3739 ὲν
3620 3685 3886 3751 συνόδοις,

2298 3772 2341 3845 ἦ
2364 3764 2422 3829 έν
2472 3774 2793 3847 ἐπαρχίαις,
2844 3775 3064 3840 εἰδικῶς
3113 3776 3209 3830 καὶ
3234 3775 3537 3840 καθολικῶς
3568 3777 3885 3848 πραχθέντα

2212 3926 2217 3927 ί
2303 3868 2395 3921 καὶ
2429 3856 2857 3941 οίκονομηθέντα
2896 3869 2989 3923 τὸν
3019 3870 3369 3941 πατριάρχην
3412 3868 3494 3923 δεῖ
3538 3869 3755 3941 διαιτᾴν
3792 3870 3886 3924 καὶ

2299 3947 2617 4032 διακρίνειν.
2634 3966 2649 3981 ⁵

2370 4052 2439 4119 ζ’.
2478 4056 2540 4107 Ol
2584 4057 3008 4129 προγενέστεροι
3051 4057 3301 4124 κανόνες,
3329 4056 3423 4111 καί⁵
3454 4057 3538 4121 είς
3561 4058 3689 4120 τοὺς
3716 4074 3884 4128 μετα-

2297 4147 2655 4220 γενεστέρους
2701 4148 2973 4216 ἕλκονται,
3008 4149 3271 4213 ὡσαύτως
3320 4149 3377 4204 δὲ
3420 4150 3515 4205 καὶ
3557 4151 3617 4204 αί
3673 4166 3881 4221 προγε-

2298 4240 2549 4314 νέστεραι
2576 4241 2829 4313 πράξεις,
2865 4246 2959 4296 καὶ⁵
2989 4242 3314 4315 οἰκονομίαι,
3353 4243 3445 4296 καὶ
3494 4245 3576 4306 είς
3620 4243 3751 4305 τοὺς
3780 4256 3882 4312 με·

2295 4335 2728 4415 ταγενεστέρους
2782 4337 3057 4402 ἕλκονται,
3097 4339 3211 4391 καὶ
3262 4336 3589 4409 κρατοῦσιν,
3623 4339 3717 4392 ἐπὶ
3772 4337 3882 4391 τῶν

2296 4426 2498 4498 ὁμοίων
2529 4426 2772 4500 δηλονότι
2806 4431 3114 4500 προσώπων
3134 4446 3194 4482 τε
3217 4430 3309 4483 καὶ
3344 4432 3708 4501 πραγμάτων.

692 4514 745 4568 8.
790 4511 922 4569 Cum
974 4512 1280 4583 respublica
1316 4529 1378 4569 ex
1415 4513 1658 4584 partibus
1699 4514 1814 4571 suis
1836 4522 1900 4569 et
1933 4512 2192 4570 membris

2369 4524 2441 4590 η’.
2472 4518 2585 4589 Τῆς
2616 4519 2892 4584 πολιτείας
2926 4524 2992 4575 ὲκ
3024 4520 3210 4593 μερῶν
3239 4522 3333 4575 καὶ
3364 4522 3570 4594 μορίων
3595 4520 3879 4589 ἀναλόγως

615 4606 966 4676 proportione
1015 4606 1246 4674 quadam
1307 4606 1372 4659 ad
1426 4606 1700 4661 hominem
1766 4607 2058 4662 constituta
2094 4607 2183 4670 sit,

612 4701 863 4756 inaximac
896 4698 1012 4767 ejus
1068 4708 1121 4752 et
1172 4698 1438 4767 imprimis
1481 4697 1800 4752 necessariae
1843 4708 2027 4765 partes
2060 4707 2188 4753 sunt

611 4795 865 4867 princeps
923 4799 976 4846 et
1004 4789 1311 4860 patriarcha
1354 4806 1367 4843 :
1404 4797 1732 4859 quapropter
1758 4797 1813 4844 et
1845 4788 2184 4843 subditorum

611 4887 766 4956 quies
810 4897 867 4940 et
910 4882 1162 4951 felicitas,
1200 4892 1307 4937 tam
1356 4882 1610 4938 animalis
1658 4897 1821 4952 quam
1867 4880 2182 4952 corporalis,

610 4978 862 5034 consistit
915 4977 968 5031 iu
1028 4975 1391 5031 consensione
1453 4984 1506 5030 et
1561 4975 1851 5031 concordia
1879 4974 2030 5046 regni
2063 4988 2182 5029 cum

611 5083 825 5126 summo
854 5066 1192 5137 pontiﬁcatu.

682 5162 735 5217 9.
782 5159 950 5214 Sedes
978 5146 1603 5228 Constantinopolitaua,
1634 5173 1794 5228 quam
1841 5159 1985 5228 regia
2027 5172 2186 5214 exor-

606 5270 722 5321 ttat,
771 5257 1097 5328 synodorutu
1158 5252 1433 5323 suffragiis
1487 5254 1895 5328 praerogativam
1954 5250 2182 5320 obtinet,

609 5350 806 5422 quibus
855 5348 1051 5403 divina:
1101 5348 1248 5418 leges
1292 5334 1653 5416 suﬂ'ragaht'es
1696 5325 2098 5400 controversias
2128 5346 2182 5400 in

607 5444 729 5497 aliis
755 5444 974 5499 sedibus
1009 5452 1182 5498 motas
1209 5441 1275 5496 ad
1319 5440 1476 5511 hujus
1508 5441 1781 5496 notionem
1817 5439 2006 5496 referri
2038 5455 2180 5511 prae-

606 5538 833 5611 cipiunt.

678 5714 764 5770 10.
814 5714 1065 5771 Omnium
1116 5719 1470 5789 mctropolion
1516 5718 2029 5791 elepiscopatuum,
2060 5731 2179 5773 mo-

603 5793 1077 5879 itasteriorumque
1100 5820 1152 5867 ct
1182 5813 1534 5868 ecclesiarum
1566 5828 1697 5869 cura
1729 5823 1785 5871 et
1815 5813 2078 5884 judicium
2112 5816 2179 5869 ad

2291 4611 2368 4683 τῷ
2382 4611 2654 4685 ἀνθρώπῳ
2682 4614 3096 4686 συνισταμένης,
3118 4615 3186 4669 τὰ
3201 4615 3440 4685 μέγιστα
3466 4616 3560 4669 καὶ
3575 4614 3875 4683 ἀναγκαιό-

2292 4720 2430 4758 τατα
2493 4702 2657 4776 μέρη,
2692 4704 2947 4776 βασιλεύς
2977 4707 3093 4761 ἐστι
3138 4707 3231 4761 καὶ
3261 4707 3636 4778 πατριάρχης·
3669 4706 3751 4760 διὸ
3783 4706 3877 4759 καὶ

2295 4797 2328 4865 ὴ
2362 4796 2505 4849 κατά
2536 4796 2714 4866 ψυχὴν
2749 4798 2842 4851 καὶ
2873 4797 3034 4869 σῶμα
3067 4797 3176 4853 τῶν
3215 4799 3474 4871 ὑπηκόων
3518 4800 3731 4871 εἰρήνη,
3783 4801 3875 4852 καὶ

2289 4888 2606 4958 εὐδαιμονία
2636 4887 2918 4958 βασιλείας
2963 4890 3092 4945 ἐστὶ
3133 4890 3227 4946 καὶ
3258 4892 3655 4963 ἀρχιεροσύνης
3683 4895 3741 4947 ὲν
3774 4895 3872 4947 πᾶ-

2292 4996 2374 5034 σιν
2398 4978 2746 5053 ὁμοφροσύνη
2778 4984 2873 5035 καὶ
2905 4985 3217 5055 συμφωνία.

2362 5163 2425 5218 θ’.
2472 5165 2529 5218 '0
2561 5167 3196 5235 Κωνσταντινουπόλεως
3231 5168 3441 5241 θρονος,
3474 5171 3720 5243 βασιλεία
3747 5173 3873 5225 s7:-

2289 5260 2610 5331 κοσμηθεὶς,
2644 5263 2766 5326 ταῖς
2804 5261 3109 5325 συνοδικαϊς
3131 5261 3334 5334 ψήφοιν,
3367 5264 3584 5334 πρῶτος
3604 5266 3870 5338 ἀνῃρέθη,

2287 5345 2377 5415 αἷς
2422 5354 2517 5406 καὶ
2557 5353 2607 5407 oi
2636 5354 2767 5407 θεῖοι
2828 5353 3361 5418 κατακολουθοῦντες
3408 5357 3583 5427 νόμοι,
3632 5357 3725 5409 καὶ
3770 5360 3873 5420 τὰς

2264 5446 2393 5500 ὑπὸ
2423 5447 2547 5510 τοὺς
2579 5447 2799 5518 ἐτέρους
2826 5447 3052 5518 θρόνους
3073 5446 3366 5518 γινομένας
3399 5447 3871 5521 ἀμφισϐητήσειε,

2287 5538 2392 5592 ὑπὸ
2430 5539 2530 5609 τὴν
2556 5540 2791 5607 ἐκείνου,
2826 5541 3228 5614 προστάττουσι
3262 5540 3559 5610 διάγνωσιν
3595 5543 3874 5615 ἀναφέρε-

2286 5632 2409 5685 σθαι
2444 5633 2540 5685 καὶ
2583 5633 2786 5704 κρίσιν.

2357 5732 2410 5779 ι’.
2440 5725 2637 5779 Πασῶν
2678 5726 2785 5780 τῶν
2824 5727 3215 5798 μητροπόλεων
3244 5728 3341 5782 καὶ
3372 5727 3743 5795 ἐπισκοπείων
3770 5743 3871 5798 μο-

2284 5815 2594 5886 ναστηρίων
2639 5832 2697 5869 τε
2733 5817 2828 5870 καὶ
2874 5817 3202 5890 ἐκκλησιῶν,
3237 5820 3272 5889 ἡ
3311 5818 3536 5890 πρόνοια
3564 5819 3660 5875 καὶ
3699 5832 3872 5888 φρον-
