4042 6344
204 239 298 305 4θ5
1348 272 1351 273 ν
1435 238 1783 303 DELECTU

1887 237 2161 299 LEGUM.‘
3322 231 3432 292 406

203 356 291 421 τὶς,
316 353 391 407 Eu
422 350 476 406 δὲ
516 350 610 407 καὶ
640 350 823 427 κρίσις
871 350 1320 425 καὶκατάχρισις
1350 353 1446 407 καὶ
1476 352 1749 417 ἀθώωσις,
1783 404 1784 408 η

1887 350 2136 420 ιΓοβι-Ῑιιηὶ
2168 349 2540 419 patriarcltam
2572 354 2805 417 spectat,
2829 345 3430 416 Constantinopolitano

199 447 266 518 τῷ
287 446 460 516 οἰκείῳ
508 447 826 521 πατριάρχῃ
856 446 1163 511 ἀνάκειται,
1197 446 1273 518 τῷ
1306 446 1375 500 δὲ’
1400 448 1758 501 Κωνσταντι-

1887 459 1989 523 ἐι-ο
2022 444 2145 500 licet
2189 446 2353 498 etiam
2396 443 2452 497 in
2503 443 2733 497 aliarum
2784 442 2992 497 sedium
3027 440 3341 506 territoriis,
3378 441 3431 494 in

198 538 475 601 νουπόλεως
514 538 789 611 προέδρῳ,
818 537 996 615 ξξεστι
1025 539 1117 594 καὶ
1149 539 1208 593 ὲν
1249 540 1371 604 ταῖς
1418 539 1527 593 τῶν
1576 536 1752 592 ἄλλων

1887 539 2056 611 [uibus
2105 539 2221 595 haec
2253 539 2610 609 praerogativa
2641 552 2748 592 non
2791 543 2896 603 est,
2928 536 3173 590 crucium
3211 534 3440 591 lixiones

201 632 381 704 θρόνων
420 629 678 701 ὲνορίαις,
720 633 779 685 ὲν
821 624 909 695 οἷς
956 631 1059 685 οὐκ
1107 629 1223 685 ἔστι
1291 629 1752 702 προκαθιέρωσις,

1887 648 1915 687 n
1941 630 2154 701 templis
2183 629 2481 685 concedere
2512 647 2525 683 :
2562 642 2737 697 neque
2764 627 2865 681 hoc
2889 627 3086 690 solum,
3121 627 3212 681 sed
3238 636 3291 679 et
3316 641 3441 680 con-

201 721 309 778 ναοῦ
342 722 716 793 σταυροπήγια
746 720 969 790 διδόναι,
1002 722 1066 776 οὐ
1099 721 1208 794 μὴν
1241 721 1380 776 ἀλλὰ
1428 721 1523 775 καὶ
1554 719 1653 784 τὰς
1696 721 1756 773 ὲν

1887 727 2153 784 roversias
2206 727 2258 780 in
2297 724 2420 780 aliis
2462 722 2679 781 sedibus
2711 728 2928 781 exortes
2956 715 3209 776 dirimer‘e
3261 734 3325 773 ac
3356 718 3439 773 di-

201 818 295 877 τοῖς
318 812 488 876 ἄλλοις
525 813 743 884 θρόνοις
796 813 1102 886 γενομένας
1150 813 1614 885 ἀμφισϐητήσεις,
1642 815 1761 867 ἑπιο

1887 821 2101 877 udicare
2130 829 2330 890 potest.

200 907 364 977 τηρεῖν
392 905 486 959 καὶ
535 903 905 979 διορθοῦσθαι,
937 906 1033 962 καὶ
1084 907 1264 980 πέρας
1308 904 1609 960 ἐπιτιθέναι
1635 905 1754 967 ταῖς

204 1000 416 1071 κρίσεσι.

261 1099 344 1147 ια’.
371 1092 488 1147 Τῶν
512 1090 765 1165 ψυχικῶν
824 1095 1078 1151 ἁπάντων
1129 1095 1162 1167 ἡ
1210 1095 1457 1167 πρόνοια,
1514 1093 1595 1165 τῷ
1650 1110 1757 1150 πα-

1931 1089 2018 1144 ll.
2053 1084 2132 1167 Ad
2162 1084 2533 1159 patriarchatn
2573 1090 2786 1156 spectat
2813 1096 2945 1138 cura
2973 1081 3214 1136 omnium
3259 1092 3441 1133 rerum

203 1186 410 1258 τριαρχῃ
458 1164 766 1254 ἀνάκειται,
800 1164 1235 1261 ἀναφέρεται-δὲ
1256 1164 1382 1242 *καὶ
1428 1187 1507 1251 εἰς
1534 1164 1759 1259 ἐτέρους

1887 1181 1929 1237 ιὰ
1965 1164 2161 1236 animae
2202 1180 2430 1235 salutem
2482 1176 2895 1247 pertinentium,
2955 1172 3286 1229 transfertur
3315 1184 3444 1225 vero

204 1271 271 1342 οἷς
319 1278 380 1331 ἂν
432 1280 644 1344 ἐκεῖνος
678 1280 1053 1351 ἀναφέρεσθαι
1086 1280 1379 1352 δοκιμάσῃ,
1410 1278 1673 1345 ὡσαύτως
1703 1281 1760 1334 δὲ

1887 1282 1919 1328 :t
1966 1273 2033 1328 ad
2084 1272 2219 1327 alios
2266 1271 2461 1341 quibus
2518 1271 2633 1341 ipse
2686 1267 3071 1324 mandaverit:
3106 1264 3359 1321 similiter
3390 1274 3446 1319 et

205 1370 283 1423 καὶ
314 1369 598 1439 μετανοίας
620 1370 715 1425 καὶ
746 1373 1104 1444 ἐπιστροφῆς,
1127 1373 1233 1427 ἀπό
1262 1390 1320 1426 τε
1344 1374 1762 1444 ἁμαρτημάτων

1887 1366 2219 1433 tmnitentiaa,
2241 1373 2294 1419 et
2315 1364 2687 1421 conversionis
2711 1379 2739 1416 a
2774 1361 3013 1433 peccatis
3042 1368 3095 1413 et
3123 1358 3443 1412 btcresibus.

204 1464 283 1515 καὶ
313 1460 594 1531 αἱρέσεων,
620 1462 783 1527 αὐτὸς
812 1463 907 1517 καὶ
935 1462 1097 1532 μόνος
1124 1464 1452 1518 καθίσταται
1480 1462 1762 1535 διαιτητής

1890 1472 1987 1527 pse
2015 1467 2192 1512 autem
2240 1459 2389 1511 solus
2424 1452 2772 1509 constituitur
2814 1453 3145 1518 disceptator
3174 1458 3228 1501 et
3258 1445 3444 1516 judex,

204 1569 252 1604 τε
279 1552 364 1605 καὶ
380 1549 635 1622 γνώμων,
662 1553 757 1606 καὶ
774 1551 869 1617 οὓς
892 1551 959 1607 ἂν
984 1554 1147 1618 αὐτὸς
1175 1555 1355 1628 ὁρίοῃο
1380 1554 1477 1609 καὶ
1499 1555 1644 1609 κατὰ
1663 1555 1762 1618 τὰς

1887 1568 1980 1605 um
2011 1558 2066 1606 et
2096 1552 2130 1604 ii
2168 1549 2363 1620 quibus
2408 1548 2528 1618 ipse
2564 1545 2947 1602 mandaverit:
2982 1543 3077 1598 sed
3109 1550 3162 1595 et
3197 1554 3293 1611 per
3328 1551 3448 1591 me-

208 1648 546 1718 μητροπόλεις
574 1648 634 1701 δὲ
666 1649 760 1702 καὶ
812 1650 1141 1717 ἑπισκοπὰς,
1167 1656 1283 1716 τοῖς
1334 1652 1763 1725 μητροπολίταις

1894 1640 2105 1711 ropoles
2148 1649 2201 1692 et
2256 1638 2621 1709 episcOpatus,
2666 1632 3026 1703 metropolitis
3082 1640 3135 1687 et
3179 1627 3449 1701 episcopis

208 1759 254 1795 τε
296 1741 385 1887 tu?
434 1741 759 1806 ἐπισκόποις
820 1743 854 1814 ἡ
900 1743 1041 1816 αὐτὴ
1092 1744 1430 1817 φυλάττεται
1477 1746 1633 1814 τάξις
1669 1746 1765 1801 καὶ

208 1833 344 1887 ὲὲουσ
365 1850 420 1887 α.

208 1833 420 1899 ἐξουσία.

784 1932 1035 1988 ΤΙΤΔΟΣ
1073 1932 1144 1988 Δ’.

462 2028 603 2098 Περὶ
632 2026 857 2095 τάξεως
879 2025 1149 2098 ἐπάρχου
1187 2027 1448 2094 πόλεως.

266 2128 327 2177 α’.
374 2119 431 2176 ’0
461 2121 564 2191 τῆς
588 2121 797 2185 πόλεως
818 2118 1059 2190 ἔπαρχος
1088 2117 1267 2172 πάντα
1300 2119 1456 2189 ζητεῖ
1477 2118 1544 2171 τὰ
1566 2118 1763 2192 ἐγκλή-

212 2229 358 2285 ματα,
392 2213 485 2268 καὶ
516 2212 585 2267 τὰ
612 2213 671 2266 ἑν
696 2213 764 2284 τῇ
798 2209 949 2265 πόλει
977 2210 1241 2281 γινόμενα
1272 2211 1559 2282 ἀκροᾶται.

269 2393 328 2465 β’.
368 2394 425 2449 ’0
460 2394 561 2465 τῆς
609 2392 821 2458 πόλεως
870 2392 1135 2465 ἔπαρχος,
1168 2391 1278 2447 τῶν
1311 2392 1767 2464 προσφευγόντων

209 2486 387 2541 δούλων
413 2486 509 2541 καὶ
537 2485 648 2539 τῶν
682 2485 951 2554 λεγόντων
972 2483 1219 2558 ἀργυρίῳ
1247 2486 1361 2557 ἰδίῳ
1388 2483 1768 2558 ἀγορασθῆναι

212 2579 289 2632 ἐπὶ
321 2578 397 2650 τῷ
444 2578 881 2649 ἐλευθερωθῆναι
931 2578 1133 2642 αὐτοὺς
1174 2579 1461 2649 ἀκροᾶται,
1516 2578 1611 2632 καὶ
1660 2579 1770 2632 τῶν

1868 1730 2062 1787 eadem
2094 1737 2337 1803 potestas
2367 1739 2418 1786 et
2449 1728 2805 1799 praerogativa
2838 1734 3105 1781 servatur.

2444 1909 2752 1968 TITULUS
2789 1907 2857 1964 iV

2298 2002 2374 2058 De
2398 2002 2562 2070 oﬂicio
2600 1999 2833 2070 praefecti
2860 1999 3025 2053 urbis.

1946 2101 1996 2156 l.
2028 2097 2111 2171 (L.
2140 2115 2176 2162 ι,
2206 2098 2262 2152 in
2291 2113 2371 2166 pr.
2413 2097 2473 2165 [Τ.
2512 2095 2591 2150 οε
2621 2095 3002 2165 oﬁic.praefcct.
3038 2089 3179 2164 urb.)
3222 2088 3453 2143 Prtefec-

1874 2200 1961 2248 tus
1996 2192 2112 2246 urbi
2145 2190 2326 2248 omnia
2358 2190 2576 2244 omnino
2600 2186 2831 2242 crimina
2873 2185 3122 2255 inquirit,
3152 2192 3205 2237 et
3238 2182 3302 2236 de
3334 2196 3453 2236 ont-

1876 2287 2032 2341 nibus
2063 2283 2347 2356 quae'intra
2381 2284 2570 2339 urbem
2607 2282 2989 2344 admittuntur,
3042 2277 3344 2348 cognoscit.

1946 2378 2001 2432 2.
2029 2378 2327 2433 Praefectus
2356 2376 2498 2445 urbi,
2535 2390 2744 2441 servos,
2776 2374 2866 2445 qui
2900 2373 2966 2428 ad
3016 2384 3229 2427 statuas
3260 2370 3456 2426 conlu-

1878 2471 2080 2544 gerint,
2128 2470 2329 2541 quique
2355 2482 2540 2526 sesua
2587 2468 2814 2540 pecunia
2859 2477 3071 2537 emptos
3120 2465 3356 2521 dixerint
3397 2475 3456 2518 ut

1879 2563 2356 2630 manumittantur,
2413 2560 2620 2627 audiet,
2664 2558 2759 2616 sed
2800 2568 2857 2616 et
2909 2568 3189 2629 patronos,
3220 2556 3461 2612 maxime

212 2648 490 2745 πατρῶνων
580 2673 823 2745 μάλιστα
882 2671 992 2726 τῶν
1046 2672 1293 2744 ἀπόρων,
1363 2671 1769 2745 ἐπιζητούντων

1887 2654 1925 2712 si
1961 2663 2182 2726 egentes
2205 2655 2335 2724 sint,
2365 2652 2779 2724 desiderentque
2808 2665 2839 2706 a
2868 2649 3080 2707 libertis
3110 2648 3202 2705 ali.
3239 2728 3243 2733 ρ

214 2767 576 2839 διαστραφῆναι
603 2764 760 2837 παρὰ
793 2765 904 2819 τῶν
930 2764 1337 2838 ἀπελευθέρων.

269 2866 336 2927 γ’.
379 2860 438 2913 '0
484 2859 588 2930 τῆς
637 2859 849 2924 πόλεως
906 2857 1166 2932 ἔπαρχος,
1219 2857 1318 2911 καὶ
1380 2857 1637 2929 ὲξορίζει,
1674 2858 1771 2913 καὶ

215 2952 513 3026 περιορίζει,
567 2952 663 3007 τοῦ
710 2952 977 3025 βασιλέως
1023 2950 1128 3029 τὴν¹
1174 2948 1408 3025 νῆσονῆ
1461 2951 1649 3018 ἁπλῶς
1678 2951 1811 3021 τὸν,

1804 3050 1851 3117 C
1884 3041 2034 3089 rator
2063 3030 2377 3103 assignavit,
2410 3029 2683 3085 licentiam
2713 3026 2893 3083 habet.

212 3047 355 3101 τόπον
385 3048 682 3120 ὁρίζοντος.

272 3141 328 3195 δ’.
366 3140 425 3195 '0
460 3143 560 3211 τῆς
604 3139 815 3203 πόλεως
872 3128 1135 3211 ἔπαρχος,
1164 3134 1324 3211 ζητεῖ
1360 3136 1454 3192 καὶ
1503 3136 1571 3192 τὰ
1628 3137 1781 3203 ἐντὸς

218 3233 390 3287 ικατδν
425 3234 619 3306 μιλίων
650 3232 751 3306 τῆς
791 3232 1000 3299 πόλεως
1028 3228 1523 3305 πλημμελούμενα,
1572 3230 1635 3285 οὐ
1672 3230 1782 3303 μὴν

216 3328 275 3381 τὰ
301 3326 650 3401 πορρωτέρω.
684 3327 691 3339 ⁸

279 3427 338 3477 ε’.
375 3422 532 3493 Παρὰ
561 3419 640 3493 τῷ
672 3418 774 3492 τῆς
808 3418 1018 3483 πόλεως
1048 3418 1278 3489 ἐπάρχῳ
1319 3414 1784 3488 παραπέμπονται

217 3515 306 3569 καὶ
352 3516 399 3569 οἱ
446 3513 636 3578 κακῶς
686 3511 965 3584 γινόμενοι
1021 3509 1346 3584 κηδεμόνες,
1381 3509 1477 3564 καὶ
1535 3506 1784 3582 μείζονος

217 3606 605 3676 ὑπεξελεύσεως
630 3604 949 3677 χρῄζοντες,
981 3604 1077 3659 καὶ
1099 3606 1147 3658 oi
1178 3602 1474 3665 δεδωκότες
1495 3601 1783 3673 χρήματα,

216 3702 304 3754 ἐπὶ
351 3703 406 3755 τὸ
449 3702 820 3770 ἐπιτροπᾶσαι
854 3699 888 3769 ἢ
921 3698 1181 3761 λαϐόντες
1238 3696 1318 3761 εἰς
1370 3695 1431 3748 τὸ
1474 3695 1783 3766 ἐμποδίσαι,

218 3795 456 3863 γενέσθαι
482 3792 828 3865 ἐπιτηδείους
862 3792 957 3845 καὶ.
989 3790 1039 3845 οἱ
1072 3788 1329 3860 ἐπίτηδες
1373 3787 1614 3859 ἡττόνως
1645 3787 1785 3842 ἀπο-

220 3888 541 3961 γραψάμενοι
568 3887 638 3941 τὰ
660 3885 765 3943 τοῦ
794 3884 916 3940 νέου
944 3882 1271 3956 πράγματα,
1301 3881 1335 3955 ἣ
1362 3882 1613 3953 φανερῶς
1645 3881 1788 3936 κατὰ

221 3983 357 4037 δόλον
382 3984 802 4054 ὲκποιήσαντες.

285 4080 357 4140 ς’.
395 4073 453 4127 '0
488 4076 589 4145 τῆς
671 4072 880 4134 πόλεως
933 4070 1176 4141 ἔπαρχος
1230 4066 1505 4138 φροντίζει
1563 4064 1655 4121 τοῦ
1712 4065 1787 4136 μὴ

223 4167 505 4238 προστῆναι
533 4165 627 4219 ὲπὶ
674 4162 905 4236 πορνείᾳ
939 4160 1198 4233 δημοσίᾳ,
1238 4156 1545 4229 ἀνδράποδα
1571 4156 1664 4211 καὶ
1692 4156 1787 4210 τοὸ

228 4260 419 4324 πιστῶς
476 4258 868 4314 συναλλάσσειν
924 4257 1054 4321 τοὺς
1099 4253 1460 4327 τραπεζίτας,
1520 4251 1613 4309 καὶ
1682 4251 1789 4306 ἀπ-

224 4349 423 4419 έχεσθαι
452 4350 561 4405 τῶν
583 4347 1005 4418 κεκωλυμένων.

1946 2849 2002 2904 '5.
2037 2846 2123 2918 (L.
2151 2844 2302 2916 ead.)
2328 2843 2629 2901 Praefectus
2664 2842 2785 2899 urbi
2806 2851 2861 2899 et
2886 2839 3164 2912 relegandi
3187 2844 3242 2896 et
3267 2838 3461 2909 depor-

1883 2941 2029 2998 tandi
2063 2942 2116 2997 iu
2162 2939 2393 2996 insulam
2434 2938 2523 2995 vel
2564 2939 2812 3008 quemvis
2860 2936 3063 3003 locum,
3090 2949 3251 3007 quem
3292 2933 3461 3004 impc-

1956 3130 2010 3186 4.
2057 3129 2141 3203 (ι.
2180 3130 2300 3185 ead.
2348 3127 2376 3201 §
2428 3127 2504 3199 l.)
2552 3125 2846 3182 Praefectus
2894 3123 3015 3179 urbi
3067 3121 3344 3192 cognoscit
3395 3121 3462 3177 de

1884 3222 2139 3279 omnibus
2159 3236 2281 3292 quae
2304 3221 2443 3276 intra
2478 3218 2837 3276 centesimum
2892 3215 3182 3272 miliarium
3223 3213 3460 3270 admissa

1884 3324 2032 3383 sunt,
2067 3330 2173 3370 non
2200 3314 2267 3369 de
2298 3313 2362 3369 iis
2384 3328 2504 3384 quae
2533 3311 2783 3367 ulterius.

1953 3412 2010 3469 5.
2043 3409 2093 3483 (ς
2116 3409 2195 3481 2.)
2222 3407 2304 3463 Ad
2333 3405 2645 3477 praefectum
2677 3405 2826 3460 urbis
2858 3403 3020 3460 etiam
3051 3402 3252 3458 remitti
3286 3402 3465 3458 solent

1885 3502 1925 3559 ii
1982 3500 2074 3572 qui
2120 3500 2260 3555 male
2317 3498 2537 3552 tutelam
2590 3494 3061 3559 administrarunt,
3114 3504 3167 3548 et
3216 3492 3465 3561 graviore

1887 3580 2362 3651 animadversione
2427 3590 2698 3659 indigent;
2769 3587 2968 3657 quique
3030 3593 3254 3641 tutelam
3322 3584 3464 3638 datis

1887 3686 2125 3744 nummis
2158 3691 2511 3754 occuparunt,
2542 3689 2634 3736 aut
2657 3680 2896 3750 acceptis
2919 3693 3137 3749 operam
3175 3678 3463 3741 dederunt,

1887 3788 1948 3834 ut
1975 3792 2085 3833 non
2111 3777 2336 3832 idoneus
2364 3782 2516 3830 tutor
2540 3771 2700 3827 alicui
2725 3772 2965 3834 daretur,
2989 3768 3188 3838 quique
3217 3766 3462 3823 consulto

1890 3868 2037 3923 circa
2083 3864 2351 3922 edendum
2398 3860 2785 3932 patrimonium
2834 3859 3191 3928 quantitatem
3249 3858 3464 3912 minue-r

1889 3972 2036 4029 runt,
2065 3952 2151 4017 vel
2184 3957 2420 4014 evidenti
2449 3956 2642 4011 fraude
2671 3954 2855 4025 pupilli
2887 3955 3024 4008 bona
3058 3953 3387 4007 alienarunt.

1963 4054 2017 4110 6.
2060 4051 2111 4125 (§
2138 4051 2217 4124 5.)
2254 4049 2548 4106 Praefectus
2578 4047 2697 4103 ttrbi
2751 4061 2947 4103 curare
2983 4044 3141 4101 debet
3176 4054 3232 4100 ut
3263 4045 3468 4100 manci-

1890 4150 1980 4221 pia
2006 4157 2221 4204 tueatur
2245 4158 2313 4200 ne
2353 4144 2772 4216 prostituantur,
2809 4148 3072 4212 praeterea
3116 4150 3171 4193 ut
3203 4154 3470 4195 nummu-

1892 4240 2014 4296 larii
2046 4238 2214 4310 probe
2241 4250 2301 4291 se
2341 4242 2533 4305 gerant
2575 4233 2721 4288 circa
2771 4245 2933 4288 omne
2977 4232 3251 4301 negotium
3284 4245 3463 4296 suum,

1894 4342 1948 4390 et
1974 4337 2280 4400 temperent
2302 4327 2371 4384 ab
2397 4327 2482 4381 his
2516 4340 2638 4398 quae
2676 4334 2804 4381 sunt
2826 4323 3117 4395 prohibita.

285 4443 345 4508 ζ’.
386 4443 442 4496 '0
474 4442 573 4511 τῆς
620 4412 835 4503 πόλεως
872 4437 1115 4509 ἔπαρχος
1144 4435 1469 4507 σωφρονίζει
1522 4436 1616 4489 κοι)⁵
1662 4437 1784 4500 τοὺς

1929 4424 2021 4496 ,7.
2056 4422 2117 4496 (ς
2140 4420 2219 4495 Δ.)
2253 4419 2550 4477 Praefectus
2595 4417 2715 4475 urbi
2748 4417 3016 4488 castigare
3046 4412 3185 4472 solet
3209 4415 3370 4473 etiam
3401 4416 3465 4469 li-

225 4536 603 4606 ἁπελευθέρους
639 4529 1212 4603 καταφρονοῦντας,ἢ
1274 4528 1604 4599 ὑϐρίζοντας
1660 4526 1789 4591 τοὺς

226 4627 516 4699 πατρὼνας,
549 4628 582 4699 ἢ
638 4625 741 4691 τὰς
799 4622 1069 4695 γαμετὰς,
1104 4621 1143 4693 ἢν
1170 4620 1304 4686 τοὺς
1348 4621 1546 4685 παῖδας
1582 4620 1787 4685 αὐτῶν,

227 4722 443 4776 ἀπειλῶν
474 4722 571 4775 καὶ
613 4718 912 4790 μαστίξων,
941 4716 973 4787 ἢ
1010 4715 1188 4778 ἄλλως
1221 4714 1358 4786 πρὸς
1380 4714 1441 4770 τὸ
1480 4713 1791 4785 ἁμάρτημα

227 4815 459 4881 ἐπεξιών·
500 4815 557 4867 ει
601 4813 657 4866 δὲ
706 4810 1194 4882 συκοφαντήσωσιν
1242 4805 1465 4873 αὐτοὺς,
1496 4806 1528 4878 ἦ
1562 4808 1674 4869 τοῖς
1696 4807 1789 4877 έχ-

230 4902 360 4978 θροϊς
387 4906 569 4963 αὐτῶν
600 4904 1011 4976 συμπνεύσωσι,
1048 4900 1381 4973 τυπτόμενοι
1409 4899 1503 4954 καὶ
1530 4900 1790 4972 κουρευό·

232 5020 364 5069 μενοι
417 5002 514 5058 καὶ
556 4997 1026 5070 ἀναδουλοΰμενοι,
1074 4994 1413 5051 ἀποδίδονται
1461 4995 1577 5059 τοῖς
1625 5010 1789 5047 συκοο

229 5099 551 5169 φαντηθεῖσι.

288 5183 349 5254 η’.
395 5185 454 5238 '0
503 5184 604 5255 τῆς
656 5182 866 5247 πόλεως
912 5180 1175 5255 ἔπαρχος,
1237 5179 1513 5251 φροντίζει
1564 5180 1659 5233 καὶ
1694 5177 1788 5233 τοῦ

230 5273 443 5342 δικαίοις
472 5276 754 5348 τιμήμασι
784 5275 847 5330 τὸ
876 5275 1047 5345 κρέας
1075 5272 1485 5345 πιπράσκεσθαι
1509 5285 1527 5304 ’
1570 5271 1665 5325 καί
1690 5271 1790 5341 τῆς

231 5373 433 5444 εἰρήνης
486 5375 583 5428 καὶ
635 5366 738 5443 τῆς
796 5371 908 5427 τῶν
952 5370 1197 5443 θεωριῶν
1252 5368 1644 5433 καταστάσεως
1695 5370 1791 5427 καὶ

232 5464 328 5536 ἔχει
350 5467 688 5539 στρατιώτας
712 5467 805 5521 ἐπὶ
826 5469 894 5538 τῇ
925 5466 1142 5537 εἰρήνῃ,
1160 5463 1256 5519 καὶ
1278 5463 1375 5519 ἐπὶ
1400 5463 1462 5518 τὺ
1489 5462 1788 5534 ἀναφέρειν

234 5557 793 5652 αδτῷᾑῂπανταχοῠ
820 5559 1142 5632 κινούμενα.

295 5736 357 5792 θ’.
403 5735 461 5793 ὐ
497 5737 595 5806 τῆς
623 5736 831 5803 πόλεως
860 5736 1103 5806 επαρνος
1151 5734 1377 5802 δύναται
1420 5729 1787 5803 ἀπαγορεύειν

1891 4521 2098 4585 bertos,
2130 4523 2540 4573 contemnentes
2572 4523 2666 4569 aut
2690 4509 3015 4567 contumelia
3047 4509 3343 4565 allicientes
3370 4522 3467 4578 pa-

1890 4622 2077 4669 tronos
2115 4611 2201 4667 vel
2239 4622 2437 4666 uxores
2480 4606 2682 4663 liberos
2729 4620 2794 4662 ve
2826 4620 3039 4668 eorum,
3082 4604 3467 4659 comminando

1891 4703 2102 4760 scilicet
2128 4690 2224 4756 aut
2244 4698 2471 4769 ﬂagellis
2492 4696 2767 4761 caedendo,
2794 4703 2886 4750 aut
2906 4694 3065 4749 aliter
3086 4710 3181 4763 pro
3206 4693 3466 4761 qualitate

1891 4798 2070 4853 delicti
2100 4810 2222 4850 eum
2272 4790 2573 4862 puniendo;
2606 4790 2650 4846 si
2694 4803 2822 4844 vero
2850 4796 2903 4843 et
2949 4787 3243 4841 detulerint
3296 4785 3463 4854 ipsos,

1892 4890 1977 4946 vel
2020 4904 2143 4945 cum
2196 4885 2433 4942 inimicis
2478 4898 2667 4939 eorum
2716 4880 3171 4950 conspirat-crint,
3230 4878 3467 4933 fustibus

1892 4975 2143 5048 castigati
2190 4982 2247 5030 et
2287 4983 2530 5039 tonsura,
2570 4971 2735 5040 inque
2763 4970 3083 5025 servitutem
3133 4969 3332 5023 iterum
3379 4982 3466 5023 rc-

1892 5071 2060 5134 daeti,
2096 5066 2365 5124 deduntur
2392 5065 2458 5121 iis
2485 5080 2623 5134 quos
2650 5062 2985 5118 detulerunt.

1961 5164 2012 5220 8.
2045 5163 2095 5236 (ᾗ
2130 5163 2163 5219 5
2189 5170 2244 5218 et
2272 5161 2352 5232 6.)
2385 5159 2676 5215 Praefectus
2717 5159 2835 5213 urbi
2899 5172 3093 5213 curare
3130 5159 3290 5222 solet,
3327 5166 3383 5212 ut
3413 5168 3467 5212 et

1891 5274 2020 5317 caro
2049 5258 2228 5313 omnis
2256 5254 2404 5327 justo
2438 5252 2612 5325 pretio
2655 5251 2936 5307 vendatur.
2979 5250 3072 5306 sed
3103 5263 3153 5306 et
3189 5252 3341 5320 quies
3367 5268 3465 5321 po-

1890 5349 2159 5423 pularium
2190 5358 2243 5403 et
2270 5345 2552 5414 disciplina
2581 5342 3006 5414 spectaculorum
3036 5343 3104 5397 ad
3136 5343 3305 5412 ipsum
3334 5358 3463 5412 per-

1891 5448 2028 5503 tinet
2058 5460 2071 5497 :
2103 5453 2152 5498 et
2186 5442 2387 5497 habere
2415 5437 2575 5493 debet
2616 5436 2907 5504 dispositos
2951 5434 3146 5489 milites
3188 5437 3254 5488 ad
3303 5444 3464 5493 tuen-

1892 5542 2014 5596 dam
2052 5536 2311 5608 quietem,
2342 5541 2396 5588 et
2442 5531 2510 5585 ad
2556 5528 2898 5585 referendum
2950 5527 3051 5583 sibi
3103 5528 3229 5597 quid
3264 5528 3463 5599 ubique

1890 5642 2103 5704 agatur.

1966 5729 2017 5782 ‘J.
2071 5724 2097 5796 §
2128 5723 2202 5795 7.)
2236 5718 2532 5777 mecctus
2557 5716 2674 5772 urbi
2723 5721 2898 5788 potest
2933 5712 3089 5769 alicui
3123 5714 3252 5769 urbe
3292 5714 3465 5771 inter-
