4042 6344
560 358 675 426 471

570 575 631 620 ιιι
668 564 851 621 omnia
891 568 1044 634 puris
1078 570 1329 626 manibus
1380 572 1569 639 faciat,
1611 575 2005 645 ministrosque
2056 577 2151 630 ha—

572 656 718 722 beat,
734 672 839 713 non
876 660 1119 715 avaritia:
1140 670 1233 715 aut
1256 663 1429 733 turpis
1446 664 1583 720 lucri
1610 667 1883 723 studiosos
1902 684 1917 720 :
1934 676 2152 739 oportet

568 750 714 805 enim
760 758 814 805 et
863 750 1035 818 ipsum
1079 755 1292 809 sincere
1339 770 1404 811 ac
1449 756 1618 813 libere
1659 759 1948 829 imperare,
1998 770 2053 815 et
2103 761 2148 816 si

566 838 697 910 quid
729 855 758 895 a
795 842 1061 899 ministris
1091 832 1572 904 suis‘commissum
1605 850 1869 916 inveniat,
1901 852 1953 907 id
1972 852 2146 918 ipsum

564 934 785 1004 punire,
815 942 874 990 ut
902 936 1141 1008 ipsorum
1176 940 1423 1007 exemplo
1452 942 1706 996 ostendat
1737 943 1904 999 animi
1939 946 2021 999 sui
2057 944 2151 1000 lir-

566 1025 816 1083 mitatem
848 1039 902 1085 et
928 1029 1378 1090 moderationem.

635 1216 691 1270 9.
748 1217 1011 1283 Quaestori
1066 1217 1343 1273 licentiam
1396 1220 1608 1285 damus,
1663 1222 1828 1277 etiam
1884 1222 2147 1292 prmities

565 1308 971 1378 provinciarum
1005 1310 1072 1366 ad
1107 1326 1210 1366 nos
1259 1311 1502 1379 deferre;
1550 1312 1834 1383 ipsumque
1872 1315 2015 1367 domi
2050 1330 2145 1368 cu-

566 1414 692 1455 rare
734 1417 854 1470 quae
886 1417 1024 1472 opus
1070 1414 1257 1471 erunt,
1312 1419 1379 1460 ne
1429 1404 1804 1460 inﬁrmitatem
1858 1414 1951 1459 aut
1997 1405 2143 1460 aliud

565 1492 786 1563 aliquod
816 1495 1261 1565 impedimentum
1290 1506 1548 1553 causatus
1576 1496 1781 1568 judicio
1814 1508 2002 1554 nostro
2029 1498 2134 1553 mi-

565 1597 669 1639 nor
701 1584 805 1640 sibi
832 1585 933 1655 ipsi
965 1586 1233 1643 rideatur.

639 1675 732 1733 10.
778 1677 1045 1745 Quaestori
1077 1680 1355 1735 licentiam
1393 1683 1611 1749 damus,
1643 1682 1874 1752 publicis
1903 1680 2142 1754 epistolis

561 1772 643 1827 uti
692 1772 759 1827 ad
807 1772 1069 1842 praesides
1111 1776 1553 1844 provinciarum,
1588 1787 1647 1831 ut
1685 1778 1776 1847 qui
1816 1779 1883 1832 ab
1919 1776 2037 1847 ipso
2086 1777 2141 1832 in

563 1862 779 1918 illorum
823 1866 1137 1931 provincias
1174 1867 1325 1922 missi
1371 1876 1517 1935 sunt,
1561 1883 1756 1924 secure
1791 1868 1903 1925 illic
1948 1869 2144 1937 degere
2175 1850 2218 1906 Β

563 1952 796 2023 possint,
830 1961 887 2009 et
931 1953 977 2010 si
1020 1970 1131 2024 quo
1167 1955 1343 2028 legum
1388 1959 1592 2013 auxilio
1640 1958 1958 2031 indigeant,
1995 1974 2064 2015 ne
2092 1960 2144 2015 id

563 2044 698 2115 ipsis
753 2045 1089 2117 denegetnr,
1140 2059 1311 2119 utque
1359 2050 1683 2119 provideant
1736 2052 2027 2123 inprimis,
2079 2066 2146 2107 ne

563 2142 764 2196 iterato
820 2140 923 2210 ipsi
973 2141 1225 2197 molestia
1275 2141 1638 2209 exhibeatur;
1674 2144 1717 2198 si
1763 2142 1906 2199 enim
1954 2158 2146 2199 rursus

562 2234 619 2288 in
643 2233 749 2289 hac
780 2232 1061 2302 splendida
1093 2242 1149 2289 et
1179 2233 1324 2291 felici
1368 2234 1502 2289 urbe
1527 2236 1945 2304 deprehenderit
1966 2250 2143 2306 quos-

561 2326 709 2397 piam
745 2325 947 2383 frustra
983 2326 1279 2396 latitantes,
1314 2326 1399 2385 bis
1427 2329 1671 2385 remissis
1700 2329 1895 2386 iterum
1928 2330 1983 2385 in
2017 2344 2145 2402 pro-

564 2417 713 2487 prias
740 2420 992 2490 regiones
1034 2427 1086 2475 et
1112 2427 1512 2490 competentem
1554 2419 1940 2477 coercitionem
1966 2421 2143 2493 impo-

564 2523 680 2580 nat,
719 2520 777 2570 et
824 2518 951 2569 cum
995 2513 1234 2584 graviori
1290 2526 1451 2585 pcena
1498 2513 1757 2571 dimissos
1804 2529 1995 2571 rursus
2042 2527 2144 2571 ex-

563 2605 749 2684 pellat.

1141 2831 1445 2890 TITULUS
1486 2832 1575 2889 Vl.

984 2946 1064 3004 De
1091 2948 1409 3018 prmidibus
1441 2948 1498 3002 in
1527 2964 1731 3019 genere.

636 3059 691 3116 Ι.
720 3058 805 3133 (L.
841 3074 881 3128 ι,
914 3059 979 3129 θ’.
1003 3057 1082 3114 De
1111 3060 1241 3130 omo.
1273 3058 1785 3130 pra’sid.)Prresidis
1822 3071 2021 3115 nomen
2054 3070 2149 3128 ge-

562 3152 752 3208 nerale
783 3162 887 3218 est,
924 3161 979 3206 et
1009 3152 1284 3222 signiﬁcat
1308 3160 1363 3206 et
1393 3152 1667 3207 exercitus
1698 3152 1914 3214 ducem,
1946 3159 2002 3206 et
2028 3164 2148 3221 pro-

562 3243 861 3308 consulem,
897 3253 954 3301 et
997 3259 1187 3299 omnes
1229 3244 1539 3314 provincias
1582 3254 1851 3315 regentes,
1905 3243 2029 3299 licet
2058 3258 2145 3299 se-

562 3344 787 3390 natores
819 3332 928 3390 sint
975 3346 1005 3389 :'
1026 3332 1367 3407 proconsulis
1412 3350 1543 3392 vero
1576 3335 1867 3405 appellatio
1893 3334 2145 3405 specialis

564 3434 671 3482 OSI.

636 3517 691 3572 2.
726 3515 813 3590 (L.
856 3516 969 3590 ιιι.)
1000 3517 1212 3575 Ρηεεες
1258 3518 1311 3573 in
1347 3534 1443 3575 sua
1472 3526 1691 3575 tantum
1729 3518 2009 3591 provincia
2043 3518 2145 3575 im-

562 3610 774 3681 perium
806 3613 989 3678 habet,
1021 3628 1150 3668 nam
1179 3622 1335 3669 extra
1362 3613 1505 3668 illam
1535 3612 1913 3684 privatus‘est.

634 3704 692 3759 5.
724 3702 810 3774 (L.
844 3703 944 3776 tv.)
984 3704 1198 3761 Prmses
1230 3706 1281 3760 in
1313 3706 1595 3775 provincia
1641 3720 1739 3761 sua
1773 3705 1948 3777 majus
1972 3705 2141 3777 impos

564 3798 705 3853 rium
738 3798 900 3853 habet
928 3799 1186 3855 omnibus
1213 3808 1336 3869 post
1360 3798 1685 3869 principem.

597 3949 603 3956 _
634 3889 689 3944 4.
722 3885 811 3961 (L.
836 3888 914 3959 v.)
945 3887 1156 3945 Praeses
1187 3897 1418 3944 tutorem
1459 3898 1551 3943 aut
1570 3887 1810 3959 iudicem
1852 3888 2142 3961 specialem

563 3979 728 4037 alicui
757 3981 874 4051 ipse
900 3996 960 4037 se
983 3982 1117 4037 dare
1153 3995 1259 4036 non
1290 3991 1491 4051 potest.

637 4073 692 4129 5.
726 4072 812 4144 (L.
844 4089 919 4141 vi,
968 4076 1022 4129 in
1040 4073 1224 4146 prim.)
1256 4074 1471 4131 Pracses
1502 4076 1794 4147 prohibeat
1841 4074 2058 4132 illicitas
2090 4085 2146 4131 et

562 4163 837 4220 violentas
866 4165 1183 4220 exactiones
1206 4175 1260 4220 et
1283 4174 1526 4221 extortas
1555 4174 1700 4220 metu
1725 4164 1811 4219 vel
1838 4164 1957 4220 sine
1982 4166 2145 4235 pretii

564 4258 945 4315 numerationc
987 4258 1349 4325 venditiones,
1396 4258 1635 4327 itemque
1672 4257 1857 4326 iniqua
1909 4256 2059 4313 lucra
2092 4268 2148 4314 et

567 4352 764 4407 damna
807 4369 824 4407 :
864 4351 1116 4420 inprimis
1139 4366 1268 4407 vero
1295 4360 1561 4420 sequatur
1584 4351 1907 4419 veritatem;
1942 4351 2147 4407 veritas

1594 368 2103 432 CONSTANTlNI
2148 364 2831 430 PORPHYBOGENITI

643 473 693 528 8.
724 470 974 539 Quaestor
1001 483 1055 530 et
1080 477 1350 548 praecipue
1376 487 1432 535 et
1458 491 1718 551 perpetuo
1750 498 1937 537 curam
1974 491 2147 553 gerat,
2178 491 2233 552 Α

3720 370 3821 433 472

2326 480 2399 549 η’.
2444 479 2505 536 Ὅ
2543 481 2861 549 κοιαίστωρ,
2914 480 3172 551 μέγιστον
3207 482 3437 537 πάντων
3467 482 3562 537 κιιλ⁸
3590 484 3833 555 διηνεκλς

2256 574 2430 645 ἐχέτω
2460 572 2618 627 τοῦτο
2676 572 3026 645 σπούδασμα,
3058 572 3120 626 τὸ
3174 572 3447 647 καθαραῖς
3496 578 3615 640 ταῖς
3643 578 3832 649 χερσὶν

2255 662 2473 717 ἅπαντα
2505 661 2785 735 πράττειν,
2829 661 2926 717 καὶ
2972 663 3102 725 τοὺς
3122 661 3535 733 ὕπουργοῦντας
3560 665 3724 735 ἔχειν,
3755 667 3827 739 μὴ

2256 754 2568 824 ρυπῶντας,
2612 755 2747 828 μηδὲ
2787 754 3014 827 αἰσχροῦ
3063 755 3355 827 λήμματος
3401 757 3684 821 ἐλάττους,
3719 761 3831 812 ἀλλ’

2250 847 2417 902 αὐτόν
2471 864 2533 901 τε
2563 846 2820 919 καθαρῶς
2865 849 2961 902 καὶ
3009 846 3315 919 ἐλευθέρως
3362 850 3573 921 ἄρχειν,
3603 853 3700 904 καὶ
3727 850 3829 905 είτι

2252 938 2462 994 τοιοῦτο
2490 939 2643 1012 παρὰ
2671 942 2782 995 τῶν
2803 942 3267 1012 ὑπηρετουμένων
3290 942 3465 1013 εὖροι,
3489 942 3649 997 τοῦτο
3670 944 3831 998 κολά-

2252 1032 2386 1101 ζειν,
2422 1034 2515 1087 καὶ
2564 1032 2625 1099 ἐξ
2668 1032 2849 1088 αὐτῶν
2896 1033 3113 1105 πρῶτον
3150 1034 3427 1089 δεικνύναι
3481 1036 3581 1107 τὴν
3638 1037 3829 1091 ἑαυτοῦ

2252 1127 2592 1199 στερῤὁτητά
2624 1143 2685 1181 τε
2718 1126 2856 1197 ὁμοῦ
2894 1126 2990 1182 καὶ
3020 1128 3399 1202 σωφροσύνην.
3452 1134 3480 1165 δ
3538 1158 3541 1159 ν
3864 1192 3872 1208 ,

2322 1215 2387 1273 θ’.
2424 1218 2515 1289 Τῷ
2545 1218 2867 1292 κοιαίστωρι
2905 1217 3119 1290 δίδομεν
3156 1218 3490 1291 παρρησίαν,
3518 1221 3613 1275 καὶ
3637 1221 3831 1291 ἄρχον-

2248 1328 2347 1375 τας
2398 1311 2635 1382 ἐνοχλεῖν
2669 1314 2767 1366 καὶ
2817 1314 2901 1377 είς
2947 1313 3097 1383 ἡμᾶς
3136 1311 3452 1384 ἀναφέρειν,
3497 1315 3595 1368 καὶ
3623 1315 3834 1369 οἴκοθεν
3906 1322 3909 1323 ⁷

2247 1401 2513 1474 πράττειν
2540 1403 2610 1458 τὰ
2630 1404 3003 1476 προσήκοντα,
3024 1405 3110 1458 ἵνα
3138 1406 3212 1477 μή
3244 1421 3305 1458 τε
3334 1404 3644 1469 ἀσθένειαν,
3696 1406 3832 1476 μήτε

2247 1494 2377 1549 ἄλλο
2407 1512 2459 1547 τι
2491 1495 2777 1561 παντελῶς
2802 1495 3147 1569 αἰτιώμενος,
3180 1497 3283 1569 τῆς
3332 1498 3612 1570 ἡμετέρας
3656 1499 3833 1571 ἐαυτῷ

2247 1588 2485 1660 κρίσεως
2539 1590 2780 1645 ἐλάττων
2809 1590 3028 1663 φανείη.

2322 1685 2373 1733 ι’.
2404 1677 2497 1751 Τῷ
2537 1681 2860 1754 κοιαίστωρι
2905 1681 3090 1737 ἄδειάν
3125 1683 3362 1755 δίδομεν,
3388 1683 3685 1757 δημοσίαις
3711 1685 3831 1739 ἔπι-

2248 1768 2465 1832 στολαῖς
2498 1769 2760 1842 χρῆσθαι,
2796 1771 2937 1843 πρὸς
2964 1772 3092 1837 τοὺς
3118 1771 3228 1828 τῶν
3261 1775 3547 1847 ἔπαρχιῶν
3596 1777 3835 1847 ἡγουμέ-

2247 1878 2390 1931 νους,
2421 1862 2562 1917 ὥστε
2591 1864 2723 1934 τοὺς
2756 1866 3213 1937 ἐκπεμπομένους
3249 1866 3379 1940 παρ’
3410 1866 3584 1922 αὑτοῦ
3627 1869 3713 1933 είς
3736 1869 3834 1925 τάς

2246 1953 2429 2008 αὐτῶν
2481 1953 2689 2026 χώρας,
2735 1957 3112 2028 ἀπραγμόνως
3154 1958 3335 2012 ἐκεῖσε
3379 1958 3603 2025 διάξειν,
3653 1959 3749 2013 καὶ
3785 1960 3837 2012 εί

2246 2061 2394 2109 τινος
2433 2046 2641 2100 δέονται
2670 2047 2924 2119 βοηθείας
2952 2050 3209 2121 νομικῆς,
3241 2051 3318 2124 μὴ
3357 2054 3671 2123 στερεῖσθαι
3701 2051 3832 2107 ταύ-

2245 2154 2367 2209 της,
2402 2142 2652 2211 προνοεῖν
2674 2140 2731 2196 δὶ
2769 2142 3001 2212 μάλιστα
3027 2142 3170 2197 ὥστε
3194 2143 3329 2215 μηδὲ
3359 2146 3488 2217 περὶ
3512 2145 3625 2199 τῶν
3656 2145 3833 2200 αὐτῶν
3876 2192 3881 2197 .

2245 2229 2329 2295 δὶς
2379 2231 2737 2301 ἐνοχλεῖσθαι,
2787 2234 2884 2288 καὶ
2931 2236 3203 2307 δευτέρων
3258 2237 3408 2309 αύτῷ
3481 2238 3832 2310 πραγμάτων

2247 2323 2513 2394 παρέχειν
2553 2326 2834 2399 ἀφορμάς·
2862 2329 2912 2386 σί
2942 2329 3053 2400 γὰρ
3080 2329 3243 2384 πάλιν
3263 2331 3356 2384 ἰπὶ
3383 2330 3480 2401 τῆς
3513 2330 3833 2400 εὐδαίμονος

2246 2416 2455 2488 ταύτης
2500 2416 2656 2472 λάθοι
2703 2419 2913 2483 πόλεως
2956 2420 3378 2490 ὲμφωλεύοντας
3440 2423 3656 2496 μάτην,
3712 2422 3832 2486 τοὺς

2247 2505 2690 2575 ἀπαλλαγέντας,
2721 2510 2816 2564 καὶ
2845 2511 2939 2567 ἐπὶ
2963 2512 3064 2582 τὴν
3099 2512 3316 2567 οἰκείαν
3360 2512 3547 2585 χώραν
3582 2512 3833 2583 ἀποπεμ-

2248 2596 2503 2666 φθὲντας,
2553 2599 2768 2664 τούτοις
2820 2601 2917 2656 καὶ
2949 2603 3331 2673 σωφρονισμδν
3361 2604 3659 2662 ἑπιτιθὲτω
3705 2604 3834 2676 πρί-

2249 2706 2439 2758 ποντα,
2480 2692 2575 2747 καὶ
2612 2691 2974 2764 σφοδρότερον
2999 2689 3161 2758 αὖθις
3192 2694 3546 2765 ἐκπεμπέτω.

2847 2831 3096 2889 ΤΙΤΛυΣ
3136 2833 3233 2901 ς’.

2584 2982 2585 2995 ς
2664 2945 2805 3016 Περὶ
2835 2945 3046 3015 ἁπλῶς
3082 2946 3414 3031 ἀρχόντων.
3532 2958 3535 2961 ’

2320 3056 2391 3116 α’.
2419 3058 2492 3113 Τὸ
2520 3059 2613 3114 τοῦ
2657 3059 2917 3131 ἄρχοντος
2961 3051 3157 3132 δνομα,
3189 3062 3405 3135 γενικᾴν
3434 3061 3572 3126 ἔστι,
3610 3061 3705 3116 καὶ
3738 3078 3832 3134 ση-

2254 3152 2436 3223 μαίνει
2497 3153 2592 3206 καὶ
2648 3152 2977 3225 στρατηγὸν,
3020 3153 3116 3208 καὶ
3145 3153 3478 3218 ἀνθύπατον,
3500 3156 3598 3208 καὶ
3626 3156 3833 3219 πάντας

2249 3244 2378 3306 τοὺς
2408 3244 2691 3321 ἐπαρχιῶν
2721 3227 2996 3315 διοικητάς
3017 3261 3033 3279 '
3066 3246 3117 3297 εἰ
3157 3244 3255 3319 καὶ
3286 3245 3652 3322 συγκλητικοὶ
3676 3242 3829 3312 ὦσιν.

2251 3336 2313 3390 τὸ
2333 3336 2390 3391 δὲ
2427 3323 2597 3408 ὄνομα
2629 3336 2725 3391 τοῦ
2753 3336 3090 3403 ἀνθυπάτου,
3120 3336 3323 3392 εἰδικόν
3354 3339 3524 3392 ἐστιν.

2320 3515 2384 3585 β’.
2432 3514 2491 3569 ’0
2521 3514 2728 3587 ἄρχων,
2762 3515 2904 3569 κατά
3130 3514 3229 3587 τὴν
3260 3516 3399 3569 ίδίαν
3421 3515 3703 3588 ἐπαρχίαν
3733 3517 3831 3587 τὴν

2246 3604 2495 3672 ἐξουσίαν
2524 3606 2670 3675 ἔχει,
2703 3605 2807 3671 ἔξω
2839 3606 2950 3678 γὰρ
2981 3605 3209 3678 ταύτης,
3240 3605 3452 3679 ἰδιώτης
3484 3609 3658 3666 ἐστίν.

2316 3702 2387 3765 γ’.
2433 3696 2490 3751 '0
2536 3698 2720 3768 ἄρχων
2784 3700 2843 3752 ἑν
2891 3700 2960 3769 τῇ
3016 3698 3283 3771 ιπαρχίᾳ,
3343 3702 3518 3770 μείζω
3573 3700 3833 3759 ἁπάντων

2241 3788 2498 3852 ἐξουσίαν
2530 3788 2644 3859 εχει
2678 3788 2818 3858 μετά
2844 3787 2936 3844 τὸν
2966 3788 3217 3859 βασιλέα.

2317 3879 2383 3934 δ’.
2426 3878 2486 3932 '0
2515 3880 2700 3951 ἄρχων
2729 3876 3029 3951 ἐπίτροπον
3084 3876 3120 3951 ἢ
3166 3878 3430 3952 δικαστήν
3476 3899 3586 3937 τινι
3633 3885 3833 3941 είδικὺυ

2208 4027 2217 4033 ,
2244 3971 2438 4030 εαυτδν
2463 3973 2525 4025 οὐ
2556 3972 2800 4027 δίδωσιν.

2319 4062 2381 4119 ε’.
2420 4065 2484 4119 '0
2534 4065 2721 4136 ἄρχων
2762 4064 3022 4121 κωλυέτω
3052 4065 3152 4130 τὰς
3177 4065 3470 4139 ἀθεμίτους
3500 4069 3593 4121 καὶ

2249 4154 2592 4229 εἰσπράξεις,
2649 4158 2747 4211 καὶ
2799 4159 2903 4221 τὰς
2945 4159 3093 4212 κατὰ
3124 4152 3291 4228 φόϐον
3336 4160 3371 4231 ἢ
3420 4162 3593 4232 χωρὶς
3655 4163 3831 4234 τιμῶν

2250 4254 2501 4323 πράσεις,
2531 4254 2626 4306 καὶ
2662 4251 2734 4305 τὰ
2764 4252 2926 4306 ἄδικα
2965 4252 3132 4323 κέρδη
3174 4254 3273 4323 καὶ
3307 4254 3647 4325 ζημιώματα
3676 4270 3699 4287 ⁸
3732 4257 3831 4327 τὴν

2249 4346 2511 4415 ἀλήθειαν
2543 4343 2600 4400 δι
2626 4345 2933 4400 σκοπείτω·
2957 4344 3020 4399 τὸ
3051 4344 3161 4417 γὰρ
3196 4346 3394 4419 ἀληθὲς
3436 4348 3501 4402 ἐκ
3543 4350 3659 4405 τῶν
3692 4350 3831 4412 κατὰ

562 4447 711 4503 enim
746 4444 907 4500 rebus
938 4458 1037 4516 per
1074 4457 1318 4499 errorem
1361 4453 1453 4500 aut
1487 4454 1688 4498 metum
1718 4443 1888 4514 gestis
1920 4459 2027 4501 non
2064 4445 2147 4499 vi-

2253 4440 2457 4514 πλάνην
2486 4439 2519 4511 ἢ
2547 4439 2668 4511 βίαν
2700 4439 3011 4511 γενομένων
3043 4441 3106 4494 ού
3137 4440 3455 4513 βλάπτεται.

567 4541 755 4597 tiatur.

638 4630 691 4688 6.
728 4626 813 4703 (L.
845 4628 964 4684 ead.
995 4628 1121 4700 §3.)
1157 4628 1364 4684 Prmses
1393 4629 1670 4684 examinet
1697 4644 1762 4685 ea
1797 4643 1916 4699 quae
1950 4643 1983 4685 a
2013 4627 2149 4683 mili.

568 4721 778 4777 laribus
801 4720 933 4775 viris
957 4730 1148 4774 contra
1170 4719 1307 4773 alios
1331 4719 1569 4774 admissa
1595 4729 1742 4783 sunt,
1765 4728 1818 4775 et
1840 4722 1940 4775 sub
1964 4720 2147 4789 specie

569 4816 894 4871 tributorum
926 4812 1149 4868 illicitas
1173 4811 1487 4868 exactiones
1512 4812 1626 4867 ﬁeri
1657 4813 1962 4883 prohibeat,
1996 4812 2044 4884 (§
2067 4812 2144 4883 5.)

570 4919 704 4963 neve
753 4905 941 4974 inopes
992 4903 1091 4958 sub
1126 4909 1388 4973 praetextu
1423 4902 1690 4959 adventus
1732 4903 2034 4958 oﬂiciorum
2065 4902 2147 4957 vel

569 4998 806 5057 militum
851 4995 1068 5065 injuriis
1118 4992 1424 5048 alllciantur
1469 4994 1799 5064 providebit,
1842 4992 1898 5066 (§
1957 4992 2037 5063 4.)
2095 5003 2149 5048 et

569 5091 751 5150 licitas
777 5089 993 5160 quidem
1039 5089 1433 5159 negotiationes
1463 5098 1803 5159 promoveat,
1834 5087 2148 5159 prohibitas

572 5176 701 5238 vero
729 5179 973 5237 exerceri
999 5186 1165 5234 vetet.

642 5276 699 5329 7.
737 5269 826 5344 (L.
855 5290 890 5328 χ
920 5282 975 5327 et
1000 5273 1105 5343 χι.)
1151 5271 1224 5326 De
1255 5271 1667 5343 quibuscunque
1698 5271 1877 5327 causis
1908 5270 2147 5341 prmfecti

574 5367 666 5438 qui
716 5366 772 5420 in
806 5365 937 5419 urbe
987 5373 1114 5419 sunt
1149 5373 1508 5435 cognoscunt,
1540 5366 1606 5419 de
1647 5364 1837 5419 iisdem
1870 5372 1925 5417 et
1948 5378 2150 5431 prmscs

574 5458 875 5530 cognoscit.
906 5456 1185 5512 Pertinent
1213 5458 1357 5513 enim
1384 5457 1571 5513 omnia
1597 5457 1663 5513 ad
1692 5456 1924 5511 ofﬁcium
1958 5454 2147 5525 ipsius.

643 5552 699 5606 8.
729 5550 815 5623 (L.
850 5566 969 5615 xm,
996 5552 1051 5605 in
1075 5551 1259 5621 prim.)
1286 5552 1491 5607 Praeses
1532 5549 1827 5621 provinciae
1856 5563 1965 5603 suae
1993 5548 2150 5616 quie-

575 5652 682 5698 tem
731 5650 987 5713 procuret
1028 5642 1395 5711 conquirendo
1440 5641 1773 5713 sacrilegos,
1824 5639 2147 5709 plagiarios,

580 5735 747 5802 fures,
802 5743 1277 5803 reccptatoresque
1309 5748 1518 5799 eorum,
1565 5743 1621 5790 et
1671 5748 1771 5803 pro
1816 5742 1876 5787 ut
1918 5733 2150 5802 quisque

580 5826 893 5898 deliquerit,
914 5823 972 5880 in
992 5839 1114 5881 eum
1155 5824 1575 5881 animadvertat.

2173 4552 2223 4612 D

2318 4634 2393 4689 ς’.
2442 4624 2505 4680 '0
2528 4623 2715 4699 ἄρχων
2743 4624 3031 4682 ὲκδικείτω
3046 4626 3119 4683 τὰ
3151 4629 3305 4700 παρά
3323 4628 3434 4683 τῶν
3458 4629 3829 4702 στρατευομέ-

2248 4737 2357 4774 νων
2391 4718 2536 4776 κατά
2582 4736 2749 4774 τινων
2798 4719 3296 4793 πλημμελούμενα,
3338 4720 3436 4774 καὶ
3470 4721 3735 4777 κωλυέτω
3774 4723 3831 4773 ἐν

2247 4813 2600 4885 προσχήματι
2633 4811 2937 4884 δημοσίων,
2991 4812 3310 4885 είσπράξεις
3357 4812 3652 4884 ἀθεμίτους
3702 4815 3831 4882 γίνε-

2249 4906 2395 4971 σθαι,
2435 4905 2469 4976 ἢ
2501 4903 2592 4959 διὰ
2621 4906 2925 4977 παρουσίαν
2951 4905 3195 4975 δφφικίω
3207 4922 3257 4972 ν,
3282 4906 3315 4976 ἢ
3340 4906 3695 4975 στρατιωτῶν
3722 4906 3829 4960 ἀδι-

2248 4996 2464 5051 κεῖσθαι
2500 4996 2629 5060 τοὺς
2668 4999 2932 5069 πένητας,
2971 4997 3319 5067 ὲπιτρεπέτω
3367 4996 3423 5049 δὲ
3463 4996 3564 5061 τὰς
3604 4996 3829 5068 θεμιτάς

2250 5086 2573 5158 ἐμπορείας,
2602 5086 2698 5141 καὶ
2719 5086 2977 5141 κωλυέτω
3006 5087 3103 5151 τὰς
3138 5086 3618 5173 ἀπηγορευμένας.

2323 5266 2392 5331 ζ’.
2434 5267 2492 5323 '0
2526 5269 2729 5339 ἄρχων,
2771 5268 2872 5325 ὅσα
2900 5267 3354 5335 διαγινώσκουσιν
3400 5266 3450 5319 οἱ
3481 5266 3537 5319 ἐν
3566 5269 3631 5337 τῇ
3679 5265 3825 5318 πόλει

2252 5361 2532 5431 ἄρχοντες,
2560 5362 2655 5415 καὶ
2713 5361 2877 5425 αὐτὸς
2941 5359 3305 5430 διαγινώσκει.
3377 5358 3676 5429 Ἀνήκουσι
3722 5358 3826 5427 γὰρ

2254 5455 2432 5508 πάντα
2465 5454 2603 5525 πρὸς
2632 5454 2694 5507 τὸ
2725 5453 2981 5524 ὀφφίκιον
3004 5453 3195 5509 αὐτοῦ.

2322 5545 2471 5618 η’.⁹0
2503 5546 2689 5619 ἄρχων
2719 5545 3053 5617 φροντιζέτω
3085 5546 3186 5616 τῆς
3218 5546 3467 5617 εἰρήνης,
3488 5542 3669 5617 ζητῶν
3701 5542 3820 5603 τοὺ,

2257 5624 2570 5712 ἱεροσύλους
2634 5638 2729 5695 καὶ
2790 5638 3223 5709 ἀνδραποδιστὰς
3295 5639 3392 5691 καὶ
3446 5635 3688 5698 κλέπτας
3733 5633 3821 5687 καὶ

2253 5735 2559 5806 ἀποδοχεῖς,
2577 5736 2670 5789 καὶ
2700 5733 2839 5805 πρὸς
2864 5734 2927 5791 τὸ
2951 5731 3329 5803 πλημμέλημα
3356 5727 3587 5795 ἐπεξιὼν
3603 5724 3817 5787 αὐτούς.
