4042 6344
483 258 600 326 4Ἱ9
1509 264 2025 329 CONSTAN’I‘INI
2064 257 2753 323 PORPHYROGENITI
3674 251 3793 317 480

488 388 653 428 manu
706 388 804 430 sua
864 373 1193 436 subscrihat,
1241 374 1383 443 quod
1439 390 1614 445 neque
1665 375 1860 445 pretio,
1899 387 2073 443 neque

2189 386 2367 441 ςματα
2420 371 2619 437 ποιεῖν,
2677 368 2776 423 καὶ
2824 368 3055 425 ἕκαστον
3114 369 3299 424 αὐτῶν
3349 371 3781 441 χειρογραφεῖν

490 462 901 534 pollicitatione,
942 480 1116 536 neque
1160 466 1422 532 amicitia,
1456 476 1550 523 aut
1590 469 1789 538 gratia,
1843 474 1937 521 aut
1971 465 2076 519 alio

2189 462 2381 516 δτίονδε
2421 461 2659 516 διάδοσιν
2700 461 2766 534 [Ῑ.
2807 461 2931 515 οὔτε
2968 463 3024 515 δὲ
3077 463 3166 516 διὰ
3198 461 3391 534 δόσιν],
3448 460 3585 516 οὔτε
3648 458 3804 515 ὑπό·

490 557 680 626 quovis
703 557 897 614 affectu
942 559 1146 615 inducti
1176 561 1305 628 sint,
1339 563 1434 618 sed
1472 571 1810 633 compertum
1840 563 2077 619 habeant

488 650 637 720 ipsos
672 662 831 706 rectae
859 661 912 706 et
940 654 1217 709 catholicae
1256 655 1379 710 ﬁdei
1411 655 1643 725 vitaeque
1679 656 1991 730 inculpatae,
2023 666 2079 711 et

484 743 596 812 jam
626 742 959 800 tricesimum
986 763 1189 802 annum
1224 756 1608 820 supergressos
1624 764 1747 805 esse
1780 766 1793 804 :
1825 750 2079 821 scireque

490 851 551 891 se
587 839 727 906 quod
769 853 944 906 neque
981 856 1211 896 uxorem
1250 856 1427 914 neque
1461 841 1663 900 liberos
1691 844 1946 912 habeant,
1978 858 2076 899 ne-

490 943 602 999 que
633 929 881 997 pellicem
916 942 1011 986 aut
1055 933 1257 990 liberos
1297 936 1611 1004 naturales;
1644 936 1738 992 sed
1766 935 1814 991 si
1859 937 1983 1009 quis
2012 952 2079 991 ex

492 1022 626 1092 ipsis
677 1024 827 1093 prius
878 1041 1101 1081 uxorem
1162 1028 1372 1098 habuit,
1433 1045 1552 1085 eam
1611 1032 1828 1087 unicam
1886 1030 2077 1097 fuisse,

491 1133 723 1188 eamque
759 1136 859 1176 nec
890 1122 1125 1189 viduam,
1155 1140 1329 1194 neque
1359 1139 1390 1181 α
1418 1125 1535 1181 viro
1563 1125 1867 1191 dimissam,
1903 1140 2079 1197 neque

495 1213 702 1267 sanctis
730 1215 1030 1271 canouibus
1063 1217 1389 1287 prohibitos,
1424 1226 1480 1274 et
1512 1235 1581 1275 ex
1628 1221 1798 1277 tribus
1833 1222 2079 1290 personis

492 1301 559 1359 de
590 1305 785 1375 quibus
814 1306 1091 1363 decretum
1124 1308 1328 1366 factum
1364 1321 1471 1379 est,
1501 1312 1742 1382 optimus
1776 1314 2077 1370 ordinetur.

493 1395 803 1464 Adjiciatur
841 1409 1103 1469 praeterea
1136 1402 1346 1473 judicio
1389 1404 1767 1474 designantis,
1803 1417 1862 1461 ut
1896 1406 2078 1463 libello

495 1488 565 1544 ab
589 1488 705 1559 ipso
742 1490 888 1548 facto
912 1509 1033 1548 cum
1056 1498 1269 1566 prepria
1303 1498 1728 1570 subscriptione,
1760 1501 2079 1558 continente

497 1583 871 1638 testimonium
909 1585 975 1642 de
1022 1597 1170 1643 recta
1204 1587 1322 1657 ejus
1357 1589 1485 1657 ﬁde,
1534 1591 1817 1648 denuntiet
1848 1602 1905 1649 et
1935 1594 2078 1649 divi-

493 1687 622 1727 num
674 1674 963 1730 adventum
1020 1677 1077 1732 in
1126 1692 1281 1734 sacra
1313 1682 1699 1738 communione
1735 1681 1963 1747 factum,
2022 1691 2077 1739 et

2187 556 2444 629 σχεσιν,ἧ
2476 556 2681 625 φιλίαν,
2710 557 2743 627 ἢ
2767 559 2948 629 χάριν,
2972 557 3005 629 ἢ
3029 557 3196 627 ἀλλην
3221 559 3339 611 οἵαν
3366 557 3575 628 δήποτε
3608 571 3820 626 προσο,

2178 650 2432 715 πάθειαν,
2472 649 2587 702 ἀλλ’
2624 650 2826 714 εἰδότες
2885 650 3084 713 αὐτοὺς
3144 650 3244 720 τῆς
3276 650 3444 722 ὀρθῆς
3478 650 3587 703 καὶ
3639 648 3807 703 καθ⁴

2188 743 2379 813 ολικῆς
2406 743 2642 808 πίστεως
2667 742 2761 797 καὶ
2787 741 2990 813 σεμνοῦ
3016 742 3151 813 βίου,
3178 743 3275 797 καὶ
3300 744 3436 815 ὑπὲρ
3456 744 3517 798 τὸ
3550 756 3805 813 τριιικο⁴

2185 838 2307 893 στὸν
2356 836 2475 900 ἔτος
2524 838 2753 901 τούτους
2797 833 2939 890 εἶναι
2991 836 3342 902 ἐπελέξαντο,
3375 841 3469 891 καὶ
3524 838 3618 888 ὅτι
3669 833 3805 886 οὐδὲ

2181 931 2428 1001 γαμετὰς
2460 930 2581 985 οὐδὲ
2629 930 2823 993 παῖδας
2857 928 3007 983 ἴσασί
3035 946 3200 993 τινας
3236 927 3297 995 ἐξ
3324 929 3500 982 αὐτῶν
3545 927 3735 999 ἔχειν,
3771 926 3806 996 ἦ

2185 1022 2476 1094 παλλακὴν
2511 1022 2545 1094 ἧ
2598 1022 2800 1087 παῖδας
2832 1022 3119 1094 φυσικοὺς,
3147 1021 3264 1077 ἀλλ’
3299 1024 3346 1074 εὶ
3374 1020 3468 1074 καὶ
3504 1019 3808 1093 πρότερόν

2180 1132 2266 1181 τις
2286 1116 2345 1183 ἐξ
2369 1116 2549 1171 αὐτῶν
2573 1115 2843 1188 γαμετὴν
2870 1113 3015 1187 εἶχεν
3039 1117 3132 1173 καὶ
3152 1114 3325 1187 αὐτὴν
3347 1114 3496 1185 μίαν,
3526 1114 3637 1167 καὶ
3671 1111 3809 1167 οὐδὲ

2181 1209 2382 1281 χήραν,
2417 1208 2541 1262 οὐδὲ
2574 1209 2767 1281 ἀνδρὸς
2814 1208 3273 1281 ἁποζευχθεῖσαν,
3308 1208 3429 1262 οὐδὲ
3458 1210 3577 1272 τοῖς
3619 1207 3810 1278 ἱεροῖς

2181 1301 2404 1355 κανόσιν
2448 1302 2961 1374 ἀπηγορευμένους,
2994 1303 3093 1357 καὶ
3119 1301 3186 1355 ἐκ
3214 1301 3327 1357 τῶν
3386 1302 3559 1372 τριῶν
3623 1316 3811 1370 προσο

2188 1394 2367 1449 ὡπων
2407 1396 2516 1450 τῶν
2540 1395 2953 1467 ψηφιζομένων,
2996 1398 3025 1450 ὁ
3050 1395 3279 1466 βελτίων
3333 1394 3804 1467 χειροτονείσθω,

2182 1482 2412 1555 έπιλογῇ
2441 1482 2538 1538 καὶ
2560 1484 2640 1555 τῷ
2664 1485 2896 1557 κρίματι
2922 1484 3016 1539 τοῦ
3044 1486 3499 1557 χειροτονοῦντος,
3527 1483 3805 1555 λιδέλλου

2183 1575 2315 1645 παρ’
2346 1576 2514 1631 αὐτοῦ
2542 1578 2831 1649 γινομένου
2875 1578 2995 1650 μεθ’
3018 1579 3349 1650 ὑπογραφῆς
3383 1576 3544 1643 ἰδίας,
3626 1594 3811 1649 περι-

2187 1669 2415 1740 έχοντος
2444 1671 2693 1743 περὶτῆς
2718 1671 2885 1743 ὀρθῆς
2919 1669 3084 1726 αὐτοῦ
3113 1670 3375 1740 πίστεως,
3408 1670 3808 1741 ἀπαγγέλλειν

492 1766 862 1835 precationem
898 1768 951 1822 in
1004 1784 1162 1825 sacro
1195 1772 1543 1843 baptismate,
1580 1774 1925 1847 reliquasque
1953 1792 2079 1846 pre-

2189 1764 2245 1818 δὲ
2280 1763 2494 1832 τοῦτον,
2538 1767 2633 1821 καὶ
2664 1765 2764 1838 τὴν
2820 1766 2970 1821 Θείαν
3022 1766 3421 1839 προσκομιδὴν,
3447 1766 3551 1838 τὴν
3581 1766 3689 1820 ἐπὶ
3728 1766 3809 1835 τῇ

493 1858 756 1915 cationes.
794 1860 898 1915 Sed
932 1872 985 1917 et
1013 1864 1131 1932 ipse
1166 1864 1484 1938 designatus
1513 1868 1730 1941 propria
1766 1886 1929 1925 manu
1955 1873 2081 1926 sub-

493 1951 719 2020 scribat,
757 1955 899 2023 quod
928 1970 1103 2028 neque
1136 1974 1232 2028 per
1261 1974 1321 2017 se
1368 1961 1546 2030 ipsum
1587 1978 1765 2035 neque
1796 1980 1892 2033 per
1919 1965 2077 2019 aliam

493 2059 784 2114 personam
814 2046 1024 2104 dederit
1049 2058 1143 2105 aut
1172 2053 1505 2122 promiserit,
1534 2063 1626 2109 aut
1660 2061 1886 2125 posthac
1919 2058 2081 2112 datu-

494 2152 590 2193 rus
613 2137 709 2206 sit,
735 2139 819 2193 vel
849 2140 921 2196 illi
954 2142 1045 2211 qui
1077 2159 1199 2199 eum
1234 2145 1561 2217 designavit,
1590 2148 1675 2203 vel
1707 2150 1813 2205 illis
1842 2151 1933 2220 qui
1965 2150 2079 2205 suf-

494 2227 672 2300 fragio
701 2245 799 2287 suo
828 2247 951 2288 eum
982 2230 1262 2306 juverunt,
1298 2250 1395 2294 aut
1424 2241 1660 2310 denique
1710 2243 1933 2299 omnino
1964 2244 2082 2300 cui-

497 2337 685 2394 quam,
721 2340 820 2395 pro
853 2325 1234 2398 designatione
1267 2332 1323 2390 in
1354 2333 1531 2404 ipsum
1556 2333 1723 2389 facta.

564 2615 618 2671 6.
670 2616 933 2676 Jubemus
985 2622 1270 2694 episcopos
1321 2635 1561 2696 creatos,
1609 2629 1656 2685 si
1687 2645 1847 2701 quem
1881 2632 2079 2689 laicum

494 2712 754 2780 praedicta
784 2714 1053 2772 electione
1100 2717 1323 2790 dignum
1373 2725 1714 2791 censuerint,
1747 2729 1891 2783 hunc
1918 2729 2077 2785 talem

496 2818 602 2857 una
628 2820 749 2859 enm
776 2806 897 2863 aliis
924 2809 1098 2866 tribus
1120 2810 1338 2871 clericis
1366 2828 1461 2869 aut
1492 2819 1775 2875 monachis
1802 2820 2036 2892 allegere
2061 2840 2076 2878 :

494 2897 571 2951 ita
602 2898 822 2965 quidem
857 2909 913 2954 ut
966 2900 1138 2959 laicus
1178 2903 1282 2973 hac
1308 2907 1519 2962 ratione
1561 2909 1613 2963 in
1647 2912 1955 2983 episcopum
1984 2917 2080 2972 ad-

494 2987 666 3045 lectus
707 3006 813 3046 non
858 2992 1079 3063 quidem
1111 2995 1400 3069 episcopus
1436 3009 1676 3069 creetur,
1720 3006 1815 3060 sed
1847 3006 2078 3075 primum

496 3081 714 3140 clericis
764 3100 873 3142 non
918 3088 1101 3146 minus
1145 3106 1308 3159 quam
1368 3093 1529 3148 trium
1585 3098 1851 3152 mensium
1902 3103 2078 3169 spatio

498 3175 907 3248 adnumeratur,
954 3188 1012 3235 et
1056 3182 1137 3237 sie
1184 3192 1407 3239 sanctos
1444 3200 1683 3244 canones
1750 3201 2080 3262 sanctasque

495 3264 1029 3341 Ecclesiaeliturgias
1057 3276 1283 3333 edoctus
1309 3277 1599 3348 episcopus
1633 3281 1917 3339 ordinetur
1944 3302 1957 3338 :
1994 3285 2085 3356 qui

496 3361 642 3415 enim
681 3362 817 3418 alios
858 3364 1121 3423 docturus
1170 3378 1273 3435 est,
1319 3386 1427 3425 non
1472 3375 1731 3430 convenit
1783 3390 1915 3432 eum
1964 3391 2087 3449 post

498 3452 927 3525 designationem
960 3459 1028 3513 ab
1052 3460 1171 3515 aliis
1198 3461 1428 3520 discere.
1463 3462 1569 3521 Sed
1601 3466 1646 3523 si
1676 3468 1894 3537 quidem
1919 3472 2083 3527 etiam

498 3548 624 3602 dum
661 3550 815 3606 laicis
851 3567 1359 3625 connumeraretur,
1398 3562 1511 3629 jam
1550 3562 1882 3627 suillciepter
1903 3571 2084 3624 omnia

496 3639 724 3719 edoctus
766 3641 953 3711 fuerit,
1003 3647 1071 3703 ad
1115 3648 1347 3706 aliorum
1406 3654 1826 3725 institutionem,
1887 3659 1941 3715 in
1995 3661 2086 3717 tali

496 3739 718 3805 tempus
765 3738 1088 3807 praiiinitum
1127 3757 1234 3798 non
1278 3747 1529 3814 servari,
1573 3751 1915 3821 experientia
1968 3746 2099 3810 sine”

497 3826 743 3895 periculo
778 3829 983 3888 docuit.

567 4014 622 4071 5.
652 4013 710 4071 Si
736 4014 781 4071 is
804 4015 900 4087 qui
920 4007 1287 4092 designandus
1307 4035 1412 4091 est,
1442 4033 1698 4095 tanquam
1727 4044 1832 4084 non
1859 4030 2088 4088 idoneus

495 4116 805 4176 accusetur,
842 4109 1129 4170 differatur
1148 4108 1463 4187 designatio
1509 4133 1562 4175 et
1606 4123 1866 4191 procedat
1905 4124 2088 4196 inqui-

494 4200 622 4257 sitio
667 4216 765 4257 seu
809 4212 1079 4272 praesente
1131 4222 1229 4263 seu
1263 4210 1493 4267 absente
1541 4213 1879 4283 adversario,
1919 4217 2086 4287 idque

498 4292 639 4347 intra
692 4303 803 4350 tres
849 4310 1105 4368 menses;
1162 4310 1218 4357 et
1265 4304 1308 4357 si
1352 4303 1720 4373 designandos
1768 4308 2084 4365 inveniatur

496 4385 765 4442 obnoxius
811 4389 1004 4460 eulpae,
1045 4392 1131 4446 vel
1179 4409 1248 4449 ex
1299 4396 1513 4466 legibus
1559 4400 1643 4455 vel
1672 4416 1738 4456 ex
1784 4404 2087 4459 canonibus

2105 3142 2152 3204 C

2186 1857 2322 1929 ἁγίᾳ
2357 1859 2620 1931 κοινωνίᾳ
2658 1859 2976 1932 γινομένην,
3017 1861 3117 1917 καὶ
3148 1861 3249 1933 τὴν
3281 1862 3375 1915 ἐπὶ
3404 1857 3483 1932 τῷ
3508 1860 3668 1932 ἁγίῳ
3702 1858 3809 1931 βα-

2184 1949 2454 2020 πτίσματι
2488 1951 2656 2023 εὐχὴν
2682 1953 2779 2015 καξι
2804 1952 2904 2018 τὰς
2946 1953 3144 2018 λοιπὰς
3177 1952 3370 2026 εὐχὰς,
3397 1954 3709 2026 ίδιόχειρον
3744 1952 3809 2007 δὲ

2186 2043 2433 2114 ὑπέχειν,
2468 2045 2563 2097 καὶ
2612 2044 2779 2099 αὐτὸν
2832 2042 2924 2099 τὸν
2970 2046 3470 2119 χειροτονούμενον.
3522 2046 3607 2111 ὠς
3662 2043 3808 2101 οὔτε

2183 2137 2253 2189 δι’
2307 2136 2527 2202 ἑαυτοῦ,
2585 2136 2710 2191 οὔτε
2754 2138 2822 2192 δι’
2874 2138 3063 2211 ἑτέρου
3116 2138 3414 2211 προσώπου
3458 2140 3715 2195 δέδωκεν
3765 2140 3804 2211 ἢ

2184 2228 2476 2300 ὑπέσχετο,
2508 2230 2631 2285 οὐδὲ
2666 2230 2808 2301 μετὰ
2839 2231 3017 2287 ταῦτα
3046 2231 3232 2298 δώσει,
3262 2234 3295 2306 ἢ
3334 2233 3485 2306 αὑτῷ
3536 2233 3623 2305 τῷ
3673 2248 3806 2305 χει-

2186 2322 2495 2393 ροτονοῦντι
2535 2323 2719 2388 αὐτὸν,
2751 2322 2785 2397 ἢ
2816 2327 2930 2389 τοῖς
2980 2325 3048 2380 τὰ
3095 2323 3426 2398 ψηφίσματα
3464 2329 3803 2399 ποιησαμέ-

2181 2431 2315 2481 νοις,
2360 2414 2392 2486 ἢ
2430 2415 2601 2488 ἑτέρῳ
2632 2416 2742 2473 τῶν
2790 2418 3013 2474 πάντων
3034 2420 3143 2474 τινὶ
3184 2420 3327 2492 ὑπὲρ
3360 2422 3460 2494 τῆς
3496 2426 3584 2487 είς
3618 2424 3804 2478 αὑτὸν

2184 2509 2481 2582 γινομένης
2517 2512 2874 2583 χειροτονίας.

2252 2623 2317 2680 δ’.
2350 2627 2664 2698 Κελεύομεν
2690 2630 2819 2692 τοὺς
2853 2629 3285 2702 ψηφιζομένους,
3314 2632 3369 2688 ετ
3399 2651 3525 2687 τινα
3580 2650 3805 2705 κοσμι-

2186 2719 2285 2773 κὸν
2341 2719 2493 2791 ἄξιον
2543 2723 2644 2793 τῆς
2703 2726 3120 2799 προειρημένης
3152 2726 3415 2797 ἑπιλογῆς
3450 2721 3594 2781 εἶναι
3624 2726 3805 2800 νομί-

2185 2832 2341 2882 σωσι,
2369 2816 2461 2870 τὸν
2485 2817 2729 2872 τοιοῦτον
2757 2820 2873 2897 ἃμα
2902 2820 3086 2884 ἄλλοις
3117 2821 3267 2894 τρισὶ
3292 2821 3580 2895 κληρικοῖς
3614 2823 3649 2897 ἢ
3699 2839 3805 2893 μοι

2182 2910 2366 2979 ναχοίς
2429 2894 2803 2977 ἐπιλέξασθαι,
2858 2910 3003 2966 οὕτω
3069 2912 3290 2984 μέντοι,
3315 2894 3411 2969 ἵνα
3452 2916 3481 2967 ό
3511 2894 3800 2986 κοσμικδς

2186 3000 2364 3073 τούτῳ
2402 3000 2482 3074 τῷ
2521 3002 2708 3075 τρόπῳ
2739 3004 2820 3068 είς
2852 3000 3165 3059 ἐπίσκοπον
3212 3006 3515 3076 ὲπιλεγεὶς,
3549 3006 3629 3079 μὴ
3660 3008 3799 3061 έπε-

2185 3111 2388 3157 σκοπος
2435 3096 2816 3169 χειροτονηθῇ,
2868 3098 3007 3153 ἀλλὰ
3071 3098 3294 3169 πρῶτον
3344 3101 3456 3163 τοῖς
3493 3100 3799 3173 κληρικοῖς

2182 3185 2286 3240 οὐκ
2338 3186 2560 3243 ἔλαττον
2615 3189 2785 3260 τριῶν
2836 3189 3023 3261 μηνῶν
3058 3191 3469 3264 συναριθμηθῇ·
3504 3195 3600 3247 καὶ
3631 3193 3795 3248 οὕτω

2184 3280 2311 3341 τοὺς
2349 3279 2541 3347 ἁγίους
2586 3281 2823 3346 κανόνας
2854 3283 2950 3336 καὶ
2979 3282 3081 3354 τὴν
3115 3283 3271 3354 ἱερὰν
3296 3283 3398 3353 τῆς
3442 3284 3796 3353 Ἐκκλησίας

2184 3369 2534 3442 λειτουργίαν
2588 3372 2881 3444 διδαχθεὶς,
2938 3372 3240 3451 ἐπίσκοπος
3302 3375 3685 3448 χειροτονηθῇ.
3727 3377 3794 3431 '0

2186 3459 2296 3529 γὰρ
2327 3461 2524 3526 ἄλλους
2548 3462 2785 3532 ὀφείλων
2813 3462 3090 3518 διδάσκειν
3114 3465 3245 3537 παρ’
3276 3465 3480 3536 ἑτέρων
3508 3465 3651 3535 μετὰ
3682 3465 3794 3536 τὴν

2188 3554 2546 3625 χειροτονίαν,
2580 3555 2929 3612 διδάσκεσθαι
2955 3558 3058 3611 οὐκ
3089 3559 3319 3628 ὀφείλει.
3364 3559 3427 3613 El
3474 3558 3666 3639 μέντοι
3722 3577 3790 3625 γε

2190 3646 2289 3718 ἤδη
2330 3647 2642 3712 διδακτικός
2672 3651 2789 3703 ἐστι
2819 3650 2915 3704 καὶ
2959 3651 3018 3704 ἐν
3059 3649 3136 3721 τῷ
3180 3650 3355 3723 λαῖκῷ
3375 3650 3792 3722 ἀριθμούμενος

2185 3740 2469 3811 τάγματι,
2538 3742 2633 3795 καὶ
2685 3742 2853 3813 μηδὲν
2884 3743 3155 3799 ἐλλείπων
3198 3744 3299 3798 ὅσα
3337 3760 3401 3813 γε
3449 3746 3529 3807 είς
3575 3744 3792 3817 ἑτέρων

2194 3829 2464 3899 ὠφέλειαν
2488 3831 2583 3885 καὶ
2608 3834 3006 3904 καταρτισμὸν,
3040 3834 3128 3887 ἐπ’
3147 3834 3420 3889 αὐτοῦτδν
3436 3834 3678 3889 τοιοῦτον
3706 3836 3789 3909 μὴ

2187 3924 2626 3995 παρατηρεῖσθαι
2645 3924 2859 3996 χρόνον,
2886 3928 2919 3997 ή
2960 3929 3125 3998 πεῖρα
3150 3928 3429 3998 παρέσχεν
3465 3928 3783 3983 ἀκίνδυνον.

2257 4041 2319 4089 ε’.
2374 4034 2501 4089 Ἐὰν
2532 4037 2888 4109 κατηγορηθῇ
2924 4038 2952 4091 ό
2989 4037 3201 4107 μέλλων
3230 4037 3665 4110 χειροτονεῖσθαι
3705 4037 3786 4103 ὡς

2186 4128 2583 4199 ἀνεπιτήδειος,
2615 4128 3006 4184 ἀναϐαλλέσθω
3038 4131 3179 4193 τέως
3232 4132 3265 4201 ὴ
3322 4134 3635 4203 χειροτονία
3688 4131 3786 4184 καὶ

2190 4218 2531 4288 προϐαινέτω
2573 4221 2604 4290 ἡ
2655 4220 2904 4286 ἐξέτασις
2960 4221 3231 4293 παρόντος
3290 4222 3385 4275 τοῦ
3441 4222 3715 4276 ἀντιδίκου
3747 4223 3781 4293 ἢ

2190 4312 2444 4380 ἀπόντος,
2488 4312 2636 4377 ἐντὸς
2664 4313 2837 4383 τριῶν
2873 4314 3082 4385 μηνῶν,
3116 4317 3210 4368 καὶ
3255 4313 3551 4369 κωλυέσθω
3583 4318 3615 4387 ἡ
3660 4332 3781 4386 χει-

2191 4404 2407 4477 ροτονία
2428 4418 2441 4435 ⁸
2470 4405 2638 4459 καὶέἰ
2676 4404 2875 4476 εὑρεθῇ
2929 4408 2956 4458 ὁ
3014 4406 3496 4478 χειροτονούμενος
3526 4408 3779 4473 ὑπαίτιος

498 4480 770 4549 designari
828 4484 1204 4553 prohibeatur,
1265 4490 1311 4543 si
1355 4505 1483 4547 vero
1529 4492 1790 4549 innocens
1830 4496 2080 4553 inventus

2189 4499 2330 4552 κατὰ
2358 4497 2558 4570 νόμους
2590 4498 2622 4570 ἦ
2656 4497 2797 4552 κατὰ
2819 4497 3074 4565 κανόνας,
3105 4498 3402 4554 κωλυέσθω
3422 4517 3435 4531 '
3472 4502 3521 4553 si
3546 4501 3591 4555 δ’
3618 4500 3775 4554 ἀνεύο

495 4573 586 4636 sit,
614 4574 945 4645 designetur.
978 4578 1131 4646 Quod
1165 4580 1209 4635 si
1247 4590 1437 4637 contra
1471 4586 1725 4653 praedicta
1759 4592 2081 4659 designatus

496 4664 680 4733 fuerit,
714 4676 767 4721 et
800 4669 933 4738 ipse,
971 4680 1023 4725 et
1050 4673 1140 4742 qui
1188 4690 1312 4729 eum
1352 4677 1675 4749 designavit,
1704 4692 1857 4737 extra
1887 4682 2080 4740 Eccle-

495 4759 633 4814 siam
675 4761 989 4830 ejiciuntur.
1024 4763 1081 4819 Si
1132 4781 1260 4823 vero
1305 4769 1646 4827 adversarius
1694 4788 1934 4842 praesens
1970 4792 2076 4830 non

496 4855 1293 4930 Ostenderitquaa'aiﬁrmabat,
1334 4872 1425 4916 aut
1460 4865 1827 4933 deprehensus
1874 4869 2075 4940 fuerit;

501 4941 544 4995 si
574 4942 790 5010 quidem
825 4946 1056 5003 clericus
1084 4959 1189 5017 est,
1224 4966 1285 5006 ex
1337 4952 1578 5009 Ecclesia
1610 4956 1845 5027 ejicitur,
1879 4960 1925 5016 si
1952 4977 2079 5017 vero

500 5034 691 5099 laicus,
725 5048 1094 5108 competenter
1115 5045 1435 5114 castigatur.

571 5129 624 5186 6.
659 5131 715 5184 Si
744 5134 866 5200 quis
905 5134 1307 5205 episcoporum,
1352 5140 1433 5194 vel
1485 5150 1631 5210 ante,
1662 5145 1748 5199 vel
1786 5160 1906 5215 post
1940 5149 2081 5205 desi-

500 5224 812 5291 gnationem
865 5241 1043 5293 suam,
1097 5230 1327 5286 voluerit
1388 5234 1525 5289 bona
1586 5252 1682 5291 sua
1729 5240 1817 5293 vel
1871 5252 2079 5311 partem

501 5328 714 5380 eorum,
769 5316 1006 5386 adjicere
1056 5318 1311 5379 Ecclesiae
1361 5325 1515 5395 cujus
1558 5330 1922 5401 cpiscOpatum
1985 5352 2081 5391 su-

498 5406 695 5475 scipit;
726 5422 831 5463 non
862 5409 1036 5465 solum
1087 5428 1191 5469 non
1212 5415 1582 5489 prohibemus,
1627 5422 1968 5493 liberumque
1994 5426 2082 5494 ju—

501 5498 691 5572 bemus
716 5514 835 5556 esse
860 5502 927 5557 ab
961 5506 1109 5559 omni
1142 5510 1498 5569 accusatione
1527 5523 1581 5569 et
1614 5530 1770 5585 poena
1797 5520 2082 5588 praesentis

499 5589 660 5657 legis,
691 5594 785 5648 sed
810 5604 865 5649 et
899 5596 1069 5665 ipsum
1108 5603 1255 5657 omni
1291 5604 1452 5661 laude
1476 5605 1696 5678 dignum
1722 5609 2031 5679 judicamus
2062 5630 2076 5666 :

504 5686 761 5755 quoniam
788 5685 911 5745 hau:
952 5706 1057 5748 non
1089 5704 1175 5752 est
1210 5697 1550 5771 nundinatio,
1583 5705 1678 5759 sed
1712 5703 1935 5760 oblatio.

2188 4587 2349 4653 θυνος
2405 4590 2641 4662 εὑρεθῇ,
2696 4589 3145 4662 χειροτονείσθω’
3201 4592 3250 4643 εί
3307 4592 3365 4643 δὲ
3419 4590 3768 4663 χειροτονηθῇ

2188 4681 2343 4753 παρά
2378 4680 2448 4735 τὰ
2480 4680 2773 4754 εἰρημένα,
2809 4681 2907 4735 καὶ
2946 4680 3109 4745 αὐτὸς
3139 4683 3237 4734 καὶ
3272 4683 3300 4735 ὁ
3328 4682 3654 4752 χειροτονῶν
3682 4682 3773 4734 αὐε-

2184 4775 2300 4839 τὸν,
2349 4777 2448 4847 τῆς
2494 4773 2824 4846 Ἑκκλησὶας
2869 4774 3247 4830 έκὸἀλλονται.
3294 4776 3420 4828 Ἐὰν
3450 4776 3505 4828 δὲ
3539 4776 3567 4827 ὁ
3648 4792 3773 4829 κατ-

2185 4866 2388 4939 ἠγορος
2438 4868 2649 4935 παρὼν,
2701 4866 2778 4939 μὴ
2828 4866 2978 4938 δείξη
3028 4866 3539 4924 ἆδιεὸεὗαιὼσατο,
3637 4867 3771 4919 ἀπο-

2185 4960 2404 5032 λειφθῇ,
2436 4963 2484 5014 εἰ
2520 4960 2620 5031 μὲν
2677 4960 2941 5032 κληρικός
2979 4963 3118 5025 ἐστι,
3168 4962 3268 5031 τῆς
3317 4961 3654 5030 Ἐκκλησέας
3683 4961 3771 5014 ὲκ-

2184 5053 2439 5109 6άλλεται
2460 5073 2475 5087 ο
2511 5056 2559 5108 εἰ
2589 5056 2645 5108 δὲ
2674 5054 2862 5119 λαῖκδς
2892 5056 2998 5124 εἴη,
3033 5055 3265 5117 δεόντως
3312 5054 3726 5125 σωφρονίζεται.

2253 5154 2327 5213 ς’.
2372 5147 2441 5201 Εἴ
2490 5142 2575 5211 τις
2628 5147 3121 5215 τῶνέπισκόπων,
3159 5148 3269 5201 εἴτε
3319 5147 3429 5219 πρὸ
3481 5149 3584 5216 τῆς
3640 5147 3772 5212 ιδίας

2182 5239 2539 5313 χειροτονίας,
2564 5240 2674 5293 εἴτε
2718 5241 2859 5311 μετὰ
2902 5239 3003 5312 τὴν
3045 5238 3386 5311 χειροτονίαν
3444 5239 3680 5311 βουληθῇ
3706 5243 3769 5294 τὰ

2185 5334 2294 5387 ἴδια
2339 5332 2644 5403 πράγματα
2694 5333 2726 5404 ἢ
2781 5333 2947 5406 μέρος
2992 5333 3051 5401 ἐξ
3087 5334 3271 5387 αὐτῶν
3304 5337 3681 5405 προσαγαγεῖν
3705 5337 3768 5406 τῇ

2198 5426 2497 5498 Ἐκκλησία
2520 5421 2587 5498 ἦς
2636 5427 2736 5498 τὴν
2774 5428 3061 5501 ἱεροσύνην
3099 5427 3385 5499 λαμϐάνει,
3424 5430 3486 5483 οὐ
3515 5430 3678 5499 μόνον
3711 5430 3771 5483 οὺ

2187 5515 2533 5588 κωλυόμενον
2558 5516 2619 5590 [ί.
2656 5516 2987 5591 κωλύομεν],
3010 5521 3107 5574 καὶ
3132 5519 3315 5590 πάσης
3347 5514 3648 5589 καταδίκης
3678 5521 3772 5575 καὶ

2188 5610 2380 5682 ποινῆς
2418 5611 2512 5663 τοῦ
2571 5611 2842 5682 παρόντος
2885 5614 3054 5684 νόμου
3102 5612 3394 5684 ἐλεύθερον
3423 5614 3589 5666 αὑτὸν
3635 5609 3771 5670 εἶναι

2195 5704 2548 5775 θεσπίζομεν,
2590 5704 2726 5761 ἀλλὰ
2774 5706 2869 5760 καὶ
2911 5708 3112 5773 παντὸς
3138 5707 3365 5761 ἐπαίνου
3394 5708 3546 5775 ἄξιον
3594 5706 3772 5779 κρίνο-

2173 5811 2293 5866 μεν·
2311 5795 2497 5871 ἐπειδὴ
2516 5796 2673 5852 τοῦτο
2701 5799 2803 5855 οὐκ
2820 5798 2967 5855 ἔστιν
2986 5798 3435 5874 ἀγορασία,ιάλλὰ
3462 5801 3768 5873 προστρορὰ
