4042 6344
270 290 381 366 481

1544 280 1934 359 DELECTUS
1963 295 2113 359 LEG
2127 296 2258 358 ΗΜ.

3460 287 3567 352 482

348 411 423 478 ζ’.
464 413 867 485 Πρεσϐύτερος
932 410 1366 494 χειροτονείσθὲω,
1417 408 1492 481 μὴ
1556 411 1735 480 ἥττων
1782 427 1885 482 τρι·

2004 428 2045 472 ε,
2067 409 2121 467 7.
2152 409 2383 483 (Navali.
2418 410 2541 475 12⁸5,
2578 425 2694 480 cap.
2730 394 2841 479 i5.)
2875 406 3163 479 Presbyter
3193 404 3424 479 eligatur
3459 422 3563 463 non

278 505 495 558 ἄκοντα
517 506 745 576 χρόνων
767 508 824 560 έν
853 505 1119 578 παρθενίᾳ
1153 501 1726 575 μεμαρτυρημένος,ῆ
1763 502 1885 571 μιᾶς

1997 499 2175 556 minor
2203 500 2420 571 triginta
2460 504 2635 564 annis,
2686 506 2896 554 testata:
2945 497 3295 568 virginitatis,
3351 511 3566 568 quoque

276 597 557 665 γυναικὸς
599 599 747 671 ἀνὴρ
806 597 879 652 ὢν
913 598 947 671 ἢ
977 598 1235 668 γεγονὼς,
1265 597 1361 651 καί
1390 596 1599 668 ταύτης
1630 596 1896 667 σεμνοτάο

274 705 402 760 της,
437 688 548 745 καὶ
593 693 706 745 τῶν
757 690 935 746 ἄλλων
988 690 1457 761 ἀπηγορευμένων
1509 688 1688 760 ἔργων
1735 687 1895 759 ἠλευ-

276 779 642 853 θερωμένος,
675 786 769 838 καί
800 786 866 856 τῇ
917 786 1181 854 κανονικῇ
1238 781 1635 853 ἀδωροδοκήτῳ
1678 797 1891 851 μαρτυ-

270 874 376 945 ρίᾳ
400 875 956 946 κατησφαλισμένος.

350 973 433 1036 η’.
495 968 769 1030 Διάκονος
817 969 1026 1037 ὀφείλει
1082 968 1533 1039 χειροτονεῖσθαι,
1579 966 1654 1038 μὴ
1711 964 1892 1035 ἥττων

278 1058 390 1112 τῶν
429 1060 789 1123 εἰκοσιπέντε
812 1052 1029 1132 Δχρόνων
1054 1061 1149 1115 καί
1176 1060 1338 1123 αὐτὸς
1377 1063 1436 1113 ἐν
1467 1057 1765 1131 παρθενεία
1790 1075 1887 1127 με-

280 1153 757 1224 μαρτυρημένος,
781 1152 813 1224 ἢ
845 1155 973 1224 μιᾶς
993 1153 1253 1223 γυναικὸς
1304 1153 1439 1224 ἀνὴρ
1468 1150 1544 1204 ὢν
1564 1152 1597 1221 ἢ
1620 1152 1885 1219 γεγονὼς,

276 1244 375 1297 καί
402 1246 631 1317 ταύτης
664 1248 1023 1319 σεμνοτάτης,
1061 1245 1306 1301 καὶτῶν
1346 1247 1525 1303 ἄλλων
1565 1246 1882 1315 ἀπηγορευιο

282 1337 473 1405 μένων
528 1335 715 1407 ἔργων
744 1336 1215 1409 ἠλευθερωμένος,
1255 1338 1349 1391 καὶ
1377 1340 1442 1409 τῇ
1479 1339 1741 1407 κανονικῇ
1793 1338 1889 1391 καὶ

278 1424 699 1495 ἀδωροδοκήτῳ
739 1425 1021 1497 μαρτυρίᾳ
1048 1426 1583 1497 κατησφαλισμένος.

352 1514 424 1571 θ’.
482 1516 886 1581 ’Υποδιάκονος
942 1516 1358 1588 χειροτονείσθω
1409 1517 1484 1587 μὴ
1537 1517 1717 1589 ἥττων
1774 1516 1886 1571 τῶν

286 1606 476 1678 εἴκοσι
540 1609 779 1679 χρόνων,
832 1609 977 1661 κατὰ
1022 1608 1122 1672 τὰς
1178 1607 1583 1679 προειρημένας
1617 1606 1889 1661 διατυπώ-

285 1714 433 1762 σεις.
487 1698 954 1770 Ἀπαγορεύομεν
1002 1698 1061 1753 δὲ
1106 1697 1201 1752 τοῦ
1246 1697 1434 1751 λοιποῦ
1501 1697 1599 1762 τὰς
1649 1696 1753 1751 ὑπὸ
1795 1697 1887 1750 τὸν

1994 588 2157 649 unius
2194 600 2408 647 tantum
2453 592 2694 647 mulieris
2726 592 2830 656 vir,
2870 600 2959 645 aut
2992 591 3063 645 sit
3092 598 3187 644 aut
3210 588 3392 657 fuerit,
3418 589 3565 656 ejus-

1994 698 2102 754 que
2129 685 2491 754 integerrimac
2525 682 3041 752 modestissimaeque
3064 701 3079 737 :
3105 681 3283 751 sitque
3311 680 3567 736 immunis

1993 791 2023 830 a
2057 776 2294 832 crimine
2334 777 2514 831 omnis
2564 773 2689 830 facti
2720 774 3000 844 prohibiti,
3036 773 3342 849 integrique
3381 782 3436 828 et
3483 774 3566 827 iu-

1994 868 2234 936 corrupti
2265 868 2508 938 pecuniis
2537 868 2700 922 auimi
2736 867 3043 923 testimonio
3071 868 3332 923 munitus.

2064 958 2115 1014 8.
2142 956 2412 1014 Diaconus
2436 959 2559 1028 eligi
2588 959 2747 1014 debet
2772 974 2878 1015 non
2905 958 3085 1013 minor
3108 959 3298 1029 viginti
3325 959 3564 1029 quinque

1993 1050 2171 1116 anuis,
2226 1061 2280 1105 et
2319 1051 2434 1118 ipse
2485 1058 2741 1119 spectatae
2783 1048 3126 1120 virginitatis,
3176 1049 3377 1119 quique
3406 1052 3566 1105 unius

1993 1153 2202 1198 tantum
2240 1142 2499 1207 mulieris,
2532 1143 2756 1212 ejusque
2790 1141 3229 1208 modestissimae,
3259 1142 3343 1199 vir
3372 1145 3442 1199 sit
3472 1152 3565 1205 aut

1994 1234 2157 1289 fuerit
2209 1253 2226 1291 :
2280 1238 2457 1306 sitque
2507 1235 2764 1291 immunis
2810 1250 2839 1289 a
2886 1235 3041 1307 culpa
3080 1237 3261 1291 omnis
3309 1238 3561 1308 prohibiti

1991 1326 2143 1393 facti,
2174 1328 2371 1397 integri
2408 1337 2673 1397 praeterea
2704 1336 2759 1384 et
2785 1328 3085 1397 incorrupti
3118 1330 3365 1399 pecuniis
3394 1329 3563 1385 animi

1993 1420 2300 1475 testimonio
2330 1420 2592 1475 munitus.
2985 1406 2997 1413 ’

2062 1509 2117 1564 9.
2153 1507 2525 1567 Subdiaconus
2557 1511 2785 1581 eligatur
2817 1527 2923 1569 non
2961 1512 3140 1567 minor
3166 1512 3353 1584 viginti
3385 1515 3558 1583 annis,

1990 1604 2288 1658 secundum
2352 1606 2633 1673 praedictas
2700 1606 3141 1674 constitutiones;
3209 1608 3559 1677 prohibemus

1987 1711 2116 1751 vero
2143 1700 2196 1752 in
2223 1698 2487 1768 reliquum
2514 1700 2913 1771 designationes
2936 1703 3076 1758 intra
3103 1703 3243 1758 hunc
3269 1703 3559 1759 terminum

282 1790 414 1875 ὅρον
445 1791 656 1845 τοῦτον
690 1790 1061 1863 χειροτονίας*
1098 1790 1298 1845 ἄτοπον
1323 1790 1433 1862 γὰρ
1469 1791 1608 1862 μετά
1634 1789 1732 1861 τὴν
1768 1806 1885 1862 χει-

1990 1790 2200 1847 factas:
2230 1791 2522 1847 absurdum
2554 1793 2698 1848 enim
2747 1791 2910 1849 fuerit
2956 1803 3080 1862 post
3123 1793 3558 1865 designationem

286 1884 577 1954 ροτονίαν,
608 1883 747 1956 πρὸς
784 1884 1030 1955 γαμικὰς
1064 1882 1324 1955 ἔρχεσθαι
1357 1882 1673 1950 συναφείας.

361 1980 420 2029 ι’.
486 1973 885 2045 ’Δναγνώστης
960 1973 1394 2046 χειροτονείσθω,
1460 1973 1554 2041 ἀφ’
1611 1973 1735 2025 ὅτου
1791 1971 1884 2026 οὖν

283 2067 491 2137 χρόνου
521 2068 755 2122 δύναται
790 2066 885 2120 καὶ
916 2066 1210 2121 ἐπίσταται
1247 2066 1672 2134 ἀναγινώσκειν.

361 2158 457 2211 ια’.
493 2159 731 2231 Ψάλτης
785 2157 1202 2229 χειροτονείσθω
1246 2155 1341 2225 ἀφ’
1385 2157 1508 2211 ὅτου
1558 2154 1652 2210 οὖν
1689 2155 1881 2228 χρόνου

288 2248 387 2303 καὶ
417 2250 594 2313 αὐτὸς
623 2248 845 2302 δύναται
876 2247 1123 2318 ψάλλειν.

364 2362 459 2432 ιβ’.
498 2362 572 2416 Εἰ
608 2361 965 2432 ἀναγνώστης
1011 2361 1274 2431 δευτέραν
1307 2360 1553 2432 γαμετὴν
1585 2360 1881 2430 ἀγάγηται,

287 2456 322 2525 ἢ
365 2454 607 2526 πρώτην
653 2455 773 2526 μὲν,
813 2456 987 2526 χήραν
1025 2454 1106 2518 δὲ,
1146 2454 1179 2525 ἢ
1215 2453 1624 2525 διαζευχθεῖσαν
1669 2454 1880 2524 ἀνδρὸς,

290 2548 324 2617 ἦ
365 2552 484 2613 τοῖς
516 2549 727 2619 νόμοις,
757 2547 791 2619 ἢ
824 2551 938 2611 τοῖς
959 2549 1127 2619 ἱεροῖς
1159 2547 1378 2601 κανόσιν
1400 2549 1880 2618 ἀπηγορευμένην,

295 2641 505 2710 μηκέτι
558 2643 640 2703 εἰς
691 2640 853 2695 ἄλλον
902 2640 1359 2712 ἐκκλησιαστικὸν
1407 2639 1614 2709 βαθμὸν
1657 2638 1884 2710 προϐαι·

293 2732 457 2790 νέτω.

369 2931 464 3002 ιγ’.
490 2933 713 3005 ’Ὥσπερ
740 2933 841 3005 κλη
851 2934 1005 3006 ρικδν
1024 2936 1137 2989 οἴου
1155 2935 1355 3006 δήποτε
1372 2936 1609 3007 βαθμοῦ,
1638 2936 1727 2989 ἐπὶ
1743 2936 1883 3006 χρή-

296 3042 431 3093 μασι
450 3025 861 3098 προϐάλλεσθαι
880 3027 982 3081 οὐκ
1004 3028 1330 3098 ἀνεχόμεθα,
1353 3028 1524 3090 οὕτως
1540 3030 1660 3081 οὐδὲ
1683 3028 1885 3093 ξενοὸό-

1990 1883 2172 1936 venire
2202 1882 2514 1952 adcopulas
2535 1883 2821 1952 nuptiales.

2057 1972 2144 2028 l0.
2177 1971 2369 2028 Lector
2412 1974 2726 2044 designetur
2759 1976 2827 2030 ab
2861 1989 2926 2033 eo
2971 1982 3234 2047 tempore,
3266 1991 3375 2048 quo
3410 1977 3559 2033 novit

1987 2074 2042 2117 et
2069 2071 2242 2133 potest
2276 2063 2478 2134 legere.

2059 2153 2147 2207 11.
2180 2152 2385 2209 Psaltes
2411 2155 2720 2226 designetur
2742 2157 2810 2212 ab
2841 2170 2905 2213 eo
2934 2162 3196 2229 tempore,
3228 2169 3335 2227 quo
3366 2168 3560 2211 canere

1987 2244 2220 2299 noverit.
2650 2252 2659 2257 '

2060 2356 2150 2412 12.
2172 2354 2324 2423 Quod
2357 2357 2601 2416 si’leetor
2633 2359 2924 2415 secundam
2952 2374 3174 2416 uxorem
3204 2360 3438 2428 duxerit,
3461 2371 3555 2418 aut

1986 2450 2216 2520 primam
2251 2450 2489 2520 quidem,
2522 2453 2613 2505 sed
2640 2461 2731 2507 aut
2758 2439 2976 2507 viduam
3008 2462 3100 2507 aut
3128 2468 3159 2509 α
3190 2453 3305 2509 viro
3331 2468 3552 2526 separa-

1989 2552 2119 2608 tam,
2149 2550 2242 2595 aut
2269 2541 2502 2610 aliquant
2529 2542 2760 2612 denique
2782 2544 2938 2611 cujus
2968 2546 3166 2614 nuptiae
3197 2546 3422 2616 legibus,
3462 2556 3555 2601 aut

1990 2632 2195 2687 sanctis
2226 2634 2523 2688 canonibus
2556 2634 2838 2704 prohibita:
2875 2644 3022 2700 sunt,
3059 2651 3330 2706 nunquam
3367 2646 3552 2707 postea

1987 2723 2053 2777 ad
2082 2723 2243 2779 alium
2269 2724 2499 2795 aliquem
2531 2725 2954 2782 ecclesiasticum
2985 2725 3207 2795 gradum
3240 2742 3555 2797 promovea-

1986 2824 2093 2870 llll‘.

2059 2934 2143 2989 15.
2171 2934 2634 3009 Quemadmodum
2664 2936 2919 2993 clericum
2947 2937 3332 3008 cujuscumque
3357 2938 3553 3006 gradus

1987 3027 2058 3082 sit
2108 3042 2213 3082 non
2262 3029 2625 3097 permittimus
2678 3031 2900 3100 pecunia
2953 3032 3076 3086 data
3123 3031 3425 3102 designari;
3475 3034 3555 3087 sic

298 3134 411 3185 χον,
427 3116 463 3188 ἢ
484 3120 897 3189 πτωχοτρόφον,
916 3117 950 3189 ἢ
971 3119 1287 3189 νοσοκόμον,
1310 3121 1341 3190 ἢ
1361 3119 1523 3174 ἄλλοις
1548 3121 1661 3173 οἵου
1682 3123 1882 3201 δήποτε

1987 3134 2161 3190 neque
2209 3121 2604 3186 xenodochum,
2645 3130 2739 3176 aut
2768 3123 3243 3193 ptnchotrophum,
3278 3132 3371 3177 aut
3396 3138 3557 3178 noso‘

298 3209 539 3278 εὐαγοῦς
569 3213 722 3263 οἴκου
760 3211 1057 3281 διοικητὴν,
1080 3212 1113 3282 ἢ
1134 3206 1245 3266 οἷον
1272 3215 1473 3284 δήποτε
1492 3214 1881 3283 ἐκκλησιαστι-

299 3297 394 3350 κὸν
416 3299 736 3369 φρόντισμα
762 3296 1095 3371 χειρίζοντα.
1122 3302 1185 3354 Ei
1212 3302 1271 3355 δὲ
1298 3302 1455 3356 τοῦτο
1478 3304 1703 3375 γένηταί
1729 3320 1880 3372 ποτε,

299 3390 395 3443 καί
412 3392 442 3443 ὁ
467 3389 782 3458 διδοὺς,καί
801 3394 830 3445 ὁ
859 3393 1177 3462 λαμϐάνων,
1198 3396 1294 3447 καὶ
1316 3398 1344 3449 ὁ
1364 3396 1589 3467 μεσίτης
1608 3395 1711 3467 τῆς
1740 3397 1882 3467 ἰερο-

302 3480 493 3555 σὺνης,
526 3486 647 3555 ἦτοι
695 3486 794 3552 τῆς
832 3485 1296 3557 ὲμπιστευθείσης
1337 3488 1488 3558 αὐτῷ
1521 3489 1638 3552 οἵας
1679 3490 1881 3557 δήποτε

301 3574 476 3646 διοική
486 3593 627 3640 σεως
643 3592 711 3645 γυ
720 3577 1197 3648 μηὲωθήσεταιβῶν
1209 3579 1265 3633 δὲ
1280 3579 1459 3649 δόμων
1475 3580 1492 3651 [
1501 3582 1545 3651 Ῑ.
1557 3580 1881 3653 δεδομένων]

304 3664 708 3735 ὲκδικουμένων
736 3666 813 3736 τῷ
855 3666 1044 3734 εὐαγεί
1094 3665 1267 3735 τόπῳ,
1318 3660 1526 3729 οῧτινος
1564 3668 1626 3719 τὸ
1674 3668 1883 3720 τοιοῦτο

305 3758 602 3827 πρόσωπον
632 3758 728 3827 τὴν
768 3757 1177 3829 χειροτονίαν,ἢ
1228 3758 1504 3829 φροντίδα,
1540 3759 1572 3827 ἢ
1616 3759 1883 3828 διοίκησιν

305 3849 665 3904 ἔὶαϐενοείδὲ
690 3850 955 3919 κοσμικδς
987 3845 1020 3921 ᾗ
1059 3851 1087 3901 ὁ
1116 3850 1317 3915 λαϐὼν,
1342 3851 1374 3921 ἢ
1400 3850 1626 3922 μεσίτης
1653 3850 1881 3921 γενόμε-

307 3961 415 4009 νος,
445 3943 512 3996 τὸ
545 3943 697 3997 δοθὲν
725 3941 949 3997 διπλοῦν
976 3942 1437 4012 ἁπαιτηθήσεται,
1479 3944 1573 3997 καὶ
1601 3946 1882 3997 ἀποκατα-

309 4036 640 4105 σταθήσεται
665 4035 742 4105 τῷ
776 4036 965 4102 εὐαγεῖ
986 4035 1137 4103 τόπῳ
1166 4027 1232 4087 οὗ
1261 4034 1320 4087 τὸ
1348 4033 1560 4087 τοιοῦτο
1591 4035 1883 4107 πρόσωπον

306 4127 399 4200 τὴν
434 4127 832 4199 χειροτονίανῆ
873 4127 972 4197 τὴν
1006 4124 1264 4199 φροντίδα
1303 4122 1517 4181 ἔλαϐεν.

370 4321 461 4378 ιδ’.
490 4322 652 4385 Είτις
672 4319 929 4391 κληρικδς
948 4319 1262 4390 οἱανδήποτε
1279 4315 1516 4390 βαθμοῦ,
1542 4317 1575 4389 ἢ
1604 4319 1884 4390 διοικητὴς

305 4413 545 4483 εὐαγοῦς
556 4414 721 4466 τόπου
736 4411 842 4483 πρὸ
858 4413 956 4482 τῆς
982 4410 1319 4481 χειροτονίας
1336 4410 1715 4481 πιστευθείσης
1732 4410 1882 4479 αὐτῷ

307 4507 633 4579 οἱασδήποτε
671 4506 993 4576 διοικήσεως
1053 4504 1086 4575 ἢ
1125 4502 1429 4573 φροντίδος,
1464 4504 1497 4571 ἦ
1534 4504 1670 4572 μετὰ
1710 4502 1883 4557 ταῦτα

307 4602 543 4674 βουληθῇ
564 4620 611 4654 τι
637 4600 746 4655 τῶν
774 4600 917 4656 ἰδίων
948 4600 1288 4670 πραγμάτων
1307 4599 1677 4670 προσαγαγεῖν
1694 4600 1758 4668 τῇ
1781 4598 1884 4649 ’ἔχη

307 4698 507 4769 κλησίᾳ
551 4700 611 4751 ὲν
653 4692 686 4772 ᾗ
731 4695 1205 4768 χειροτονεῖται,ἢ
1242 4693 1321 4762 τῷ
1368 4694 1517 4761 τόπῳ
1548 4686 1756 4753 οὗτινος
1785 4689 1915 4761 τὴν.

307 4792 574 4860 διοίκησιν
631 4788 665 4858 ἦ
695 4788 795 4856 τὴν
846 4786 1108 4856 φροντίδα
1147 4784 1494 4853 ἀναδέχεται,
1525 4783 1587 4835 οὐ
1640 4782 1799 4852 μόνον
1822 4783 1880 4834 οὐ

311 4883 597 4951 κωλύομεν
627 4880 787 4934 τοῦτο
815 4877 1091 4947 γίνεσθαι,
1125 4876 1264 4931 ἀλλά
1298 4876 1393 4931 καὶ
1436 4877 1637 4944 μᾶλλον
1670 4875 1887 4945 ἐπιτρέ-

308 4993 500 5047 πομεν.

378 5096 461 5144 ιε’.
522 5086 866 5156 Θεσπίζομεν
941 5085 1037 5139 ἐὰν
1102 5084 1402 5145 ἐπίσκοπος
1485 5082 1883 5153 μεσιτευόντων

308 5180 465 5232 τινῶν
524 5181 581 5231 ὲν
634 5178 861 5247 χρυσίου
909 5176 1184 5247 καταϐολῇ
1241 5177 1620 5248 χειροτονηθῇ,
1652 5177 1745 5229 καὶ
1792 5175 1883 5228 τὸν

310 5271 518 5325 διδόντα
562 5271 656 5322 καὶ
687 5271 779 5322 τὸν
825 5269 1195 5339 λαμϐάνοντα,
1249 5270 1343 5322 καί
1385 5270 1477 5320 τὸν
1526 5268 1885 5344 μεσιητεύοντα

308 5368 403 5435 τῆς
458 5363 744 5435 ἰεροσύνης
793 5362 827 5433 ἢ
874 5365 975 5434 τῆς
1016 5362 1110 5415 τοῦ
1140 5362 1343 5432 κλήρου
1387 5362 1553 5431 τιμῆς
1589 5353 1728 5413 κατὰ
1758 5361 1885 5424 τοὺς

311 5459 489 5527 ἱεροὺς
514 5455 750 5518 κανόνας
777 5455 1181 5518 ἀποκινεῖσθαι,
1216 5454 1277 5505 τὸ
1302 5452 1359 5507 δὲ
1390 5454 1531 5523 ὑπὲρ
1559 5452 1763 5516 ταύτης
1788 5454 1885 5521 τῆς

310 5548 481 5609 αἰτίας
504 5546 659 5599 δοθὲν
683 5550 751 5617 τῇ
774 5545 1078 5616 Ἐκκλησία
1098 5546 1282 5617 ἐκείνῃ
1303 5545 1620 5597 ἐκδικείσθω
1636 5538 1704 5615 ἧς
1725 5543 1887 5615 ⁴ίιιϐου-

309 5636 443 5707 λήθη
489 5635 585 5705 τὴν
639 5635 922 5705 ίεροσύνην
950 5634 1302 5705 ὠνήσασθαι·
1330 5636 1384 5687 εί
1417 5635 1473 5687 δὲ
1508 5635 1770 5704 κοσμικὸς
1799 5635 1883 5706 εἴη

310 5731 336 5782 ὁ
371 5730 512 5800 ὑπὲρ
556 5712 762 5799 ταύτης
800 5729 899 5798 τῆς
945 5729 1126 5793 αίτίας
1169 5746 1220 5781 τι
1261 5728 1461 5794 λαϐὼν,
1516 5731 1547 5799 ἢ
1594 5730 1759 5797 μέσος
1810 5730 1886 5796 τῷ

1984 3228 2218 3280 comum,
2246 3224 2342 3269 “aut
2380 3215 2609 3284 alicujus
2649 3215 2882 3285 denique
2927 3217 3254 3273 venerabilis
3285 3218 3387 3273 loci
3417 3233 3554 3287 prae-

1985 3306 2207 3374 fectum,
2246 3317 2341 3363 aut
2373 3312 2733 3380 quodcunque
2762 3310 3187 3366 ecclesiasticum
3218 3324 3411 3390 munus
3436 3327 3556 3366 sus-

1984 3398 2273 3455 tinentem.
2311 3401 2462 3468 Quod
2496 3401 2539 3454 si
2585 3415 2712 3456 vero
2741 3398 2793 3456 id
2843 3402 3153 3473 contigerit,
3187 3410 3243 3457 et
3286 3402 3377 3471 qui
3412 3402 3555 3456 dedit

1982 3492 2032 3547 ei
2066 3492 2156 3561 qui
2183 3494 2393 3561 accepit
2418 3493 2720 3560 pecuniam,
2746 3503 2802 3547 et
2833 3492 3099 3548 mediator
3126 3493 3436 3558 sacerdotii,
3462 3505 3554 3548 aut

1982 3583 2173 3650 quavis
2219 3580 2320 3635 alia
2356 3581 2827 3636 administratione
2874 3579 2974 3649 ipsi
3024 3580 3336 3637 concredita
3365 3580 3548 3649 priva-

1984 3674 2149 3737 bitur,
2182 3673 2247 3727 iis
2269 3688 2394 3747 “quae
2426 3672 2551 3727 data
2591 3680 2715 3726 sunt
2757 3672 3046 3727 venerabili
3099 3669 3214 3725 loco
3248 3671 3552 3736 vindicatis,

1982 3763 2138 3833 cujus
2169 3765 2289 3819 talis
2319 3779 2570 3832 persona,
2605 3774 2697 3819 aut
2739 3763 3191 3832 designationem,
3220 3771 3312 3816 aut
3342 3778 3550 3828 curam,

1984 3863 2078 3908 aut
2128 3854 2661 3907 administrationem
2703 3854 2935 3922 accepit.
2991 3851 3046 3905 Si
3100 3865 3228 3906 vero
3269 3851 3437 3905 laicus
3486 3855 3555 3905 sit

1983 3956 2237 4017 acceptor
2273 3954 2366 4000 aut
2402 3953 2683 4014 sequester
2729 3945 2996 4013 pecuniae,
3043 3943 3159 4013 ejus
3202 3944 3341 4012 quod
3370 3944 3555 3997 datum

1984 4040 2089 4092 erit
2112 4036 2328 4107 duplum
2356 4043 2651 4103 repetetur;
2677 4045 2732 4090 et
2753 4038 3068 4091 restituetur
3096 4035 3386 4089 venerabili
3417 4035 3552 4097 loco,

1986 4126 2139 4197 cujus
2180 4128 2304 4181 talis
2348 4141 2576 4195 persona
2632 4127 3060 4198 designationem
3108 4126 3411 4181 autcuram
3458 4141 3549 4181 ae-

1987 4220 2149 4290 cepit.

2062 4335 2229 4404 ld..Si
2261 4335 2381 4404 quis
2410 4334 2643 4391 clericus
2684 4335 3048 4406 cujuscunque
3078 4335 3300 4404 gradus,
3328 4336 3438 4391 sive
3465 4338 3554 4390 ad-

1988 4429 2325 4481 ministrator
2353 4427 2677 4481 venerabilis
2711 4427 2835 4491 loci,
2864 4427 2949 4481 vel
2976 4437 3101 4481 ante
3131 4428 3555 4498 designationem

1986 4520 2073 4574 vel
2121 4520 2489 4574 concreditam
2523 4519 2620 4586 ipsi
2657 4517 3089 4587 qualemcunque
3131 4519 3557 4574 administratio-

1990 4626 2109 4663 nem
2145 4620 2237 4664 aut
2263 4625 2474 4678 curam,
2507 4612 2809 4680 vel‘postea
2838 4612 3069 4666 voluerit
3098 4612 3299 4681 aliquid
3331 4627 3396 4666 ex
3433 4628 3556 4681 pro-
3628 4655 3629 4658 η

1986 4705 2118 4772 priis
2156 4704 2504 4759 facultatibus
2530 4704 2784 4759 conferre
2822 4704 2877 4757 in
2908 4704 3195 4758 ecclesiam
3239 4705 3290 4756 iu
3329 4721 3431 4774 qua
3460 4707 3556 4759 de-

1988 4796 2233 4862 signatus
2281 4802 2396 4856 est,
2449 4802 2542 4846 aut
2589 4793 2769 4849 locum
2828 4794 2985 4862 cujus
3031 4794 3554 4848 administrationem

1986 4896 2081 4938 aut
2110 4900 2295 4939 curam
2332 4884 2605 4952 suscepit;
2641 4899 2744 4938 non
2777 4883 2951 4937 solum
2989 4898 3095 4937 non
3123 4884 3473 4953 prohibemus
3506 4885 3557 4937 id

1987 4960 2123 5043 ﬁeri,
2156 4975 2250 5032 sed
2281 4976 2445 5030 etiam
2476 4976 2848 5031 adhortantur.

2064 5088 2152 5142 15.
2184 5086 2440 5141 .lubemus
2472 5094 2530 5140 ut
2568 5086 2613 5140 si
2642 5082 2928 5156 episcopus
2957 5086 3322 5141 mediantibus
3358 5087 3555 5155 aliqui.

1988 5182 2087 5234 bus
2117 5181 2182 5233 ad
2209 5181 2453 5246 pecunizc
2482 5178 2799 5245 pensionem
2831 5180 3147 5248 designatus
3186 5181 3276 5240 sit.
3310 5189 3365 5232 et
3396 5181 3440 5233 is
3466 5181 3556 5246 qui

1987 5272 2156 5335 dedit,
2194 5279 2247 5324 et
2278 5270 2324 5325 is
2355 5271 2443 5338 qui
2490 5270 2719 5339 accepit,
2769 5279 2823 5324 et
2859 5259 3143 5339 sequester
3180 5255 3561 5324 removeantur

1987 5379 2016 5418 a
2040 5365 2365 5429 sacerdotio,
2407 5364 2488 5417 vel
2518 5381 2549 5417 ιι
2585 5364 2714 5419 cleri
2751 5364 2983 5428 honore,
3014 5361 3311 5417 secundum
3345 5371 3560 5416 sanctos

1989 5470 2239 5510 canones.
2276 5456 2425 5521 Quod
2459 5465 2639 5509 autem
2688 5455 2847 5510 talem
2879 5456 2950 5510 ob
2978 5469 3198 5509 causam
3236 5455 3418 5507 datum
3454 5465 3557 5519 est,

1987 5548 2233 5604 ecclesiae
2276 5548 2349 5602 illi
2385 5549 2726 5613 vendicetur,
2750 5547 2905 5615 cujus
2932 5548 3295 5602 sacerdotium
3330 5549 3557 5601 mercari

1990 5641 2180 5695 voluit.
2217 5641 2273 5695 Si
2312 5656 2441 5696 vero
2471 5642 2640 5695 laicus
2671 5643 2759 5706 sit,
2790 5642 2884 5712 qui
2918 5642 3081 5695 talem
3112 5645 3179 5695 oh
3215 5656 3433 5695 causam
3464 5645 3557 5695 ali--

1988 5732 2116 5797 quid
2150 5732 2383 5798 accepit,
2418 5740 2510 5783 aut
2543 5731 2636 5798 qui
2664 5731 2929 5785 mediator
2966 5731 3017 5785 in
3047 5733 3147 5785 hoc
3180 5734 3398 5802 negotio
3434 5730 3557 5796 fuit,
