4046 6330
494 284 602 350 487
1513 275 2026 343 CONSTANTINI
2059 276 2739 343 PORPHYROGENlTI
3640 271 3753 342 488

499 398 762 468 dixerint,
794 395 1141 454 manifestum
1172 402 1258 452 est
1284 410 1404 462 eos,
1440 396 1517 451 uti
1551 397 1752 452 divinis
1775 397 2074 454 canonibus

2194 396 2433 451 ιατικῶν
2485 395 2678 450 αἰτιῶν
2721 395 2770 448 εί
2801 391 3278 465 ψευδομαρτυρίαν
3305 392 3512 448 εἴποιεν
3539 395 3754 469 ἐγγρα-

497 491 780 549 definitum
814 499 917 560 est,
953 489 1176 546 omnino
1207 503 1242 544 a
1273 487 1422 546 clero
1447 489 1682 546 excludi.

2194 489 2427 560 μάμενοι,
2461 486 2622 556 δῆλον
2654 488 2759 551 ὅτι,
2800 487 2874 551 ὼς
2901 487 3016 551 τοῖς
3058 484 3225 550 θείοις
3255 484 3484 558 ὥρισται
3536 488 3755 554 κανόσι,

2170 577 2267 633 τοῦ
2298 579 2504 650 κλήρου
2539 577 3005 650 ἀπογυμνοῦνται.

2243 670 2331 743 ιβ’.
2371 671 2654 742 Ἕλληνες,
2716 673 2813 726 καὶ
2847 671 3118 750 Ἰουδαῖοι,
3166 673 3264 728 καὶ
3308 673 3599 745 αἰρετικοί,
3627 671 3770 727 οὔτε

2174 765 2585 836 στρατεύονται,
2623 761 2749 818 οὔτε
2785 764 3180 832 πολιτεύονται,
3212 765 3328 820 ἀλλ’
3357 766 3604 839 ἐσχάτως
3633 755 3761 820 ἄτι-

565 677 657 736 12.
687 675 950 742 Gentiles,
983 674 1179 743 Judaei,
1208 685 1265 732 et
1295 675 1563 745 haeretici,
1595 690 1772 747 neque
1809 677 2068 746 militare,

495 785 677 840 neque
703 769 870 825 ullum
895 768 948 823 in
984 769 1258 837 republica
1290 783 1487 825 munus
1511 769 1665 826 obire
1690 780 1952 841 possunt;
1977 771 2073 826 sed

497 874 744 918 extrema
778 860 1000 916 infamia
1035 859 1368 918 afﬁciuntur.
1965 851 1968 853 ’

2194 858 2434 914 λοῦνται.

571 957 661 1012 15.
693 955 749 1010 In
782 955 988 1011 clerum
1023 955 1227 1020 allecti,
1270 963 1327 1011 et
1370 955 1694 1012 monachico
1743 956 1930 1011 habitu
1985 970 2076 1011 as-

2247 956 2336 1018 ιγ’.
2375 949 2439 1002 Oi
2473 949 2552 1022 τῷ
2581 949 2771 1022 κλήρῳ
2789 949 3224 1022 κατειλεγμένοι,
3257 954 3352 1007 καί
3376 950 3455 1024 τῷ
3475 952 3766 1024 μοναχικῷ

498 1058 737 1120 sumpto,
764 1050 809 1105 si
843 1059 1032 1120 postea
1059 1051 1309 1106 ordinem
1342 1065 1496 1106 suum
1532 1052 1893 1111 deserverint.
1923 1059 1980 1106 et
2014 1065 2073 1106 se

2194 1044 2418 1113 πχήματι
2474 1043 2877 1111 τελειωθέντες,
2933 1039 3054 1100 εἶτα
3090 1044 3193 1117 τὴν
3245 1045 3453 1100 οἰκείαν
3483 1047 3640 1112 τάξιν
3674 1047 3765 1100 λι-

498 1138 556 1193 in
591 1139 759 1194 laicos
787 1138 1242 1206 reformaverint;
1273 1153 1448 1209 neque
1488 1139 1740 1207 militare,
1767 1154 1942 1210 neque
1974 1154 2074 1210 pu-

2194 1133 2392 1198 τόντες,
2427 1135 2522 1188 καὶ
2561 1136 2641 1196 εἰς
2670 1132 2893 1199 λαῖκοὺς
2949 1136 3576 1206 μετασχηματισθέντες,
3630 1135 3765 1192 οὔτε

498 1230 700 1286 blicum
727 1232 888 1287 obire
909 1240 1155 1299 possunt,
1189 1232 1284 1288 sed
1313 1230 1479 1288 simili
1505 1247 1627 1288 cum
1653 1233 1929 1304 praedictis
1951 1247 2076 1289 con-

500 1321 720 1375 tumelia
756 1321 1085 1375 alliciuntur.

571 1435 660 1492 Η.
685 1435 787 1504 Qui
806 1435 1103 1491 solitariam
1124 1445 1180 1491 et
1203 1436 1559 1492 monasticam
1583 1437 1749 1492 vitam
1771 1438 2072 1509 elegerunt,

507 1543 688 1599 neque
713 1529 934 1584 tutelam
968 1536 1183 1598 gerunt,
1217 1542 1388 1598 neque
1411 1543 1602 1584 causas
1629 1530 1859 1584 aliorum
1884 1541 2070 1599 agunt,

500 1633 568 1674 ne
588 1620 802 1690 quidem
832 1621 876 1674 si
906 1619 1200 1674 necessarii
1229 1618 1448 1686 iuerint,
1469 1634 1642 1689 neque
1665 1621 1766 1676 nisi
1801 1625 2073 1690 propriam

501 1725 721 1765 causam
756 1726 983 1781 eamque
1025 1712 1238 1765 unicam
1276 1727 1437 1782 agere
1477 1721 1721 1782 possunt,
1758 1714 1917 1780 idque
1944 1729 2076 1769 con-

500 1818 666 1858 sensu
697 1804 813 1874 ejus
842 1803 931 1858 cui
955 1801 1205 1858 subsunt.

573 1913 663 1968 l5.
708 1912 1035 1969 Monasteria
1085 1921 1139 1968 et
1185 1913 1446 1983 :ecclesiae
1484 1929 1546 1970 ac
1578 1923 1835 1985 praeterea
1876 1927 2077 1973 metro-

501 2007 651 2079 poles
685 2019 737 2064 et
766 2009 1131 2080 episcopatus,
1157 2025 1262 2065 non
1291 2009 1573 2078 subiacent
1597 2020 1693 2065 aut
1714 2012 1936 2081 privatae
1964 2027 2078 2067 ser-

504 2102 658 2156 vituti
687 2110 783 2156 aut
814 2101 1042 2172 publica
1075 2119 1088 2159 :
1128 2111 1255 2157 sunt
1293 2103 1437 2157 enim
1481 2117 1547 2158 ex
1590 2104 1845 2158 omnibus
1891 2104 2076 2159 selecti

505 2193 638 2256 Deo,
683 2193 1141 2262 quemadmodum
1191 2193 1433 2250 Levitica
1485 2195 1657 2250 tribus
1694 2196 1847 2264 juxta
1903 2197 2076 2263 legem

505 2283 800 2338 mosaicam
834 2284 899 2337 ab
929 2284 1074 2340 omni
1112 2285 1413 2340 ministerio
1441 2297 1684 2356 exempta
1709 2297 1844 2342 erat.
1881 2287 1934 2340 Si
1965 2303 2080 2357 qua!

508 2391 636 2432 vero
687 2375 1015 2430 inevitabilis
1061 2385 1115 2430 et
1165 2376 1378 2446 publice
1426 2379 1740 2434 conducens
1784 2381 2080 2436 necessitas

508 2467 767 2536 coegerit,
800 2482 918 2534 qua:
947 2475 998 2520 et
1031 2468 1126 2521 bos
1155 2469 1387 2537 propriae
1417 2469 1606 2525 salutis
1633 2485 1794 2526 causa
1819 2474 1884 2525 ad
1919 2473 2079 2526 Ilillll-

505 2559 730 2612 sterium
756 2557 968 2626 aliquod
990 2565 1174 2624 vocet;
1198 2573 1293 2627 per
1313 2561 1427 2629 eius
1449 2560 1547 2616 loci
1574 2561 1875 2632 episcopos,
1902 2574 1954 2618 et
1979 2581 2086 2622 non

506 2665 603 2721 per
643 2649 812 2704 laicos
853 2650 1075 2707 omnino
1114 2650 1216 2707 hoc
1250 2651 1612 2708 ministerium
1651 2655 1835 2710 subire
1887 2670 2085 2726 cogen-

509 2753 564 2798 tu
573 2759 617 2798 Γ.

580 2854 668 2912 16.
719 2857 873 2923 Quod
919 2857 964 2913 si
1010 2859 1132 2928 quis
1159 2857 1285 2915 dum
1335 2858 1516 2914 divina
1573 2861 1833 2931 mysteria
1874 2861 2086 2931 aliaque

509 2963 666 3004 sacra
701 2949 1002 3003 ministeria
1037 2949 1405 3015 celebrantur,
1455 2961 1699 3006 sanctam
1744 2953 1952 3008 intrans
1995 2969 2084 3009 ec-

509 3039 737 3095 clesiam
781 3041 863 3095 vel
895 3040 1168 3110 episcopis
1207 3042 1293 3096 vel
1319 3041 1534 3097 clericis
1564 3043 1793 3113 aliisque
1823 3046 2088 3100 ministris

2177 1225 2562 1295 στρατεύονται
2599 1224 2722 1280 οὗτε
2753 1225 3151 1294 πολιτεύονται,
3183 1226 3320 1282 ἀλλὰ
3350 1228 3462 1293 τοῖς
3491 1243 3767 1301 προειρη-

2179 1314 2362 1384 μένοις
2396 1315 2599 1385 ὀμοίως
2627 1315 2976 1386 ἀτιμοῦνται.

2249 1429 2307 1483 ιδ’
2319 1469 2331 1484 .
2382 1429 2442 1484 Οἰ
2477 1431 2568 1484 τὸν
2601 1431 2808 1502 μονήρη
2860 1430 2976 1501 βίον
3007 1430 3434 1502 ἐπανῃρημένοι,
3465 1431 3590 1485 οὔτε
3634 1433 3769 1484 ὲπι-

2176 1521 2560 1592 τροπεύουσιν,
2603 1520 2725 1574 οὔτε
2784 1523 2943 1583 δίκας
2986 1520 3193 1594 ἑτέρων
3237 1523 3508 1592 λέγουσιν,
3556 1523 3665 1576 οὐδ’
3694 1523 3771 1577 ἂν

2180 1617 2465 1684 συγγενεῖς
2493 1609 2625 1680 εἷεν,
2661 1616 2713 1668 οἱ
2741 1615 2840 1677 τὰς
2867 1616 3020 1680 δίκας
3043 1615 3280 1686 ἔχοντες,
3316 1617 3455 1686 πλὴν
3487 1617 3629 1686 ὑπὲρ
3657 1615 3768 1684 τῆς

2185 1703 2322 1766 ἰδίας
2367 1706 2461 1759 καί
2493 1705 2654 1776 μόνον
2687 1709 2878 1778 μονῆς,
2916 1707 3008 1760 καὶ
3045 1706 3167 1760 τότε
3199 1705 3414 1761 συνέσει
3454 1705 3551 1760 τοῦ
3585 1710 3762 1777 ἡγου-

2185 1795 2370 1858 μένου.

2252 1904 2334 1961 ιε’.
2369 1907 2449 1962 Τὰ
2487 1909 2824 1981 μοναστήρια
2881 1911 2976 1964 καὶ
3026 1909 3084 1963 αἰ
3123 1910 3412 1982 ἐκκλησίαι
3472 1913 3570 1966 καὶ
3624 1911 3769 1984 πρὸς

2177 1999 2385 2054 τούτων
2408 2001 2464 2054 αί
2485 2001 2848 2073 μητροπόλεις
2866 2002 2960 2056 καὶ
2984 2003 3301 2070 ἑπισκοπαὶ,
3323 2005 3422 2075 οὐχ
3446 2004 3772 2058 ὑπόκεινται

2178 2093 2301 2146 οὔτε
2327 2094 2567 2166 ἰδιωτικῇ
2591 2095 2888 2166 ἀγγαρείᾳ,
2914 2095 3030 2167 ἤτοι
3060 2097 3296 2168 δουλείᾳ,
3331 2095 3453 2150 οὕτε
3481 2097 3724 2169 δημοσίᾳ
3753 2110 3771 2134 ο

2180 2188 2469 2259 ἁιραίρημα
2491 2190 2598 2260 γάρ
2626 2190 2764 2244 εἰσιν
2795 2192 2858 2242 ὲκ
2892 2190 3111 2266 πάντων
3143 2182 3287 2243 οὗτοι
3307 2189 3383 2260 τῷ
3419 2189 3563 2260 Θεῷ,
3596 2190 3775 2245 καθά-

2181 2299 2286 2353 περ
2351 2285 2382 2352 ἠ
2434 2285 2653 2349 Λευῖτις
2710 2282 2852 2354 φυλὴ
2914 2283 3056 2337 κατὰ
3098 2283 3189 2338 τὸν
3231 2285 3528 2339 Μωσαῖκδν
3581 2285 3773 2355 νόμον,

2183 2349 2584 2445 πάσης-ἀτελὴς
2609 2371 2676 2447 ἦν
2699 2349 2875 2430 λειτου
2886 2376 3062 2445 ργίας.
3093 2377 3157 2430 El
3195 2376 3252 2430 δέ
3277 2394 3360 2440 τις
3387 2349 3772 2447 ἀπαραίίίητος

2186 2469 2280 2521 καὶ
2319 2467 2657 2538 κοινωφελὴς
2691 2465 2851 2539 χρεία
2905 2468 3231 2540 κατεπείγῃ,
3280 2469 3374 2522 καὶ
3411 2466 3640 2530 τούτους
3680 2466 3773 2521 διὰ

2182 2561 2282 2631 τὴν
2301 2562 2507 2614 οἰκείαν
2531 2562 2804 2632 σωτηρίαν
2834 2562 2969 2632 πρὸς
2989 2561 3334 2631 λειτουργίαν
3361 2559 3484 2614 τινὰ
3505 2561 3775 2626 καλοῦσα,

2184 2653 2270 2705 διὰ
2321 2653 2430 2708 τῶν
2463 2652 2606 2706 κατὰ
2643 2654 2733 2706 τὸν
2767 2653 2938 2706 τόπον
2992 2653 3331 2719 ἐπισκόπων,
3385 2653 3500 2706 ἀλλ’
3553 2653 3616 2705 οὐ
3669 2651 3762 2706 διὰ
3805 2715 3812 2720 ι

2185 2748 2390 2801 λαῖκῶν
2426 2748 2560 2811 ὅλως
2584 2747 2679 2818 τὴν
2710 2749 2969 2820 τοιαύτην
3005 2748 3252 2804 δουλείαν
3280 2749 3619 2804 τελέσουσιν.

2229 2869 2356 2933 ις’.
2383 2861 2453 2916 El
2499 2881 2581 2926 τις
2626 2863 2734 2917 τῶν
2765 2863 2926 2917 θείων
2958 2861 3294 2935 μυστηρίων,
3337 2865 3369 2932 ἢ
3413 2864 3520 2916 τῶν
3574 2862 3757 2918 ἄλλων

2188 2955 2358 3022 ἁγίων
2381 2954 2734 3026 λειτουργιῶν
2761 2954 3014 3008 ὲπιτελου
3025 2954 3222 3024 μένων,
3267 2956 3326 3008 ὲν
3351 2953 3486 3024 ἁγίᾳ
3505 2955 3775 3009 εἰσελθὼν

2192 3043 2480 3115 ἐκκλησίᾳ,
2515 3043 2548 3115 ἢ
2583 3043 2660 3114 τῷ
2713 3043 3000 3114 ὲπιτκόπῳ
3031 3043 3063 3114 ἢ
3095 3045 3210 3108 τοῖς
3258 3043 3562 3115 κληρικοῖς,
3600 3045 3630 3115 ῆ
3661 3047 3777 3105 τοῖς

506 3132 754 3186 ecclesiae
798 3106 998 3199 aliquid
1019 3106 1218 3187 inierat
1245 3130 1487 3199 iniuriae,
1508 3106 1758 3199 iubemus
1780 3135 1951 3206 ipsum
1977 3146 2085 3190 tur-

2194 3106 2372 3200 ἄλλοις
2411 3106 2712 3207 ὑπηρέταις
2749 3139 2849 3207 τῆς
2883 3106 3422 3208 ἐκκληῐσίαςήῦϐρεως
3459 3106 3773 3218 τιεπαγοι,

513 3221 712 3276 mentis
755 3219 952 3288 subjici
985 3229 1039 3272 et
1078 3221 1128 3273 in
1161 3219 1408 3274 exsilium
1438 3220 1579 3275 mitti
1611 3237 1624 3274 :
1655 3221 1698 3275 si
1738 3237 1868 3277 vero
1890 3233 1941 3276 et
1976 3225 2088 3291 ipsa

516 3312 700 3366 divina
727 3313 985 3382 mysteria
1016 3313 1334 3381 cultumque
1360 3314 1682 3380 turbaverit,
1707 3314 1791 3368 vel
1811 3314 2088 3371 celebrare

512 3401 880 3473 prohibuerit,
905 3404 1085 3473 capite
1114 3405 1391 3474 puniatur.
1410 3404 1554 3460 ldem
1578 3415 1661 3461 est
1695 3417 1746 3462 et
1777 3409 1832 3462 in
1861 3407 2083 3476 litauiis,

514 3496 568 3550 in
592 3495 787 3563 quibus
816 3496 1057 3567 episcOpi
1098 3505 1192 3552 aut
1223 3496 1406 3554 clerici
1444 3498 1793 3554 inveniuntur
1835 3519 1848 3555 :
1886 3518 2011 3556 nam
2039 3503 2086 3558 si

515 3585 768 3653 iniuriam
791 3595 999 3640 tantum
1026 3585 1238 3652 fecerit,
1265 3587 1582 3643 verberatus
1604 3590 2088 3647 exsiliotradatur:

513 3677 555 3730 si
595 3692 722 3732 vero
749 3691 844 3732 eas
873 3677 1230 3743 concusserit,
1256 3678 1432 3747 capite
1459 3679 1741 3747 plectatur.
1760 3672 1785 3704 ί

2193 3231 2488 3301 κελεύομεν
2515 3230 2705 3284 τοῦτον
2756 3232 3025 3303 βασάνους
3079 3231 3392 3300 ὑπομεῖναι,
3446 3232 3656 3295 κα“ιείς
3688 3231 3777 3296 ἑξ-

2172 3323 2351 3394 ὀρίαν
2402 3323 2741 3394 πεμφθῆναι.
2767 3325 2829 3377 Εἰ
2860 3324 2917 3379 δὲ
2946 3323 3040 3378 καὶ
3078 3324 3216 3377 αὐτὰ
3243 3326 3311 3377 τὰ
3345 3323 3463 3379 θεῖα
3505 3325 3778 3395 μυστήρια

2191 3415 2284 3467 καὶ
2322 3414 2421 3478 τὰς
2464 3413 2614 3478 θείας
2642 3415 2989 3486 λειτουργίας
3026 3416 3282 3484 ταράξοι,
3315 3416 3348 3486 ἢ
3402 3416 3779 3471 ἐπιτελεῖσθαι

2193 3503 2446 3569 κωλύσοι,
2474 3504 2788 3573 κεφαλικῶς
2830 3507 3212 3576 τιμωρείσθω·
3247 3507 3439 3560 τούτου
3480 3507 3646 3561 αὑτοῦ
3685 3508 3777 3561 καὶ.

2199 3596 2288 3648 ὲπί
2319 3598 2438 3658 ταῖς
2461 3595 2658 3662 λιταῖς,
2699 3599 2756 3650 ὲν
2778 3591 2865 3661 αἷς
2906 3598 3194 3664 ἐπίσκοποι
3252 3598 3287 3670 ἢ
3343 3598 3596 3668 κληρικοὶ
3632 3599 3778 3669 εὑρί-

2205 3702 2451 3752 σκονται,
2490 3686 2925 3758 φυλαττομένου·
2968 3689 3055 3742 ἵνα
3082 3690 3132 3741 εἰ
3162 3690 3260 3758 μὲν
3310 3688 3467 3760 ὓϐριν
3504 3707 3584 3750 τις
3621 3689 3778 3758 μόνον

513 3769 751 3839 ⁸ποιήσει,
777 3769 1032 3839 βασάνοις
1057 3769 1151 3823 καὶ
1177 3768 1363 3840 ὲξορίᾳ
1386 3771 1699 3843 παραδοθῇο
1728 3773 1776 3825 εἰ
1840 3773 1896 3827 δὲ
1917 3773 2010 3828 καί
2059 3775 2150 3831 τὸν
2187 3776 2332 3831 λίτον
2403 3776 2468 3850 [Γ.
2525 3776 2717 3850 ⁵λιτὴν]
2772 3778 3134 3833 διασκεδάσει.
3177 3779 3469 3849 κεφαλικδν
3531 3780 3776 3834 κίνδυνον

513 3859 807 3932 ὑπομείνῃ.

585 3949 672 4002 17.
725 3947 988 4003 Omnibus
1035 3947 1188 4003 laicis
1225 3947 1598 4005 interdicimus
1648 3951 1864 4008 litanias
1910 3953 2094 4010 facere

514 4041 634 4096 sine
684 4039 1049 4095 sanctissimis
1091 4040 1383 4111 episcOpls,
1425 4050 1482 4095 et
1518 4043 1944 4112 religiosissimis
1983 4047 2094 4101 ele-

516 4135 666 4190 rieis.
709 4134 896 4200 Qualis
949 4133 1097 4188 enim
1143 4141 1228 4186 est
1275 4131 1488 4198 litania,
1537 4134 1590 4188 in
1627 4150 1731 4204 qua
1783 4129 2093 4192 Sacerdotes

516 4238 619 4279 n0n
658 4223 1028 4288 inveniuntur,
1092 4234 1270 4290 neque
1307 4232 1594 4278 consuetas
1630 4239 1822 4292 preces
1864 4224 2090 4280 faciunt.

519 4316 628 4370 Sed
678 4325 730 4369 et
778 4313 1117 4368 venerandas
1165 4327 1379 4378 cruces,
1413 4330 1534 4370 cum
1581 4317 1776 4384 quibus
1808 4317 1860 4368 in
1890 4318 2092 4371 litaniis

2275 3957 2361 4022 ιζ’.
2390 3959 2535 4011 Πᾶσι
2566 3960 2675 4023 τοῖς
2705 3953 2914 4023 λαῖκοῖς
2946 3959 3382 4032 ἀπαγορεύομεν,
3408 3961 3560 4027 λιτὰς
3581 3966 3770 4022 ποιεῖν.

2200 4050 2325 4120 δίχα
2353 4050 2460 4104 τῶν
2494 4051 2805 4105 ὁσιωτάτων
2841 4052 3159 4106 ἐπισκόπων
3189 4053 3282 4106 καὶ
3311 4053 3422 4106 τῶν
3453 4054 3546 4107 ὑπ’
3573 4054 3772 4117 αὐτοὺς

2200 4143 2612 4196 εὐλαϐεστάτων
2647 4143 2947 4214 κληρικῶν.
2985 4143 3122 4197 Ποία
3167 4145 3274 4216 γάρ
3326 4146 3444 4198 ἐστι
3477 4145 3598 4216 λιτὴ
3651 4149 3709 4200 ὲν

2200 4236 2367 4304 ἱερεῖς
2413 4236 2512 4305 οὑχ
2542 4235 2908 4304 εὑρίσκονται,
2941 4235 3154 4298 καὶτὰς
3185 4235 3514 4307 συνήθειςοὺ
3534 4237 3774 4291 τελοῦσιν

2198 4328 2381 4398 εὐχὰς,
2427 4328 2562 4380 ἀλλὰ
2613 4329 2708 4382 καὶ
2746 4329 2873 4392 τοὺς
2907 4329 3126 4398 τιμίους
3171 4331 3438 4397 σταυροὺς
3469 4332 3588 4399 μεθ’
3617 4325 3689 4385 ὧν
3718 4333 3771 4380 ἐν

524 4405 876 4475 egrediuntur
925 4418 1030 4458 non
1075 4402 1202 4456 alibi
1233 4419 1391 4471 quam
1441 4404 1495 4459 fu
1526 4406 1928 4462 venerabilibus
1958 4407 2085 4463 locis

2195 4422 2313 4481 ταῖς
2344 4419 2514 4481 λιταῖς
2543 4418 2880 4490 ἐξέρχονται,
2911 4421 2984 4492 μὴ
3013 4420 3277 4492 ἀλλαχόσε
3311 4421 3449 4492 πλὴν
3471 4425 3519 4476 εί
3573 4423 3645 4493 μὴ
3690 4424 3774 4474 εὑ-

519 4497 714 4565 deponi
751 4495 1018 4560 volumus,
1065 4505 1119 4550 et
1163 4495 1208 4551 si
1241 4495 1457 4564 quando
1503 4498 1801 4554 necessitas
1831 4503 2090 4568 exegerit,

2197 4512 2357 4579 αγέσι
2415 4512 2601 4574 τόποις
2633 4512 3008 4579 ἀποτίθεσθαι,
3039 4515 3132 4567 καί
3165 4512 3347 4566 εἴποτε
3373 4513 3533 4584 χρεία
3564 4504 3795 4567 καλέσει

519 4601 576 4642 ιιι
612 4588 812 4641 litanias
839 4588 1216 4656 perﬁciantur,
1246 4598 1372 4643 tunc
1401 4590 1572 4643 solum
1606 4589 1727 4644 illas
1758 4591 2085 4647 venerabilet

2196 4601 2354 4665 λιτὰς
2409 4603 2796 4668 ἐπιτελεῖσθαι,
2835 4604 2956 4657 τότε
2991 4606 3150 4675 μόνον
3184 4607 3311 4668 τοὺς
3337 4605 3537 4670 αὐτοὺς
3562 4607 3771 4676 τιμίους

515 4693 708 4733 cruces
760 4695 955 4748 capere
999 4694 1092 4734 eos
1141 4683 1230 4748 qui
1279 4680 1454 4734 solent
1510 4681 1629 4735 illas
1676 4682 1839 4745 ferre,
1886 4693 2094 4738 etcum

518 4773 770 4842 episcopo
804 4789 867 4828 ac
897 4771 1116 4828 clericis
1143 4772 1361 4828 litanias
1390 4775 1650 4845 perlicere
1677 4775 1955 4846 iubemus.

590 4979 678 5033 19.
708 4979 1070 5046 ΟΕοοηοηιοε,
1104 4981 1474 5047 xenodocbos,
1507 4997 1853 5049 nosocomos,
1883 4992 1937 5037 et
1981 4991 2099 5052 pto-

521 5073 854 5140 cbotropbos
887 5071 1128 5142 aliosque
1151 5075 1538 5130 venerabilium
1574 5075 1816 5132 locorum
1867 5077 2100 5133 admini-

519 5174 805 5227 stratores,
836 5164 1078 5234 aliosque
1096 5181 1288 5220 omnes
1309 5168 1554 5234 clericos,
1572 5170 1823 5238 iubemus
1845 5172 1909 5225 de
1927 5171 2102 5226 admi-

520 5253 931 5308 nistrationibus
967 5253 1099 5323 ipsis
1127 5256 1378 5324 creditis,
1409 5263 1546 5328 apud
1587 5263 1858 5328 proprium
1889 5262 2098 5329 episco-

521 5360 644 5410 pum
687 5344 769 5396 cui
805 5343 1110 5414 subiacent,
1146 5350 1507 5416 respondere,
1541 5353 1893 5419 rationesque
1926 5353 2096 5408 admi-

521 5435 860 5490 nistrationis
901 5453 1012 5494 suae
1047 5453 1112 5494 ex
1150 5442 1315 5497 animi
1350 5442 1446 5513 sui
1486 5445 1753 5498 sententia
1802 5446 2091 5512 coniicere,

522 5535 683 5596 prout
710 5531 1022 5599 exiguntur.

2201 4697 2467 4766 σταυροὺς
2491 4695 2786 4766 λαμϐάνειν
2815 4699 2940 4759 τοὺς
2963 4696 3222 4760 εἰωθότας
3239 4697 3424 4766 φέρειν
3448 4698 3666 4760 αὐτοὺς,
3683 4698 3770 4749 καὶ

2204 4789 2345 4856 μετὰ
2376 4786 2804 4856 τοῦιὲπισκόπου
2855 4786 2951 4840 καὶ
2992 4787 3102 4842 τῶν
3153 4788 3438 4860 κληρικῶν
3492 4790 3595 4854 τὰς
3626 4789 3767 4849 λιτὰς

2201 4873 2582 4932 ἐπιτελεῖσθαι.
3402 4872 3407 4877 ’

2278 4998 2368 5059 ιη’.
2404 4989 2545 5054 Τοὺς
2583 4991 2922 5060 οἰκονόμους,
2954 4992 3046 5043 καὶ
3077 4966 3538 5060 ξενοδόχους,.κα“ι
3561 4987 3767 5042 vesane-

2160 5153 2166 5160 I
2206 5099 2338 5151 μους
2375 5082 2469 5134 καὶ
2505 5082 2946 5153 πτωχοτρόφους,
2972 5082 3068 5136 καὶ
3097 5084 3223 5146 τοὺς
3245 5082 3353 5135 τῶν
3374 5083 3553 5137 ἄλλων
3569 5083 3768 5150 εύαγῶν

2205 5173 2367 5227 οἴκων
2393 5173 2692 5244 διοικητὰς,
2716 5175 2809 5226 καὶ
2833 5175 2956 5237 τοὺς
2977 5175 3167 5237 ἄλλους
3197 5177 3445 5238 ἅπαντας
3468 5176 3765 5246 κληρικοὺς.

2207 5264 2505 5334 κελεύομεν
2538 5265 2679 5335 ὑπὲρ
2715 5266 2826 5319 τῶν
2856 5265 3323 5336 ἐμπιστευθεισῶν
3351 5268 3537 5329 αὐτοῖς
3572 5266 3764 5332 διοική-

2207 5375 2369 5420 σεων,
2396 5357 2548 5428 παρὰ
2581 5359 2659 5428 τῷ
2692 5357 2804 5428 ἰδίῳ
2831 5358 3114 5427 ὲπισκόπῳ
3243 5359 3583 5422 ὑπόκεινται,
3641 5359 3767 5410 ἀττι-

2204 5450 2518 5520 κρίνεσθαι,
2563 5450 2659 5502 καὶ
2693 5451 2818 5514 τοὺς
2851 5450 3146 5518 λογισμοὺς
3203 5451 3298 5519 τῆς
3337 5449 3565 5521 καρδίας
3603 5448 3664 5521 if.
3695 5449 3769 5499 οἰ-

2201 5538 2379 5611 κείας]
2449 5540 2766 5612 διοικήσεως
2855 5539 3197 5612 πληροῦσθαι
3265 5541 3359 5592 καὶ
3454 5539 3766 5614 εἰσπράττε-

2204 5632 2348 5685 σθαι.
