4042 6344
252 277 359 342 489

873 385 1119 441 ΤΙΤΛΟΣ
1156 384 1215 442 l'.

578 479 718 547 Περὶ
755 478 976 543 τάξεως
1003 480 1100 531 καὶ
1140 475 1474 544 κριτηρίων.

310 574 381 630 α’.
407 572 757 644 Θεσπίζομεν
789 570 930 624 κατὰ
975 571 1126 636 τάξιν
1155 568 1222 621 τὰ
1274 567 1533 636 κριτήρια
1557 560 1818 632 γνωρίζε-

240 669 364 721 σθαι
395 667 486 720 καὶ
517 664 606 719 διὰ
635 663 844 729 τάξεως
882 658 1259 714 συνίστασθαι.
1292 657 1503 728 ’Ὠσπερ
1533 653 1641 724 γὰρ
1665 651 1819 704 οὐδέν

241 760 388 811 ἐστιν
421 757 549 812 ἄλλο
574 758 632 808 ὲν
662 753 941 824 αἰσθητοῖς
974 751 1065 804 καὶ
1090 748 1403 818 ὲγκοσμίοις
1431 746 1557 801 ἄνευ
1586 744 1821 812 ποσότη-

240 868 330 912 τος
358 849 449 901 καὶ
480 847 790 916 ποιότητος,
822 843 994 904 οὕτως
1027 843 1147 895 οὐδὲ
1177 838 1463 910 κριτήριόν
1495 839 1642 890 ἐστιν
1691 833 1821 887 ἄνευ

241 940 446 995 τούτων
478 938 587 991 τῶν
609 936 702 990 δύο
725 936 917 1004 γενῶν.
946 934 1026 1004 Τῇ
1049 931 1159 1003 γὰρ
1183 931 1442 1002 ποσότητι
1471 930 1504 1001 ή
1535 925 1686 990 τάξις
1715 925 1824 976 τῶν

243 1033 584 1106 προσώπων·
623 1032 656 1100 ή
690 1030 748 1083 δὲ
782 1028 1006 1098 ποιότης
1042 1027 1138 1098 τὴν
1163 1026 1328 1095 ἄλλην
1379 1021 1472 1076 τοῦ
1493 1019 1702 1075 δικαίου
1732 1019 1827 1087 ὲμο

244 1125 458 1195 φανίζει
493 1122 745 1191 δύναμιν.
783 1120 956 1173 Ὅταν
985 1119 1041 1172 δὲ
1069 1117 1228 1182 τάξις
1248 1117 1341 1170 καὶ
1368 1112 1690 1181 δικαιοσύνη
1721 1110 1825 1181 ἦρ-

245 1233 444 1286 μοσται
474 1214 568 1267 καὶ
598 1212 658 1276 ἐξ
714 1211 916 1281 ἀμφοῖν
949 1205 1230 1276 περαιωθῇ
1270 1203 1571 1273 ήὰλήθεια,
1604 1199 1827 1258 δικαίως

241 1308 466 1375 λέγεται
489 1305 549 1357 τὸ
567 1303 772 1356 δίκαιον
802 1297 1333 1367 ἁποδοθῆναι.⁶’οταν
1353 1295 1408 1347 δὲ
1433 1293 1602 1364 χωρὶς
1621 1288 1830 1355 τάξεως

255 1398 358 1453 κᾶν
389 1398 489 1467 τῆς
546 1395 807 1466 ἀληθείας
854 1391 1112 1462 ἐπιτύχῃ,
1144 1391 1204 1442 οὐ
1249 1388 1477 1450 δικαίως
1507 1385 1569 1440 τὸ
1621 1385 1830 1438 δίκαιον

243 1490 464 1557 λέγεται
496 1486 848 1556 ἀποδοθῆναι.

320 1579 386 1650 β’.
436 1579 550 1632 Πᾶν
584 1577 869 1647 κριτήριον
937 1575 1251 1630 συνίσταται
1313 1569 1375 1622 εκ
1407 1586 1466 1620 τε
1495 1561 1833 1636 προκαθεζόο

245 1671 424 1741 μένων
457 1670 550 1723 καὶ
575 1667 1086 1738 συγκαθεζομένων,
1131 1664 1225 1718 καὶ
1257 1663 1322 1715 ἐκ
1349 1659 1460 1712 τῶν
1495 1654 1833 1729 προϊσταμέ-

241 1779 370 1824 νων,
405 1760 504 1812 καὶ
538 1759 649 1812 τῶν
675 1757 1072 1828 δικαζομένων,
1094 1755 1128 1824 ή
1167 1755 1237 1807 δι’
1282 1749 1496 1805 ἑαυτῶν
1521 1749 1555 1818 ἢ
1590 1746 1658 1800 δι’
1689 1747 1836 1799 ὲντο·

251 1849 416 1914 λέων,
446 1844 528 1911 οἷς
560 1851 587 1900 ό
614 1848 777 1918 νόμος
801 1847 982 1900 δίδωσι
1010 1845 1110 1916 τὴν
1143 1843 1414 1909 ἐξουσίαν.

321 1943 394 2011 γ’.
423 1941 690 2011 Διαφοραὶ
716 1939 775 1993 δὲ
816 1938 926 1991 τῶν
955 1935 1257 2007 κριτηρίων
1308 1933 1400 1986 δύο
1426 1948 1440 1962 ·
1496 1929 1559 1983 τὸ
1598 1928 1698 1999 μὲν
1729 1927 1838 1998 γὰρ

244 2032 331 2086 διὰ
362 2033 547 2103 μόνων
573 2031 683 2083 τῶν
741 2028 924 2099 νόμων
974 2029 1213 2098 πρόεισι,
1247 2023 1310 2077 τὸ
1337 2023 1396 2076 δὲ
1437 2021 1527 2076 διὰ
1559 2021 1836 2075 κανόνων·

243 2127 362 2182 ἔστι
391 2126 452 2179 δὲ
481 2126 573 2179 καὶ
609 2122 766 2194 τρίτη
788 2122 1042 2192 διαφορὰ,
1083 2120 1144 2172 τὸ
1178 2119 1236 2184 ἐξ
1264 2117 1488 2188 ἀμφοῖν,
1521 2113 1584 2167 ἐκ
1635 2129 1696 2165 τε
1743 2109 1839 2163 τοῦ

246 2217 416 2288 νόμου
449 2217 545 2270 καὶ
572 2213 666 2268 τοῦ
713 2213 958 2279 κανόνος,
998 2211 1141 2283 φημὶ
1168 2248 1184 2275 ,
1211 2207 1522 2262 συνιστῶσα
1547 2207 1640 2259 κα¹ι
1673 2204 1842 2275 διορί-

249 2307 442 2372 ζουσα.

325 2400 389 2454 δ¹.
411 2395 713 2468 Ἐκκλητός
758 2395 906 2448 ἐστιν
934 2392 1192 2464 ἔγκλησίς
1221 2408 1364 2454 τινος
1389 2387 1497 2444 τῶν
1520 2387 1840 2458 κριθέντων,

251 2491 396 2544 κατά
451 2508 599 2552 τινος
658 2490 940 2560 κρίνοντος
977 2487 1052 2546 ὼς
1087 2490 1162 2554 μὴ
1195 2480 1376 2545 καλῶς
1410 2479 1720 2550 κριθέντος,
1749 2478 1844 2530 καὶ

255 2585 404 2638 πᾶσα
433 2582 536 2652 μὲν
566 2581 852 2652 ἐκκλητος,
883 2580 975 2633 καὶ
999 2576 1277 2648 ἔγκλησις,
1308 2574 1368 2627 οὐ
1388 2575 1536 2626 πᾶσα
1568 2571 1624 2624 δὲ
1644 2563 1842 2640 ἔγκληο

255 2689 336 2734 σις
365 2673 465 2723 καὶ
491 2669 775 2740 έκκλητος.
822 2668 1126 2738 Διαιρεῖται
1155 2663 1262 2733 γὰρ
1308 2663 1370 2715 τὸ
1397 2663 1496 2731 τῆς
1527 2659 1845 2729 ὲγκλήσεως

254 2763 454 2832 Mona,
484 2763 563 2824 εῖς
593 2776 654 2814 τε
697 2760 796 2830 τὴν
834 2758 1135 2828 λεγομένην
1175 2754 1462 2824 ἔκκλητον,
1512 2753 1606 2805 καὶ
1635 2753 1714 2814 είς
1743 2751 1844 2821 τὴν

259 2857 446 2927 ἀρχὴν
474 2855 703 2926 ἔχουσαν
725 2851 1007 2923 ἔγκλησιν.

329 3045 392 3091 ε’.
463 3035 540 3089 To
606 3031 1067 3104 αὐτοκρατορικὴν
1098 3030 1193 3082 καὶ
1238 3026 1510 3098 βασιλικὸν
1559 3025 1843 3098 κριτήριον
1871 3066 1914 3124 c

1509 266 1793 331 DELECT
1800 265 1897 330 US
1937 264 2220 329 LEGUM.

3378 252 3485 317 £00

2489 371 2805 430 'TITULIIS
2843 370 2911 426 X.

2209 464 2624 536 Dejudiciorum
2659 465 2863 526 ordine,
2894 471 2941 516 et
2967 461 3208 530 judiriis.

1996 556 2045 609 I.
2091 554 2441 609 Decernimus
2491 563 2548 608 ιιι
2596 554 2786 609 ordiuc
2829 552 3034 623 judicia
3091 549 3388 618 procedant
3442 558 3500 603 et

1925 647 2325 699 constituantur
2359 664 2374 700 :
2415 661 2644 714 namque
2677 655 2732 698 ut
2763 645 2814 698 iu
2852 644 3015 698 rebus
3045 639 3390 695 sensibilibus
3416 639 3501 694 ni-

1927 737 2003 792 hil
2035 738 2153 792 sine
2178 738 2482 806 quantitate
2503 747 2556 791 et
2583 737 2847 806 qualitate
2876 745 3120 790 creatum
3159 744 3262 798 est,
3295 733 3373 787 sic
3404 746 3502 787 ne—

1929 843 2038 899 que
2065 827 2332 898 judicium
2371 830 2490 882 sine
2527 828 2734 882 duobus
2779 828 2863 882 his
2895 826 3175 890 consistit;
3209 824 3502 895 quantitati

1927 921 2072 974 enim
2122 921 2374 992 tribuitur
2401 921 2534 975 ordo
2575 935 2956 989 personarum;
2993 919 3229 988 qualitas
3262 931 3388 973 vero
3418 915 3506 986 ju-

1933 1013 2097 1066 stitiae
2123 1013 2418 1080 potentiam
2454 1012 2708 1067 ostendit.
2741 1011 3180 1077 Quotiescunque
3215 1016 3393 1060 autem
3418 1005 3508 1076 ju-

1935 1107 2083 1161 stitia
2115 1121 2236 1160 cum
2266 1104 2459 1160 ordine
2489 1103 2776 1171 conjuncta
2811 1114 2916 1168 est,
2956 1109 3010 1156 et
3044 1117 3108 1158 ex
3144 1101 3388 1169 utrisque
3413 1111 3509 1154 ve-

1933 1198 2066 1252 ritas
2095 1197 2370 1263 delinitur,
2408 1199 2601 1251 merito
2640 1194 2896 1264 justejus
2931 1194 3204 1248 redditum
3247 1192 3458 1246 dicetur
3488 1208 3506 1247 :

1933 1290 1980 1343 si
2028 1303 2157 1343 vero
2189 1290 2305 1344 sine
2342 1290 2532 1344 ordine
2574 1289 2924 1357 processerit,
2965 1286 3175 1340 tametsi
3223 1302 3250 1336 a
3281 1284 3511 1338 veritate

1936 1395 2042 1434 non
2073 1379 2428 1446 aberraverit,
2464 1394 2568 1433 non
2602 1379 2814 1433 dicetur
2837 1377 2982 1446 juste
3010 1376 3100 1444 jus
3129 1377 3425 1431 redditum.

2003 1562 2056 1616 2.
2079 1561 2531 1630 Omnejudicium
2559 1573 2770 1617 constat
2800 1578 2865 1616 ex
2894 1560 3237 1631 praesidibus,
3266 1575 3508 1615 assesso-

1938 1651 2110 1717 ribus,
2149 1652 2633 1708 circumstantibus
2670 1662 2723 1707 et
2776 1651 3128 1722 litigantibus,
3187 1652 3269 1706 vel
3321 1668 3417 1722 per
3452 1666 3512 1705 se

1945 1744 2025 1798 vel
2065 1759 2162 1815 per
2196 1753 2578 1814 procuratores
2628 1745 2824 1814 quibus
2869 1743 3100 1799 facultas
3145 1744 3267 1811 jure
3313 1745 3511 1799 tributa

1940 1846 2043 1891 est.

2013 1923 2432 1981 5.1udiciorum
2482 1927 2804 1982 differentia:
2850 1929 2970 1983 dum
3000 1940 3127 1984 sunt
3185 1948 3197 1982 :
3242 1929 3512 1997 quoddam

1943 2020 2086 2074 enim
2113 2021 2244 2074 solis
2273 2020 2481 2089 legibus
2514 2023 2737 2089 regitur,
2767 2023 3033 2092 quoddam
3062 2024 3362 2076 cauonihus
3389 2041 3402 2076 :
3434 2033 3518 2076 est

1943 2122 1997 2166 et
2027 2112 2246 2165 tertium
2279 2127 2449 2182 genus
2481 2115 2624 2183 quod
2646 2129 2713 2169 ex
2748 2115 2991 2183 utrisque
3021 2124 3074 2168 et
3098 2114 3309 2181 legibus
3344 2124 3396 2167 ιιι
3423 2127 3518 2168 ea-

1945 2205 2178 2259 nonibus
2205 2205 2573 2261 constituitur.

2018 2391 2068 2445 4.
2099 2389 2401 2461 Appellatio
2424 2401 2505 2446 est
2540 2391 2850 2462 provocatio
2879 2392 3015 2447 alius
3041 2393 3107 2446 de
3134 2392 3518 2462 quojudicium

1947 2484 2114 2538 latum
2169 2493 2252 2539 est
2295 2493 2484 2540 contra
2525 2484 2756 2554 aliquem
2802 2483 3070 2551 iudicum,
3113 2493 3366 2552 tanquam
3415 2499 3520 2537 non

1949 2575 2085 2628 bene
2115 2575 2470 2643 judicaverit.
2517 2573 2584 2628 Et
2628 2576 2805 2630 omnis
2849 2573 3065 2644 quidem
3118 2575 3407 2646 appellatio
3438 2584 3525 2628 est.

1947 2667 2281 2733 provocatio,
2314 2683 2418 2721 non
2448 2668 2625 2722 omnis
2653 2684 2784 2722 vero
2816 2669 3126 2736 provocatio
3156 2676 3239 2723 est
3285 2668 3526 2738 appella-

1949 2759 2045 2810 tio.
2083 2755 2354 2812 Dividitur
2381 2758 2526 2812 enim
2581 2758 2986 2828 provocationis
3017 2757 3334 2812 vocabulum
3387 2767 3440 2811 et
3471 2758 3524 2811 in

1949 2849 2094 2903 illam
2126 2865 2254 2919 quae.
2269 2850 2473 2904 dicitur
2500 2850 2811 2920 appellatio,
2847 2860 2903 2906 et
2935 2852 2988 2905 in
3026 2851 3402 2920 magistratum
3431 2853 3528 2906 ha-

1947 2938 2164 2993 bentem
2197 2940 2656 3009 prowocationem.

2020 3030 2071 3084 5.
2103 3029 2190 3102 (L.
2232 3047 2273 3087 t.
2327 3033 2355 3105 θ
2400 3032 2526 3088 ull.
2570 3049 2622 3089 a.
2654 3034 2804 3104 quib.
2844 3049 2970 3106 app.
3003 3050 3110 3090 non
3145 3032 3316 3094 licet.)
3354 3031 3525 3103 lmpe-

278 3130 536 3200 ἔκκλήτῳ
591 3127 692 3197 οὐχ
747 3125 1053 3189 ὑπόκειται,
1103 3122 1223 3176 οὐδὲ
1273 3120 1696 3190 ἀναψηλαφᾶται
1738 3119 1844 3171 ὑπὸ

1949 3124 2097 3179 rialis
2123 3134 2179 3179 et
2211 3126 2528 3196 principalis
2555 3129 2821 3183 sententia
2867 3127 3213 3200 appellationi
3251 3143 3356 3181 non
3395 3125 3528 3181 sub—-

265 3223 456 3292 έτὲρου
481 3217 605 3273 ἀλλ’
637 3218 727 3287 ὑφ’
749 3213 945 3270 ἑαυτοῦ
975 3215 1062 3268 ἀεὶ
1091 3213 1540 3282 ὲπανακρίνεται,
1569 3210 1711 3265 καθὰ
1750 3212 1846 3264 καὶ

263 3317 290 3366 ὁ
317 3313 561 3380 θεόπτης
592 3308 831 3378 Μωῦσῆς
853 3307 915 3361 τὸ
953 3305 1336 3376 ἐπανακρίνειν
1368 3303 1465 3366 τὰς
1509 3303 1718 3375 κρίσεις
1767 3305 1845 3366 είς

261 3407 425 3476 νόμον
450 3403 630 3464 ἔθετο.

332 3502 410 3560 ς’.
442 3493 522 3547 Τὸ
573 3492 668 3546 τοῦ
720 3488 1066 3562 πατριάρχου
1117 3490 1406 3559 κριτήριον
1450 3488 1701 3560 ἐκκλήτῳ
1750 3490 1850 3560 οὐχ

264 3589 582 3650 ὑπόκειται,
614 3585 736 3639 οὑδὲ
763 3582 1192 3654 ἀναψηλαφᾶται
1238 3581 1331 3651 ὑφ’
1368 3581 1555 3653 ἑτέρου
1587 3581 1662 3644 ὼς
1706 3583 1850 3653 ἀρχὴ

263 3683 359 3734 καὶ
382 3679 526 3734 αὐτὸ
553 3678 669 3732 τῶν
701 3675 1168 3747 ἔκκλησιαστικῶν
1203 3674 1527 3745 κριτηρίων.
1581 3673 1670 3741 Ἐξ
1687 3675 1850 3728 αὑτοῦ

265 3772 377 3842 γὰρ
413 3770 603 3824 πάντα
634 3768 704 3822 τὰ
722 3765 1157 3838 ἐκκλησιαστικὰ
1183 3766 1445 3836 κριτήρια
1489 3766 1584 3818 καὶ
1617 3768 1696 3828 είς
1721 3765 1853 3819 αὐτὸ

265 3861 497 3917 ἀναλύει
546 3861 640 3914 καὶ
678 3860 1114 3931 ἀναστρέφεται·
1148 3858 1279 3931 αὐτὸ
1324 3857 1380 3910 δὲ
1430 3857 1552 3911 οὕτε
1585 3857 1648 3912 ἐκ
1687 3875 1852 3944 τινος,

264 3952 388 4008 οὕτε
427 3953 574 4024 πρὸς
597 3950 786 4022 ἔτερον
810 3966 823 3979 ·
863 3948 1105 4004 τοιοῦτον
1136 3950 1242 4020 γὰρ
1272 3951 1305 4018 ή
1359 3950 1522 4019 ἀρχὴ,
1558 3951 1854 4020 ἐπανακρί-

267 4061 417 4098 νεται
451 4043 518 4095 δὲ
554 4041 943 4112 πνευματικῶς
975 4041 1221 4094 καὶαὺτδ
1253 4040 1344 4110 ὑφ’
1375 4039 1594 4095 ἑαυτοῦ.

343 4137 409 4198 ζ’.
452 4135 526 4188 Ἦ
549 4132 641 4188 τοῦ
675 4136 914 4202 ἐπάρχου
968 4133 1146 4204 ψῆφος
1199 4133 1450 4204 ἐκκλήτῳ
1493 4133 1592 4202 οὐχ
1631 4131 1856 4186 ὑπόκει·

268 4244 381 4294 ται,
417 4226 566 4297 πλὴν
601 4226 706 4279 ὑπὸ
739 4229 901 4296 μόνου
924 4225 1021 4278 τοῦ
1058 4225 1345 4295 βασιλέως.

1943 3217 2108 3287 jacet,
2147 3235 2324 3291 neque
2372 3222 2438 3275 ab
2483 3220 2588 3275 alio
2634 3230 2959 3276 retractatur
3004 3221 3107 3277 nisi
3158 3235 3188 3274 a
3250 3234 3308 3274 se
3357 3219 3473 3290 ipso
3510 3237 3524 3273 :

1949 3313 2398 3381 quemadmodum
2427 3323 2482 3370 et
2521 3331 2675 3370 sacer
2722 3314 2920 3383 Moses,
2961 3314 3291 3370 retractandi
3320 3315 3530 3384 judicia

1952 3413 2274 3475 potestatem
2305 3407 2369 3461 ad
2397 3407 2567 3479 legem
2600 3409 2800 3465 retulit.

2021 3495 2076 3550 6.
2105 3496 2434 3553 Patriarchaz
2456 3502 2726 3554 sententia
2755 3499 3103 3572 appellationi
3129 3518 3233 3558 non
3262 3502 3526 3573 suhjacet,

1955 3604 2130 3659 neque
2189 3599 2520 3646 retractatur
2576 3595 2641 3647 ab
2696 3594 2835 3660 alio,
2899 3605 3082 3666 utpote
3158 3595 3528 3670 Ecclesiastici

1950 3679 2141 3749 judicii
2167 3683 2424 3753 princeps
2463 3700 2567 3739 :ex
2607 3684 2721 3754 ipsa
2757 3687 2901 3740 enim
2945 3687 3124 3742 omnia
3157 3687 3530 3742 ecclesiastica

1950 3773 2172 3842 judicia,
2219 3784 2274 3830 et
2314 3775 2364 3829 in
2415 3776 2585 3847 ipsam
2637 3779 2986 3832 resolvuntur
3031 3787 3085 3832 et
3133 3788 3529 3834 revertuntur:

1957 3866 2071 3936 ipsa
2103 3881 2233 3922 vero
2270 3882 2445 3936 neque
2492 3871 2559 3922 ab
2606 3870 2808 3938 aliquo,
2846 3884 3019 3940 neque
3053 3869 3119 3923 ad
3159 3869 3391 3938 aliquem
3443 3884 3532 3922 re-

1957 3954 2148 4023 fertur,
2199 3956 2313 4027 ipSa
2370 3968 2453 4012 est
2502 3959 2644 4014 cnim
2689 3960 2974 4028 princeps;
3019 3965 3347 4013 retractatur
3402 3969 3550 4011 vero“

1959 4049 2313 4118 spiritualiter
2348 4051 2460 4118 ipsa
2499 4069 2526 4103 ιι
2557 4067 2615 4104 se
2647 4051 2780 4120 ipsa.

2031 4144 2082 4197 7.
2118 4143 2203 4214 (L.
2244 4161 2336 4198 nu.
2383 4144 2439 4198 Π.
2476 4146 2541 4199 de
2571 4145 2660 4198 ell‘.
2699 4147 2850 4214 praef.
2880 4152 3028 4216 prart.
3071 4156 3124 4200 et
3148 4144 3180 4198 l.
3216 4160 3334 4199 vm.
3371 4145 3433 4200 C.
3466 4145 3534 4199 de

1962 4238 2133 4305 episc.
2168 4238 2488 4309 andieutia.)
2515 4238 2561 4293 A
2588 4238 2824 4308 praefecti
2856 4240 3108 4308 praetorio
3139 4239 3402 4294 sententia
3428 4254 3530 4291 non

1962 4330 2282 4400 appellatur,
2318 4331 2418 4385 nisi
2456 4333 2518 4384 ad
2553 4331 2724 4384 solum
2762 4332 3080 4401 principem.

339 4417 413 4484 η’.
455 4411 524 4464 'H
557 4409 649 4462 τοῦ
676 4409 1036 4480 κοιαίστωρος
1063 4409 1263 4479 ψῆφος.
1297 4409 1547 4481 ἐκκλήτῳ
1592 4411 1691 4481 οὐχ
1716 4413 1845 4465 ὑπό-

2027 4417 2077 4471 8.
2110 4418 2406 4482 Quzestoris
2437 4420 2706 4474 sententia
2737 4419 3080 4490 appellationi
3131 4434 3235 4474 non
3263 4417 3529 4488 subiacet.

273 4519 476 4568 κειται,
543 4500 680 4554 ἀλλὰ
733 4500 824 4553 καῖ
880 4500 1018 4571 αὐτὴ
1075 4500 1181 4553 ὑπὸ
1233 4499 1330 4554 τοῦ
1383 4501 1648 4570 βασιλέως
1692 4503 1853 4572 μόνου

276 4599 600 4651 σκοπεῖται·
649 4596 698 4648 εί
733 4596 842 4667 γὰρ
906 4597 1000 4648 καὶ
1053 4598 1120 4666 τῇ
1172 4594 1322 4658 τάξει
1370 4581 1725 4666 πρότεροντὸ
1760 4597 1854 4650 τοῦ

277 4691 527 4762 ἐπάρχου
577 4689 886 4760 κριτήριον,
934 4687 1047 4740 ἀλλ’
1092 4687 1246 4740 οὐδὲν
1299 4689 1499 4743 ἄτοπον
1533 4688 1600 4740 τὰ
1631 4690 1692 4741 ὲκ
1725 4693 1856 4758 μιᾶς

279 4784 451 4854 ἀρχῆς
511 4782 912 4853 προερχόμενα,
949 4781 1099 4847 τάξει
1147 4781 1248 4851 μὲν
1288 4781 1534 4850 ἀλλήλων
1581 4783 1854 4851 προέχειν,

281 4875 355 4947 μὴ
388 4875 608 4930 δεῖσθαι
634 4876 691 4929 δὲ
713 4874 900 4946 ἓτερον
919 4874 1109 4945 ἐτέρου
1138 4874 1276 4945 πρὸς
1303 4873 1607 4944 διόρθωσιν.

345 4966 412 5022 θ’.
434 4968 521 5021 Τὰ
545 4972 652 5038 γὰρ
678 4968 973 5039 ἀρχοντικὰ
996 4969 1256 5038 κριτήρια
1278 4968 1527 5038 ἐκκλήτῳ
1550 4969 1858 5032 ὑπόκειται,

280 5063 371 5115 καὶ
399 5061 830 5132 ἀναψηλαφᾶται
863 5061 966 5113 ὑπό
998 5078 1055 5113 τε
1087 5060 1178 5114 τοῦ
1227 5060 1511 5130 βασιλέως,
1549 5063 1652 5114 ὑπό
1674 5081 1728 5115 τε
1763 5063 1858 5117 τοῦ

278 5154 643 5225 πατριάρχου,
667 5154 800 5206 ἀλλὰ
823 5153 915 5205 καὶ
932 5152 1035 5205 ὑπὸ
1059 5152 1150 5205 τοῦ
1176 5153 1416 5222 ἐπάρχου
1443 5155 1534 5206 καὶ
1571 5155 1660 5206 τοῦ
1686 5158 1859 5208 κοιαί-

282 5263 524 5318 στωρος’
562 5249 687 5299 ὅσον
751 5247 856 5315 γὰρ
921 5248 1110 5317 πόρρω
1159 5246 1484 5313 ἀφίστανται
1535 5248 1631 5317 τῆς
1665 5249 1858 5319 ἀρχῆς.

281 5341 535 5393 τοσοῦτον
582 5341 826 5400 πλείονος
872 5340 967 5392 καὶ
996 5340 1092 5407 τῆς
1143 5338 1415 5408 βοηθείας,
1450 5341 1542 5391 καὶ
1603 5341 1860 5392 πλειόνων

280 5433 386 5484 τῶν
409 5433 813 5504 διορθουμένων
841 5434 931 5484 καὶ
961 5430 1444 5500 ἀναψηλαφωντων
1478 5433 1710 5485 δέονται.

352 5523 406 5578 ι’.
444 5526 790 5595 Θεσπὶζομεν
833 5526 957 5586 τοὺς
988 5523 1488 5593 περιφανεστάτους
1542 5523 1700 5592 ἡμῶν
1756 5541 1862 5576 πα-

283 5619 550 5686 τρικίους,
582 5621 677 5671 καὶ
704 5617 768 5687 δὴ
793 5619 886 5670 καὶ
919 5619 1042 5680 τοὺς
1071 5617 1508 5686 μεγαλοπρεπεῖς
1533 5633 1862 5681 πρωτοσπα-

287 5707 532 5778 θαρίους,
562 5709 632 5762 δι’
664 5707 919 5770 ἐντολέως
950 5708 1049 5770 τὰς
1096 5706 1442 5777 χρηματικὰς
1499 5707 1862 5775 ἀγωνίζεσθαι

633 5811 904 5870 Ρηιιοι..
949 5809 1067 5868 Gtt.
1111 5805 1318 5866 CXIII.

1960 4511 2056 4566 sed
2081 4521 2136 4565 et
2168 4511 2281 4579 ipsa
2313 4525 2341 4565 a
2372 4509 2489 4566 solo
2520 4513 2847 4581 imperatore
2890 4512 3234 4567 examinatur
3267 4530 3278 4566 :
3316 4523 3531 4568 tametst

1957 4603 2100 4657 enim
2140 4603 2327 4658 ordine
2374 4604 2524 4673 prior
2567 4603 2807 4672 praefecti
2850 4604 3139 4669 sententia,
3178 4603 3312 4657 nihil
3350 4612 3531 4658 tamen

1959 4695 2174 4750 absurdi
2215 4695 2398 4760 fuerit,
2425 4710 2485 4750 ea
2514 4710 2632 4764 qua:
2661 4696 2730 4750 ab
2761 4710 2868 4750 uno
2891 4697 3157 4764 principio
3181 4698 3536 4767 proﬁciscun-

1962 4797 2067 4854 tur,
2105 4788 2297 4842 ordine
2325 4788 2542 4857 quidem
2578 4787 2806 4842 alterunt
2841 4787 2908 4841 ab
2944 4787 3114 4842 altero
3149 4787 3394 4857 procedi,
3429 4803 3532 4843 non

1961 4880 2202 4949 indigere
2242 4889 2419 4933 autent
2451 4881 2679 4934 alterum
2713 4879 2936 4935 alterius
2975 4882 3338 4936 correctione.

2033 4972 2086 5026 9.
2143 4970 2457 5027 Prtrsidales
2502 4973 2784 5026 sententia:
2840 4972 3184 5042 appellationi
3230 4973 3536 5040 suhjacent,

1964 5071 2438 5133 retractanturque
2465 5073 2517 5119 et
2550 5081 2576 5116 a
2623 5064 2886 5133 principe,
2919 5074 2972 5118 et
3007 5081 3036 5118 a
3069 5066 3399 5135 patriarcha,
3442 5067 3536 5118 sed

1961 5169 2015 5212 ct
2059 5171 2087 5209 a
2115 5156 2368 5226 praefecto
2413 5168 2468 5211 et
2515 5167 2784 5226 quaestore
2828 5177 2841 5213 :
2877 5170 3081 5228 quanto
3129 5159 3270 5214 enim
3325 5160 3537 5228 longius

1963 5250 2161 5304 absunt
2194 5265 2221 5301 a
2259 5249 2522 5319 principe,
2557 5259 2708 5303 tanto
2741 5250 2948 5319 majore
2988 5251 3190 5305 auxilio
3219 5258 3271 5304 et
3302 5251 3534 5317 plurium

1965 5343 2303 5407 correctione
2338 5342 2771 5409 t‘clt‘actionequc
2809 5341 3074 5410 indigent.

2039 5527 2121 5580 IO.
2157 5526 2506 5580 Decerniiuus
2544 5532 2598 5578 et
2635 5523 2971 5578 clarissimos
3007 5534 3224 5577 nostros
3254 5521 3534 5591 patricios,

1967 5625 2018 5666 et
2066 5613 2377 5683 magniﬁcos
2428 5612 2914 5681 protospatharios,
2965 5628 3060 5682 per
3127 5623 3538 5681 procuratorem

1969 5708 2312 5782 pecuniarias
2342 5707 2563 5774 quidem
2607 5719 2801 5760 causas
2833 5720 2992 5775 agere
3015 5720 3192 5776 posse,
3222 5720 3323 5759 non
3349 5716 3534 5758 autem

3097 5800 3162 5863 16
