4046 6330
526 293 656 359 ,495

1575 284 2084 348 CONSTANTINI
2101 226 2115 240 ~
2126 280 2809 343 PORPHYROGENITI

3701 280 3817 347 496

551 416 609 463 et
657 404 851 477 puella.
899 401 956 458 In
1009 400 1262 458 omnibus
1311 398 1458 457 hisce
1499 399 1672 455 modis
1703 413 1804 455 nec
1849 397 2121 469 sponsalia

2240 395 2446 466 ιδελφοὶ
2480 395 2861 468 πνευματικοὶ,
2898 395 3144 450 τουτέστι
3210 395 3541 469 παλικάριον
3581 398 3675 452 καὶ
3713 416 3815 453 κο-

552 498 969 554 contrahantur.

624 684 680 738 5.
713 681 1118 738 luterveniente
1153 680 1425 749 scriptura
1474 678 1675 747 nuptiae
1703 679 2127 743 contrahuntur,

548 790 647 846 per
696 776 1149 844 comprehensum
1184 772 1391 840 scripto
1453 770 1632 827 dotale
1680 772 2126 833 instrumentum,

551 868 753 922 factum
803 865 903 920 sub
950 865 1124 919 tribus
1162 863 1268 918 ﬁde
1301 863 1479 933 dignis
1526 861 1791 929 testibus,
1825 859 2128 916 secundum

553 975 640 1025 ea,
692 973 813 1030 qua:
844 971 1039 1013 recens
1085 971 1112 1010 a
1148 956 1303 1011 nobis
1330 954 1417 1026 pie
1463 956 1785 1010 sanciuntur
1823 970 1838 1006 :
1874 952 1945 1006 ita
1985 962 2041 1007 ut
2075 952 2128 1007 in

549 1067 615 1106 eo
644 1051 876 1107 maritus
924 1050 991 1104 de
1037 1057 1258 1118 accepta
1290 1047 1418 1102 dote
1466 1046 1673 1117 integra
1708 1054 1920 1110 caveat,
1956 1046 2130 1115 deque

550 1150 700 1197 certa
736 1148 793 1195 et
822 1138 1001 1193 omnis
1030 1136 1428 1192 imminutionis
1459 1146 1680 1205 experte
1710 1134 1853 1191 dotis
1885 1136 2131 1191 custodia

554 1234 671 1289 sive
690 1231 1125 1297 conservatione;
1145 1245 1251 1283 una
1279 1244 1403 1283 cum
1421 1243 1483 1282 ea
1507 1243 1742 1295 summa,
1762 1243 1883 1298 qua:
1901 1228 2038 1283 forte
2053 1226 2130 1282 illi

553 1325 695 1381 dotis
748 1324 1011 1395 augendae
1060 1322 1282 1377 nomine
1321 1322 1389 1375 ab
1425 1320 1543 1391 ipso
1589 1321 1714 1373 data
1763 1326 1847 1374 est
1896 1333 1911 1371 :
1960 1320 2128 1374 ascri-

550 1417 727 1473 beudo
765 1416 997 1485 denique
1028 1414 1081 1468 in
1112 1413 1218 1468 hoc
1248 1411 1637 1477 instrumento,
1669 1410 1814 1480 quod
1847 1409 1916 1467 ab
1943 1424 2007 1468 eo
2032 1426 2131 1467 ex-

550 1510 790 1580 ponitur,
825 1508 1118 1564 liberorum
1162 1520 1270 1562 non
1302 1504 1630 1558 exstantium
1661 1517 1812 1558 casu.

1206 1613 1459 1670 Scolium.

534 1768 545 1780 .
619 1729 793 1785 Casus
817 1741 927 1781 non
960 1725 1290 1780 exstantium
1324 1722 1640 1787 liberorum,
1670 1728 1754 1777 est
1776 1736 1901 1791 pars
1932 1727 2127 1791 quarta

550 1799 746 1856 dotalis
775 1796 1023 1865 hypoboli
1045 1837 1060 1859 ,
1090 1797 1205 1849 sive
1224 1792 1379 1865 dotis
1425 1800 1617 1848 auctae.
1649 1790 1892 1865 Exempli
1940 1790 2126 1846 eausa.

553 1872 662 1925 Dos
711 1861 959 1924 mulieris
998 1865 1185 1936 viginti
1222 1864 1374 1936 librae
1422 1873 1603 1936 sunto.
1643 1861 1995 1936 Promissum
2013 1877 2136 1936 mu-

551 1941 669 1995 lieri
721 1954 750 1992 a
795 1931 1353 2007 maritorh'ypobulum
1401 1932 1485 2007 vel
1529 1931 2129 2007 incrementum_d_etis,

524 2010 703 2065 -libra'3
732 2010 939 2063 decem.
976 2001 1214 2074 Utraque
1247 2003 1505 2074 permisla
1539 2002 1676 2058 ﬁunt
1707 2004 1857 2058 librae
1880 2001 2130 2074 triginta.

551 2080 757 2135 Harum
783 2078 1001 2146 triginta
1032 2072 1286 2131 libr—arum
1306 2089 1434 2146 pars
1457 2082 1650 2143 quarta
1674 2072 1983 2146 suntlihrat
2010 2086 2133 2146 sep-

552 2164 663 2206 tem
717 2142 903 2206 semis.
940 2145 1117 2219 ‘lgitur
1146 2162 1173 2198 a
1203 2142 1400 2219 marito
1439 2142 1631 2219 praeter
1662 2142 2011 2214 hypobolum,
2052 2142 2133 2198 hac

551 2237 767 2293 quoque
791 2220 942 2275 librat
971 2213 1179 2288 septem
1206 2214 1370 2269 semis
1394 2213 1707 2285 exiguntur.

626 2337 746 2403 Quo
776 2334 888 2399 ﬁet,
922 2341 976 2387 ut
1009 2330 1151 2386 inter
1177 2343 1273 2385 cos
1308 2328 1671 2384 instrumenta
1701 2322 1805 2383 tria
1834 2326 2132 2384 conﬁcian-

553 2440 660 2484 tur:
694 2427 801 2483 duo
820 2424 1049 2497 .quidem
1078 2434 1176 2491 pro
1205 2420 1348 2476 dotis
1375 2419 1716 2492 syngraphis,
1752 2418 1953 2476 tenoris
1986 2416 2133 2488 ejus‘

551 2523 672 2577 dem
706 2538 722 2586 ;
748 2517 969 2574 tertium
997 2528 1148 2583 vero,
1177 2511 1322 2584 quod
1352 2514 1511 2569 uxori
1535 2528 1565 2568 ι
1593 2513 1791 2570 marito
1819 2513 2128 2583 exponitur.

550 2612 664 2667 Nec
691 2609 948 2680 stipulato
974 2610 1320 2678 promittetur
1349 2619 1445 2665 aut
1475 2610 1849 2667 conscribetur
1881 2625 1914 2666 a
1936 2610 2132 2666 marito

551 2702 773 2758 donatio
816 2708 1035 2771 propter
1060 2698 1302 2772 nuptias,
1334 2715 1457 2771 qua:
1490 2701 1631 2757 dotis
1658 2701 1727 2758 ad
1753 2701 1930 2773 ipsum
1954 2701 2133 2757 allatas

549 2808 818 2851 summam
845 2801 1041 2862 atquet.

612 2889 678 2943 '4.
709 2885 866 2954 Quod
896 2885 944 2941 si
974 2885 1085 2941 fato
1128 2886 1333 2943 mulier
1364 2887 1568 2958 absque
1598 2886 1782 2944 liberis
1816 2896 1941 2944 ante
1969 2887 2136 2943 mari-

552 2987 667 3036 tum
691 2977 947 3033 defuncta
978 2976 1163 3043 fuerit,
1196 2990 1447 3048 quartam
1479 2979 1567 3033 ille
1614 2979 1894 3035 dumtaxat
1916 2990 2129 3050 partem

552 3067 720 3122 totius
757 3065 841 3135 (ut
886 3066 1089 3123 dictum
1138 3067 1243 3140 eat)
1277 3068 1345 3123 ab
1392 3082 1451 3124 se
1493 3078 1669 3124 cauta:
1709 3069 1851 3125 dotis
1882 3069 2015 3125 lucri
2046 3071 2127 3126 sui
2156 3098 2199 3157 ο

547 3157 773 3212 nomine
806 3155 1021 3222 retinet,
1054 3171 1119 3211 ac
1151 3158 1415 3228 reliquam
1450 3158 1713 3225 ejusmodi
1744 3158 1884 3215 dotis
1920 3168 2129 3230 partem

550 3256 804 3319 quartam
850 3262 974 3303 cum
1022 3246 1257 3303 semisse
1299 3249 1382 3303 vel
1432 3265 1500 3305 ex
1556 3266 1809 3320 suprema
1850 3252 2131 3309 voluntate

553 3339 797 3395 mulieris
827 3338 1137 3394 haeredibus
1181 3340 1450 3408 restituat,
1478 3340 1559 3395 vel
1600 3340 1723 3397 aliis
1750 3342 1865 3412 ejus
1897 3341 2128 3398 haeredi-

550 3430 674 3496 bus,
715 3430 804 3501 qui
854 3431 922 3487 ad
975 3429 1378 3487 successionem
1430 3432 1499 3488 ab
1544 3434 1799 3491 intestato
1842 3444 2128 3499 vocantur,

547 3522 763 3578 reddat.

610 3615 678 3671 5.
710 3616 807 3671 Sin
852 3615 1084 3674 maritus
1114 3623 1244 3672 ante
1277 3615 1562 3688 coniugem
1599 3633 1750 3673 suam
1790 3618 1909 3674 sine
1944 3617 2130 3674 liberis

550 3706 865 3773 decesserit,
912 3708 1278 3764 consimiliter
1310 3708 1401 3763 illa
1434 3719 1630 3780 praeter
1660 3710 1924 3780 integram
1956 3719 2131 3766 cauta:

551 3798 654 3852 sibi
685 3797 829 3853 dotis
858 3798 1284 3864 restitutionem,
1317 3800 1480 3854 etiam
1516 3810 1725 3871 partem
1754 3810 2001 3871 quartam
2032 3802 2130 3857 do-

553 3889 624 3944 tis
649 3890 818 3959 ipsius
847 3905 915 3944 ex
948 3889 1151 3945 relictis
1180 3907 1209 3944 a
1235 3890 1430 3945 marito
1456 3904 1557 3946 suo
1588 3892 1767 3949 omnis
1796 3893 2010 3963 generis
2043 3908 2131 3950 re-

554 3972 663 4037 bus
682 3982 797 4037 sive
829 3982 986 4037 bonis
1010 3982 1229 4037 nomine
1256 3997 1412 4038 casus
1442 3998 1547 4038 non
1575 3987 1906 4040 exstantium
1934 3985 2131 4042 libem-

554 4085 671 4125 ruu:
703 4087 801 4142 pro
842 4072 991 4127 lucro
1024 4088 1123 4127 suo
1174 4073 1350 4142 capiet
1392 4091 1407 4127 :
1453 4083 1507 4128 et
1550 4089 1731 4141 oume,
1770 4079 2130 4149 quodcunque

552 4173 822 4233 superest,
851 4165 1243 4235 patrimonium
1275 4165 1411 4231 ejus,
1451 4164 1531 4220 vel
1559 4165 1624 4219 ad
1666 4166 1910 4224 hmredes
1940 4184 2005 4224 ex
2038 4186 2131 4225 su-

552 4262 742 4325 pferna
773 4255 940 4325 ipsius
976 4257 1272 4321 voluntate,
1302 4256 1384 4311 vel
1414 4257 1480 4310 ad
1507 4270 1623 4325 eos,
1661 4258 1751 4328 qui
1775 4260 1843 4314 ab
1874 4260 2131 4316 intestato

552 4348 600 4402 ei
624 4350 951 4415 succedunt,
975 4348 1273 4417 perveniet.

624 4535 677 4588 6.
718 4533 869 4600 Quod
916 4535 960 4588 si
1008 4534 1192 4590 liberis
1243 4537 1613 4603 exstantibus,
1664 4548 1790 4597 ante
1847 4542 2128 4614 conjugem

556 4642 708 4681 suam
748 4625 974 4679 maritus
1014 4625 1315 4683 decesserit
1346 4644 1360 4681 :
1400 4644 1569 4695 uxor,
1602 4630 1652 4685 id
1684 4641 1788 4698 est,
1818 4638 2129 4692 eorumdem

556 4715 850 4771 liberorum
876 4723 1067 4780 mater,
1096 4715 1148 4769 in
1179 4724 1450 4786 potestate
1480 4732 1573 4772 sua
1594 4729 1701 4772 tam
1728 4720 1905 4776 dotem
1933 4723 2128 4792 ipsam,

556 4823 717 4878 quam
757 4807 1069 4862 universum
1118 4809 1299 4863 mariti
1346 4810 1733 4877 patrimonium
1789 4815 2041 4881 retineat,
2077 4824 2134 4871 et

558 4900 868 4954 universam
906 4900 1098 4955 domus
1139 4902 1251 4968 ipsa
1292 4916 1480 4955 curam
1525 4903 2131 4962 etadministrationem

561 5003 736 5062 gerat,
787 4992 874 5047 ubi
920 4993 1093 5063 palam
1141 4995 1563 5062 descriptionem
1600 4996 1869 5066 publicam
1920 4998 2127 5065 fecerit,

560 5088 665 5142 hoc
691 5098 797 5155 est,
834 5087 1197 5142 inventarium
1233 5090 1420 5153 totius,
1455 5090 1598 5158 quod
1621 5104 1653 5144 a
1690 5090 1882 5147 marito
1918 5108 2015 5146 suo
2046 5108 2124 5147 re-

561 5179 843 5249 linquitur,
867 5178 1217 5250 patrimonii;
1252 5191 1305 5235 et
1334 5183 1512 5236 omnis
1537 5183 1751 5253 generis
1784 5181 2132 5249 facultatum,

559 5270 786 5339 adjeCtis
832 5270 1009 5324 eidem
1056 5271 1404 5339 descriptioni
1461 5273 1543 5326 vel
1588 5273 1893 5329 iuventario
1922 5278 2135 5333 cunctis

562 5362 724 5419 etiam
761 5360 917 5418 bonis
955 5361 1066 5417 suis
1096 5361 1382 5441 dotalibus,
1415 5375 1469 5417 et
1500 5364 1582 5432 iis,
1614 5380 1733 5434 quae
1758 5366 1814 5420 itt
1848 5370 2004 5422 rebus
2037 5386 2133 5424 ex-

562 5462 644 5506 tra
690 5453 867 5506 dotem
916 5452 1223 5508 constitutis
1247 5434 1412 5508 habet
1442 5470 1458 5507 :
1495 5470 1615 5524 qua:
1643 5458 1857 5523 quidem
1884 5463 2135 5516 extrado-

564 5544 693 5597 talia
738 5543 1115 5601 demonstrare
1158 5560 1252 5615 per
1284 5545 1530 5601 cllicaces
1577 5549 1926 5617 probationes
1954 5552 2133 5616 debet,

561 5649 624 5686 ea
660 5645 720 5687 se
758 5632 964 5687 scilicet
1008 5634 1062 5688 in
1107 5635 1207 5690 viri
1259 5635 1343 5689 sui
1374 5636 1594 5692 domum
1622 5639 1890 5707 attulisse,
1915 5642 2138 5713 jamque

560 5737 677 5792 post
710 5733 937 5781 mortem
966 5724 1106 5783 illius
1139 5738 1385 5795 exstare;
1421 5746 1527 5787 non
1563 5731 1889 5791 habentibus
1919 5734 2036 5805 ejus
2068 5736 2138 5791 li-

2235 488 2442 560 ράσιον.
2488 488 2616 543 Ἐπὶ
2638 487 2850 552 τούτοις
2881 487 3016 541 πᾶσι
3035 485 3259 559 τρόποις
3289 485 3389 563 [aL
3425 486 3633 561 τόποις]
3674 488 3817 560 μηδὲ

2233 579 2503 651 μνηστεία
2534 579 2795 649 γενέσθω.
3834 648 3840 652 η

2298 668 2369 739 γ’.
2406 670 2725 742 Ἕγγραφος
2757 669 2856 742 [αι.
2917 666 3235 744 ἐγγράφως]
3291 667 3466 741 γάμος
3498 667 3820 722 συνίσταται

2231 760 2298 815 δι’
2317 762 2598 833 ἐγγράφου
2633 760 2911 834 προικῲου
2935 761 3289 833 συμϐολαίου,
3324 762 3429 815 ὑπὸ
3466 761 3633 833 τριῶν
3659 761 3821 828 ἀξιο-

2232 854 2440 908 πίστων
2482 853 2801 926 μαρτύρων,
2834 853 2978 908 κατά
3010 855 3079 909 τά
3122 853 3252 924 παρ’
3278 854 3435 925 ἡμῶν
3473 855 3673 926 ἀρτίως
3722 853 3821 906 εὒο

2234 945 2411 1010 σεδῶς
2442 931 2905 1017 νομοθετούμεναο
2962 946 3103 1000 ὥστε
3130 946 3189 999 ὲν
3232 946 3383 1017 αύτῷ
3410 947 3694 1016 ὁμολογεῖν
3712 929 3820 999 ⁸τὸν

2232 1037 2401 1109 ἄνδρα
2432 1038 2529 1109 τήν
2579 1055 2639 1091 τε
2697 1038 2888 1110 ἐντελῆ
2945 1039 3045 1110 τῆς
3090 1039 3313 1111 προικὸς
3372 1038 3668 1105 οἰκείωσιν,
3719 1039 3823 1092 κρὶ.

2231 1132 2574 1186 ἀδιάπτωτον
2604 1130 2697 1184 καὶ
2750 1131 3024 1201 άμείωτον
3056 1131 3227 1203 αὐτῆς
3278 1131 3679 1203 παραφυλακὴν
3718 1131 3822 1186 καὶ

2234 1224 2588 1295 συντήρησιν,
2626 1223 2767 1293 μετὰ
2800 1222 2896 1278 καὶ
2927 1225 3051 1296 τῆς,
3087 1222 3160 1287 ὡς
3201 1223 3367 1291 εἰκὸς,
3398 1225 3526 1293 παρ’
3558 1222 3725 1278 αὑτοῦ
3756 1225 3821 1276 ὲν

2233 1315 2542 1387 ἑπαυξήσει
2571 1317 3044 1388 ἀποχαρισθείσης
3072 1318 3208 1389 αὐτῇ
3244 1317 3564 1388 ποσότητος,
3608 1319 3821 1389 ἐγγρα-

2234 1409 2470 1480 φομένου
2501 1412 2559 1463 ὲν
2607 1408 2686 1480 τῷ
2732 1411 2867 1483 παρ’
2907 1410 3072 1465 αὑτοῦ
3113 1409 3449 1481 ὲκτιθεμὲνῳ
3505 1410 3823 1483 συμϐολαίῳ

2234 1502 2438 1558 κάσσου
2472 1503 2533 1569 ἐξ
2572 1503 2853 1569 ἀπαιδίας.

2879 1618 2929 1671 Σ
2930 1617 3160 1685 χόλιον.

2292 1723 2380 1810 ⁹Τὸ
2408 1722 2468 1814 ἐξ
2496 1725 2753 1817 ἀτξαιδίας
2782 1725 3307 1817 μάσσονεητέταρτον
3336 1727 3503 1817 μέρος
3536 1725 3631 1817 ταῦ
3655 1743 3824 1797 προιι

2237 1796 2384 1881 animo
2445 1796 2711 1849 ύποὸόλου
2756 1796 2948 1877 ἐστίν.
2998 1798 3086 1861 Ὦς
3137 1796 3194 1850 ὲν
3254 1796 3509 1851 ὑποθέσει
3550 1796 3823 1867 λέγομενο

2241 1864 2429 1936 Ἔστιν
2461 1867 2494 1935 ή
2528 1864 2694 1936 προὶξ
2722 1884 2821 1936 της
2853 1867 3131 1934 γυναικὸς,
3164 1866 3343 1936 λίτραι
3376 1874 3454 1920 κ’·
3501 1867 3564 1920 τὸ
3602 1867 3660 1921 δὲ
3686 1868 3828 1920 ὑπο-

2237 1934 2428 2008 σχεθὲν
2454 1934 2603 2007 παρᾶ
2625 1937 2716 1989 τοῦ
2743 1934 2934 2008 ἀνδρὸς
2982 1940 3047 2008 τῇ
3076 1934 3293 2005 γυναικὶ
3318 1937 3599 2004 ὑπὸὄολον,
3638 1938 3827 2008 λίτραι

2238 2010 2291 2079 t'.
2351 2006 2662 2079 Ἀμφότερα
2716 2006 3045 2077 μιγνύμενα
3082 2008 3325 2079 γίνονται
3389 2008 3569 2079 λίτραι
3625 2008 3687 2063 λ’.
3730 2006 3826 2062 ήΤδ

2234 2074 2491 2150 τέταρτον
2515 2074 2622 2128 τῶν
2638 2074 2935 2150 τριάκοντα
2968 2074 3416 2150 γίνονται-λίτραι
3446 2074 3587 2134 ἑπτά
3615 2080 3822 2150 ἣμισυ.

2249 2144 2591 2217 ’ᾼπαιτεῖται
2626 2150 2652 2200 ὁ
2678 2144 2822 2217 ἀνὴρ
2851 2148 3052 2211 ἔξωθεν
3077 2147 3171 2202 τοῦ
3201 2144 3465 2204 ύποϐόλου
3496 2151 3589 2203 καὶ
3612 2144 3825 2213 ταύτας

2233 2213 2333 2278 τὰς
2366 2216 2507 2269 ἑπτὰ
2532 2217 2702 2288 ἥμισυ
2729 2213 2940 2288 λίτρας.

2307 2328 2485 2400 Τριῶν
2519 2329 2762 2403 δηλονότι
2796 2332 3139 2403 συμϐολαίων
3161 2334 3363 2404 μεταξῦ
3398 2334 3580 2388 αὐτῶν
3609 2322 3826 2406 προερ-

2234 2424 2517 2494 χομένων·
2555 2421 2649 2475 δύο
2714 2421 2814 2490 μὲν
2860 2424 2983 2477 ἀντὶ
3041 2426 3372 2496 συγγράφων
3422 2426 3523 2496 τῆς
3587 2427 3825 2498 προικὸς

2237 2512 2572 2581 ίσοδυνάμων
2594 2531 2607 2544 ο
2642 2512 2739 2567 τοῦ
2766 2513 2822 2567 δὲ
2852 2515 3045 2586 ἐτέρου
3088 2518 3241 2589 παρὰ
3299 2518 3394 2573 τοῦ
3427 2518 3623 2591 ἀνδρὸς
3676 2519 3825 2590 «pb;

2231 2601 2331 2674 τὴν
2379 2604 2614 2672 γυναῖκα
2647 2603 3027 2673 ὲκτιθεμένου.
3076 2605 3189 2659 καὶ
3233 2606 3309 2677 μὴ
3346 2605 3731 2679 ἐπερωτᾶσθαι
3784 2607 3823 2676 ἢ

2232 2694 2693 2770 καταγράφεσθαι
2739 2696 2891 2767 παρὰ
2943 2698 3037 2751 τοὖ
3107 2698 3303 2770 ἀνδρὸς
3371 2700 3657 2771 idem?“
3714 2700 3827 2770 τῆς

2232 2794 2601 2865 εἰσαγομένης
2633 2791 2782 2864 αύτῷ
2804 2794 3030 2865 προικὸς
3062 2798 3441 2866 προγαμιαίαν
3472 2796 3701 2868 δωρεάν.

2302 2884 2363 2940 δ’.
2403 2887 2513 2939 Καὶ
2554 2888 2603 2939 εἰ
2636 2886 2821 2958 δεήσει
2860 2886 2959 2957 τὴν
3018 2889 3253 2957 γυναῖκα
3292 2890 3501 2943 παίδων
3550 2888 3677 2943 ἄνευ
3705 2888 3825 2960 πρὸ

2230 2977 2325 3033 τοῦ
2354 2976 2545 3048 ἀνδρὸς
2568 2977 2919 3047 τελευτῆσαι,
2951 2977 3217 3048 τετάρτην
3270 2982 3465 3049 μοῖραν
3491 2981 3583 3033 καὶ
3648 2979 3823 3050 μόνον

2232 3071 2298 3123 ὲκ
2339 3070 2543 3139 πάσης,
2590 3069 2666 3134 ὼς
2723 3069 2957 3141 εἴρηται,
2989 3071 3420 3141 ὁμολογηθείσης
3478 3073 3606 3143 παρ’
3640 3072 3820 3126 αὑτοῦ

2233 3162 2460 3231 προικὸς
2488 3164 2571 3226 είς
2638 3161 2767 3216 τδιον
2822 3162 3014 3233 κέρδος
3056 3163 3348 3233 ὲγκρατεῖν
3394 3164 3577 3230 αὐτὸν,
3621 3165 3715 3220 καὶ
3753 3168 3823 3219 τὸ

2232 3255 2529 3310 ὑπόλοιπον
2561 3256 2998 3327 ήμισυτέταρτον
3038 3256 3204 3327 μέρος
3232 3258 3328 3328 τῆς
3353 3258 3611 3328 τοιαύτης
3648 3276 3821 3330 προι-

2229 3348 2324 3411 κὸς
2358 3350 2490 3420 ἣείς
2519 3350 2645 3413 τοὺς
2680 3351 2744 3402 ὲκ
2776 3348 3099 3413 τελευταίας
3121 3348 3292 3421 αὐτῆς
3334 3348 3647 3419 βουλήσεως
3672 3348 3821 3420 κλη-

2232 3439 2495 3511 ρονόμους
2542 3438 3035 3506 ἀποκαθίστασθαι,
3068 3438 3101 3511 ἢ
3164 3440 3243 3505 είς
3281 3444 3409 3505 τοὺς
3434 3440 3495 3506 ἐξ
3525 3440 3823 3496 ἁδιαθὲτου

2229 3532 2597 3602 καλουμένους
2622 3534 2794 3607 αὐτῆς
2820 3533 3192 3606 κληρονόμους
3223 3532 3593 3609 ἀποδίδοσθαι.

2302 3633 2363 3680 ε’.
2395 3626 2456 3679 El
2493 3625 2549 3681 δὲ
2583 3631 2610 3681 ὁ
2654 3627 2796 3698 ἀνὴρ
2843 3626 2952 3699 πρὸ
2998 3627 3098 3696 τῆς
3146 3626 3282 3690 ιδίας
3325 3625 3579 3695 γυναικὸς
3606 3624 3825 3680 παίδων

2229 3719 2387 3782 ἐκτὸς
2414 3719 2732 3785 άποϐιώσει,
2776 3718 2978 3791 ὁμοίως
3021 3718 3157 3789 πρὸς
3184 3722 3253 3790 τῇ
3284 3718 3489 3783 ὲντελεί
3527 3720 3822 3773 ἀποκατα-

2231 3810 2419 3866 στάσει
2440 3813 2537 3881 τῆς
2557 3809 2987 3881 ὁμολογηθείσης
3006 3809 3143 3881 αὐτῇ
3167 3810 3411 3881 προικδς,
3438 3812 3529 3864 καὶ
3551 3810 3822 3882 τέταρτον

2233 3902 2399 3975 μέρος
2437 3902 2539 3972 τῆς
2575 3902 2832 3973 τοιαύτης
2862 3902 3086 3971 προικὸς
3129 3904 3194 3956 ἐκ
3218 3902 3327 3956 τῶν
3358 3902 3825 3972 ἐγκαταλειφθέν-

2230 4012 2337 4047 των
2390 3993 2483 4047 τοῦ
2532 3993 2726 4065 ἀνδρὸς
2766 3995 2939 4065 αὐτῆς
2991 3995 3261 4051 παντοίων
3318 3997 3660 4067 πραγμάτων
3718 3995 3821 4049 ἐπ’

2230 4087 2455 4157 ὀνόματι
2486 4090 2687 4141 κάσσου
2712 4091 2793 4152 είς
2822 4088 3013 4159 κέρδος
3041 4092 3239 4144 οἰκεῖον
3277 4089 3579 4163 λαμϐάνειν
3611 4091 3815 4161 αὐτὴν,

2231 4180 2326 4236 καὶ
2372 4179 2469 4251 τὴν
2496 4181 2961 4253 περιττευομένην
3004 4181 3250 4254 άνδρῴαν
3282 4183 3382 4255 [αι.
3430 4182 3621 4257 αὑτοῦ]
3651 4184 3820 4253 ⁵ἄπει.-

2233 4288 2330 4324 σαν
2367 4269 2601 4343 ὓπαρξιν
2626 4273 2659 4343 ἢ
2692 4275 2770 4335 εἰς
2803 4274 2929 4335 τοὺς
2955 4274 3018 4327 ἐκ
3046 4273 3361 4338 τελευταίας
3391 4275 3554 4329 αὐτοῦ
3613 4273 3820 4347 βουλή-

2234 4381 2390 4430 σεως,
2425 4364 2456 4434 ἦ
2498 4367 2578 4426 είς
2624 4366 2748 4427 τοὺς
2781 4364 2840 4431 ἐξ
2891 4366 3178 4420 άδιαθέτου
3230 4365 3394 4421 αὐτοῦ
3438 4366 3819 4439 κληρονόμους

2159 4459 2202 4514 ι)
2233 4453 2643 4525 περιέρχεσθαι.

2304 4545 2379 4611 ς’.
2410 4545 2472 4599 El
2507 4546 2565 4599 δὲ
2594 4546 2800 4601 παίδων
2825 4547 3072 4601 ὑπόντων
3097 4549 3126 4601 ὁ
3148 4547 3287 4621 ἀνὴρ
3313 4550 3418 4620 πρὸ
3450 4550 3550 4622 τῆς
3599 4552 3819 4615 οἰκείας

2233 4640 2477 4711 γαμετῆς
2510 4639 2845 4710 τελευτήσει,
2876 4638 2976 4711 τὴν
3028 4644 3263 4707 γυναῖκα
3283 4681 3298 4705 ,
3330 4644 3498 4713 ἤγουν
3551 4642 3650 4713 τὴν
3696 4644 3814 4698 τῶν

2233 4732 2411 4785 αὐτῶν
2454 4733 2657 4786 τέκνων
2698 4735 2935 4803 μητέρα,
2988 4734 3285 4804 ἐγκάτοχον
3336 4736 3434 4803 τῆς
3476 4754 3534 4790 τε
3585 4738 3817 4807 προικὸς

2233 4825 2404 4893 αὐτῆς
2435 4825 2528 4878 καὶ
2561 4824 2808 4896 ἀνδρῲας
2838 4825 3057 4897 ἁπάσης
3089 4826 3373 4897 ὑπάρξεως
3402 4823 3561 4894 εἶναι,
3590 4831 3680 4883 καὶ
3713 4831 3817 4883 αὑ-

2234 4919 2331 4987 τήν
2357 4919 2453 4985 τὴν
2484 4920 2668 4972 πᾶσαν
2694 4917 2789 4971 τοῦ
2816 4918 2965 4972 οἴκου
2997 4923 3264 4973 ποιεῖσθαι
3307 4923 3563 4992 φροντίδα
3604 4940 3662 4977 τε
3718 4926 3815 4978 καὶ

2234 5009 2518 5082 διοίκησιν,
2552 5011 2834 5083 προδήλως
2857 5012 3119 5081 δημοσίαν
3144 5015 3465 5085 ἀναγραφὴν
3481 5017 3815 5088 ποιουμένης

2236 5104 2426 5172 αὐτῆς,
2461 5104 2580 5172 ἤτοι
2611 5104 2865 5173 ίμϐέντον
2911 5105 3094 5176 πάσης
3118 5107 3217 5175 τῆς
3248 5108 3811 5179 καταλιμπανομὲνης

2237 5193 2340 5243 ύπδ
2389 5192 2483 5245 τοῦ
2530 5192 2720 5264 ἀνδρὸς
2773 5195 2944 5265 αὐτῆς
2975 5196 3235 5257 παντοίας
3286 5197 3575 5269 ὑπάρξεώς
3608 5216 3665 5250 τε
3712 5201 3813 5252 καὶ

2237 5283 2577 5355 περιουσίας,
2627 5289 3005 5356 συγκειμένων
3039 5288 3098 5340 ὲν
3127 5290 3191 5359 τῇ
3246 5291 3471 5363 τοιαύτῃ
3517 5291 3807 5361 ἀναγραφῇ

2237 5374 2332 5426 καὶ
2394 5376 2501 5426 τῶν
2556 5378 2932 5447 προικιμαίων
2981 5378 3153 5448 αὐτῆς
3207 5384 3572 5450 πραγμάτων,
3630 5384 3722 5435 καὶ
3772 5384 3809 5437 ἃ

2239 5465 2456 5518 ὕπεισιν
2482 5467 2622 5538 αὐτῇ
2653 5469 2745 5521 καὶ
2780 5471 2839 5522 ὲν
2871 5467 3253 5541 ὲξωπροίκοις,
3288 5474 3607 5545 ὀφειλούσης
3641 5477 3810 5546 αὐτῆς

2237 5558 2305 5611 τά
2350 5556 2662 5629 ὲξώπροικα
2700 5558 2870 5624 δεῖξαι
2925 5561 2993 5615 δι’
3031 5564 3267 5635 ἐνεργῶν
3335 5567 3671 5631 συστάσεως),
3731 5568 3808 5629 ὠς

2238 5649 2410 5702 ταῦτα
2438 5651 2737 5721 εἰσήγαγεν
2774 5657 2832 5707 ὲν
2863 5654 2937 5726 τῷ
2962 5655 3096 5727 οἴκῳ
3125 5658 3218 5711 τοῦ
3268 5659 3458 5727 ἀνδρὸς
3492 5659 3680 5728 αὐτῆς,
3714 5659 3812 5712 καὶ

2243 5738 2521 5808 φαίνονται
2560 5742 2700 5812 μετά
2727 5742 2827 5816 τὴν
2856 5746 3023 5801 αὐτοῦ
3065 5748 3340 5820 τελευτήν,
3392 5749 3468 5822 μὴ
3500 5749 3816 5820 δυναμένων
