4046 6330
549 313 658 381 ζι99

626 431 717 488 43.
749 432 953 487 Sivcro
980 433 1097 500 quis
1123 434 1193 488 ob
1225 443 1428 487 arctam
1459 447 1638 486 renum
1672 446 1895 485 suarum
1928 428 2117 483 condi-
2147 435 2192 490 Α

553 527 775 589 ιῑοιιειη,
796 523 879 578 vel
897 524 1276 587 humilitatem,
1301 538 1423 576 cum
1447 522 1845 576 existimatione
1861 523 2118 588 quadam,

550 628 603 672 et
650 618 1041 673 interveniente
1106 617 1408 685 scriptura,
1475 616 1690 686 nuptias
1753 615 1973 684 exsequi
2025 627 2121 668 ne-

548 717 744 775 queat:
769 705 932 760 etiam
965 706 1096 760 citra
1120 708 1443 775 scripturam
1471 708 1870 762 matrimonium
1897 718 2118 763 contra-

549 798 696 852 hitur
747 800 866 853 aine
914 799 1034 851 dolo
1078 799 1238 863 malo,
1287 801 1727 855 contrahentium
1762 817 2115 869 personarum

549 901 599 941 et
629 900 920 959 parentum
955 906 1140 945 earum
1176 906 1445 947 consensu
1485 909 1499 945 :
1533 894 1646 951 sive
1676 894 1777 948 hoc
1807 895 1858 948 in
1886 894 2116 948 ecclesia

547 994 643 1048 per
677 981 1125 1049 benedictionem,
1160 983 1274 1038 sive
1316 998 1502 1038 coram
1529 987 1765 1052 quinque
1804 986 1995 1040 amicis
2021 1001 2116 1041 uo-

549 1078 660 1121 tum
698 1069 810 1124 ﬁat.
851 1069 956 1125 Sed
988 1081 1041 1123 et
1076 1071 1297 1139 quilibet
1341 1074 1626 1128 mulierem
1668 1075 1892 1129 liberam
1923 1075 1972 1128 in
2006 1076 2116 1130 do-

549 1177 692 1213 mum
729 1176 880 1216 suam
913 1162 1205 1232 deducens,
1236 1172 1291 1218 et
1325 1164 1846 1221 administrationem
1884 1169 1930 1222 ei
1960 1168 2114 1222 fami-

547 1256 630 1307 iis:
673 1270 784 1308 suae
832 1255 1213 1322 committens,
1247 1266 1301 1313 et
1326 1257 1378 1312 in
1415 1259 1658 1314 carnales
1702 1275 1823 1314 cum
1873 1276 1933 1315 ea
1968 1276 2114 1316 cem-

545 1346 732 1411 plexus
770 1348 1008 1414 veniens,
1035 1349 1169 1404 citra
1196 1349 1522 1420 scripturam
1551 1352 1951 1407 matrimonium
1987 1368 2110 1408 cum

543 1455 602 1493 ea
636 1442 926 1494 contrahit.

612 1532 700 1585 tt.
734 1533 886 1599 Quod
931 1535 975 1589 si
1013 1536 1174 1589 nullis
1217 1551 1281 1591 ex
1329 1551 1390 1591 ea
1435 1535 1622 1592 liberis
1667 1541 1958 1609 susceptis,
1991 1556 2109 1594 eam

544 1625 815 1692 expellere
857 1637 1086 1684 conatus
1132 1627 1296 1684 fuerit
1338 1644 1370 1685 e
1416 1631 1769 1685 contubernio
1816 1646 1947 1697 suo,
1994 1633 2113 1688 sine

542 1731 704 1771 causa
747 1719 956 1787 legibus
991 1720 1283 1790 approbata
1311 1739 1324 1774 :
1352 1732 1544 1789 praeter
1579 1724 1976 1788 restitutionem
2015 1740 2109 1778 ea—

540 1826 658 1863 rum
693 1826 868 1866 rerum
905 1827 1039 1883 quas
1087 1812 1222 1884 ipsa,
1269 1829 1366 1870 ceu
1417 1815 1563 1870 credi
1609 1831 1709 1887 par
1745 1827 1850 1884 est,
1893 1819 1960 1872 ad
1989 1833 2109 1874 eum

539 1908 753 1974 attulit;
801 1921 1053 1982 quartam
1089 1927 1303 1983 quoque
1346 1915 1608 1970 bonorum
1642 1930 1862 1970 suorum
1901 1925 2110 1984 partem

541 2003 592 2056 ei
619 2001 787 2059 dabit.

613 2094 703 2150 15.
741 2095 893 2161 Quod
934 2098 978 2153 si
1022 2101 1144 2168 quis
1175 2100 1315 2171 inopi
1356 2100 1567 2156 mulieri
1601 2105 1949 2165 matrimonio
1973 2105 2107 2174 legi-

540 2188 673 2242 timo
707 2191 1028 2259 coniunctus
1053 2189 1234 2259 fuerit,
1263 2202 1316 2247 et
1345 2195 1570 2250 maritus
1602 2197 1813 2267 absque
1844 2197 2028 2256 liberis
2051 2207 2106 2256 et

540 2281 829 2336 intestatus
861 2282 1160 2338 decesserit
1198 2300 1212 2336 :
1251 2286 1481 2357 accipiet
1509 2303 1646 2342 uxor
1686 2291 1754 2344 de
1784 2289 1963 2344 mariti
2005 2291 2105 2346 bo-

539 2372 643 2437 nis,
678 2374 895 2428 nomine
934 2389 1094 2430 casus
1130 2375 1418 2430 liberorum
1453 2393 1558 2433 non
1593 2380 1944 2447 exstantium,
1975 2395 2105 2448 par-

541 2473 646 2518 tem
701 2474 970 2532 quartam,
1009 2480 1108 2534 pro
1156 2469 1332 2522 mariti
1385 2468 1758 2538 facultatibus.
1805 2474 1870 2524 ad
1915 2473 2101 2533 decem

539 2571 708 2624 usque
757 2556 939 2612 libras.
977 2557 1128 2624 Quod
1173 2559 1218 2614 si
1252 2560 1427 2614 mariti
1471 2560 1756 2616 facilitates
1794 2577 1869 2616 ea:
1899 2564 2009 2618 sint
2048 2571 2106 2618 ut

537 2657 726 2715 quarta
760 2663 883 2716 pars
910 2650 1091 2716 decem
1127 2649 1295 2707 libras
1330 2653 1577 2718 excedat,
1608 2654 1808 2708 nullam
1839 2669 1902 2710 ea
1935 2656 2104 2712 licen-

537 2742 665 2794 tiam
714 2741 908 2809 habeat
953 2742 1184 2813 amplius
1222 2744 1468 2813 capiendi
1536 2761 1698 2816 quam
1749 2747 1868 2803 illas
1918 2749 2099 2804 decem

537 2833 726 2898 libras.
756 2847 814 2890 ut
842 2847 966 2896 ante
989 2838 1226 2894 diximus
1251 2852 1264 2886 :
1289 2849 1346 2896 et
1365 2854 1484 2907 qua
1508 2840 1715 2910 reliqua
1737 2850 1878 2908 sunt,
1905 2845 1970 2898 ad
1999 2859 2106 2898 ma-

535 2925 627 2982 riti
666 2929 906 2984 heredes
937 2930 1005 2983 ab
1040 2931 1329 3000 intestato;
1363 2933 1468 2996 vel,
1506 2934 1573 2989 iis
1599 2947 1704 2987 non
1736 2936 2101 3002 exstantibus,

535 3021 602 3073 ad
634 3021 822 3076 iiscum
857 3023 1188 3090 pervenient.

609 3113 694 3166 16.
729 3114 990 3168 Secunda:
1022 3116 1220 3184 nuptiae
1247 3117 1641 3171 contrahuntur
1667 3134 1698 3172 a
1724 3121 1966 3187 personis
1999 3138 2103 3177 non

539 3205 865 3280 prohibitis,
903 3207 1016 3260 sive
1062 3209 1112 3261 in
1145 3208 1383 3275 scriptis,
1428 3209 1542 3262 sive
1573 3211 1710 3266 citra
1753 3205 2101 3281 scripturam,

537 3298 590 3351 in
645 3298 787 3352 hunc
836 3298 1074 3353 modum.
1130 3299 1404 3367 Siquidem
1456 3301 1640 3356 liberis
1669 3314 1912 3370 careant,
1965 3305 2099 3360 citra

535 3389 980 3457 disceptationem
1006 3390 1155 3461 juxta
1183 3392 1369 3449 modos
1398 3394 1650 3463 superius
1673 3397 1947 3467 expositos
1975 3413 2104 3454 con-

536 3479 774 3536 trahant.

607 3574 696 3627 l7.
751 3573 845 3629 Sin
894 3589 1122 3645 persona
1173 3579 1440 3632 secundas
1504 3579 1720 3649 nuptias
1756 3582 2103 3649 contrabeus.

536 3666 740 3720 liberos
767 3667 963 3736 habet;
1003 3686 1108 3724 non
1146 3669 1302 3725 liccat
1331 3674 1379 3725 ei
1411 3674 1663 3727 secundae
1688 3688 1932 3742 personae
1963 3676 2102 3746 plus,

537 3776 697 3828 quam
740 3761 899 3817 unius
948 3778 1008 3818 es
1047 3763 1231 3819 liberis
1263 3765 1330 3818 de
1371 3767 1536 3836 priori
1575 3768 1920 3824 matrimonio
1979 3785 2102 3824 sus—-

531 3853 681 3921 .ccpti
712 3854 1030 3922 portionem,
1062 3872 1128 3911 cx
1171 3857 1328 3912 bouis
1367 3859 1479 3914 suis
1510 3876 1839 3931 quocunque
1863 3861 2104 3933 largitio-

536 3946 620 4001 nis
652 3947 832 4013 modo,
859 3947 1082 4006 donare.
1124 3949 1492 4005 Consimiliter
1523 3961 1577 4005 et
1613 3954 1666 4006 in
1705 3956 1949 4023 muliere,
1986 3970 2105 4025 qua

536 4039 773 4093 secundo
797 4055 856 4094 se
891 4054 1112 4111 nuptum
1151 4040 1398 4107 collocat,
1442 4044 1580 4099 idem
1610 4045 1713 4101 hoc
1741 4048 2057 4102 observetur
2085 4067 2097 4101 :

537 4131 789 4186 nimirum
833 4147 896 4187 ea
938 4133 1221 4189 duodecim
1274 4137 1535 4192 mensium
1579 4149 1830 4209 tempus.
1872 4155 1901 4193 a
1934 4150 2107 4195 morte

536 4223 735 4294 prioris
775 4224 975 4291 mariti,
1007 4232 1278 4282 servante.

609 4411 694 4463 18.
727 4408 883 4474 Quod
918 4409 962 4462 si
1009 4410 1109 4463 hoc
1139 4417 1379 4478 tempore
1407 4414 1630 4466 necdum
1665 4412 1814 4468 finito
1838 4416 2103 4473 seetttidas

537 4508 602 4559 ad
639 4508 854 4570 nuptias
901 4505 1194 4569 transierit,
1240 4506 1457 4561 infamis
1501 4512 1647 4562 crit:
1681 4527 1777 4566 nec
1825 4527 1853 4565 a
1908 4516 2103 4568 marito

1581 317 2094 381 CONSTANTINI‘
2130 316 2809 379 PORPHYROGENITI

3685 309 3789 378 500

2294 436 2382 496 ιγ’.
2418 431 2478 482 Εἰ
2512 430 2566 482 δὲ
2589 430 2729 483 κατὰ
2765 429 3020 480 στένωσιν
3053 426 3083 497 ἦ
3121 425 3205 480 διὰ
3235 423 3562 478 ταπείνωσιν
3595 422 3673 494 μὴ
3701 424 3791 475 δυο

2226 519 2363 591 νηθῇ
2388 539 2468 582 τις
2488 521 2880 591 εὐπρολήπτως
2906 521 2999 573 καὶ
3023 518 3314 590 ἐγγράφως
3336 519 3560 588 ποιῆσαι
3592 516 3788 587 γάμον,

2227 613 2320 666 καὶ
2341 613 2603 682 ἀγράφως
2621 612 2718 685 [αι.
2743 612 3013 684 ἄγραφος]
3033 612 3345 664 συνίσταται
3368 611 3548 680 γάμος
3568 601 3790 677 ἀδόλως,

2226 706 2530 760 συναινέσει
2554 705 2662 758 τῶν
2690 705 3163 759 συναλλασσόντων
3195 702 3521 775 προσώπων,
3567 701 3792 756 καὶτῶν

2222 796 2429 851 τούτων
2455 799 2682 866 γονέων,
2715 797 2826 850 εἴτε
2862 801 2920 852 ὲν
2952 797 3220 869 ἐκκλησίᾳ
3242 796 3399 850 τοῦτο
3425 795 3492 850 δι’
3516 795 3787 864 εὐλογίας,

2221 889 2256 960 ἢ
2293 893 2385 945 καὶ
2432 891 2524 944 ἐπὶ
2563 890 2734 961 φίλων
2767 891 2929 944 πέντε
2961 889 3288 961 γνωρισθείη
3322 887 3418 961 [αι.
3460 885 3787 960 γνωρισθῇὶ.

2234 981 2394 1036 Ἀλλὰ
2430 982 2523 1034 καὶ
2548 983 2863 1052 οίοσδήποτε
2902 981 3329 1053 είσοικιζόμενος
3368 983 3600 1049 γυναῖκα
3641 981 3792 1032 ὲλεύ-

2220 1072 2405 1145 θέραν,
2439 1075 2532 1126 καὶ
2563 1072 2980 1128 καταπιστεύων
3009 1074 3147 1148 αὐτῇ
3200 1074 3303 1146 τὴν
3332 1073 3426 1126 τοῦ
3483 1072 3613 1125 ἰδίου
3663 1071 3792 1124 διοί-

2219 1181 2401 1236 κησιν,
2434 1160 2529 1218 καὶ
2553 1164 3024 1238 ταῠτησαρκικῶς
3055 1163 3504 1237 συμπλεκόμενος
3526 1163 3625 1237 [αἱ.
3665 1179 3793 1229 συγ-

2219 1257 2650 1330 κοιταξόμενοςῖ,
2686 1258 2936 1334 ἄγραφον
3003 1257 3362 1313 σνναλλάσσει
3420 1258 3559 1329 πρὸς
3621 1252 3791 1328 αὐτὴν

2216 1353 2413 1423 γάμον.

2292 1533 2373 1587 ιδ’.
2409 1533 2533 1587 Ἐὰν
2561 1534 2620 1587 δὲ
2667 1534 2726 1599 ἒξ
2750 1534 2921 1606 αὐτῆς
2952 1535 3027 1607 μὴ
3068 1532 3462 1600 παιδοποιήσας
3497 1527 3787 1599 πειραθείη

2215 1625 2470 1693 ἐκδιῶξαι
2508 1625 2677 1696 αὐτὴν
2700 1628 2767 1681 ἐκ
2800 1627 2900 1697 τῆς
2932 1628 3070 1699 πρὸς
3098 1627 3261 1680 αὑτὸν
3289 1625 3654 1695 συνοικήσεως
3688 1620 3787 1694 [εἰ.

2219 1717 2605 1791 σ·.›νοικεσίας],
2632 1720 2810 1782 αἰτίας
2833 1721 2982 1791 νόμῳ
3007 1720 3354 1790 ἐγνωσμένης
3379 1716 3553 1779 ἐκτὸς,
3588 1713 3789 1765 διδόναι

2225 1809 2362 1882 αὖτῇ
2416 1810 2553 1881 πρὸς
2608 1814 2672 1879 τῇ
2732 1811 3176 1867 ἀποκαταστάσει
3208 1809 3335 1876 τῶν,
3368 1808 3440 1869 ὡς
3479 1805 3649 1870 εἰκὸς,
3682 1803 3792 1855 εισ-

2219 1901 2549 1972 ενεχοέντων
2597 1904 2728 1973 παρ’
2761 1903 2930 1973 αὐτῆς
2955 1904 3322 1975 πραγμάτων,
3376 1902 3470 1953 καὶ
3522 1899 3788 1967 τέταρτον

2220 1993 2388 2066 μέρος
2416 1997 2515 2067 τῆς
2543 1995 2709 2048 αὑτοῦ
2740 1995 3078 2066 περιουσίας.

2290 2100 2372 2143 ιε’.
2423 2091 2484 2142 Et
2515 2089 2572 2142 δὲ
2600 2090 2792 2161 ἀπόρῳ
2846 2090 3067 2159 γυναικὶ
3121 2088 3258 2161 πρὺς
3316 2085 3550 2158 νόμιμον
3608 2084 3789 2152 γάμον

2219 2181 2465 2252 συναφθῇ
2512 2198 2617 2248 τις,
2651 2182 2750 2234 καὶ
2781 2184 3094 2253 τελευτήσει
3150 2183 3179 2234 ὁ
3239 2181 3378 2251 ἀνὴρ
3431 2177 3642 2231 παίδων
3694 2176 3786 2230 καὶ

2215 2273 2480 2348 διαθήκης
2532 2276 2724 2348 χωρὶς,
2757 2274 3078 2346 κομίζεσθαι
3129 2272 3230 2345 τὴν
3283 2274 3518 2341 γυναῖκα
3577 2271 3641 2322 ὲκ
3691 2267 3787 2336 τῆς

2216 2365 2463 2437 ἀνδρῴας
2485 2365 2833 2430 ὑποστάσεως
2861 2367 2998 2436 ὑπὲρ
3019 2364 3079 2429 ἐξ
3107 2363 3360 2426 ἀπαιδίας
3385 2360 3590 2416 κάσσου
3622 2360 3786 2430 μέρος

2213 2458 2497 2526 τέταρτον,
2544 2459 2686 2512 κατὰ
2710 2457 2807 2530 τὴν
2840 2457 3103 2529 εὐπορίαν
3129 2455 3226 2510 τοῦ
3266 2454 3479 2524 ἀνδρὸς,
3537 2451 3646 2514 ἕως
3680 2449 3785 2501 τῶν

2212 2550 2347 2606 δέκα
2377 2551 2593 2621 λιτρῶν.
2621 2550 2683 2603 Ei
2713 2552 2768 2604 δὲ
2797 2551 2982 2604 ἐπάνω
3011 2548 3122 2604 τῶν
3177 2548 3313 2601 δέκα
3341 2544 3538 2616 λιτρῶν
3560 2540 3789 2611 εὐπορεῖ

2213 2647 2243 2698 ὁ
2265 2645 2423 2716 ἀνὴρ,
2453 2647 2526 2716 μὴ
2557 2645 2700 2715 ἔχειν
2729 2643 2898 2713 αὐτὴν
2922 2642 3130 2704 ἄδειαν,
3154 2639 3340 2712 ἕτερόν
3361 2654 3415 2689 τι
3437 2632 3785 2705 κομίζεσθαι,

2214 2738 2355 2809 πλὴν
2384 2738 2493 2791 τῶν
2538 2739 2674 2792 δέκα
2720 2738 2944 2808 λιτρῶν,
2980 2734 3056 2799 ὡς
3085 2733 3522 2807 προειρήκαμεν,
3580 2727 3680 2780 καὶ
3717 2723 3785 2777 τὰ

2214 2830 2482 2886 ὑπόλοιπα
2537 2829 2927 2902 περιέρχεσθαι
2955 2831 3036 2893 είς
3068 2829 3195 2890 τοὺς
3216 2826 3277 2890 te
3304 2821 3586 2877 ἀδιαθέτου
3617 2815 3784 2874 αὐτοῦ

2224 2921 2618 2993 κληρονόμους,
2671 2922 2704 2992 ἢ
2767 2921 2841 2992 μὴ
2876 2921 3121 2975 ὑπόντων
3181 2914 3550 2991 κληρονόμων,
3604 2913 3684 2976 είς
3729 2911 3788 2966 τὸ

2216 3015 2378 3086 μέρος
2407 3015 2500 3066 τοῦ
2531 3013 2811 3085 δημοσίου.

2287 3107 2385 3171 ις’.
2411 3107 2822 3180 Δευτερογαμία
2844 3106 3154 3160 συνίσταται
3175 3103 3269 3158 ἐπὶ
3296 3105 3410 3169 τοῖς
3439 3106 3515 3177 μὴ
3541 3101 3788 3157 κεκωλυο

2211 3198 2398 3269 μένοις
2454 3199 2791 3269 προσώποις,
2837 3198 2946 3251 εἴτε
3006 3197 3319 3268 ἐγγράφως,
3349 3197 3456 3250 εἴτε
3491 3193 3778 3266 ἀγράφως,

2208 3292 2404 3359 οὕτως.
2438 3293 2503 3349 Et
2537 3293 2637 3365 μὲν
2657 3293 2869 3347 παίδων
2898 3291 3091 3363 χωρὶς,
3120 3290 3466 3365 ἀπεριέργως
3485 3288 3785 3343 συναλλάσιο

2213 3404 2326 3440 σειν
2354 3387 2499 3440 κατά
2521 3388 2646 3450 τοὺς
2671 3384 2926 3459 ἀνωτέρω
2944 3384 3302 3456 δηλουμένους
3331 3383 3432 3458 [αι.
3463 3379 3783 3452 διειλημμέ-

2210 3479 2358 3554 νους]
2394 3481 2650 3552 τρόπους.

2286 3571 2369 3634 ιζ’.
2391 3570 2453 3624 Et
2468 3571 2524 3624 δὲ
2547 3571 2735 3635 παῖδες
2755 3571 2863 3625 elui.
2879 3572 2957 3645 τῷ
2971 3565 3776 3642 δευτερογαμοῦντιπροσώπῳ,

2215 3663 2293 3734 μὴ
2317 3661 2463 3732 ἔχειν
2482 3663 2642 3716 αὐτὸν
2662 3665 2846 3718 ἄδειαν
2874 3663 3188 3737 χαρίζεσθαι
3210 3665 3276 3734 τῇ
3308 3659 3537 3732 δευτέρᾳ
3563 3658 3781 3728 γυναικὶ

2213 3755 2384 3808 πλείω
2408 3755 2525 3820 ἐνὸς
2550 3757 2740 3819 παιδὸς
2773 3760 2968 3828 μοῖραν
2991 3755 3258 3829 [μοίρας],
3283 3754 3377 3810 τοῦ
3403 3759 3467 3809 ἐκ
3496 3752 3777 3824 προτέρων

2209 3849 2376 3905 αὑτοῦ
2400 3852 2615 3920 γάμων,
2665 3853 2728 3906 ὲκ
2768 3853 2868 3920 τῆς
2914 3851 3050 3914 ἰδίας
3088 3851 3424 3921 περιουσίας,
3475 3847 3598 3901 καθ’
3634 3847 3780 3899 οίαν-

2207 3945 2407 4017 δήποτε
2445 3944 2779 4015 φιλοτιμίαν.
2823 3944 3055 4014 Ὁμοίως
3082 3944 3138 3998 δὲ
3177 3944 3236 3998 τὸ
3261 3944 3393 3997 αὐτὸ
3423 3941 3778 4012 παραφυλατ-

2211 4035 2385 4088 τέσθω
2429 4034 3004 4107 [παραφυλάττεσθαι]
3065 4037 3157 4088 καὶ
3189 4035 3281 4088 ἐπὶ
3309 4033 3408 4102 τῆς
3455 4033 3779 4103 δευτερογα-

2216 4127 2423 4198 μούσης
2453 4128 2732 4196 γυναικὸς,
2781 4125 3062 4198 προδήλως
3123 4126 3329 4194 ταύτης
3395 4124 3487 4178 τὸν
3538 4123 3644 4176 ἀπὸ
3681 4120 3772 4174 τοῦ

2211 4220 2404 4291 καιροῦ
2427 4220 2526 4290 τῆς
2554 4220 2809 4291 τελευτῆς
2829 4220 2922 4274 τοῦ
2952 4219 3172 4292 πρώτου
3198 4219 3389 4286 ἀνδρὸς
3423 4215 3775 4287 παραφυλατ-

2211 4315 2412 4386 ro‘k'qq
2438 4315 2899 4383 διικδεκαμηνιαῖον
2928 4315 3137 4385 χρόνον.

2289 4415 2379 4478 ιη’.
2418 4409 2480 4460 El
2525 4407 2581 4460 δὲ
2619 4408 2693 4475 μὴ
2741 4407 3153 4478 περατωθὲντος
3189 4407 3284 4460 τοῦ
3338 4403 3532 4476 καιροῦ
3584 4402 3769 4459 τούτου

2133 4475 2188 4537 Β
2212 4475 2671 4570 δευτερογαμήσει
2698 4496 2794 4570 [αι.
2817 4475 3152 4569 ’διγαμήσῃῂ
3182 4498 3374 4569 ἄτιμος
3411 4475 3582 4560 ἔσται,
3613 4495 3772 4568 μηδὲν

535 4596 702 4665 priori
748 4597 1040 4664 quidquam
1082 4595 1188 4650 ullo
1224 4599 1382 4649 modo
1434 4597 1749 4652 lucrabitur.
1792 4600 1860 4654 Λι
1893 4615 2021 4656 vero
2055 4602 2101 4656 si

2213 4593 2268 4645 ὲκ
2307 4587 2400 4643 τοῦ
2443 4590 2712 4662 προτέρου
2752 4591 2847 4661 [aL
2898 4589 3141 4661 πρώτου]
3173 4591 3368 4660 ἀνδρὸς
3417 4590 3772 4661 κερδαίνουσα

535 4689 913 4758 praestitutum,
937 4703 1033 4742 ceu
1069 4688 1323 4754 diximus,
1349 4691 1605 4757 temporis
1627 4691 1860 4759 spatium
1884 4701 2062 4746 servet
2087 4711 2100 4748 :

537 4782 715 4836 dotem
764 4795 916 4835 suam
957 4779 1205 4849 accipiet,
1241 4795 1343 4833 una
1371 4795 1493 4834 cum
1525 4781 1736 4836 donatis
1766 4780 1814 4836 ei
1845 4783 1984 4837 forte
2013 4799 2102 4837 re-

535 4873 635 4928 bus
685 4873 824 4927 dotis
874 4874 1131 4943 augenda:
1179 4873 1372 4940 gratia.
1412 4871 1609 4926 Eodem
1669 4874 1827 4927 modo
1873 4875 2102 4931 maritus

537 4979 751 5034 quoque
785 4964 1046 5020 secundas
1079 4962 1147 5018 ad
1197 4965 1410 5032 nuptias
1449 4979 1570 5019 sese
1610 4965 1914 5032 conferens,
1966 4967 2101 5021 nihil

537 5059 604 5116 ab
636 5073 803 5112 uxore
832 5058 996 5126 priori
1044 5068 1421 5127 consequetur.
1474 5057 1627 5124 Quod
1661 5059 1702 5112 si
1740 5068 1955 5114 exstent
1996 5054 2100 5113 im-

537 5153 767 5220 puberes
794 5149 969 5212 liberi,
1018 5150 1286 5221 tantisper
1312 5166 1498 5206 eorum
1546 5167 1632 5208 res
1663 5153 1781 5222 ipse
1811 5152 2104 5221 custodiet,

537 5245 709 5301 donec
735 5243 900 5300 adulti
931 5242 1057 5306 facti
1087 5243 1310 5305 fuerint.

611 5516 696 5574 t9.
729 5519 822 5575 Sin
849 5516 960 5592 jam
993 5523 1360 5590 adoleverunt,
1390 5520 1458 5579 ab
1489 5538 1554 5579 eo
1585 5521 1701 5592 ipso
1729 5533 1970 5594 tempore
1996 5534 2099 5580 sta-

537 5612 633 5667 tim
671 5616 750 5669 eis
789 5615 842 5670 in
875 5617 1102 5671 solidum
1132 5617 1269 5674 bona
1304 5622 1545 5672 materna
1580 5617 1881 5674 tradantur.

612 5773 701 5855 20';
736 5796 884 5868 Quod
930 5797 971 5854 si
1003 5796 1241 5854 subolem
1274 5811 1338 5853 ex
1381 5792 1547 5850 altera
1599 5795 1814 5866 coniugi
1853 5807 2103 5853 suscepe-

2207 4681 2329 4735 καθ’
2359 4681 2669 4752 οἱανδήποτε
2693 4682 2913 4750 τρόπον.
2936 4680 3469 4752 Παραφυλαττοὺσης
3504 4681 3561 4733 δὶ
3582 4680 3774 4750 αὐτῆς,

2206 4774 2282 4839 ὡς
2310 4773 2549 4846 εἴρηται,
2573 4773 2665 4828 τὸν
2697 4773 2998 4845 ὡρισμένον
3022 4773 3235 4845 χρόνον,
3259 4771 3586 4843 κομίζεσθαι
3607 4774 3775 4842 αὐτὴν

2206 4866 2306 4940 τὴν
2352 4867 2488 4919 ἰδίαν
2518 4867 2742 4936 προῖκα,
2804 4865 2942 4936 μιτά
2971 4867 3063 4919 καὶ
3083 4865 3212 4928 τῶν,
3264 4867 3340 4930 ὡς
3375 4865 3543 4931 εἰκὸς,
3571 4867 3773 4935 ἀποχα-

2211 4957 2512 5028 ρισθάντωντ
2559 4956 2695 5028 αὐτῇ
2733 4958 2789 5010 ὲν
2826 4956 3122 5028 ὲπαυξήσει
3177 4957 3279 5025 τῆς
3330 4957 3558 5030 προικὸς
3584 4958 3768 5027 αὐτῆς.

2220 5049 2493 5112 Ὡσαύτως
2507 5049 2563 5102 δὲ
2595 5049 2689 5103 καὶ
2719 5050 2809 5104 τὸν
2840 5049 3010 5120 ἀνδρα
3032 5052 3113 5114 εἰς
3137 5049 3325 5122 ἓτερον
3351 5051 3771 5121 περιερχόμενον

2209 5141 2566 5204 συνοικέσιον,
2605 5141 2772 5211 μηδὲν
2806 5143 2870 5194 ὲκ
2902 5142 3001 5211 τῆς
3025 5142 3301 5214 προτέρας
3324 5143 3491 5195 αὑτοῦ
3517 5143 3771 5211 γυναικὸς

2206 5235 2528 5305 λαμϐάνειν.
2586 5236 2648 5287 Ei.
2703 5235 2759 5288 δὲ
2787 5235 3127 5305 ὑπάρχουσιν
3173 5236 3424 5307 ἀνήλικοι
3467 5237 3679 5304 παῖδες,
3705 5237 3770 5290 τά

2205 5326 2411 5381 τούτων
2437 5326 2738 5398 πράγματα
2764 5328 3212 5397 παραφυλάττειν
3254 5327 3441 5392 αὐτὸν,
3476 5327 3669 5399 μέχρις
3705 5327 3768 5382 ἀν

2204 5421 2313 5475 τῶν
2343 5419 2573 5472 sine).th
2602 5420 2886 5488 γένωνται.

2278 5511 2369 5566 ιϐ’.
2401 5511 2463 5565 Ei
2486 5511 2543 5564 δὶ
2570 5509 2788 5564 καὶτῶν
2816 5509 3044 5564 ἱντελῶν
3065 5512 3196 5577 sict,
3225 5511 3563 5585 παρέχεσθαι
3589 5514 3770 5575 αὐτοῖς

2207 5604 2539 5658 ἀπεντεῦθεν
2596 5603 2698 5677 ήδη
2727 5602 2793 5656 τὰ
2832 5601 3062 5676 μητρῷα
3102 5603 3283 5660 αὐτῶν
3328 5606 3558 5670 ἐντελῶς
3599 5607 3772 5678 πράγ-

2209 5712 2377 5768 ματα.
3487 5742 3492 5745 ,

2277 5795 2345 5846 ι’.
2377 5789 2436 5843 ει
2472 5788 2528 5842 δὲ
2555 5791 2646 5845 καὶ
2671 5793 3049 5863 “avertetque:
3088 5792 3152 5847 hc
3172 5792 3268 5866 τῆς
3306 5792 3566 5868 δευτέρας
3585 5811 3769 5866 γυναι-
