4042 6344
450 214 451 217 η
540 119 651 185 503
1553 127 2060 192 CONSTANTINI
2102 129 2786 194 PORPHYROGENITI
3695 121 3811 186 5οί

539 233 762 302 Absque
806 233 889 289 his
932 248 1059 290 vero
1102 237 1280 293 causis
1324 237 1574 308 cognitis,
1618 241 1716 294 viri
1757 242 2135 312 mulierisque.

2221 241 2261 293 se
2298 241 2408 293 τῶν
2452 227 2646 295 αἰτιῶν
2673 241 2879 294 τούτων
2928 240 3038 293 τῶν
3071 240 3510 313 γνωριζομένων,
3575 236 3664 310 μὴ
3716 235 3817 292 δύ-

538 324 872 378 consortium
906 326 1086 381 dirimi
1131 343 1234 381 non
1277 337 1479 397 potest,
1511 331 1807 385 secundum
1859 331 1933 399 id,
1965 330 2109 401 quod

2219 333 2407 386 νασθαι
2457 333 2782 402 ἀνδρόγυνον
2839 332 3185 398 διαλύεσθαι,
3235 335 3400 404 κατὰ⁴
3431 334 3495 386 τὸ·
3533 348 3815 402 γεγραμ-

540 413 804 480 scriptum
833 423 915 468 est
948 429 963 468 :
1002 432 1020 466 ι
1053 413 1198 482 Quos
1232 415 1372 474 Deus
1402 419 1706 488 conjunxit,
1745 422 1905 478 homo
1927 435 1994 478 ne
2018 437 2108 477 se-

2219 424 2374 494 μένον
2397 441 2410 454 ο
2446 442 2464 476 ι
2507 425 2629 477 Ὀτι
2679 423 2770 488 οὓς
2796 427 2824 478 ὁ
2852 424 2983 489 Θεὸς
3024 425 3362 492 συνέζευξεν,
3389 425 3697 497 ἄνθρωπος
3733 423 3815 493 μὴ

538 512 713 569 paret.
744 523 764 555 ι

2212 513 2512 583 χωριζέτω.
2563 535 2580 568 s

1084 595 1387 654 TlTULUS
1427 597 1565 653 XIV.

2808 610 3058 665 ΤΙΤΛΟΣ
3083 610 3175 666 1Δ’.

534 681 614 736 De
645 685 762 736 dote
792 685 1011 753 scripta,
1046 695 1094 738 et
1135 703 1236 740 non
1268 695 1563 753 numerata,
1600 687 1764 757 deque
1786 687 1908 758 jure
1946 688 2103 742 dotis.

2212 696 2349 764 Περὶ
2396 697 2507 768 τῆς
2540 703 3021 770 κατατραςοείσης
3054 703 3316 770 προικὸς,
3350 705 3446 756 καὶ
3487 699 3808 756 ἐπιδοθεί-

1518 779 1520 781 ’
2504 784 2643 836 σης,
2669 772 2769 824 καί
2797 775 2931 842 περὶ
2953 774 3188 830 δικαίου
3222 774 3490 841 προικός.

607 856 660 908 1.
685 853 788 920 Qui
812 865 962 910 cavet
999 856 1050 909 in
1081 855 1323 929 scriptis,
1344 855 1426 912 vel
1461 857 1578 913 sine
1606 859 1894 928 scriptura,
1922 874 1980 914 se
2007 860 2106 915 do-

2278 875 2346 924 α¹.
2395 869 2453 922 Ὁ
2489 870 2768 940 ὁμολογῶν
2796 874 3091 947 ἐγγράφως
3127 877 3158 947 ἢ
3204 877 3466 948 ἀγράφως
3515 875 3799 940 ὑποδέξα-

538 955 646 998 tem
675 947 972 1015 accepisse,
1024 949 1066 1002 si
1101 961 1162 1001 ea
1203 962 1312 1002 non
1344 947 1602 1014 solvatur,
1629 949 1807 1018 major
1838 951 1991 1005 annis
2024 951 2106 1004 vi-

2218 958 2332 1011 σθαι
2362 963 2586 1030 προῖκα,
2625 962 2701 1033 μὴ
2752 962 3139 1037 πληρουμένης
3196 947 3386 1037 αὑτῆς,
3441 967 3660 1037 μείζων
3693 965 3814 1017 τῶν

538 1037 671 1106 ginti
704 1038 942 1107 quinque
973 1038 1244 1095 licentiam
1277 1041 1458 1104 habet,
1495 1055 1615 1097 eam
1648 1051 1767 1110 post
1792 1043 2004 1113 nuptias
2037 1041 2103 1094 ad

2216 1049 2282 1104 κε’
2307 1051 2444 1104 ὲτῶν
2474 1051 2660 1107 ἄδειαν
2690 1053 2803 1122 ἔχει
2853 1057 2988 1123 μετὰ
3027 1058 3120 1106 τὺν
3148 1052 3324 1123 γάμον
3360 1057 3526 1125 μέχρι
3583 1073 3812 1110 πεντα-

535 1128 965 1198 quinquennium
1000 1144 1170 1199 usque
1198 1131 1463 1185 duntaxat
1518 1133 1755 1199 petendi,
1787 1140 1844 1186 et
1881 1132 1934 1186 in
1969 1133 2105 1188 soli-

2216 1141 2361 1208 ετοῢς
2388 1145 2580 1214 χρόνου
2612 1147 2708 1199 καὶ
2764 1146 2924 1215 μόνον
2945 1144 3150 1214 ταύτην
3179 1145 3478 1215 ἐπιζητεῖν,
3506 1147 3604 1200 καὶ
3641 1148 3812 1198 ἔντε-

535 1220 662 1276 dum
709 1222 1026 1292 accipiendi,
1079 1237 1242 1293 quum
1301 1223 1490 1292 puellae
1535 1235 1786 1296 parentes
1829 1226 2098 1296 promissa

2217 1235 2310 1299 id»;
2331 1234 2678 1306 κομίζεσθαι,
2713 1236 3094 1307 εὐπορούντων
3133 1237 3242 1290 τῶν
3267 1237 3469 1306 γονέων
3492 1237 3596 1308 τῆς
3618 1235 3813 1306 κόρης

533 1316 823 1383 ριέειαηὰί
859 1314 1167 1370 facultatem
1197 1315 1418 1371 habent.

2202 1328 2270 1383 τὰ
2300 1327 2672 1399 ὑποσχιθέντα
2704 1329 2853 1401 αὐτῷ
2872 1331 3296 1400 ἀποπληρῶσαι.

604 1407 659 1458 2.
695 1404 750 1460 Si
780 1405 881 1459 hoc
910 1419 1014 1460 non
1046 1403 1257 1472 fecerit,
1302 1415 1357 1461 et
1388 1404 1596 1477 impleri
1623 1407 1889 1477 promissa
1920 1408 2102 1480 negle-

2275 1419 2341 1492 β’.
2377 1421 2440 1476 Ei
2485 1421 2542 1474 δὲ
2575 1421 2732 1475 τοῦτο
2783 1422 2862 1494 μὴ
2912 1424 3137 1495 ποιήσῃ,
3182 1424 3279 1479 καὶ
3309 1421 3565 1496 ἀμελήσει
3611 1421 3811 1476 ταῦτα

535 1497 702 1563 xerit,
760 1497 1003 1553 mulieris
1035 1498 1170 1567 parti
1207 1507 1442 1564 tenetur,
1480 1499 1634 1570 juxta
1674 1501 1781 1554 vim
1809 1501 2098 1566 cautionis,

2214 1512 2706 1585 Ξιποπληρωθῆναι,
2766 1506 3085 1568 ὑποκεῖσθαι
3132 1515 3295 1570 αὑτὸν
3355 1516 3431 1585 τῷ
3479 1517 3646 1584 μέρει
3700 1514 3810 1582 τῆς

533 1605 694 1658 quam
724 1590 995 1659 exposuit.
1041 1589 1194 1656 Quod
1237 1591 1280 1645 si
1312 1591 1487 1647 minor
1519 1602 1625 1657 est,
1658 1600 1779 1662 post
1805 1594 2096 1661 completos

2214 1577 2481 1673 γυναικὺς,
2523 1577 2663 1660 κᾷτά
2685 1577 2784 1675 τὴν
2805 1604 3033 1676 δύναμιν
3058 1606 3168 1659 τῶν
3212 1607 3344 1678 παρ’
3373 1577 3539 1660 αὑτοῦ
3557 1577 3570 1584 1
3595 1577 3810 1677 apolo-

533 1683 722 1754 viginti
752 1683 990 1754 quinque
1012 1699 1207 1750 annos,
1237 1696 1291 1740 et
1325 1685 1471 1741 aliud
1504 1695 1761 1757 praetcrea
1794 1689 2101 1757 quinquen-

2217 1695 2497 1767 meévrwv.
2523 1698 2740 1752 Ἠττων
2758 1698 2813 1751 δὲ
2840 1697 3122 1770 ὑπάρχων,
3149 1697 3286 1768 μετὰ
3308 1699 3406 1771 τὴν
3432 1697 3813 1769 ἐκπλήρωσιν

531 1775 707 1838 nium,
736 1785 924 1848 petere
964 1779 1287 1847 promissam
1322 1778 1423 1834 sibi
1460 1777 1638 1833 dotem
1676 1788 1876 1846 potest,
1904 1793 2100 1835 secun-

2211 1789 2308 1842 τῶν
2332 1789 2409 1844 κε’
2437 1790 2720 1855 ἐνιαυτῶν,
2747 1792 2838 1844 καὶ
2867 1790 3067 1862 ἐτέρων
3104 1791 3268 1844 πέντε
3296 1791 3523 1862 χρόνων,
3556 1789 3807 1844 δύναται

531 1871 658 1926 dum
693 1870 1000 1927 cautionem
1034 1869 1223 1939 ipsius.
1254 1869 1387 1925 Nam
1430 1871 1639 1944 integre
1668 1871 1819 1925 ﬁnito
1849 1871 1940 1926 illo
1966 1880 2103 1928 tem.

2208 1881 2485 1951 ἐπιζητεῖν
2521 1880 2621 1953 τὴν
2643 1881 3036 1952 ὑποσχεθεκαν
3063 1881 3212 1953 αὑτῷ
3247 1883 3470 1953 προῖκα,
3508 1880 3665 1934 κατά
3691 1885 3804 1949 τὴν

531 1960 682 2030 poris
708 1964 1066 2020 determinato
1089 1964 1283 2032 spatio,
1309 1964 1581 2020 licentiam
1604 1981 1709 2020 non
1729 1966 1889 2021 habet
1909 1967 2100 2037 agendi

2207 1973 2368 2028 αὑτοῦ
2397 1973 2704 2045 ὁμολογίαν.
2728 1973 3141 2046 Περαιουμένης
3169 1973 3277 2044 γάρ
3310 1973 3448 2027 κατά
3475 1972 3569 2026 τὸν
3595 1971 3803 2042 ἐντελῆ

534 2053 603 2112 de
653 2069 759 2110 non
809 2064 1089 2111 numerata
1131 2055 1274 2112 dotis
1314 2057 1459 2112 illius
1490 2067 1665 2113 cauta:
1693 2059 1919 2128 pecunia
1959 2078 1975 2115 :
2007 2061 2101 2116 sed

2207 2064 2394 2135 χρόνον
2419 2065 2517 2135 τῆς
2552 2064 2865 2136 ὁρισθείσης
2889 2063 3248 2135 προθεσμίας,
3288 2064 3364 2135 μὴ
3411 2063 3557 2134 ἔχειν
3623 2063 3803 2117 αὑτὸν

535 2155 776 2214 tenetur,
815 2147 892 2202 uti
937 2146 1143 2204 dictum
1174 2155 1278 2210 est.
1306 2149 1450 2218 parti
1493 2149 1774 2218 mulieris,
1807 2161 1966 2222 prout
1988 2152 2102 2220 ipse

2202 2155 2388 2209 ἄδειαν
2425 2158 2594 2210 κινεῖν
2634 2157 2762 2227 περὶ
2795 2155 2896 2226 τῆς
2925 2157 3260 2226 άναργυρξας
3298 2153 3452 2228 [περὶ
3475 2155 3577 2227 τὴν
3606 2156 3790 2222 ἀναρ-

535 2239 700 2296 cavit.
2201 2246 2425 2318 γυρίαν]
2449 2247 2548 2316 τῆς
2581 2246 2838 2315 τοιαύτης
2879 2245 3307 2316 ὁμολογηθείσης
3342 2245 3587 2317 προικός.
3624 2245 3803 2302 Ἀλλά

2204 2338 2520 2391 ὑποκεῖσθαι
2556 2338 2739 2402 αὑτὸν,
2769 2337 2915 2391 καθά
2933 2338 3167 2409 εἴρηται,
3192 2338 3271 2407 τῷ
3294 2336 3448 2408 μέρει
3467 2337 3568 2407 τῆς
3591 2353 3801 2405 γυναι-

2203 2431 2319 2495 κὸς,
2354 2433 2493 2486 κατὰ
2526 2432 2595 2485 τά
2624 2432 2752 2503 παρ’
2779 2431 2943 2484 αὑτοῦ
2967 2430 3391 2502 ὁμολογηθέντα.
3758 2415 3764 2422 ”

605 2514 660 2570 3.
685 2513 860 2582 Quum
907 2513 1099 2572 mulier
1129 2515 1325 2571 marito
1356 2529 1454 2572 suo
1491 2516 1670 2573 dotem
1705 2515 1881 2582 aﬂ'ert,
1935 2518 1978 2572 si
2011 2519 2103 2572 ad-

2273 2530 2342 2592 γ’.
2372 2524 2448 2576 Ἥ
2498 2523 2637 2594 γυνὴ
2675 2525 2971 2592 εἰσάγουσα
3005 2525 3203 2593 προῖκα
3261 2522 3356 2592 τῷ⁹
3373 2521 3523 2590 ἀνδρὶ
3585 2521 3796 2592 αὑτῆς,

535 2622 698 2664 verso
728 2609 958 2678 quodam
987 2623 1115 2664 casu
1145 2608 1395 2675 accidat,
1428 2619 1487 2664 ut
1516 2608 1728 2665 damnis
1758 2611 1982 2664 maritus
2022 2611 2105 2664 af-

2205 2616 2253 2668 εἱ
2277 2613 2455 2685 συμϐῇ
2510 2615 2617 2668 ἀπὸ
2649 2615 2933 2684 συμφορᾶς
2964 2631 3107 2676 τινος
3145 2613 3236 2667 τὸν
3275 2612 3442 2685 ἄνδρα
3482 2613 3797 2666 ὑποπεσεῖν

533 2699 715 2761 ﬁciatu
727 2717 768 2766 r,
794 2700 878 2754 vel
907 2716 981 2756 aes
1004 2699 1238 2757 alienum
1265 2702 1571 2767 contrahat,
1599 2703 1712 2758 sive
1738 2717 1862 2773 erga
1891 2703 2101 2769 iiscum,

2205 2708 2284 2768 εἰς
2316 2706 2538 2774 ζημίας,
2599 2705 2736 2775 ἢείς
2770 2704 2926 2775 χρέη,
2960 2704 3070 2759 εἴτε
3104 2703 3180 2774 τῷ
3239 2704 3502 2777 δημοσίῳ,
3533 2703 3568 2773 ἦ
3606 2703 3794 2774 ἑτέρῃ

535 2793 653 2850 sive
686 2794 846 2848 aliam
876 2809 1003 2865 erga
1033 2808 1341 2865 personam,
1376 2805 1430 2849 at
1464 2795 1671 2850 vivendi
1703 2795 1862 2849 linem
1896 2793 2060 2850 iaciat
2085 2835 2102 2860 ,

2207 2796 2503 2868 προσώπῳ,
2535 2797 2628 2850 καὶ
2652 2796 2999 2866 τελευτήσει·
3026 2796 3099 2866 μὴ
3124 2797 3267 2864 ἔχειν
3303 2795 3484 2850 ἄδειαν
3514 2796 3662 2866 μήτε
3698 2795 3794 2847 τὸν

545 2899 649 2943 nec
700 2884 885 2948 ﬁscus,
928 2899 1025 2940 nec
1071 2885 1357 2954 quisquam
1408 2883 1545 2939 alius
1592 2885 1862 2940 licentiam
1911 2883 2141 2970 habent,

2216 2889 2482 2959 δημόσιον,
2528 2888 2667 2957 μήτε
2723 2887 2908 2956 ἕτερον
2940 2886 3232 2956 ἄνθρωπον
3273 2886 3526 2957 ἐπιϐῆναι
3562 2890 3649 2950 είς
3695 2886 3812 2940 τδνη

543 2976 827 3034 invadendi
853 2978 1069 3032 domum
1093 2979 1235 3046 ejus,
1288 2984 1343 3032 et
1385 2976 1583 3046 aliquid
1617 2976 2106 3041 auferendi,donec

2208 2977 2354 3033 οἷκον
2377 2979 2564 3044 αὑτοῦ,
2598 2979 2690 3032 καὶ
2721 2979 3009 3049 ὲπᾶραίτι,
3048 2981 3238 3050 μέχρις
3277 2979 3399 3033 ὅτου
3447 2982 3479 3051 ἡ
3509 2982 3654 3051 γυνὴ
3690 2981 3795 3052 τὴν

536 3068 640 3138 ipsi
678 3068 888 3125 mulieri
921 3069 1060 3123 dotis
1090 3083 1201 3122 sua:
1244 3069 1460 3123 nomine
1489 3066 1828 3122 satisfactum
1860 3065 1953 3120 sit.
1989 3065 2107 3133 Qua

2211 3073 2346 3125 ἰδίαν
2371 3072 2539 3139 αὐτῆς
2562 3073 2762 3142 προῖκα
2792 3069 3185 3142 ἀποπληρωθῇ.
3204 3071 3357 3126 Μετὰ
3380 3070 3435 3125 δὲ
3454 3073 3551 3143 τὴν
3576 3073 3795 3144 ταύτης

536 3161 733 3224 soluta,
761 3175 879 3229 quae
913 3171 1226 3230 supersunt,
1265 3175 1363 3230 pro
1391 3169 1506 3214 rata
1538 3159 1841 3217 creditores
1879 3158 2022 3214 inter
2051 3172 2109 3214 se

2208 3163 2508 3236 πλήρωσιν,
2543 3164 2610 3216 τά
2644 3164 3078 3234 περισσευόμενα
3120 3163 3258 3216 κατὰ
3295 3163 3589 3234 ἀνομορίαν
3625 3164 3793 3238 [ἀνα-

537 3253 843 3324 partiantur

2208 3253 2418 3327 λογίαν]
2459 3255 2507 3308 οἱ
2533 3253 2926 3326 χρεωφειλέται
2956 3252 3382 3324 μεριζέσθωσαν.

1103 3384 1404 3444 TlTULUS
1444 3385 1556 3443 XV.

2793 3385 3042 3439 ΤΙΤΛΟΣ
3075 3382 3179 3442 ΙΕ’.

541 3492 621 3547 De
661 3493 986 3559 simplicibus
1035 3493 1428 3556 donationibus,
1472 3493 1567 3545 hoc
1597 3502 1702 3553 est,
1742 3509 1863 3544 cum
1926 3490 2108 3544 statim

2209 3493 2342 3559 Περὶ
2367 3491 2597 3559 δωρεῶν
2618 3490 2849 3553 ἁπλῶν,
2881 3491 3075 3560 ἤγουν
3094 3490 3462 3546 ἀπεγτεῦθεν
3493 3491 3609 3559 ἤδη
3641 3491 3794 3558 χρή-

611 3581 739 3618 nsus
775 3574 824 3616 et
862 3563 1162 3634 proprietas
1207 3579 1403 3624 rerum,
1454 3562 1555 3634 vei
1588 3563 1880 3634 proprietas
1924 3577 2108 3614 earum

2279 3579 2433 3634 σεως
2454 3563 2550 3615 καί
2580 3562 2932 3634 δεσποτείας
2957 3561 3336 3634 πραγμάτων,
3421 3562 3790 3628 δεσποτείας

607 3631 906 3697 duntaxat;
947 3644 1039 3686 aut
1084 3644 1195 3701 post
1237 3642 1449 3685 mortem
1485 3632 1643 3684 alicui
1679 3633 2056 3702 relinquuntur
2087 3644 2107 3682 :

2278 3631 2477 3687 αὐτῶν
2507 3633 2720 3700 μόνον,
2743 3631 2777 3696 ἢ
2799 3633 2948 3700 μετὰ
2978 3632 3379 3702 θάνατοντενὶ
3407 3636 3790 3700 statuit/1.1a-

610 3707 773 3777 deque
793 3704 967 3758 causis
994 3718 1058 3757 ea:
1084 3697 1273 3777 quibus
1327 3703 1636 3757 donationes
1666 3697 1967 3773 hujusntodi
2022 3717 2108 3755 re-

2279 3697 2574 3777 s-oyértolf'
2613 3704 2721 3777 καὶΔ
2749 3697 2881 3769 περὶ
2921 3704 3145 3766 αἰτίων,
3195 3701 3264 3766 ἐξ
3289 3697 3374 3755 ὧν
3404 3705 3464 3756 αι
3512 3697 3788 3760 τοιαῦται

506 3801 511 3807 -
609 3776 941 3832 scindantur.
1107 3773 1111 3777 ⁷

2279 3773 2485 3842 δωρεαί
2508 3773 2955 3842 ἀνατρέπονται.

617 3895 672 3948 1.
717 3892 867 3949 Citra
912 3892 1236 3962 scripturam
1290 3890 1515 3961 simplex
1562 3889 1622 3945 tit
1682 3872 1942 3957 donatio,
1986 3906 2106 3946 cum

2283 3901 2353 3948 a'.
2389 3895 2677 3964 ’Δγράιρως
2712 3891 3006 3966 [ἄγραφος]
3055 3891 3196 3964 ἁπλῆ
3220 3892 3397 3964 δωρεά
3443 3893 3787 3957 συνίσταται,

539 3985 631 4060 qui
669 3993 933 4040 maturam
964 3993 1176 4049 atatem
1225 3985 1426 4054 attigit,
1473 3983 1614 4053 apud
1645 3984 1885 4054 quinque
1920 3991 2106 4050 testes,

2209 3988 2298 4042 ὅτε
2323 4005 2406 4049 τις
2433 3988 2543 4041 τῶν
2570 3989 2800 4042 ἐντελῶν
2835 3988 3096 4058 ὑπάρχων
3132 3987 3361 4057 χρὸνων,
3394 3988 3484 4040 ἐπὶ
3528 3987 3719 4053 πέντε,
3753 3988 3785 4057 ἦ

542 4080 631 4134 vel
682 4079 824 4149 apud
874 4087 1003 4144 tres.
1037 4078 1132 4134 tibi
1167 4078 1407 4148 quaedam
1445 4078 1557 4132 suis
1587 4092 1652 4133 es
1681 4078 1840 4133 rebus
1873 4079 2109 4133 donave-

2211 4082 2304 4137 καί
2329 4079 2494 4150 τριῶν
2515 4080 2825 4151 μαρτύρων,
2842 4080 3152 4153 δωρήσηταί
3183 4079 3266 4134 σοί
3315 4097 3436 4133 τινα
3455 4080 3562 4133 τῶν
3586 4080 3785 4134 ἑαυτοῦ

541 4172 633 4227 rit.
676 4170 925 4241 Quinque
975 4170 1192 4240 quidem
1247 4178 1412 4225 testes
1464 4178 1645 4234 sunto,
1694 4170 1746 4224 in
1799 4169 1931 4224 locis
1963 4180 2109 4224 recte

2211 4172 2588 4242 πραγμάτων
2631 4172 2792 4228 πέντε
2828 4172 2927 4242 μὲν
2966 4172 3277 4244 μαρτύρων,
3301 4175 3377 4236 είς
3405 4174 3600 4235 τόπους
3653 4189 3786 4224 συν-

541 4266 872 4330 constitutis,
905 4274 959 4322 et
982 4260 1071 4319 ubi
1111 4264 1455 4332 reperiuntur
1488 4261 1734 4320 homines
1764 4276 1780 4313 :
1814 4270 1922 4316 tres
1955 4275 2105 4329 vero,

2215 4265 2563 4333 ισταμένους,
2604 4266 2697 4318 καὶ
2717 4264 3122 4335 εὑρισκομένων
3148 4262 3448 4334 ἀνθρώπων
3469 4281 3480 4293 ·
3523 4263 3690 4333 τριῶν
3729 4265 3783 4316 δὲ

539 4359 752 4414 miocis
780 4358 1058 4422 solitariis,
1090 4364 1144 4414 et
1174 4356 1261 4410 ubi
1287 4368 1543 4409 numerus
1566 4355 1801 4425 quinque
1826 4354 2106 4411 hominum

2214 4359 2293 4421 ei;
2318 4357 2515 4419 τόπους
2531 4357 2626 4427 ὲρή
2637 4375 2791 4426 μους,
2813 4361 2906 4411 καὶ
2924 4358 2999 4428 μὴ
3023 4357 3411 4429 εὑρισκομένου
3428 4355 3519 4410 τοῦ
3545 4357 3784 4428 ἀριθμοῦ

544 4467 650 4509 non
683 4451 977 4506 ivenitur.

933 4466 977 4505 r.
2211 4450 2318 4502 τῶν
2348 4447 2529 4503 πέντε.

613 4544 668 4598 2.
718 4545 823 4599 Per
848 4544 1177 4611 scripturam
1213 4541 1439 4612 simplex
1469 4540 1687 4596 donatio
1736 4539 1813 4604 ﬁt,
1844 4554 2010 4607 quum
2042 4538 2110 4595 ab

2285 4540 2349 4612 β’.
2383 4543 2695 4612 Ἔγγραφος
2724 4541 2872 4613 ἁπλῆ
2920 4542 3099 4612 δωρεά
3147 4540 3480 4604 συνίσταται,
3535 4542 3624 4593 ὅτε
3673 4543 3783 4596 ὑπδ

546 4651 632 4701 eo,
664 4637 753 4704 qui
794 4634 1087 4704 perfectam
1118 4643 1329 4689 aetatem
1367 4634 1498 4704 agit,
1536 4631 1858 4700 subscriptio
1887 4646 2108 4701 compo-

2212 4630 2305 4685 τοῦ
2358 4631 2563 4684 τέλειον
2619 4631 2844 4702 ἄγοντος
2884 4631 3103 4702 ἡλικίαν
3158 4635 3396 4703 συνταγῇ
3460 4633 3780 4704 ὑπογραφὴ,

543 4726 648 4783 sita
677 4726 871 4792 fuerit;
898 4727 1194 4794 eademque
1217 4728 1367 4796 juxta
1388 4725 1702 4797 praedictum
1729 4725 1941 4779 modum
1970 4725 2109 4793 apud

2213 4726 2306 4780 καὶ
2328 4725 2469 4780 κατὰ
2490 4726 2582 4778 τὸν
2602 4725 2994 4798 προειρημένον
3014 4728 3235 4796 τρόπον,
3259 4728 3350 4781 ἰπὶ
3373 4725 3530 4779 πέντε
3556 4726 3587 4798 ἢ
3613 4727 3784 4797 τριῶν

544 4819 780 4888 quinque
837 4828 1014 4874 tresve
1058 4827 1243 4884 testes,
1279 4820 1344 4873 ad
1380 4818 1484 4875 hoc
1518 4825 1759 4882 vocatos,
1784 4817 2110 4872 testimoniis

2216 4819 2526 4890 μαρτύρων,
2554 4820 2643 4872 ἐπὶ
2660 4819 2813 4872 τοῦτο
2839 4818 3303 4891 προσκληθέντων,
3324 4819 3613 4890 ἐγγράφως
3643 4837 3713 4890 μα
3721 4838 3780 4890 ρ·

544 4913 913 4982 comprobata,
949 4922 1001 4967 et
1026 4913 1288 4967 absoluta.

1237 4928 1288 4966 ε.
2213 4912 2420 4982 τυρηθῇ
2449 4913 2540 4968 καὶ
2572 4909 2833 4981 ἀπολυθῇ.

615 5006 669 5062 5.
703 5006 772 5058 At
801 5004 847 5058 si
885 5004 1002 5072 quis
1030 5005 1370 5059 donationem
1401 5003 1455 5059 in
1496 5004 1726 5074 aliquem
1759 5006 1861 5061 hac
1890 5005 2006 5077 lege
2031 5004 2108 5058 fe-

2287 5011 2356 5072 γ’.
2395 5005 2454 5057 Ei
2502 5003 2556 5056 δέ
2585 5021 2668 5067 τις
2717 5005 2931 5075 ποιήσει
2979 5004 3187 5076 δωρεὰν
3235 5005 3313 5067 είς
3347 5021 3484 5065 τινα,
3523 5006 3660 5074 πρὸς
3721 5011 3781 5062 es

547 5097 701 5161 cerit,
737 5105 793 5150 ut
825 5097 872 5154 is
902 5106 1024 5166 post
1065 5097 1269 5152 obitum
1311 5096 1477 5165 ipsius
1509 5112 1592 5152 res
1621 5098 1721 5152 sibi
1747 5098 1975 5153 donatas
2003 5112 2111 5152 ca-

2220 5099 2357 5169 μιτὰ
2391 5097 2490 5166 τὴν
2518 5095 2771 5168 τελευτὴν
2805 5097 2968 5150 αὑτοῦ
2994 5096 3176 5151 λαϐεῖν
3198 5097 3265 5154 τὰ
3293 5097 3605 5170 δωρηθέντα
3627 5101 3779 5171 αὑτῷ

546 5192 689 5262 piat;
720 5201 772 5247 et
799 5191 1080 5246 confestim
1125 5190 1505 5260 proprietatem
1541 5189 1824 5246 dumtaxat
1855 5192 1903 5246 ei
1939 5192 2110 5245 dona.

2214 5188 2533 5260 πράγματα,
2567 5187 2658 5240 καὶ
2686 5186 3012 5242 ἀπεντεὺθεν
3046 5187 3144 5259 ἤδη
3191 5186 3290 5260 τὴν
3317 5187 3635 5242 δεσποτείαν
3686 5192 3781 5244 καὶ

551 5285 691 5340 verit
723 5302 735 5338 :
763 5284 874 5338 hac
903 5299 1113 5352 quoque
1138 5281 1378 5347 donatio,
1398 5282 1663 5350 scriptura
1696 5281 2110 5348 interveniente,

2218 5281 2377 5351 μόνον
2421 5279 2734 5350 δωρήσηται
2787 5276 2973 5350 αὐτῷ’
3021 5278 3115 5332 καὶ
3158 5276 3256 5350 τὴν
3289 5275 3547 5347 τοιαύτην
3569 5277 3782 5349 δωρεάν

553 5373 694 5446 apud
725 5384 894 5430 testes
936 5373 1195 5443 quinque,
1230 5372 1312 5428 vel
1349 5382 1458 5428 tres
1489 5374 1580 5428 tiat
1615 5391 1629 5428 :
1676 5374 1974 5430 secundum
2017 5386 2112 5432 eos

2215 5372 2506 5443 ἐγγράφως
2561 5371 2652 5424 ἐπὶ
2683 5369 2847 5423 πέντε
2903 5369 2935 5442 ἢ
2969 5369 3136 5441 τριῶν
3182 5367 3476 5442 μαρτύρων
3501 5369 3776 5439 γίνεσθαι,

553 5467 762 5533 ιιιοιιοε,
791 5465 881 5537 qui
910 5472 1066 5520 antea
1104 5474 1230 5520 sunt
1258 5465 1511 5536 expositi.

2216 5463 2354 5518 κατὰ
2376 5463 2500 5524 τοὺς
2522 5461 2952 5533 προειρημένους
2976 5462 3230 5533 τρόπους.

629 5558 675 5616 4.
709 5556 836 5628 Quae
872 5565 1086 5627 propter
1128 5556 1584 5627 exspectationem
1616 5556 1802 5613 mortis
1854 5556 1912 5613 iit
1943 5555 2110 5612 dom-

2282 5555 2343 5609 δ’.
2394 5555 2456 5609 Ἠ
2482 5555 2570 5609 διὰ
2610 5552 2938 5628 προσδοκίαν
2969 5553 3199 5611 θανάτου
3247 5551 3442 5626 δωρεὰ,
3469 5553 3592 5625 ἦτοι
3630 5552 3777 5626 μετὰ
