4046 6330
227 213 326 282 505
1376 274 1380 278 .
1458 221 1558 282 DE
1566 221 1783 283 LECTI

1892 223 2180 284 LEGUM.

3337 221 3453 288 εει

229 328 506 386 ἁποδίωσιν
521 327 614 382 τοῦ
639 328 980 400 δωρουμένου
1020 331 1120 402 τὴν
1157 330 1415 389 σύστασιν
1445 332 1666 404 ἔχουσα,
1691 335 1778 404 γί-

1889 334 1979 396 ιίο,
2031 336 2144 390 sive
2175 349 2294 406 quae
2332 344 2452 404 post
2481 348 2770 390 excessum
2806 333 3058 390 donantis
3107 349 3173 390 ex
3223 334 3325 391 hac
3351 338 3459 390 vita

228 438 361 475 νεται
412 419 503 476 καὶ
557 421 717 492 αὑτὴ,
745 423 821 484 ὼς
847 423 1107 492 ἀνωτέρω
1151 423 1470 495 δεδήλωται,
1497 425 1584 479 διά
1606 443 1664 479 τε
1686 426 1782 479 τοῦ

1889 427 2052 480 robur
2083 426 2267 492 habet,
2301 427 2462 480 etiam
2497 427 2608 494 ipsa
2659 427 2877 493 perinde
2910 426 2990 490 iit,
3025 436 3080 480 ttt
3106 427 3350 497 superius
3378 436 3461 482 est

226 511 565 581 δωρουμένου,
595 513 689 566 καὶ
713 513 875 567 πέντε
897 513 1112 586 ἢτριῶν
1137 515 1431 586 μαρτύρων
1451 517 1780 588 ὑπογραφῆς

1889 514 2177 569 iudicatum
2217 531 2230 568 :
2268 529 2472 583 perque
2503 514 2781 568 donatoris
2833 524 2886 567 et
2913 515 3155 585 quinque
3186 514 3269 569 vel
3293 514 3458 570 trium

226 603 553 672 πληρουμένη
564 642 577 656 .

1889 602 2103 656 testium
2136 602 2618 672 subscriptionem,
2646 601 2946 668 perficitur.

286 691 342 747 ε’.
370 693 427 744 El
456 692 510 745 δὲ
529 691 687 755 αὑτὸς
724 697 750 744 6
770 695 1110 762 δωρούμενος
1139 691 1455 764 διατάξηται
1487 694 1781 764 ὲγγράιρως

1953 687 2005 741 5.
2039 686 2193 752 Quod
2225 690 2271 740 si
2303 687 2532 742 donator
2567 690 2681 757 ipse
2713 703 2807 756 per
2830 690 3153 757 scripturam
3181 690 3238 745 in
3269 694 3457 748 eadem

229 786 276 837 ὲν
309 785 369 852 τῇ
413 781 545 852 αὐτῇ
570 781 746 852 δωρεᾷ
783 781 950 834 αὑτοῦ
985 783 1425 853 μεταμεληθῆναι
1453 785 1486 854 ἥ
1519 785 1772 854 διαστρέο

1889 777 2176 833 donatione
2220 792 2318 831 sua
2352 777 2681 846 disposuerit
2732 787 2790 832 ut
2847 781 3117 848 poenitere
3148 783 3340 850 possit,
3376 783 3460 836 vel

226 875 310 943 ψαι
335 874 427 943 τὴν
468 870 722 938 τοιαύτην
771 872 1013 941 δωρεάνο
1045 873 1250 942 ταύτην
1280 871 1422 926 εἶναι
1454 875 1777 945 κεκυρωμὲέ

1889 861 2145 930 ejusmodi
2191 867 2536 921 donationem
2590 883 2846 922 revocare
2875 887 2888 924 :
2921 881 3034 924 rata
3079 873 3148 926 sit
3180 873 3292 941 ipsa
3328 888 3459 927 con-

229 982 330 1034 νην,
364 963 518 1033 μόνον
551 964 634 1015 ἵνα
670 963 883 1032 δηλωθῇ
939 963 1241 1033 ήδιάταξις
1286 962 1452 1016 αὑτοῦ
1482 964 1572 1016 καὶ
1610 961 1669 1012 ἐν
1699 958 1778 1029 τῷ

1889 957 2046 1023 ditio,
2077 961 2446 1013 tantummodo
2482 969 2539 1014 ut
2578 961 2915 1028 exprimatur
2942 961 3053 1014 iure
3082 963 3200 1030 ejus
3231 962 3458 1027 disposi-

230 1055 357 1125 ὕφει,
390 1055 478 1107 καὶ
507 1056 641 1124 ἐντῇ
674 1053 966 1122 ὑπογραφῇ
1007 1051 1195 1106 αὑτοῦ.

1889 1047 1957 1100 tio
1987 1057 2092 1100 tam
2130 1048 2181 1102 iu
2214 1056 2493 1115 contextu,
2530 1064 2692 1118 quam
2729 1050 2896 1118 ipsius
2925 1051 3310 1120 suscriptione.

292 1152 358 1207 ς’.
384 1147 535 1198 Πᾶσα
565 1144 742 1210 δωρεὰ
772 1141 1136 1211 ἀνατρέπεται
1162 1143 1250 1196 διὰ
1278 1136 1534 1202 τοιαύτας
1559 1138 1768 1203 αἰτίαςο

1912 1190 1920 1203 ,
1951 1138 2005 1193 6.
2035 1137 2222 1194 Omnis
2279 1138 2500 1194 donatio
2530 1150 2752 1210 prepter
2800 1155 2995 1194 causas
3028 1140 3330 1210 hujusmodi
3368 1155 3453 1196 re-

229 1233 283 1286 Εἰ
305 1233 330 1284 ὁ
350 1234 442 1300 τὴν
464 1229 671 1296 δωρεὰν
694 1227 876 1281 λαϐὼν
902 1230 1193 1300 ἀχάριστος
1231 1230 1361 1296 περὶ
1408 1226 1501 1281 τὸν
1524 1227 1780 1299 δωρησά-

1889 1227 2144 1283 tcinditur
2169 1244 2182 1280 :
2210 1228 2265 1283 Si
2296 1231 2360 1294 is,
2393 1231 2480 1285 cui
2511 1230 2569 1284 iit
2594 1232 2834 1298 donatio,
2862 1233 3102 1302 ingratus
3127 1247 3255 1300 erga
3284 1233 3451 1287 dona-

229 1338 368 1391 μενον
401 1319 615 1390 εὑρεθῇ.
655 1319 714 1371 Ei
743 1319 1002 1390 τραχείας
1049 1317 1241 1390 ὕϐρεις
1294 1319 1554 1393 ἐπαγάγῃ
1589 1319 1778 1390 αὑτῴ⁸

1889 1327 2056 1374 torem
2089 1320 2341 1376 inventus
2374 1321 2577 1390 fuerit;
2609 1323 2653 1377 si
2692 1333 2907 1378 atroces
2935 1323 3009 1378 illi
3046 1321 3272 1388 injurias
3307 1323 3454 1376 intu-

224 1411 251 1482 ἢ
282 1411 410 1480 τύψῃ
441 1411 600 1463 αὐτόν
625 1427 639 1440 ο
678 1412 709 1481 ἦ
745 1411 1012 1482 μεγίστην
1034 1409 1241 1483 ζημίαν
1271 1411 1547 1483 ἐπενέγκῃ
1583 1409 1733 1482 αὑτῷ
1752 1421 1775 1445 ο

1889 1410 2020 1476 ierit,
2068 1419 2164 1465 aut
2205 1425 2328 1467 eum
2380 1413 2768 1479 verberaverit,
2816 1425 2914 1470 aut
2969 1414 3204 1469 maximo
3254 1413 3455 1471 damno

223 1501 251 1569 ἦ
297 1500 741 1570 ὲπιϐουλεύσηται
793 1503 858 1570 τῇ
896 1499 1008 1571 ζωῇ
1051 1499 1253 1555 αὑτοῢο
1283 1501 1316 1571 ἢ
1351 1501 1419 1554 τὰ
1475 1516 1776 1571 συμφωνη-

1879 1501 2146 1572 affecerit,
2195 1513 2288 1559 aut
2330 1507 2454 1562 vitae
2499 1506 2672 1578 ipsius
2709 1505 2873 1562 fuerit
2927 1506 3236 1573 insidiatus,
3267 1516 3362 1560 aut
3404 1507 3450 1562 si

223 1590 385 1657 θέντα,
409 1592 489 1662 ἐφ’
509 1586 588 1656 οἷς
616 1593 649 1662 ἡ
674 1591 853 1662 δωρεὰ
877 1594 1169 1663 ἐγγράφως
1198 1593 1231 1664 ἢ
1257 1593 1518 1663 ἀγράφως
1533 1592 1772 1659 ἐγένετο,

1889 1592 2052 1658 pactis
2076 1594 2377 1661 conventis,
2401 1596 2470 1649 ob
2497 1610 2617 1666 quae
2645 1597 2886 1660 donatio,
2917 1595 3076 1650 vel-in
3105 1596 3343 1664 scriptis,
3370 1595 3452 1651 vei

225 1681 290 1752 μὴ
319 1657 591 1755 πληρωθῇ.
627 1657 772 1746 illitis
820 1683 926 1754 γὰρ
1059 1657 1266 1738 τούτων
1466 1657 1661 1738 αἰτιῶν
1711 1657 1772 1739 ιν

1889 1685 2020 1738 citra
2052 1687 2401 1756 scripturam,
2440 1657 2583 1744 facta
2627 1689 2748 1756 fuit,
2793 1687 3132 1744 satisfactum
3171 1703 3277 1742 non
3324 1687 3449 1743 erit.

222 1770 531 1845 δικαστηρίῳ
572 1772 1061 1845 άποδεικνυμένης,
1086 1772 1164 1838 ὡς
1195 1774 1433 1850 εῐρηται,
1468 1775 1773 1848 ἀνατρέπε-

221 1881 318 1920 ται.

767 1984 1017 2039 ΤΙΤΛΟΣ
1063 1984 1182 2052 ις’.

222 2088 488 2161 Περίμτῶν
510 2091 952 2161 ,κεκωλυμένων
999 2089 1367 2161 διατίθεσθαι
1410 2091 1771 2161 προσώπων,

283 2158 522 2228 καὶπερὶ
565 2158 869 2228 διαθηκῶν
917 2160 1229 2231 ἐγγράφων
1270 2160 1370 2216 καί
1397 2158 1698 2232 ἀγράφων.

284 2283 346 2333 α’.
376 2278 688 2332 κωλύονται
719 2277 1104 2350 [κεκώλυνται]
1127 2278 1485 2346 διατίθεσθαι,
1516 2282 1564 2334 οἱ
1594 2284 1658 2335 ὲκ
1688 2299 1778 2336 vo-

225 2371 442 2440 σήματός
467 2387 619 2434 τινος
660 2373 718 2423 ἐν
750 2371 1044 2441 παραφορᾷ
1071 2370 1244 2437 ὄντες,
1287 2372 1385 2426 καὶ
1410 2373 1457 2424 oi
1485 2372 1727 2443 ἀνήλικοι
1753 2388 1768 2405 ο

224 2462 304 2513 καί
321 2461 367 2513 oi
386 2461 480 2532 μὲν
503 2462 735 2533 ἄρρενες
750 2461 970 2534 ἥττονες
995 2461 1104 2514 τῶν
1123 2461 1421 2517 δεκαπέντε
1447 2463 1606 2532 ὲτῶν,
1625 2467 1680 2516 αί
1707 2464 1767 2518 δὲ

227 2549 416 2622 θήλειαι
450 2553 675 2623 ἥττονες
695 2552 802 2606 τῶν
827 2559 894 2622 ιγ’
923 2552 1100 2609 οὖσαι.
1205 2551 1210 2556 ”

289 2643 349 2715 β’.
392 2645 452 2698 Οί
486 2644 777 2710 διαπαντὸς
831 2645 1171 2717 μαινόμενοι,
1208 2645 1304 2700 καὶ
1331 2648 1380 2701 oi
1436 2647 1772 2714 ὑπεξούσιοι,

227 2738 342 2792 ἄνευ
372 2738 473 2792 τῶν
501 2740 822 2809 ίδιοκτήτων
855 2739 1226 2809 πραγμάτων.
1260 2740 1355 2804 Είς
1387 2741 1445 2794 δὲ
1473 2742 1542 2794 τὰ
1576 2744 1637 2794 ἐκ
1663 2741 1776 2793 τῶν

226 2831 406 2897 γονέων
425 2831 739 2885 ὲπιδοθέντα
761 2831 946 2894 αὐτοῖς
973 2831 1195 2901 ὀνόματι
1228 2833 1478 2904 προικὸς,
1526 2833 1601 2903 μὴ
1633 2832 1780 2903 ἔχειν

226 2920 400 2982 αὑτοὺς
420 2921 602 2975 ἄδειαν
624 2920 718 2974 τοῦ
743 2919 1102 2975 διατίθεσθαι.

1881 1774 2015 1832 Nam
2043 1776 2086 1831 si
2113 1776 2304 1833 harum
2335 1794 2618 1836 causarum
2645 1780 2726 1836 vel
2745 1796 2848 1836 una
2871 1779 2925 1835 in
2949 1779 3155 1852 judicio
3174 1780 3452 1850 probetur,

1886 1869 1964 1924 uti
1991 1869 2196 1925 dictum
2224 1880 2328 1938 est,
2359 1872 2580 1928 donatio
2611 1873 2958 1928 rescinditur.

2442 1990 2747 2048 TITULUS
2790 1991 2928 2047 XVI.

1887 2096 1966 2153 De
1994 2099 2232 2167 personis
2266 2099 2450 2153 testari
2475 2098 2772 2166 prohibitis,
2806 2109 2853 2151 et
2899 2099 2962 2151 de
2997 2099 3325 2152 testamentis
3350 2108 3458 2153 tam

2090 2171 2146 2224 in
2171 2170 2400 2238 scriptis,
2428 2185 2583 2238 quam
2617 2172 2748 2222 citra
2781 2169 3098 2237 scripturam
3123 2169 3201 2238 ('2)
3223 2207 3239 2222 .

1955 2287 2012 2342 1.
2041 2285 2249 2342 Testari
2277 2286 2649 2355 prohibentur,
2682 2287 2773 2356 qui
2819 2302 2884 2341 ex
2914 2288 3104 2340 morbo
3133 2287 3364 2356 quodam
3402 2286 3456 2340 in

1884 2375 2211 2431 alienatione
2240 2377 2437 2429 mentis
2461 2377 2734 2428 constituti
2763 2384 2913 2440 sunt,
2955 2386 3010 2430 et
3037 2375 3269 2429 nomium
3302 2375 3457 2429 adui-

1885 2467 1947 2524 ti.
1978 2468 2055 2521 Ac
2084 2480 2260 2522 mares
2287 2466 2525 2535 quidem,
2553 2467 2644 2534 qui
2693 2466 2931 2520 minores
2957 2475 3081 2519 sunt
3116 2469 3272 2519 annis
3303 2467 3462 2535 quin-

1885 2558 2059 2614 decim
2088 2596 2104 2623 ,
2134 2557 2345 2614 feminae
2372 2573 2520 2620 vero,
2551 2559 2810 2610 tredecim
2841 2555 3001 2611 anuis
3033 2555 3292 2610 minores.

1953 2649 2008 2705 2.
2037 2649 2138 2717 Qui
2169 2663 2385 2717 semper
2410 2648 2594 2701 furiosi
2618 2655 2764 2710 sunt,
2787 2655 2841 2699 et
2869 2645 2919 2700 iu
2952 2654 3215 2715 potestate
3246 2646 3452 2700 consti-

1889 2740 2012 2805 tuti,
2053 2737 2244 2809 peculii
2281 2746 2458 2793 tameu
2487 2738 2647 2792 rebus
2677 2735 2935 2805 exceptis.
2977 2736 3051 2790 De
3075 2736 3140 2791 iis
3167 2751 3313 2799 vero,
3342 2751 3461 2803 quae

1890 2832 2015 2886 data
2047 2841 2172 2886 sunt
2201 2831 2334 2900 ipsis
2359 2845 2420 2884 ac
2448 2829 2762 2899 parentibus
2796 2828 2934 2883 dotis
2960 2828 3194 2891 nomine,
3226 2827 3460 2882 testandi

1888 2923 2162 2978 licentiam
2197 2937 2301 2976 non
2337 2921 2557 2976 habent.

285 3019 348 3080 γ’.
379 3014 440 3068 0i
469 3015 528 3066 ἐν
554 3013 905 3084 αἰχμαλωσίᾳ
935 3013 1086 3076 ὅντες
1105 3029 1118 3044 ·
1147 3015 1176 3066 δ
1213 3015 1278 3068 ὲκ
1299 3014 1570 3084 γεννητῆς
1593 3016 1776 3085 κωφὸς

1957 3019 2007 3073 5.
2041 3018 2141 3085 Qui
2175 3018 2378 3072 suntin
2408 3015 2741 3085 captivitate,
2774 3016 2865 3085 qui
2899 3030 2928 3068 a
2963 3015 3240 3070 nativitate
3268 3016 3462 3069 surdus

228 3106 308 3158 mi
340 3105 544 3169 άλαλος.
585 3108 649 3160 Οί
682 3107 738 3160 δὲ
760 3106 823 3161 ἐκ
847 3124 991 3169 τινος
1011 3105 1298 3170 ἀσθενείας
1325 3106 1586 3170 τοιούτοις
1621 3110 1779 3177 νοσή-

230 3212 348 3262 μασι
387 3198 834 3268 περιπίπτοντες,
879 3197 1191 3267 γράμματα
1235 3195 1618 3265 γινώσκοντες,
1649 3198 1782 3252 ὑπο-

229 3290 506 3358 γράφοντες
537 3291 842 3360 ίδιοχείρως
869 3288 1322 3344 διατιθέσθωσαν.

284 3378 342 3434 δ’.
370 3380 675 3449 Ἔγγραφος
705 3383 912 3449 γίνεται
945 3380 1178 3452 διαθήκη
1213 3382 1268 3434 ὲν
1289 3381 1371 3434 ἑνὶ
1395 3380 1488 3435 καὶ
1517 3380 1596 3451 τῷ
1631 3380 1784 3453 αὑτῷ

228 3471 385 3540 καιρῷ
428 3473 530 3526 ὑπὸ
562 3474 707 3526 ἑπτὰ
756 3471 1085 3537 ἀξιοπίστων
1127 3473 1444 3544 μαρτύρων,
1476 3475 1570 3526 ἐπὶ
1601 3473 1778 3544 τούτῳ

230 3565 679 3637 προσκληθέντων,
746 3567 840 3619 καὶ
904 3567 1047 3620 κατὰ
1101 3566 1298 3620 ταυτὸν
1361 3566 1788 3636 ὑπογραφόντων

231 3659 312 3710 καὶ
375 3659 786 3729 σφραγιζόντων
819 3672 834 3688 ⁸
883 3659 978 3711 τοῦ
1033 3656 1415 3728 διατιθεμένου
1479 3658 1788 3725 ὀφείλοντος

230 3747 304 3800 διὰ
331 3749 420 3820 τῆς
457 3751 592 3815 ἰδίας
648 3749 998 3822 ὑπογραφῆς,
1045 3749 1079 3819 ἢ
1132 3748 1221 3802 διὰ
1287 3750 1688 3821 χειροχρίστου,
1726 3749 1789 3802 τὸ

232 3839 386 3910 δνομα
412 3841 502 3895 τοῦ
531 3842 875 3913 κληρονόμου
926 3844 986 3896 εν
1033 3842 1169 3912 αὑτῇ
1202 3839 1676 3911 ἀποδηλὼσασθαι,
1712 3840 1788 3913 μὴ

233 3936 568 4004 ἐμφαίνοντος
603 3940 719 4000 τοῖς
756 3939 1050 4009 μάρτυσιν,
1087 3937 1136 3990 εἰ
1184 3936 1278 3991 καὶ
1325 3935 1571 4006 βούλεται
1604 3933 1664 4006 [ἃ
1697 3936 1790 3988 καὶ

235 4021 502 4097 βούλεται],
536 4028 606 4079 τὰ
639 4025 739 4096 τῆς
765 4024 1150 4089 διατυπώσεως
1173 4025 1360 4080 αὑτοῦ.

294 4115 350 4170 ε’.
383 4119 661 4190 ’Δγραφος
714 4118 1031 4173 συνίσταται
1077 4115 1334 4189 διαθήκη,
1371 4118 1460 4171 ὅτε
1512 4117 1606 4171 ἐπὶ
1650 4117 1791 4172 ἑπτὰ

237 4210 507 4281 μαρτύρων
541 4213 658 4282 ἅμα
687 4211 1094 4282 εὑρισκομένων
1139 4210 1236 4284 τὴν
1288 4210 1452 4264 αὑτοῦ
1499 4213 1527 4265 ὁ
1559 4210 1792 4264 διατιθέ-

240 4317 381 4370 μενος
407 4304 704 4372 πεποίηται
734 4301 1015 4373 βούλησιν.

1884 3118 1940 3164 et
1974 3119 2154 3165 mutus
2185 3117 2289 3164 est.
2325 3110 2395 3163 At
2433 3111 2522 3178 qui
2556 3122 2619 3162 ex
2653 3110 2968 3163 infirmitate
2997 3110 3228 3182 quadam
3269 3111 3320 3162 iu
3364 3110 3461 3163 hos

1884 3199 2107 3256 morbos
2141 3201 2403 3265 incidunt,
2436 3199 2480 3255 si
2533 3199 2742 3254 litteras
2790 3199 2992 3264 norint,
3047 3216 3208 3254 manu
3239 3200 3460 3270 prepria

1885 3290 2274 3347 subscribendo
2309 3297 2688 3346 testamentum
2715 3291 2972 3346 condant.

1956 3383 2012 3438 4.
2035 3381 2444 3437 Testamentum
2470 3381 2524 3436 in
2543 3382 2763 3450 scriptis
2789 3381 2847 3434 iit
2872 3397 2981 3436 uno
3008 3381 3308 3451 eodemque
3332 3391 3464 3437 tem-

1887 3487 2049 3542 pore,
2067 3487 2251 3528 coram
2286 3480 2493 3542 septem
2533 3471 2637 3526 fide
2660 3472 2837 3539 dignis
2860 3473 3114 3536 testibus,
3142 3472 3208 3526 ad
3233 3474 3334 3526 itoc
3353 3487 3452 3526 vo-

1888 3565 2045 3629 catis,
2077 3573 2132 3618 et
2158 3565 2345 3617 eodem
2381 3575 2620 3631 tempore
2669 3563 3132 3617 subseribentibus
3173 3571 3227 3616 et
3281 3563 3462 3616 subsi-

1891 3657 2180 3728 gnantibus
2204 3673 2218 3722 ;
2245 3671 2366 3710 cum
2386 3656 2604 3709 interim
2635 3663 2863 3708 testator
2885 3669 2979 3721 per
2999 3653 3459 3724 subscriptionem

1891 3765 2068 3812 suam,
2092 3759 2184 3802 aut
2227 3762 2325 3818 per
2363 3747 2577 3816 signum
2599 3746 2779 3801 crucis
2825 3745 3026 3801 Christi
3061 3760 3222 3798 manu
3243 3759 3460 3812 expres-

1890 3858 2031 3909 sum,
2053 3842 2280 3896 itairedis
2311 3842 2364 3895 in
2385 3855 2449 3895 eo
2473 3855 2667 3894 nomen
2705 3839 2948 3894 indicare
2995 3838 3214 3901 debeat,
3246 3853 3350 3890 non
3379 3846 3462 3891 ta-

1892 3951 2013 3991 men
2056 3935 2283 3989 testibus
2327 3935 2641 3998 osteudens,
2705 3948 2823 4003 quae
2873 3931 3246 4001 dispositionis
3294 3931 3464 3998 ipsius

1889 4027 2155 4085 sententia
2187 4027 2278 4082 sit.

1959 4119 2013 4174 5.
2053 4119 2465 4173 Testamentum
2499 4117 2645 4172 circa
2683 4117 3004 4185 scripturam
3041 4114 3314 4179 conditur,
3337 4131 3459 4168 cum

1891 4226 2074 4268 coram
2110 4221 2320 4280 septem
2348 4211 2603 4272 testibus,
2631 4224 2735 4264 una
2763 4207 3092 4273 constitutis,
3122 4216 3347 4262 testator
3370 4222 3463 4259 vo—

1893 4304 2152 4359 luntatem
2178 4319 2330 4358 suam
2356 4303 2595 4356 coniicit.

299 4353 381 4460 ς’..
401 4353 700 4462 Εί
731 4353 814 4458 τις
847 4353 1146 4449 δίατίθεται
1173 4395 1381 4466 τρόπῳ,
1410 4397 1443 4464 ἦ
1473 4395 1783 4465 ἐγγράφως,

1970 4394 2024 4448 6.
2056 4393 2206 4459 Quod
2234 4393 2279 4446 si
2308 4407 2373 4448 eo
2407 4392 2459 4446 in
2494 4390 2630 4456 loco,
2662 4404 2768 4460 quo
2800 4389 2919 4444 loco
2966 4389 3086 4459 quis
3125 4397 3216 4442 aut
3240 4391 3291 4441 in
3323 4380 3460 4443 scri-

240 4486 558 4561 ήάγράφως,
609 4490 752 4543 ἑπτὰ
810 4489 887 4560 μὴ
938 4488 1286 4560 εὑρίσκονται
1344 4490 1642 4559 μάρτυρες,
1695 4489 1791 4542 καὶ

241 4580 320 4632 ἐπὶ
347 4582 521 4648 πέντε,
575 4582 673 4637 καὶ
728 4581 824 4634 επὶ
858 4582 1025 4650 τριῶν
1082 4579 1507 4634 διατιθέσθωσαν
1550 4579 1619 4633 τὰ
1665 4579 1790 4632 καθ’

241 4669 465 4737 ιαυτούς.
507 4675 569 4727 Εί
621 4674 682 4727 δὲ
741 4672 837 4725 καὶ
884 4672 1038 4742 παρὰ
1074 4671 1183 4725 τῶν
1234 4670 1404 4744 τριῶν
1451 4670 1788 4739 εὑρεθῶσιν,

242 4763 420 4835 ἄκυρον
456 4764 548 4818 τοῦ
602 4764 977 4834 διατιθεμένου
1010 4765 1276 4834 ὑπάρχειν
1307 4764 1408 4834 τὴν
1441 4763 1714 4832 βούλησιν.

304 4855 361 4920 ζ’.
394 4857 500 4926 Τῆς
532 4856 822 4927 διαθήκης,
864 4857 1009 4910 καθὰ
1042 4857 1278 4927 εἴρηται,
1305 4855 1530 4919 ἐντελῶς
1559 4854 1787 4924 γενομέ-

245 4964 346 5016 νης,
379 4951 424 5002 εί
459 4951 506 5002 οἱ
549 4950 728 5016 γονεῖς
759 4949 824 5002 τὰ
862 4949 1070 5002 ἑαυτῶν
1101 4949 1284 5012 τέκνα,
1321 4950 1352 5020 ἦ
1387 4949 1480 5000 καὶ
1524 4947 1583 4999 ἓν
1612 4946 1790 5000 αὑτῶν

245 5038 453 5093 ὲάσωσιν
504 5041 958 5110 ἀμνημόνευτον·
1007 5042 1333 5112 τηρήτωσαν
1383 5042 1433 5095 οἰ
1491 5039 1787 5110 ἀκροαταί-

246 5133 327 5184 καὶ
355 5136 400 5186 εἰ
439 5133 700 5197 πολλάκις
726 5133 1025 5204 εὑρεθῶσιν
1051 5134 1414 5205 ἐνυϐρίσαντα
1439 5134 1564 5194 τοὺς
1587 5134 1787 5199 γονεῖς,

247 5222 394 5291 ήκαὶ
424 5225 610 5298 ἔτερόν
645 5243 698 5280 τι
766 5226 902 5297 πρὸς
945 5228 1140 5298 πλῆξιν
1187 5226 1366 5281 αὑτῶν
1415 5225 1790 5294 ἐνδειξάμενα,

252 5315 438 5384 μενέτω
463 5317 910 5388 άπαρασάλευτος
946 5319 1054 5371 τῶν
1086 5320 1289 5387 γονέων
1308 5320 1343 5390 ή
1369 5317 1718 5380 διατύπωσις.

310 5410 374 5482 η’.
415 5413 475 5466 Ei
503 5413 560 5465 δὲ
593 5415 689 5468 καὶ
707 5414 844 5485 μετὰ
876 5413 976 5486 τὴν
1004 5415 1102 5484 τῆς
1124 5415 1386 5486 διαθήκης
1418 5414 1634 5484 ποίησιν
1674 5415 1792 5466 ὲπι·

253 5505 468 5576 γεννηθῇ
523 5504 706 5567 αδτοῖς
775 5504 976 5576 βρέφος
1028 5504 1515 5576 ἑγκυμονούμενον,
1576 5503 1631 5558 αι
1695 5501 1794 5571 μὲν

317 5638 385 5710 (2)
417 5639 779 5714 Nuucupativa
811 5639 978 5696 nostri
1013 5649 1224 5694 vocant.

1890 4487 1998 4556 ptis
2034 4494 2280 4548 testatur,
2331 4490 2425 4536 aut
2470 4483 2614 4537 circa
2653 4481 3002 4549 scripturam,
3043 4491 3210 4536 testes
3247 4492 3455 4549 septem

1894 4594 1997 4632 nou
2023 4576 2368 4631 inveniantur
2404 4593 2418 4629 :
2450 4575 2617 4629 etiam
2657 4587 2840 4628 coram
2878 4574 3136 4642 quinque,
3170 4589 3232 4626 ac
3266 4575 3460 4638 tribus,

1893 4678 2175 4723 testantor.
2201 4664 2292 4720 Sin
2318 4666 2598 4734 pauciores
2623 4665 2796 4721 tribus
2829 4665 3026 4720 inventi
3056 4664 3279 4731 fuerint,
3308 4663 3460 4719 irrita

1893 4762 2166 4816 testatoris
2194 4759 2442 4814 voluntas
2462 4766 2601 4812 esto.

1962 4853 2015 4907 7.
2050 4851 2420 4912 Testamento,
2470 4864 2566 4904 ceu
2612 4847 2816 4904 dictum
2849 4855 2950 4913 est,
3006 4847 3160 4917 plene
3200 4845 3341 4901 iacto
3371 4861 3387 4912 ;
3419 4845 3463 4899 si

1893 4954 2144 5013 parentes
2167 4943 2363 4995 liberos
2381 4955 2530 5001 suos.
2561 4950 2654 4994 aut
2680 4953 2844 4993 unum
2869 4953 2929 4992 ex
2957 4939 3058 5002 eis,
3084 4939 3462 5008 prmterierint:

1893 5035 2130 5088 animum
2149 5034 2433 5087 advertant
2454 5028 2694 5100 iudices;
2719 5045 2782 5086 ac
2811 5029 3074 5100 siquidem
3095 5031 3246 5085 liberi
3270 5034 3465 5099 saepius

1894 5124 2211 5194 deprehensi
2273 5131 2399 5180 sunt
2441 5123 2729 5178 conviciati
2784 5124 3135 5192 parentibus,
3185 5125 3268 5178 vel
3318 5125 3466 5179 aliud

1901 5218 2174 5287 quidpiam
2199 5218 2265 5272 ad
2301 5217 2535 5286 ipsorum
2595 5227 2854 5271 terrorem
2890 5216 3198 5285 designasse
3233 5234 3247 5271 :
3279 5215 3467 5271 incon-

1901 5328 2056 5368 cussa
2085 5319 2296 5365 maneat
2324 5320 2606 5380 parentum
2643 5307 2949 5377 dispositio.

1975 5405 2026 5459 8.
2063 5403 2155 5459 Sin
2193 5403 2353 5459 etiam
2398 5411 2519 5470 post
2570 5401 2876 5455 testamenti
2904 5397 3189 5454 factionem
3239 5408 3464 5466 agitatus

1902 5497 1981 5555 eis
2011 5496 2168 5552 fuerit
2203 5497 2542 5566 posthumus,
2568 5494 2839 5550 libertates
2859 5489 3074 5563 quidem
3106 5497 3160 5546 et
3184 5488 3356 5560 legata
3375 5500 3466 5546 se-
