4042 6344
545 234 660 302 507,.

1513 242 2018 306 CONSTANTINI
2071 243 2741 309 PORPHYROGENITI

3712 246 3829 311 508

545 341 786 413 eliadum
815 353 1042 424 hujusce
1088 355 1396 414 testamenti
1449 356 1558 410 vim
1591 367 1706 411 rata
1735 357 1930 415 sunto:
1966 375 2130 430 agna.

2246 359 2541 431 ἐλευθερίου
2595 363 2686 414 καὶ
2720 360 2786 415 τὰ
2846 358 3049 430 λεγάτα
3099 359 3237 415 κατὰ
3271 359 3371 432 τὴν
3403 358 3502 430 τῆς
3556 359 3828 428 τοιαύταις

548 454 635 499 tus
662 461 787 499 vero
808 449 1148 516 posthumus,
1167 465 1289 506 cum
1309 449 1536 520 reliquis
1553 452 1922 508 [nereditatem
1949 454 2127 520 adeat,

546 550 600 594 et
625 554 726 593 una
756 541 1030 596 succedat.

619 632 675 689 9.
712 631 769 686 Si
799 635 922 701 quis
946 650 1114 688 unum
1164 634 1366 700 habeat
1412 636 1654 691 nativum
1703 638 1895 704 tilium,
1923 639 2016 708 qui
2059 641 2125 694 ad

550 729 813 778 terrorem
854 736 1136 793 parentum
1187 727 1430 797 quietiam
1471 728 1679 795 fecerit,
1713 739 1770 785 et
1796 733 2018 800 ipsosin
2043 747 2129 786 se-

551 825 768 870 nectute
801 831 928 870 cura
981 818 1109 873 sua!
1149 819 1439 874 destitutos
1494 818 1765 888 relinquat
1797 837 1811 874 :
1841 822 1943 875 alia
1981 836 2110 882 vero

552 906 782 974 persenti
818 910 1017 976 qumvis
1041 920 1320 974 accurrat,
1349 921 1403 966 et
1436 911 1570 980 ipsis
1605 912 1920 977 ministret;
1966 914 2122 969 ideoo

553 1012 660 1065 que
687 982 830 1053 velut
859 1001 925 1053 ab
966 1001 1069 1055 hoc
1099 1001 1378 1059 beneflciis
1429 1002 1628 1064 ati'ecti,
1684 1017 1803 1056 eum
1853 1004 2122 1060 bzcredem

555 1088 868 1160 relinquere
921 1090 1184 1154 bonorum
1239 1108 1457 1147 suorum
1527 1093 1834 1150 voluerint:
1907 1106 2020 1149 rata
2063 1106 2116 1160 et

555 1180 728 1252 ﬁrma
748 1184 1006 1240 voluntas.
1023 1185 1262 1252 ipsorum
1301 1195 1439 1239 esto.

628 1271 717 1327 io.
751 1272 939 1329 Omnis
977 1276 1150 1331 haeres
1176 1291 1240 1332 ex
1276 1285 1596 1337 testamento
1652 1279 1735 1338 vel
1775 1279 1997 1350 scripto,
2045 1281 2128 1338 vel

559 1380 664 1418 non
700 1369 922 1435 scripto,
955 1368 1045 1436 qui
1084 1369 1396 1424 dilationem
1422 1370 1718 1440 interponit
1740 1374 1996 1440 usquead
2024 1389 2128 1427 an—

558 1456 610 1508 ni
636 1457 888 1524 spatium,
909 1468 961 1511 et
976 1473 1282 1528 supremam
1307 1460 1635 1513 voluntatem
1663 1477 1769 1520 non
1790 1463 2126 1531 exsequitur,

558 1547 602 1599 si
635 1545 868 1602 defuncti
901 1547 1042 1603 titius
1066 1560 1157 1603 aut
1192 1565 1360 1619 nepos
1388 1561 1490 1617 est,
1524 1551 1764 1624 debitam
1797 1553 1899 1607 sibi
1935 1554 2126 1623 4οείιί-

559 1657 699 1695 mam
726 1643 1025 1711 portionem
1064 1645 1328 1699 duntaxat
1353 1646 1570 1714 accipit.
1590 1647 1647 1701 Si
1681 1647 1918 1717 legitima
1948 1649 2122 1716 portio

2231 452 2497 523 διαθήκης
2527 455 2904 525 κρατείτωσαν
2962 454 3212 522 δύναμιν
3265 451 3325 506 τδ
3371 453 3429 506 δὲ
3471 450 3828 521 γεννώμενθν

2234 544 2671 617 συνεισερχέσθω
2718 549 2830 608 τοῖς
2864 545 3072 607 λοιποῖς
3097 587 3111 606 ,
3144 544 3240 596 καὶ
3276 541 3823 614 συγκληρονομείτω.

2307 636 2371 689 θ’.
2427 637 2552 689 Ἐάν
2617 653 2700 699 τις
2751 636 2892 706 ἔχων
2951 636 3010 688 ἓν
3075 637 3301 707 γνήσιον
3355 637 3564 700 τέκνον,
3601 634 3630 688 ὃ
3678 633 3828 704 πρὸς

2232 723 2429 793 πλῆξιν
2484 724 2593 777 τῶν
2653 724 2858 793 γονέων
2908 725 3251 795 ὲργάσηται,
3291 724 3387 778 καὶ
3436 727 3493 777 ὲν
3527 723 3605 796 τῷ
3652 727 3827 795 γήρει

2229 813 2606 883 ἀπρονοήτους
2665 813 2772 868 ἑῶν
2822 815 3059 880 αὐτοὺς,
3125 815 3452 887 προσδρὰμῃ
3515 816 3570 870 δὲ
3627 815 3831 882 ἓτερον

2233 908 2527 979 πρόσωπον
2565 909 2796 975 οίονοῦν,
2837 907 3143 979 ὑπηρετοῦν
3179 909 3387 976 αὐτοῖς,
3437 901 3557 962 και
3593 908 3672 969 ὡς
3726 906 3827 960 ὑπ’

2231 996 2397 1054 αὐτοῦ
2477 999 2933 1069 εὐεργετηθέντες
3011 999 3354 1072 κληρονόμον
3425 1000 3830 1069 ἔγκαταλιπείν

2233 1090 2365 1142 αὐτὸ
2393 1090 2490 1158 τῆς
2536 1093 2741 1155 οἰκείας
2771 1092 3069 1162 θελήσωσιν
3099 1093 3451 1159 ὑποστάσεως
3482 1091 3825 1163 ἐρρωμένην

2232 1179 2413 1232 αὐτῶν
2445 1181 2714 1250 ὑπάρχειν
2739 1182 2837 1254 τήν
2871 1183 3145 1253 βούλησιν.

2303 1269 2354 1324 ι’.
2383 1272 2495 1333 Πᾶς
2517 1271 2850 1343 κληρονόμος
2873 1274 2932 1337 ἐξ
2952 1273 3230 1346 ἐγγράφου
3251 1275 3284 1347 ἢ
3308 1276 3403 1328 καὶ
3425 1275 3683 1345 ἀγράφου
3709 1273 3833 1329 δια⁶

2232 1363 2528 1426 τυπώσεως
2553 1363 2844 1434 ὑπέρθεσιν
2889 1366 3080 1436 μέχρις
3114 1365 3362 1420 ἐνιαυτοῦ
3391 1367 3582 1427 ποιῶν,
3623 1367 3729 1421 καὶ
3759 1367 3833 1419 τὰ

2233 1457 2330 1525 τῆς
2349 1455 2654 1527 βουλήσεως
2675 1457 2747 1528 μὴ
2767 1457 3014 1528 πληρῶν,
3034 1460 3081 1510 εί
3104 1458 3202 1530 μὲν
3220 1459 3407 1512 τέκνον
3425 1459 3456 1529 ἦ
3477 1457 3708 1527 ἔγγονον
3729 1459 3828 1512 τοῦ

2236 1549 2688 1619 τετελευτηκότος
2729 1551 2965 1622 ὑπάρχει
3003 1592 3018 1617 ,
3063 1552 3162 1622 τὴν
3214 1551 3642 1622 ὲποςρειλομὲνην
3674 1549 3833 1620 αὑτῷ

2233 1645 2463 1714 νόμιμον
2496 1647 2589 1700 καὶ
2624 1647 2786 1714 μόνον
2814 1642 3100 1713 κομίζεται
3139 1646 3354 1716 μοῖραν.
3385 1647 3444 1698 ΕΞ
3478 1645 3535 1699 δὲ
3575 1646 3827 1716 νόμιμος

557 1733 624 1788 ad
652 1743 884 1802 quatuor
939 1735 1128 1807 usque
1162 1737 1364 1792 liberos
1412 1740 1746 1800 extenditur,
1798 1749 2002 1808 partem
2052 1741 2124 1795 illi

2246 1736 2400 1803 μοῖρα
2428 1733 2530 1794 ἕως
2560 1735 2842 1802 τεσσάρων
2885 1734 3090 1788 παίδων
3122 1773 3136 1798 ,
3183 1735 3244 1787 τὸ
3286 1734 3470 1804 τρίτον
3521 1736 3691 1806 μέρος
3728 1734 3833 1804 τῆς

556 1825 774 1892 capiunt
798 1827 1107 1894 patrimonii
1143 1839 1386 1899 quartam
1417 1849 1430 1884 :
1469 1831 1705 1901 quinque
1735 1831 1890 1887 liberi
1913 1843 1965 1886 et
2004 1835 2133 1888 ulte-

557 1917 696 1981 rius.
723 1921 1006 1976 semissem
1029 1923 1322 1989 accipiunt.

627 2008 717 2063 tl.
745 2009 841 2064 Sin
881 2010 1020 2066 alius
1049 2014 1318 2084 quispiam
1361 2015 1697 2086 propinquus
1723 2026 1824 2082 est,
1859 2019 2134 2073 lestatoris

558 2100 780 2156 omnino
807 2101 962 2156 bouis
985 2103 1221 2168 excidat.
1255 2120 1429 2176 eaque
1466 2107 1518 2160 in
1567 2106 1786 2163 relictos
1816 2109 1914 2177 ipsi
1950 2110 2131 2164 colite-

559 2194 737 2259 redes,
773 2193 1080 2267 legatarios,
1111 2197 1192 2252 vel
1225 2199 1362 2254 alios
1417 2199 1747 2270 propinquos
1795 2204 2132 2270 perveniant.

629 2373 717 2427 12.
744 2371 838 2428 Sin
870 2374 1046 2429 haeres
1076 2385 1331 2430 extranea
1369 2389 1596 2445 persona
1634 2385 1736 2439 est,
1766 2377 1855 2446 qui
1887 2377 2134 2432 volunta-

560 2472 664 2516 tem
695 2463 1066 2532 dispositionis
1095 2466 1238 2521 illius
1268 2481 1376 2521 non
1411 2467 1620 2537 implet,
1684 2469 1938 2524 universa
1967 2484 1996 2524 a
2020 2486 2136 2539 pos-

557 2557 799 2610 sessione
816 2557 1104 2626 spolietur.

627 2643 714 2698 t3.
738 2642 792 2697 Si
820 2645 940 2713 quis
962 2645 1016 2700 in
1033 2656 1208 2716 pugna
1229 2648 1561 2716 vulneratus,
1590 2650 1672 2705 vel
1695 2651 1797 2706 iter
1815 2651 2134 2718 conﬁciens,

557 2751 586 2790 a
615 2747 788 2792 morte
841 2753 945 2793 non
975 2739 1163 2810 procul
1193 2741 1352 2807 absit,
1391 2757 1570 2814 neque
1621 2745 1787 2800 rebus
1818 2746 1932 2801 suis
1953 2745 2136 2815 dispo-

557 2845 689 2885 nere
718 2829 986 2899 voluerit;
1022 2846 1207 2888 verum
1233 2843 1464 2906 utroque
1497 2851 1627 2892 casu
1653 2837 1826 2892 nullus
1845 2838 2136 2907 iurisperi-

559 2929 669 2986 tus,
703 2924 786 2977 vel
825 2923 962 2978 alius
989 2925 1264 2995 quiSpiam
1297 2929 1604 2998 reperiatur
1640 2931 1730 3000 qui
1789 2931 2006 2987 litteras
2034 2947 2135 2988 no-

559 3013 664 3066 rit:
690 3027 787 3082 per
838 3023 1066 3081 septem,
1099 3025 1194 3071 aut
1220 3015 1479 3088 quinque,
1512 3028 1692 3075 tresve
1736 3029 1924 3088 testes,
1948 3023 2138 3078 volun-

561 3116 727 3160 tatem
762 3121 913 3161 suam
938 3109 1175 3164 condat:
1204 3118 1366 3180 atque
1397 3112 1561 3166 etiam
1595 3125 1776 3167 coram
1821 3114 2051 3178 duobus,
2087 3118 2133 3171 si

559 3201 897 3266 reperiantur
933 3215 1162 3268 quorum
1216 3203 1424 3259 scilicet
1470 3220 1500 3260 a
1530 3205 1804 3275 judicibus
1837 3208 2131 3278 approbata

560 3293 628 3346 sit
654 3292 1006 3350 existimatio.

1092 3403 1392 3462 TlTULUS
1420 3406 1581 3463 XVII.

561 3510 640 3566 De
671 3509 816 3564 bouis
869 3513 1225 3591 acquisitittis,
1259 3513 1325 3566 de
1355 3515 1570 3591 quibus
1593 3521 1780 3591 testari
1824 3520 1939 3589 quis
1968 3531 2134 3591 potest

917 3594 1010 3637 aut
1040 3585 1198 3639 etiam
1227 3587 1412 3638 testari
1451 3585 1778 3653 prohibetur.

633 3689 682 3742 Ι.
704 3687 1041 3760 Acquisititia
1063 3689 1201 3744 bona
1223 3693 1523 3746 castrensia
1549 3705 1697 3760 sunt,
1719 3711 1836 3765 quae
1854 3700 2056 3757 milites
2081 3704 2133 3758 in

564 3782 805 3850 patriset
825 3781 910 3834 avi
938 3788 1206 3851 potestate
1229 3782 1532 3846 constituti,
1563 3798 1629 3839 es
1659 3800 1718 3841 re
1747 3801 1840 3842 sua
1871 3777 2136 3846 castrensi

563 3873 968 3943 acquisiverint,
1003 3884 1055 3930 et
1100 3872 1166 3926 de
1206 3875 1402 3944 quibus
1447 3877 1633 3932 testari
1669 3889 1914 3947 possunt,
1973 3883 2134 3938 etiam

562 3983 684 4025 cum
720 3969 832 4025 suis
853 3969 907 4024 in
933 3971 1258 4028 stationibus
1286 3972 1503 4042 degunt,
1537 3973 1784 4028 videlicet
1817 3984 1947 4030 cum’
1984 3977 2135 4045 prius

565 4062 738 4115 relata
770 4061 836 4116 de
867 4062 1124 4131 perfectis
1155 4064 1497 4120 testamentis
1524 4066 1930 4122 observatione.
1977 4066 2134 4134 Quod

565 4153 610 4207 si
629 4154 695 4206 de
715 4153 906 4208 borum
933 4154 1164 4209 militum
1180 4153 1460 4210 voluntate
1482 4170 1570 4211 res
1593 4155 1781 4211 isthmc
1803 4158 2136 4228 acquisititia

565 4245 920 4314 expendatur,
940 4247 1184 4302 heredes
1204 4246 1324 4312 eius
1355 4247 1480 4302 inde
1508 4246 1800 4320 legitimam
1827 4237 2133 4319 portionem

565 4346 748 4404 petere
785 4347 1053 4408 nequeunt
1078 4354 1094 4394 :
1119 4337 1214 4394 sed
1243 4339 1294 4394 in
1321 4340 1560 4409 ipsorum
1589 4349 1671 4395 est
1699 4349 1986 4410 potestate,
2012 4341 2139 4398 huic

2238 1824 2605 1889 ὑποστάσεως
2659 1827 2766 1880 ἀπὸ
2794 1827 2852 1883 ει
2883 1829 3042 1881 πέντε
3091 1827 3183 1880 καὶ
3221 1826 3354 1893 ἀνω,
3387 1827 3484 1898 τῆς
3516 1827 3724 1897 ἥμισυ.

2309 2004 2402 2061 ια’.
2439 2008 2500 2060 Et
2532 2005 2585 2060 δὲ
2622 2006 2809 2078 ἕτερός
2853 2022 2937 2071 τις
2973 2008 3244 2079 συγγενής
3271 2007 3409 2072 ὲστι,
3438 2009 3537 2078 τῆς
3565 2007 3665 2061 τοῦ
3706 2008 3834 2062 δια·

2235 2099 2526 2170 τιθεμένου
2582 2099 2865 2161 παντελῶς
2941 2099 3256 2154 ὲκπιπτέτω
3312 2101 3633 2170 περιουσίας
3671 2141 3686 2165 ,
3733 2100 3834 2154 καὶ

2235 2190 2404 2244 ταῦτα
2433 2191 2513 2254 είς
2538 2191 2666 2254 τοὺς
2699 2189 2958 2253 ἐαθέντας
2989 2189 3135 2259 αὐτῷ
3169 2189 3637 2260 στιγκληρονὸμοις
3675 2230 3690 2252 ,
3739 2191 3835 2243 λε-

2239 2283 2556 2354 γαταρίους,
2599 2282 2630 2354 ἦ
2668 2282 2758 2336 καὶ
2797 2281 3018 2354 ἑτέρους
3078 2285 3360 2350 συγγενεῖς
3411 2281 3830 2352 περιερχέσθω.

2314 2373 2402 2443 ιβ’.
2435 2374 2496 2426 Et
2523 2375 2578 2428 δὲ
2625 2375 2774 2440 ξένον
2820 2372 3116 2444 πρόσωπόν
3155 2376 3304 2427 ἐστιν
3331 2376 3359 2426 ὁ
3411 2373 3783 2445 κληρονόμος,
3806 2375 3837 2426 ὁ

2235 2468 2304 2520 τὰ
2350 2467 2449 2537 τῆς
2511 2467 2768 2536 τοιαύτης
2817 2465 3205 2529 διατυπώσεως
3266 2465 3342 2538 μὴ
3406 2465 3660 2538 πληρῶν,
3732 2465 3832 2540 τῆς

2239 2559 2459 2628 ἁπάσης
2489 2559 2818 2630 διακατοχῆς
2852 2559 3086 2628 γινέσθω
3131 2560 3430 2631 ἀλλότριος.

2313 2649 2399 2720 ιγ’.
2448 2651 2574 2706 Ἐάν
2609 2669 2693 2716 τις
2722 2653 2781 2704 ὲν
2833 2650 3055 2722 πολέμῳ
3093 2651 3349 2723 πληγεὶς,
3401 2651 3434 2724 ἢ
3481 2653 3576 2706 καὶ
3619 2655 3690 2708 ιν
3724 2655 3832 2724 ὁδῷ

2239 2744 2578 2815 περιπατῶν,
2633 2744 2770 2816 πρὸς
2827 2743 2890 2798 τὸ
2940 2743 3122 2798 θανεῖν
3170 2746 3400 2812 ἐγγίσει,
3438 2745 3530 2800 καὶ
3573 2747 3646 2800 τὰ
3705 2747 3835 2802 καθ’

2239 2836 2428 2889 ἑαυτὸν
2481 2835 2714 2907 βουληθῇ
2784 2835 3163 2890 διατυπῶσαι·
3210 2835 3299 2889 ἐπ’
3361 2836 3716 2908 ἀμφοτὲρους
3773 2841 3831 2895 δι

2239 2926 2486 2997 νομικὸς,
2512 2928 2543 2998 ἢ
2576 2926 2763 2997 ἕτερός
2795 2945 2876 2991 τις
2901 2926 2974 2998 μὴ
2998 2926 3220 3001 εὑρεθῇ,
3247 2930 3611 3000 ἐπιστάμενος
3643 2931 3836 3005 γράμ-

2243 3037 2402 3090 ματα·
2464 3020 2539 3072 δι“-
2583 3020 2742 3084 ἑπτὰ,
2777 3020 2808 3090 ἢ
2846 3019 3005 3073 πέντε
3034 3060 3050 3085 ,
3089 3021 3122 3093 ή
3155 3021 3323 3092 τριῶν
3372 3024 3677 3096 μαρτύρων
3721 3026 3824 3095 τὴν

2243 3111 2449 3165 οἰκείαν
2495 3111 2717 3164 ποιείτω
2775 3110 3050 3184 βούλησιν
3088 3113 3182 3166 ἐπὶ
3230 3113 3326 3166 καὶ
3372 3114 3496 3178 δύο,
3542 3115 3643 3171 ἐὰν
3678 3117 3834 3187 εὕρε-

2239 3205 2403 3260 θῶσιν
2429 3222 2442 3235 ·
2495 3203 2594 3275 τῆς
2626 3204 2833 3259 τούτων
2869 3205 3112 3276 δηλονότι
3148 3206 3252 3260 ὑπὸ
3285 3208 3577 3278 ἀκροατῶν
3603 3207 3825 3263 δεδοκι-

2249 3295 2536 3367 μασμένης
2571 3297 2915 3368 προλήψεως.

2842 3405 3089 3461 ΤΙΤΛΟΣ
3128 3406 3226 3464 lZ'.

2245 3517 2385 3590 Napi
2441 3516 2787 3590 ίὸιωιτήτων
2817 3513 3407 3590 Δπραγμάτιον,ιςίςᾶ
3451 3516 3831 3574 διατίθεσθαι

2567 3587 2824 3641 δύναται
2848 3603 2958 3651 τις.
2985 3586 3023 3655 ἢ
3057 3586 3158 3640 καί
3190 3588 3500 3640 κωλύεται.

2314 3693 2381 3751 α’.
2411 3692 2786 3765 Στρατιωτικὰ
2823 3693 3097 3762 ίόιόκτητα
3127 3688 3431 3761 πράγματά
3469 3693 3637 3756 εἰσιν,
3674 3695 3819 3764 ἅπερ

2247 3787 2297 3840 οἱ
2344 3784 2672 3857 στρατιῶται
2701 3781 3009 3850 ὑπεξούσιοι
3041 3780 3195 3843 ὄντες
3217 3781 3387 3852 πατρί
3409 3795 3469 3833 τε
3491 3781 3589 3834 καὶ
3613 3784 3831 3854 πάππῳ

2245 3875 2311 3926 ἐκ
2353 3873 2446 3926 τοῦ
2474 3869 2863 3941 στρατιωτικοῦ
2912 3867 3090 3924 αὐτῶν
3126 3871 3448 3940 πράγματος
3481 3874 3830 3942 ἐπικτήσων-

2245 3980 2358 4026 ται,
2428 3961 2510 4024 sic
2551 3960 2587 4014 ἃ
2631 3959 2966 4014 διατίθεσθαι
3007 3961 3281 4027 δύνανται,
3343 3962 3436 4014 καὶ
3497 3962 3552 4014 ἐν
3592 3965 3830 4029 σεδέτοις

2245 4053 2525 4121 διάγοντες
2555 4090 2569 4114 ,
2625 4050 2867 4123 δηλονότι
2933 4051 3074 4122 μετὰ
3130 4053 3231 4121 τῆς
3298 4057 3830 4126 προαναφερομένης

2247 4147 2378 4214 napi.
2415 4143 2525 4199 τῶν
2555 4143 2784 4199 ἐντελῶν
2813 4142 3087 4215 διαθηκῶν
3134 4145 3606 4218 παρατηρήσεως.
3646 4151 3834 4203 Δαπαο

2248 4238 2493 4309 νωμένου
2519 4237 2574 4292 δὲ
2599 4238 2687 4292 διὰ
2715 4238 2815 4306 τῆς
2853 4235 3161 4309 βουλήσεως
3193 4237 3375 4292 αὐτῶν
3426 4237 3520 4290 τοῦ
3577 4241 3827 4296 τοιούτου

2249 4331 2548 4398 ίδιοκτήτου
2599 4331 2949 4401 πράγματος,
2988 4328 3356 4401 μὴδύνασθαι
3397 4333 3523 4396 τοὺς
3557 4331 3828 4405 κληρονὸ-

567 4420 749 4482 autilli
779 4433 1000 4495 donare,
1036 4431 1118 4486 vel
1143 4447 1238 4502 per
1275 4448 1580 4502 supremam
1610 4434 1940 4489 voluntatem
1974 4448 2128 4489 suam

2246 4441 2375 4494 μους
2401 4423 2565 4476 αὑτοῦ
2609 4422 2668 4487 ἐξ
2695 4420 2860 4476 αὐτοῦ
2901 4420 3000 4491 τὴν
3039 4421 3273 4491 νόμιμον
3305 4424 3499 4492 μοῖραν
3535 4424 3823 4479 ἀπαιτείνσ

569 4524 623 4576 in
657 4525 886 4579 solidum
911 4542 1021 4581 rem
1042 4527 1427 4597 acquisititiam
1455 4529 1777 4598 relinquere.
1802 4530 1940 4596 Quin
1970 4531 2132 4585 etiam

567 4627 689 4686 post
719 4627 946 4672 mortem
983 4629 1288 4687 parentum,
1331 4635 1435 4674 non
1467 4621 1626 4676 veluti
1658 4622 1794 4676 bona
1826 4634 2050 4693 paterna
2082 4626 2136 4679 in

567 4707 912 4764 collationem
942 4710 1182 4776 veniunt,
1224 4721 1316 4766 aut
1338 4712 1650 4768 dividuntur
1686 4734 1700 4771 :
1734 4717 1828 4771 sed
1860 4727 2138 4787 exempta,

567 4800 880 4868 specialiter
927 4813 1295 4872 agnoscuntur
1333 4806 1398 4859 ad
1435 4805 1605 4876 ipsius
1650 4808 1838 4863 militis
1869 4810 2140 4880 pertinere

569 4905 882 4960 personam.

639 5071 696 5126 2.
721 5072 874 5140 Quod
915 5073 960 5128 si
1007 5073 1176 5130 relicti
1209 5075 1406 5133 fuerint
1436 5078 1628 5136 fratres
1659 5093 1780 5153 post
1812 5083 2016 5141 obitum
2048 5101 2144 5156 pa-

573 5175 784 5220 rentum
809 5167 1068 5236 ipsorum,
1095 5177 1148 5224 et
1178 5182 1240 5223 ex
1265 5171 1344 5225 eis
1367 5172 1630 5243 quispiam
1656 5176 1983 5245 militaverit,
2006 5179 2144 5236 alter

571 5260 716 5313 domi
749 5261 1028 5327 manserit,
1085 5261 1129 5317 si
1173 5273 1326 5333 pacta
1359 5266 1602 5334 quadam
1639 5268 1778 5322 inter
1809 5285 1868 5326 se
1891 5269 2139 5340 fecerint,

575 5362 690 5406 rata
727 5363 884 5408 sunto
909 5355 974 5410 de
1002 5355 1193 5425 quibus
1220 5356 1358 5412 inter
1385 5357 1530 5428 ipsos
1557 5363 1890 5419 convenerit.

645 5533 698 5586 3.
733 5531 827 5586 Sin
886 5534 987 5588 hoc
1029 5534 1228 5603 absque
1281 5537 1382 5591 ulla
1418 5539 1774 5595 conventione
1810 5539 2059 5608 fecerint,
2091 5551 2146 5598 et

578 5633 750 5691 usque
771 5621 839 5678 ad
868 5624 1185 5680 decennium
1206 5626 1272 5680 ab
1302 5641 1367 5681 eo
1396 5637 1652 5696 tempore,
1682 5644 1788 5699 quo
1817 5641 1953 5685 unus
1981 5646 2046 5686 ex
2061 5633 2144 5688 eis

580 5712 785 5767 militiae
812 5728 870 5770 se
904 5715 1069 5779 dedit,
1105 5717 1156 5771 in
1188 5730 1246 5770 ca
1302 5719 1560 5774 societate
1605 5719 1872 5776 vixerint:
1935 5722 2140 5789 omnia,

2237 4515 2374 4568 ἀλλὰ
2408 4515 2465 4567 ὲν
2501 4513 2722 4584 ἐξουσίᾳ
2753 4513 2939 4566 αὐτῶν
2976 4506 3120 4566 εἶναι
3155 4512 3231 4582 τῷ
3253 4511 3479 4583 τοιούτῳ
3507 4513 3823 4586 δωρεῖσθαι,

2237 4605 2272 4678 ἢ
2304 4606 2401 4661 καὶ
2443 4606 2530 4659 διὰ
2563 4605 2873 4676 βουλήσεως
2912 4603 3082 4660 αὐτοῦ
3117 4605 3555 4673 καταλιμπάνειν
3586 4609 3823 4674 ἐντελῶς

2241 4696 2548 4767 ίδιόκτητον
2608 4698 2864 4765 πρᾶγμα.
2923 4689 3036 4749 Καὶ
3093 4694 3231 4766 μετὰ
3274 4696 3531 4768 τελευτὴν
3585 4699 3647 4752 δὲ
3711 4703 3816 4755 τῶν

2239 4786 2408 4842 αὑτοῦ
2439 4787 2642 4855 γονέων
2679 4788 2754 4858 μὴ
2789 4787 2866 4849 ὼς
2913 4785 3147 4859 πατριῖια
3171 4787 3335 4843 αὐτοῦ
3367 4791 3817 4862 συνεισάγεσθαι,

2240 4879 2652 4957 ήδιαιρεϊσθαιο
2712 4879 2827 4933 ἀλλ’
2873 4879 3168 4952 ἐξαιρέτως
3210 4880 3290 4952 τῷ
3339 4882 3491 4954 ίδικῷ
3519 4885 3692 4941 αὑτοῦ
3733 4888 3820 4942 καὶ

2244 4972 2391 5043 μόνῳ
2415 4970 2778 5042 γνωρίζεσθαι
2809 4969 3109 5041 προτώπῳ.

2315 5065 2379 5136 ﬂ".
2442 5065 2505 5119 Ei
2550 5065 2606 5118 δὲ
2638 5064 3072 5133 καταληφθῶσιν
3107 5065 3328 5135 ἀδελφοὶ
3371 5067 3513 5121 κατὰ
3559 5068 3817 5144 τελευτήν

2239 5158 2350 5214 τῶν
2377 5157 2577 5226 γονέων
2612 5158 2815 5222 αὐτῶν,
2851 5157 2945 5212 καί
2993 5173 3078 5221 τις
3130 5155 3191 5224 ἐξ
3221 5158 3402 5211 αὐτῶν
3433 5162 3763 5235 στρατευθῇ,
3788 5164 3816 5217 δ

2240 5253 2297 5306 δὲ
2341 5251 2526 5321 ἔτερος
2589 5252 2745 5323 μείνῃ
2803 5249 2862 5302 ἐν
2905 5249 2986 5321 τῷ
3060 5249 3238 5320 οἴκῳ·
3279 5253 3326 5305 εἰ
3385 5254 3481 5324 μὲν
3549 5254 3815 5329 σύμφωνα

2242 5347 2512 5414 ποιήσωσι
2556 5341 2676 5412 μετ’
2722 5339 2994 5412 ἀλλήλων,
3029 5341 3099 5394 τὰ
3138 5343 3345 5412 μεταξὺ
3377 5344 3560 5400 αὐτῶν
3617 5364 3815 5420 στοιχι-

2247 5437 2440 5491 σθέντα
2466 5436 2864 5507 κρατείτωσαν.

2315 5531 2387 5600 γ’,
2425 5532 2486 5585 Et
2510 5530 2566 5585 δὲ
2617 5528 2978 5600 ἀστοιχίστως
3011 5527 3167 5583 τοῦτο
3203 5532 3493 5602 ποιήσωσι,
3525 5534 3619 5587 καὶ
3655 5535 3811 5609 μέχρι

2242 5626 2564 5692 δεκαετίας,
2614 5622 2752 5694 μετὰ
2807 5621 2868 5675 τὸ
2921 5623 3316 5694 στρατευθῆναι
3353 5624 3450 5678 ἱνα
3502 5628 3560 5694 ἐξ
3611 5629 3805 5693 αὐτῶν,

2248 5721 2572 5790 ουζήσουσιν
2601 5731 2613 5744 °
2649 5713 2864 5770 ἅπαντα
2917 5713 2985 5767 τὰ
3032 5714 3398 5784 ἔπικτηθέντα
3442 5720 3649 5789 αὐτοῖς,
3699 5718 3804 5773 εἴτε
