4046 6330
571 268 675 339 Sil

1605 265 2118 332 CONSTANTINI
2156 265 2842 330 PORPHYROGENITI

3709 264 3825 329 512

569 392 856 452 parentum
891 379 1112 452 reliquis
1144 396 1329 438 eorum
1364 382 1520 439 bonis
1541 380 1948 451 coniunguntur
1985 390 2040 433 et
2073 378 2156 432 di-

2280 379 2522 446 tiCovrat,
2554 383 2648 434 mi.
2691 381 2834 451 μετὰ
2866 377 3123 451 τελευτὴν
3163 377 3273 433 τῶν
3323 376 3528 449 γονέων
3571 377 3636 450 τῇ
3678 375 3850 448 λοιπῇ

566 474 846 537 viduntur,
877 473 1016 527 sicut
1039 482 1094 528 et
1117 472 1206 527 illa
1242 490 1361 542 qua:
1393 473 1456 528 de
1487 472 1720 542 pecunia
1767 471 2036 538 rebusque
2065 483 2156 538 pa-

569 564 668 619 tris
694 563 957 633 acquisita
992 573 1119 618 sunt
1169 563 1299 631 filio,
1357 579 1452 632 pro
1503 561 1743 632 paternis
1790 561 1946 616 bonis
1982 575 2152 630 agno-

567 663 811 722 scuntur,
851 655 1025 725 iisque
1059 654 1478 724 conjunguutur.
1516 652 1649 707 Nam
1679 655 1743 707 de
1780 652 2046 706 maternis
2073 651 2154 719 ip-

569 761 753 800 sorum
810 745 995 813 rebus,
1030 761 1153 815 quae
1201 761 1297 815 per
1338 744 1563 799 sudores
1614 753 1667 798 et
1697 743 1935 808 labores,
1966 744 2047 796 vel
2085 756 2153 796 ex

570 835 886 891 iuereditate
921 835 986 889 ad
1021 837 1165 905 ipsos
1209 844 1598 904 pervenerunt,
1623 842 1892 888 testantur
1921 831 1996 886 illi
2028 831 2151 902 qui-

571 929 730 983 dem:
785 928 879 983 sed
927 943 1082 981 usum
1112 942 1303 983 eorum
1353 929 1636 981 dumtaxat
1668 925 1870 980 habent
1901 925 1975 979 illi
2011 938 2150 993 quo-

570 1035 690 1074 rum
725 1021 776 1075 in
809 1029 1073 1090 potestate
1097 1031 1224 1076 sunt
1252 1036 1268 1087 ;
1301 1021 1635 1090 proprietate
1664 1019 1852 1074 talium
1885 1018 2150 1073 bonorum

573 1111 705 1182 ipsis
725 1119 1022 1168 reservata.

1109 1311 1411 1371 TITULUS
1433 1312 1621 1370 XVIII.

575 1418 651 1474 De
672 1420 1087 1474 successionibtts
1106 1419 1169 1473 ab
1200 1420 1465 1485 inlestato,
1483 1421 1644 1490 deque
1659 1418 1842 1486 legatis
1862 1435 1882 1474 :
1911 1419 2043 1475 etde
2071 1420 2153 1476 his

804 1490 893 1560 qui
918 1507 980 1544 ea
1007 1505 1098 1557 per
1139 1491 1575 1561 ingratitudinem
1627 1493 1900 1546 amittunt.

645 1595 696 1650 I.
726 1597 780 1652 Si
809 1596 929 1667 quis
955 1598 1238 1652 intestatus
1261 1597 1576 1663 decesserit,
1603 1595 2150 1654 exstantibusliberis

572 1701 666 1746 aut
699 1691 1001 1760 nepotibus,
1032 1692 1084 1745 hi
1111 1692 1431 1747 succedunt.

640 1783 696 1837 2.
736 1785 829 1839 Sin
860 1784 1114 1839 defuncto
1141 1786 1460 1853 superstites
1515 1794 1644 1841 sunt
1687 1793 1845 1856 pater
1881 1794 1936 1842 et
1959 1796 2154 1849 mater,

576 1891 711 1930 avus
735 1887 790 1930 et
818 1879 961 1943 avia,
997 1876 1078 1931 vel
1119 1877 1281 1932 etiam
1333 1877 1639 1944 ulteriores,
1698 1878 1752 1932 hi
1812 1878 2158 1934 exstantibus

572 1968 757 2026 liberis
777 1981 831 2025 et
857 1971 1164 2039 nepotibus,
1201 1971 1495 2028 succedere
1523 1987 1628 2027 non
1655 1980 1904 2043 possunt.

643 2155 696 2209 5.
729 2152 881 2220 Quod
912 2152 956 2209 si
985 2153 1116 2208 nulli
1151 2162 1279 2208 sunt
1307 2152 1486 2217 liberi,
1513 2151 1653 2207 nulli
1697 2162 1929 2224 nepotes
1951 2194 1968 2222 ,
2003 2163 2158 2224 pater

573 2254 755 2300 tamen
809 2253 993 2300 exstat
1034 2255 1090 2300 et
1125 2254 1298 2301 mater
1357 2253 1412 2300 et
1451 2259 1583 2302 avus
1622 2254 1676 2303 et
1719 2246 1838 2301 avia
1869 2246 2158 2318 propiores

574 2335 928 2392 succedun'to.

650 2430 703 2491 ι.
735 2427 791 2483 Si
834 2428 974 2484 titius
1003 2437 1060 2485 et
1116 2429 1226 2484 filia
1265 2430 1578 2500 parentibus
1633 2431 1771 2486 vivis
1822 2430 2161 2487 decesserint

2259 473 2442 526 αὐτῶν
2494 473 2796 529 ὑποστάσει
2846 475 3092 529 ένοῦνται
3123 475 3218 530 καὶ
3265 472 3623 546 διαιροῦνται,
3656 474 3853 543 ὥσπερ

2258 565 2352 617 καὶ
2394 565 2463 618 τὰ
2517 566 2624 618 ἀπὸ
2674 566 2972 638 χρημάτων
3017 566 3048 638 ἢ
3114 567 3451 638 πραγμάτιον
3504 565 3599 619 τοῦ
3643 567 3853 638 πατρὸς

2261 657 2624 726 ὲπικτηθέντα
2655 656 2729 726 τῷ
2767 655 2884 726 υἱῷ,
2932 659 2996 728 τῇ
3039 656 3271 728 πατρῴᾳ
3313 657 3606 710 ὑποστάσει
3649 653 3856 725 γνωρίο

2261 746 2467 814 ζονται,
2486 748 2580 800 καὶ
2609 750 2747 818 αὐτῇ
2775 748 3122 802 συνειλοῦνται
3153 763 3169 779 ο
3200 750 3291 802 ἐπὶ
3310 749 3414 820 γὰρ
3440 749 3552 811 τοῖς
3574 746 3855 818 μητρῴοις

2258 839 2462 905 αὐτῶν,
2495 841 2553 905 ἐξ
2595 840 2857 911 ἱδρώτων,
2915 841 3010 896 καὶ
3068 841 3347 911 καμάτων,
3394 840 3427 912 ἢ
3483 837 3856 910 κληρονομίας

2261 933 2638 1004 περιαχθεῖσιν
2683 934 2764 996 είς
2796 933 2993 996 αὐτοὺς
3029 931 3372 1003 πράγμασιν,
3411 931 3499 985 ἐπ’
3531 932 3716 993 αὑτοῖς
3751 928 3858 1000 μὲν

2258 1024 2414 1076 αὑτοὶ
2457 1021 2788 1076 διατίθενται
2820 1038 2835 1053 ·
2870 1021 2968 1092 τὴν
3000 1022 3052 1075 δὲ
3099 1022 3297 1092 χρῆσιν
3331 1020 3513 1072 αὑτῶν
3543 1022 3636 1072 καὶ
3689 1019 3858 1087 μόνον

2260 1115 2476 1186 ἔχουσιν
2517 1115 2567 1167 oi
2607 1114 2824 1178 τούτους
2858 1114 3075 1184 ἔχοντες
3109 1114 3201 1166 ὑπ’
3233 1113 3506 1180 ἐξουσίαν,
3534 1112 3629 1181 τὴν
3659 1111 3859 1164 δεσπο-

2267 1209 2420 1263 τείαν
2447 1207 2553 1264 τῶν
2586 1209 2842 1268 τοιούτων
2884 1209 3227 1279 πραγμάτων
3249 1208 3607 1277 φυλάττοντες
3641 1206 3855 1268 αὐτοῖς.

2857 1306 3106 1360 ΤιΤΛΟΣ
3156 1306 3249 1360 III.

2258 1417 2401 1486 Περὶ
2421 1416 2539 1470 τῶν
2561 1416 2630 1479 ἐξ
2650 1415 2965 1486 ἁδιαθέτου
2993 1409 3425 1486 κληρονομιῶν,
3448 1409 3549 1486 καί
3561 1407 3859 1476 stertitur,

2351 1488 2445 1542 καὶ
2485 1488 2617 1555 περὶ
2650 1486 2764 1539 τῶν
2791 1486 2861 1550 ἐξ
2896 1485 3254 1553 ἀχαριστίας
3293 1482 3728 1535 ἐκπιπτόντων.

2329 1599 2398 1646 α’.
2447 1590 2575 1645 Ἐάν
2631 1607 2714 1653 τις
2755 1587 3036 1650 ἀδιάθετος
3093 1584 3430 1654 τελευτήσει,
3483 1584 3575 1636 καὶ
3635 1582 3864 1635 ὕπεισιν

2257 1679 2405 1749 αὑτῷ
2429 1681 2594 1733 τέκνα
2623 1678 2656 1748 ἢ
2687 1677 2906 1747 ἔγγονα,
2941 1673 3112 1730 ταῦτα
3138 1673 3675 1744 κληρονομείτωσαν.

2329 1773 2397 1844 β’.
2427 1772 2488 1826 Ei
2555 1771 2610 1825 δὲ
2667 1769 2887 1840 ὑπάρχῃ
2941 1767 3019 1838 τῷ
3075 1765 3460 1834 τελευτήσαντι
3529 1762 3714 1833 πατὴρ
3763 1760 3864 1815 καὶ

2265 1867 2474 1937 μήτηρ,
2508 1864 2733 1926 πάππος
2763 1862 2856 1915 καὶ
2911 1861 3135 1931 μάμμη,
3168 1859 3200 1929 ἢ
3259 1858 3352 1911 καὶ
3391 1857 3645 1911 ἐπέκεινα
3666 1873 3679 1888 ·
3711 1849 3864 1909 οὑτοι

2253 1959 2613 2031 κληρονομεῖν
2650 1955 2759 2010 τῶν
2801 1955 3008 2008 τέκνων
3075 1953 3170 2006 καὶ
3204 1951 3444 2021 ὲγγόνων
3488 1951 3738 2004 ὑπόντων
3797 1949 3863 2002 οὑ

2253 2054 2532 2109 δύνανται.

2329 2143 2402 2215 γ’.
2438 2144 2499 2197 Εί
2526 2143 2581 2197 δὲ
2612 2142 2708 2197 καὶ
2735 2142 2836 2196 οὑκ
2865 2140 2973 2196 εἶσὶ
3005 2139 3194 2202 τέκνα,
3247 2137 3359 2190 εἴτε
3406 2137 3628 2204 ἔγγονα,
3657 2134 3777 2188 ἐστι
3806 2136 3865 2190 δὲ

2261 2237 2444 2308 πατὴρ
2478 2235 2573 2289 καὶ
2610 2235 2821 2305 μήτηρ,
2873 2232 2970 2287 καὶ
3004 2230 3228 2293 πάππος
3255 2228 3348 2282 καὶ
3374 2228 3594 2299 μάμμη,
3619 2226 3670 2279 oi
3696 2225 3868 2295 ἐγγύ-

2263 2345 2410 2401 τεροι
2445 2325 2980 2396 κληρονομείτωσαν.

2337 2424 2401 2477 δ’.
2454 2422 2580 2475 Ἐάν
2615 2420 2730 2482 υἱὸς
2775 2417 2870 2471 καὶ
2915 2415 3162 2486 Θυγάτηρ
3224 2414 3333 2468 τῶν
3386 2412 3589 2480 γονέων
3639 2412 3864 2477 ζώντων

576 2521 781 2592 absque
804 2522 988 2581 liberis
1017 2533 1076 2581 et
1108 2525 1374 2592 intestati,
1409 2525 1605 2582 fratres
1633 2536 1688 2582 et
1721 2542 1939 2582 sorores
1964 2542 2031 2581 ex
2064 2541 2158 2582 eo-

2280 2514 2661 2584 τελευτήσωσιν
2712 2509 2930 2564 ἄτεκνοι
2969 2510 3062 2563 καὶ
3102 2505 3394 2570 ἀδιάθετοι,
3448 2507 3542 2559 καὶ
3594 2505 3865 2574 ἀδελφοὺς

577 2618 699 2672 dem
727 2629 882 2686 patre
924 2633 990 2674 ac
1023 2627 1195 2673 matre
1221 2619 1506 2686 habentes,
1534 2621 1823 2678 hazreditas
1852 2636 2040 2677 eorum
2072 2637 2162 2692 pa-

2262 2610 2362 2664 καὶ
2397 2606 2632 2676 ἀδελφάς
2668 2603 3042 2675 ὁμοπατρίους
3079 2601 3173 2655 καὶ
3204 2597 3574 2670 ὁμομητρίους
3616 2597 3862 2670 ἔχοντες·

579 2709 823 2766 rentibus
861 2710 1122 2776 defertur,
1157 2728 1260 2769 nec
1300 2713 1571 2770 licentiam
1612 2715 1809 2770 fratres
1850 2723 1905 2771 et
1941 2688 2160 2771 sorores

2280 2702 2362 2773 τὴν
2419 2698 2646 2759 τούτων,
2705 2690 3074 2763 κληρονομίαν
3133 2688 3227 2744 ἐπὶ
3283 2691 3408 2750 τοὺς
3458 2690 3635 2756 γονεῖς
3687 2691 3864 2741 ὲπαν.

578 2799 780 2856 habent
805 2804 858 2856 iu
888 2804 989 2858 hoc
1015 2801 1449 2859 contradicendi.

652 2980 706 3035 5.
734 2978 790 3034 Si
824 2995 950 3036 vero
979 2981 1105 3036 nuiii
1135 2990 1390 3051 parentes
1447 2990 1683 3047 exstant,
1730 2997 1831 3036 avo
1877 2991 2053 3037 tamen
2107 2992 2163 3038 et

2267 2789 2497 2860 άγεσΘαι
2525 2829 2538 2854 ,
2570 2789 2664 2841 καὶ
2699 2785 2774 2856 μὴ
2801 2785 2942 2853 ἔχειν
2985 2781 3166 2836 ἄδειαν
3193 2781 3262 2833 τὰ
3292 2779 3517 2848 άδέλφια
3543 2779 3637 2832 ἐπὶ
3663 2778 3862 2833 τούτου

2273 2885 2570 3030 λὲἔζιέίτδε
2609 2974 2786 3040 γονεῖς
2835 2969 2934 3040 οὑχ
2989 2965 3230 3032 ὕπεισιν,
3259 2965 3374 3019 ἐστι
3405 2966 3458 3019 δὲ
3489 2965 3716 3028 πάππος
3765 2965 3868 3019 καὶ

579 3073 701 3128 avia
731 3074 1142 3141 superstitibus,
1187 3074 1221 3127 ii
1268 3089 1389 3128 cum
1447 3073 1707 3128 fratribus
1741 3074 2156 3144 consanguineis

2280 3071 2489 3141 ιάμμη,
2524 3068 2639 3138 ἅμα
2691 3065 2802 3129 τοῖς
2837 3061 3191 3134 ὁμοπατρίοις
3227 3059 3476 3126 ἀδελφοῖς
3505 3057 3866 3130 κληρονομεί-

583 3180 688 3218 una
722 3166 1038 3221 succedant.

651 3258 708 3315 6.
754 3260 846 3314 Sin
883 3276 982 3314 nec
1034 3275 1187 3325 avus,
1235 3275 1337 3316 nec
1371 3260 1515 3329 avia,
1559 3276 1660 3316 nec
1693 3261 1885 3316 eodem
1917 3273 2071 3331 patre
2099 3276 2164 3316 ac

582 3364 756 3407 matre
800 3354 906 3405 nati
960 3351 1159 3408 fratres
1206 3363 1421 3408 exstant
1480 3353 1754 3419 defuncto,
1797 3362 1925 3409 tunc
1952 3370 2016 3409 ex
2056 3369 2164 3408 uno

584 3445 865 3498 dumtaxat
915 3453 1141 3513 parente
1194 3443 1389 3500 fratres
1439 3445 1491 3499 in
1551 3445 1920 3501 haereditatem
1975 3461 2168 3501 succe-

585 3535 696 3589 dat.

654 3626 711 3680 7.
747 3628 803 3682 Si
839 3643 988 3692 vero,
1025 3627 1165 3683 sicut
1194 3628 1393 3683 dictum
1427 3639 1531 3695 est,
1569 3646 1675 3685 non
1700 3639 1920 3687 exstent
1945 3630 2164 3699 fratres,

584 3727 639 3772 at
666 3718 949 3788 propinqui
977 3721 1106 3785 sint,
1140 3722 1423 3790 propiores
1476 3721 1833 3777 succedunto.

656 3812 710 3867 8.
752 3813 904 3879 Quod
943 3813 986 3868 si
1022 3813 1151 3868 nulli
1190 3815 1356 3868 etiam
1412 3815 1703 3884 pmpinqni
1745 3825 1892 3879 sunt,
1925 3826 1981 3868 at
2032 3831 2166 3870 uxor

586 3903 822 3957 defuncti
849 3915 1128 3973 superest:
1171 3905 1223 3958 in
1258 3905 1539 3959 semissem
1577 3904 1742 3957 totius
1778 3904 1870 3957 illa
1900 3904 2164 3974 patrimo-

585 3997 660 4050 nii
691 3996 967 4064 succedat,
1003 3996 1171 4051 altero
1209 3995 1436 4050 semisse
1479 3995 1608 4050 ﬁsco
1637 3996 1938 4051 inferendo.

657 4177 711 4231 9.
743 4174 798 4228 Si
826 4174 1064 4229 defuncti
1109 4190 1176 4230 ne
1208 4191 1343 4228 uxor
1370 4175 1587 4245 quidem
1619 4183 1817 4241 exstat,
1881 4185 2006 4229 tunc
2048 4176 2171 4232 uni-

588 4283 802 4322 versum
824 4265 940 4333 eius
973 4268 1377 4336 patrimonium,
1408 4268 1570 4320 veluti
1609 4269 1764 4338 cujus
1795 4268 1974 4322 nullus
1993 4274 2173 4322 exstat

590 4361 785 4424 haeres,
824 4363 953 4415 ﬁsco
977 4362 1096 4429 (ceu
1133 4361 1389 4430 diximus)
1424 4361 1677 4416 infertur.

2269 3179 2503 3319 τωέῗνέίἱ
2533 3250 2591 3306 δὲ
2622 3247 2745 3303 οὔτε
2778 3246 3022 3308 πάππος,
3053 3243 3174 3297 οὔτε
3225 3241 3448 3313 μάμμη,
3483 3241 3605 3296 οὔτε
3650 3241 3870 3312 ὁμοπά-

2276 3365 2443 3416 τριοι,
2480 3345 2603 3398 οὑτε
2634 3342 2961 3412 ὁμομήτριοι
3017 3335 3237 3409 ἀδελφοὶ
3261 3336 3441 3389 ὕπεισι
3481 3336 3559 3405 τῷ
3607 3335 3869 3404 τελευτής-

2267 3453 2440 3493 σαντι’
2470 3437 2596 3490 τότε
2620 3437 2669 3489 οί
2706 3434 2765 3498 ἐξ
2795 3431 2911 3496 ἑνὸς
2947 3432 3145 3501 γονέως
3181 3429 3398 3498 ἀδελφοὶ
3418 3432 3484 3500 τῇ
3523 3429 3867 3504 κληρονομίᾳ

2265 3527 2557 3599 ὑπεισερχέ
2568 3527 2802 3580 σθωσαν.

2338 3622 2400 3686 ζ’.
2431 3621 2494 3675 Et
2524 3622 2601 3686 δὲ,
2644 3619 2788 3673 καθὰ
2815 3619 3050 3688 εἴρηται,
3080 3618 3179 3686 οὑχ
3205 3616 3423 3670 ’ὑπεισιν
3463 3614 3704 3682 ἀδελφώ,
3749 3611 3866 3668 εἷεν

2260 3715 2314 3768 δὲ
2354 3717 2654 3782 συγγενεῖς,
2683 3713 2731 3765 οί
2766 3712 3056 3781 ἐγγύτεροι
3091 3709 3626 3780 κληρονομείτωσαν.

2340 3807 2408 3877 η’.
2445 3807 2574 3860 Εῐδὲ
2598 3805 2722 3858 οὑτε
2763 3805 3045 3872 συγγενεῖς
3079 3804 3237 3864 εἰσιν,
3272 3803 3386 3853 ἔστι
3411 3801 3468 3853 δὲ
3489 3799 3622 3869 γυνὴ
3645 3798 3738 3851 τοῦ
3777 3817 3866 3853 τεο

2278 3901 2664 3970 λευτήσαντος,
2702 3899 2762 3945 τὸ
2807 3899 2902 3968 μὲν
2936 3899 3103 3967 ἥμισυ
3135 3895 3299 3965 μέρος
3322 3895 3538 3962 ἁπάσης
3571 3892 3731 3946 αὑτοῦ
3760 3895 3867 3964 τῆς

2268 3991 2588 4062 περιουσίας
2650 3989 2832 4058 ὲκείνη
2924 3985 3370 4058 κληρονομείτω·
3420 3986 3478 4036 τὸ
3551 3985 3607 4037 δὲ
3671 3985 3868 4055 ἕτερον

2268 4087 2441 4156 ἥμισυ
2481 4085 2647 4152 μέρος
2687 4079 2764 4150 τῷ
2790 4080 3035 4150 δημοσίῳ
3067 4078 3487 4149 εἰσκομιζέσθω.

2345 4173 2409 4227 0'.
2453 4175 2515 4227 Εί
2545 4175 2599 4227 δὲ
2655 4173 2777 4226 οὒτε
2808 4173 2945 4243 γυνὴ
2983 4171 3059 4241 τῷ
3081 4171 3460 4238 τελευτήσαντι
3499 4169 3710 4234 ὕπεστι,
3734 4169 3867 4223 τότε

2273 4268 2372 4338 τὴν
2413 4269 2631 4322 ἃπασαν
2662 4268 2857 4320 τούτου
2893 4266 3232 4337 περιουσίαν,
3279 4265 3353 4328 ὡς
3388 4263 3866 4335 άκληρονόμητον,

2273 4361 2351 4432 τῷ
2391 4361 2657 4430 δημοσίῳ,
2686 4359 2758 4420 ὡς
2785 4359 3021 4430 εἴρηται,
3059 4357 3496 4427 εἰσκομίζεσθαι.

664 4455 749 4508 l0.
781 4454 836 4508 Si
867 4455 987 4524 quis
1017 4457 1254 4508 moriens
1295 4454 1466 4522 legata
1516 4454 1804 4509 destinarit
1853 4454 1919 4508 ad
1964 4462 2161 4508 certam

2355 4451 2405 4507 ι’.
2448 4451 2570 4505 Ἐάν
2601 4469 2681 4514 τις
2714 4451 2982 4505 τελευτῶν
3013 4452 3171 4522 ὁρίσῃ
3204 4452 3406 4519 λεγάτα
3442 4452 3520 4516 εἵς
3539 4470 3661 4506 τινα
3689 4453 3867 4524 ῥητὴν

588 4548 879 4618 quamdam
903 4561 1217 4614 expensam,
1237 4545 1488 4616 praestari
1517 4545 1746 4599 debent:
1774 4561 1873 4598 nec
1901 4545 2077 4598 hzeres
2097 4544 2164 4598 li-

589 4640 821 4694 centiam
857 4639 1044 4702 habet,
1077 4639 1322 4692 relictum
1364 4638 1468 4693 hoc
1488 4636 1724 4707 legatum
1762 4638 1815 4690 in
1847 4637 2004 4690 aliam
2033 4652 2167 4690 cau-

589 4750 706 4791 sam
747 4731 1106 4802 expendeudi,
1145 4731 1237 4786 sed
1280 4731 1367 4788 cui
1403 4729 1646 4786 relictum
1681 4737 1784 4797 est,
1823 4729 2093 4785 restituat.

665 4917 750 4970 ll.
782 4912 839 4969 Si
874 4915 1049 4969 hazres
1089 4913 1261 4968 relicti
1315 4911 1418 4968 sibi
1449 4911 1763 4982 patrimonii
1797 4912 2046 4968 notitiam
2078 4913 2170 4966 ha-

589 5010 702 5076 bet,
737 5023 802 5064 ac
830 5009 1006 5062 debita
1045 5005 1196 5062 novit
1234 5006 1581 5076 praecedere:
1624 5019 1807 5061 coram
1848 5007 1952 5061 fide
1993 5008 2170 5076 dignis

590 5102 821 5157 testibus
850 5099 1229 5171 patrimonium
1255 5100 1428 5168 ipsum
1458 5098 1749 5164 describat,
1777 5108 1831 5153 et
1859 5101 2048 5168 quanti
2074 5100 2171 5164 sit,

593 5192 991 5248 manifestator.
1041 5193 1116 5245 Ae
1147 5191 1381 5260 primunt
1417 5191 1635 5260 quidem
1680 5191 2046 5247 creditoribus
2078 5206 2168 5245 sa-

592 5289 779 5353 tisiiat,
802 5297 965 5356 atque
995 5287 1069 5341 ita
1101 5288 1357 5357 deinceps
1401 5286 1475 5352 id,
1505 5287 1649 5358 quod
1680 5295 1953 5357 superest,
1995 5286 2169 5342 haeres

594 5380 697 5434 sibi
727 5380 980 5435 retineat.

670 5560 756 5616 12.
793 5560 846 5614 Si
903 5575 1030 5618 vero
1077 5562 1471 5618 contumaciter
1493 5573 1548 5617 et
1593 5572 1798 5618 temere
1851 5564 2168 5626 succedens.

595 5653 737 5710 idem
764 5652 1146 5722 patrimonium
1169 5655 1428 5724 attigerit,
1467 5663 1523 5709 et
1541 5655 1866 5720 constiterit,
1890 5672 2012 5711 eum
2047 5673 2170 5727 par-

600 5745 895 5807 ticulariter
928 5747 1104 5805 debita
1146 5753 1389 5820 quaedam
1444 5749 1710 5806 solvisse:
1755 5751 2020 5822 obligatus
2051 5765 2169 5810 esto

2271 4544 2471 4612 ἔξοδον,
2497 4545 2666 4598 ταῦτα
2691 4545 3017 4599 διδόσθωσαν
3066 4561 3076 4572 ·
3113 4545 3206 4598 καὶ
3247 4545 3322 4615 μὴ
3362 4548 3504 4615 ἔχειν
3553 4547 3734 4598 ἄδειαν
3765 4547 3867 4600 τὸν

2275 4640 2610 4710 κληρονόμον
2666 4641 2744 4704 είς
2783 4640 2978 4711 ἑτέραν
3020 4639 3294 4710 πρόφασιν
3345 4639 3403 4692 τὸ
3451 4639 3605 4693 ὲαθὲν
3633 4639 3866 4706 λεγάτον

2275 4731 2595 4798 ὲξοδιάζειν,
2652 4733 2790 4786 ἀλλά
2841 4731 2998 4784 τοῦτο
3048 4733 3423 4802 ἁποκαθιστᾷν
3481 4732 3555 4802 τῷ
3605 4733 3867 4800 λεγατευ-

2277 4823 2440 4880 Θέντι.

2355 4919 2442 4974 ια’.
2470 4918 2596 4973 Ἐάν
2626 4921 2653 4972 ὁ
2679 4919 3016 4990 κληρονόμος
3064 4920 3271 4990 εἴδησιν
3304 4921 3402 4990 τῆς
3445 4920 3864 4990 ἐγκαταλιμπα-

2276 5015 2506 5084 νομένης
2535 5013 2685 5083 αὑτῷ
2721 5012 3070 5076 ὑποστάσεως
3102 5013 3235 5082 ἔχει,
3267 5015 3360 5066 καὶ
3391 5009 3532 5066 οἶδεν
3559 5014 3690 5084 χρὲη
3726 5030 3866 5082 προ-

2277 5104 2527 5176 ηγεῖσθαι
2553 5119 2567 5133 °
2603 5105 2694 5157 ὲπὶ
2741 5103 3069 5167 ἀξιοπίστων
3111 5102 3406 5173 μαρτύρων
3459 5103 3556 5172 τὴν
3605 5102 3866 5173 τοιαύτην

2279 5195 2646 5264 ἀναγραφέτω
2686 5194 3004 5258 ὑπόστασιν,
3041 5191 3137 5246 καὶ
3199 5191 3550 5264 φανερούσθω
3589 5191 3787 5261 ταύτης
3831 5195 3864 5264 ἡ

2277 5286 2528 5356 δύναμις.
2559 5285 2671 5338 Καὶ
2725 5284 2937 5355 πρῶτον
2989 5285 3090 5354 μὲν
3136 5284 3564 5356 πληρούσϐωσαν
3594 5286 3641 5338 oi
3680 5302 3863 5355 χρεω-

2281 5381 2545 5450 φειλέται,
2580 5381 2672 5432 καὶ
2711 5373 2810 5432 εἷθ’
2840 5377 3010 5441 οὕτως
3048 5379 3108 5430 τὸ
3133 5378 3446 5449 περιττεῦον
3474 5380 3644 5449 ἐχέτω
3667 5382 3692 5431 ὁ
3717 5378 3859 5448 κλη-

2285 5475 2532 5544 ρονόμος.

2365 5562 2451 5635 ιβ’.
2489 5564 2548 5616 Ei
2586 5563 2642 5615 δὲ
2674 5561 2920 5626 αὑθαδῶς
2955 5562 3046 5615 καὶ
3076 5561 3149 5624 ὡς
3183 5560 3369 5632 ἔτυχεν
3401 5559 3861 5630 ὑπεισερχόμενος

2283 5656 2384 5725 τῆς
2409 5655 2576 5724 αὑτῆς
2600 5653 2880 5725 ὑφάψηται
2912 5654 3279 5718 ὑποστάσεως,
3317 5652 3409 5705 καὶ
3450 5653 3590 5723 φανῇ
3617 5652 3861 5723 μερικῶς

2284 5750 2405 5806 τινὰ
2467 5749 2572 5804 τῶν
2625 5748 2799 5822 χρεῶν
2826 5747 3086 5811 ἀποδούςο
3128 5746 3430 5800 ὑποκείσθω
3473 5744 3709 5817 πληροῦν
3765 5746 3861 5800 καὶ
