4042 6344
220 253 332 319 513

1495 254 1892 341 DELECTUS'
1923 251 2213 313 LEGUM.

3375 244 3485 311 514

206 332 371 432 τοὺς.
405 368 650 437 λοιποὺς,
691 368 768 434 ὡς
832 368 920 424 διὰ
972 368 1288 441 προσφέρου
1332 369 1655 440 ἀναγραφῆς
1706 369 1794 440 τῆς

1908 364 2136 435 reliquis
2156 362 2319 418 etiam
2335 358 2676 429 satisfacere,
2701 360 2862 416 veluti
2886 358 2979 431 qui
3002 371 3097 428 per
3120 356 3484 416 inventarium

204 461 470 532 τοιαύτης
513 461 868 526 ὑποστάσεως
910 461 987 533 μὴ
1018 459 1294 532 γνωρίσας
1323 460 1650 531 κατάληψιν.

281 644 378 707 ιγ’.
410 638 470 693 El
498 637 557 691 δέ
587 637 832 709 ἐσχάτως
853 637 1138 708 ἁναφυῶσι
1180 637 1250 693 τὰ
1269 638 1424 709 χρέη,
1460 638 1554 691 τοῦ
1596 639 1798 711 κληροο

206 732 385 801 νόμου
415 730 512 801 τὴν
542 730 673 801 περὶ
703 729 894 783 τούτου
918 728 1142 798 ἄγνοιαν
1163 729 1502 800 κεκτημένου
1527 729 1616 783 διὰ
1649 747 1789 801 μαρ-

208 819 466 892 nipwa
490 820 586 873 καὶ
610 818 701 874 διὰ
734 820 898 891 ὅρκου
927 836 941 847 ’
968 821 1028 873 τὸ
1047 819 1271 892 εὑρεθὲν
1294 820 1391 890 τῆς
1422 820 1794 885 ὑποστάσεως,

211 916 305 969 καὶ
349 912 639 985 περιελθὸν
681 914 760 976 είς
794 912 975 980 αὐτὸν,
1019 914 1291 983 παριστᾷν
1319 912 1500 979 αὑτὸν,
1532 913 1627 966 καὶ
1661 912 1798 984 πρὸς

212 1000 364 1071 αὑτῷ
394 1000 752 1054 ἀποκοπτέτω
785 1000 853 1054 τὰ
894 1000 1002 1053 τῶν
1030 1000 1444 1070 χρεωφειλετῶν
1475 1000 1664 1068 αὐτοῦ,
1702 1003 1797 1055 καὶ

214 1094 380 1166 μηδὲν
417 1092 726 1165 περαιτέρω
757 1091 948 1147 τοῦτον
981 1092 1352 1146 ἀπαιτεῖσθαι.

280 1182 365 1238 ιδ’.
399 1185 459 1239 El
488 1184 819 1254 κληρονόμος
855 1184 884 1253 ἢ
918 1183 1243 1254 λεγατάριος
1297 1184 1611 1255 οίοσδήποτε
1653 1185 1795 1254 φανῇ

211 1277 540 1350 ἀποκρύψας
572 1277 672 1348 τὴν
723 1276 1181 1345 καταλειφθεῖσαν
1211 1276 1359 1348 αὐτῴ
1382 1277 1665 1347 διαθήκην,
1703 1277 1798 1330 καὶ

210 1370 267 1426 ἐν
292 1370 508 1441 ὑστέρῳ
533 1368 679 1442 αὕτη
714 1368 844 1440 παρ’
867 1368 1013 1442 αὐτῷ
1043 1369 1263 1441 εὑρεθῇ,
1302 1369 1614 1423 ἐκπιπτέτω
1635 1370 1663 1422 ό
1695 1373 1797 1441 μὲν

212 1462 572 1532 κληρονόμος,
604 1460 703 1529 τῆς
732 1457 1097 1530 κληρονομίας
1124 1475 1137 1488 ·
1169 1460 1196 1510 ὁ
1232 1456 1290 1509 δὲ
1318 1455 1664 1529 λεγατάριος,
1696 1455 1794 1510 τοῦ

211 1555 467 1624 λιγάτου.

285 1641 370 1699 ιε’.
404 1644 469 1698 Εἰ
497 1644 553 1696 δέ
579 1660 663 1708 τις
694 1641 961 1697 τελευτῶν
987 1642 1065 1714 τῷ
1081 1641 1265 1712 οἰκείῳ
1290 1639 1799 1714 κληρονόμῳάγρά·

1898 464 2218 524 competens
2234 469 2328 509 res
2348 454 2678 525 patrimonio
2701 454 3123 523 comprehensas
3149 467 3482 523 cognoscere

1903 566 2009 606 non
2054 549 2344 605 studuerit.

1969 642 2058 698 15.
2084 642 2239 710 Quod
2258 640 2302 696 si
2331 641 2508 696 debita
2527 640 2580 695 in
2614 640 2885 695 infinitum
2911 637 3254 705 emerserim,
3276 636 3491 696 herede

1900 751 1998 807 per
2034 745 2222 800 testes,
2249 743 2343 788 aut
2367 731 2530 786 etiam
2569 729 3091 801 perjusjurandum,
3127 727 3488 800 ignorantiam

1901 828 2201 899 probante:
2241 824 2500 895 quidquid
2537 824 2587 875 in
2621 821 2949 893 patrimonio
2988 830 3260 890 repertum
3283 830 3390 885 est,
3431 828 3489 874 et

1900 922 1967 975 ad
1995 935 2120 974 eum
2169 918 2434 986 pervenit,
2468 914 2723 969 exhibeat
2752 930 2766 968 :
2796 924 2851 969 et
2901 914 3197 968 secundum
3228 911 3278 967 id
3330 912 3488 967 debi-

1898 1018 1949 1063 ta
1990 1008 2320 1063 creditorum
2349 1004 2583 1073 decidat,
2610 1018 2714 1059 nec
2745 1003 3038 1075 quidquam
3070 1002 3295 1058 ulterius
3323 1002 3391 1057 ab
3411 1015 3481 1058 eo

1898 1107 2175 1175 exigatur.

1971 1194 2059 1249 14.
2085 1192 2139 1248 Si
2179 1193 2256 1247 vel
2286 1192 2578 1254 haeredem,
2611 1191 2692 1245 vel
2724 1205 3103 1260 quemcunque
3156 1189 3479 1260 lcgatarium

1907 1286 2150 1358 paruerit
2202 1285 2478 1339 occultare
2520 1284 2769 1339 relictum
2833 1283 2933 1337 sibi
2991 1292 3402 1347 testamentum,
3432 1290 3489 1336 et

1899 1380 1967 1433 ad
2002 1388 2305 1433 extremum
2366 1376 2496 1430 illud
2547 1377 2686 1446 apud
2723 1377 2898 1445 ipsum
2955 1385 3227 1442 repertum
3284 1373 3486 1441 fuerit,

1900 1474 2072 1526 haeres
2104 1470 2455 1526 successione
2473 1470 2654 1535 cadat,
2691 1468 2989 1540 legatarius
3012 1469 3215 1538 legato.

1976 1644 2062 1699 15.
2091 1643 2148 1699 Si
2188 1657 2318 1699 vero
2350 1643 2589 1698 moriens
2636 1640 2914 1713 quispiam
2962 1641 3158 1696 hacredi
3210 1658 3307 1698 suo
3346 1644 3486 1698 citra

214 1756 328 1809 φως
357 1740 455 1792 καὶ
487 1738 657 1810 χωρὶς
701 1735 996 1808 μαρτύρων
1039 1736 1140 1806 τὴν
1174 1735 1307 1787 ίδίαν
1339 1732 1644 1806 καταλείψει
1669 1733 1794 1786 ὑπό-

1905 1735 2236 1806 scriptnram
2271 1746 2323 1788 et
2351 1738 2555 1805 absque
2591 1735 2842 1799 testibus,
2885 1735 3024 1790 bona
3055 1752 3149 1790 sua
3183 1738 3486 1808 reliquerit,

218 1847 427 1893 ατασιν,
458 1831 554 1885 καὶ
583 1828 682 1897 τὴν
708 1828 913 1898 ταύτης
938 1826 1127 1897 ἐντελῆ
1144 1824 1436 1896 διοίκησιν,
1462 1823 1559 1877 xci.
1580 1824 1796 1897 ἀναφυῇ

212 1942 295 1988 τις
314 1924 588 1993 ἐγκαλῶν,
616 1923 844 1992 λεγάτον
869 1918 1016 1991 αὐτῷ
1048 1918 1276 1990 ἐαθῆναι
1306 1916 1457 1988 παρὰ
1486 1915 1581 1969 τοῦ
1610 1916 1798 1970 τελευ-

211 2018 497 2086 τησαντος,
518 2012 869 2086 παραστῆσαι
891 2012 947 2066 δὲ
972 2012 1059 2065 διὰ
1074 2010 1376 2083 μαρτύρων
1404 2010 1437 2081 ἢ
1468 2009 1564 2063 καὶ
1596 2010 1798 2082 ἑτέρως

214 2123 353 2174 πως,
387 2106 646 2179 ἀληθείας
703 2106 773 2158 τὰ
807 2104 937 2175 παρ’
965 2102 1127 2156 αὑτοῦ
1168 2102 1433 2172 λεγόμενα
1472 2100 1709 2172 ἔχεσθαι,
1736 2102 1796 2155 ού

213 2197 435 2252 δύναται
470 2213 482 2225 ·
518 2195 744 2251 διδόσθω
764 2196 840 2267 τῷ
877 2195 1018 2266 λόγῳ
1053 2194 1144 2248 τοῦ
1171 2195 1529 2266 κληρονόμου.
1699 2256 1703 2261 _

283 2289 378 2356 ις’.
429 2290 785 2344 Ἐκπίπτουσι
816 2290 871 2343 δὲ
908 2290 1007 2358 τῆς
1048 2288 1281 2359 νομίμου
1332 2286 1694 2358 κληρονομίας
1727 2286 1795 2340 δι’

217 2384 539 2457 ἀχαριστίαν
562 2424 579 2451 ,
633 2384 683 2439 οῖ
712 2383 810 2454 μὲν
868 2381 1056 2445 παῖδες
1088 2423 1102 2445 ,
1137 2383 1185 2434 εἰ
1216 2381 1341 2443 τοὺς
1370 2380 1531 2444 ἰδίους
1587 2379 1798 2449 τύψωσι

216 2479 407 2544 γονεῖς,
445 2478 493 2529 εἰ
531 2475 745 2545 βαρέως
792 2474 988 2538 αὐτοὺς
1020 2473 1340 2545 ὑϐρίσωσιν,
1382 2473 1414 2545 ἢ
1471 2471 1797 2545 ἐγκλήματα

215 2571 670 2640 κατηγορήσωσιν
698 2565 978 2638 αὑτοὺς,ῆ
1023 2566 1120 2619 καὶ
1171 2567 1691 2636 συκοφαντήσωσινο
1746 2566 1797 2619 εί

217 2661 528 2733 φαρμάκοις
554 2660 631 2725 ὡς
671 2661 960 2731 φαρμακός
1010 2675 1094 2723 τις
1130 2657 1311 2711 αὐτῶν
1342 2658 1790 2731 συναναστρέφειο

217 2754 262 2805 τί
290 2751 754 2808 ἐπιδουλεύσωσιν
812 2752 909 2823 οἴῳ
948 2749 1292 2825 [οἱῳδήποτε]
1345 2750 1532 2823 τρόπῳ
1562 2754 1627 2823 τῇ
1678 2750 1792 2824 ζωῇ

217 2844 389 2899 αὐτῶν
412 2860 432 2876 ο
461 2848 509 2898 εί
538 2846 606 2917 τῇ
647 2845 887 2916 μητρυιᾷ
910 2842 945 2914 ἢ
974 2842 1223 2920 παλλακῇ
1252 2843 1345 2896 τοῦ
1376 2844 1583 2915 πατρὸς
1612 2843 1793 2898 αὐτῶν

219 2937 542 3009 σωματικῶς
569 2954 656 2999 τις
686 2937 863 2990 αὐτῶν
904 2938 1039 3008 μιγῇ
1062 2952 1076 2966 ·
1102 2937 1150 2991 εί
1189 2936 1313 2999 τοὺς
1350 2938 1525 3005 γονεῖς
1560 2936 1791 3006 φυλακι-

222 3030 473 3101 ζομένους
514 3033 563 3085 oi
601 3030 831 3103 ἄρρενες
866 3029 1050 3093 παῖδες
1092 3028 1500 3100 προτραπέντες
1543 3028 1620 3101 μὴ
1647 3030 1791 3082 ἀντιι

221 3084 557 3195 φωνησουσιν
574 3137 589 3151 °
618 3084 691 3177 ειί⁸
708 3084 1363 3194 ήθυγάτηρῠμὴιέλεῖται
1396 3084 1645 3192 νομίμως
1670 3120 1793 3187 ζευ-
1818 3084 1864 3149 C

220 3215 403 3287 κθῆναι
426 3215 768 3286 βουλομένων
781 3213 890 3269 τῶν
916 3213 1148 3282 γονέων,
1169 3212 1283 3268 ἀλλ’
1299 3212 1540 3287 αίσχρῶς
1560 3213 1789 3283 διάγειν·

231 3311 279 3362 εἰ
327 3312 668 3382 μαινομένων
714 3311 821 3366 τῶν
863 3310 1069 3380 γονέων
1105 3309 1184 3383 μὴ
1230 3308 1461 3367 ἐλωνται
1505 3311 1554 3363 οἱ
1597 3309 1786 3374 παῖδες

220 3399 592 3459 ἁντιλαὸέσθαι
621 3403 826 3459 αὐτῶν.

803 3498 1056 3597 rimo:
1109 3538 1213 3597 ιον.

708 3653 848 3724 Περὶ
894 3654 1297 3724 κουρατόρων.

286 3768 353 3825 α’.
382 3770 444 3824 El.
466 3770 531 3824 ἐκ
552 3787 713 3824 τινων
749 3769 977 3841 ὀρφανοὶ
999 3770 1427 3842 καταλειφθῶσι,
1456 3770 1550 3826 καὶ
1584 3770 1790 3840 νήπιοι,

222 3864 310 3918 καὶ
324 3862 519 3918 ὕπεστι
544 3863 753 3927 τούτοις
785 3865 1104 3929 ὑπόστασις,
1130 3864 1179 3917 εί
1215 3864 1315 3935 μὲν
1334 3866 1385 3918 ol
1408 3865 1585 3932 γονεῖς
1611 3864 1792 3919 αὐτῶν

224 3956 569 4022 τελευτῶντες
590 3958 884 4029 ἐγγράφως
910 3956 1228 4030 κουράτορα
1248 3956 1459 4022 τούτοις
1483 3957 1790 4029 παρέασαν,

223 4050 561 4118 φυλαττέσθω
603 4049 811 4105 τούτων
864 4051 899 4122 ἡ
948 4050 1237 4122 βούλησις·
1270 4049 1410 4104 εἰδὲ
1447 4050 1543 4104 καὶ
1592 4050 1690 4121 μὴ,
1739 4050 1795 4103 oi.

225 4142 431 4212 εὐαγεῖς
463 4136 602 4197 οἶκοι
635 4142 735 4214 τὴν
763 4140 969 4196 τούτων
1008 4139 1371 4211 κουρατορίαν
1402 4141 1698 4211 ἐχέτωσαν,
1732 4141 1790 4194 ἐν

228 4235 315 4302 μὲν
344 4237 410 4306 τῇ
438 4234 790 4304 θεοφυλάκτῳ
815 4231 990 4305 ταύτῃ
1019 4232 1197 4297 πόλει,
1226 4232 1791 4304 τὸρρφανοτροφεῖον,

225 4325 310 4376 καὶ
349 4325 396 4377 οἱ
441 4323 620 4377 λοιποὶ
661 4324 879 4393 εὐαγεῖς
912 4316 1072 4389 οἶκοι,
1127 4323 1223 4376 καὶ
1256 4323 1314 4375 al
1354 4323 1793 4392 γεγνωρισμέναι

1905 1843 2031 1883 cum
2068 1843 2254 1881 eorum
2288 1826 2763 1882 administratione
2794 1826 2984 1897 plena:
3008 1837 3061 1882 et
3086 1829 3282 1899 aliquis
3311 1845 3492 1885 emer-

1905 1919 2062 1984 serit,
2090 1920 2180 1990 qui
2206 1931 2469 1990 queratur
2502 1937 2528 1972 a
2556 1919 2812 1974 defuncto
2849 1919 3080 1990 legatum
3110 1921 3210 1976 sibi
3238 1921 3486 1978 relictum

1903 2027 2046 2076 esse,
2076 2028 2264 2066 verum
2297 2027 2392 2082 per
2444 2022 2634 2077 testes,
2666 2021 2759 2066 aut
2808 2012 2914 2066 alio
2932 2028 3036 2082 quo
3070 2016 3225 2070 modo
3260 2016 3490 2085 probare

1906 2114 2139 2176 nequeat
2173 2120 2291 2160 esse
2326 2119 2450 2160 vera
2506 2120 2623 2176 qua:
2653 2105 2871 2170 dixerit,
2903 2104 3132 2162 hmredis
3175 2108 3489 2165 discretioni

1911 2197 2164 2251 traditor.

1976 2289 2061 2345 l6.
2113 2289 2387 2345 Amittuut
2413 2290 2781 2347 haereditatem
2817 2291 3113 2362 legitimam
3150 2305 3367 2363 propter
3404 2292 3488 2348 iu-

1903 2384 2312 2455 gratitudinem,
2347 2382 2439 2438 lilii
2472 2385 2713 2455 quidem,
2772 2386 2817 2440 si
2856 2395 3113 2455 parentes
3140 2402 3267 2441 suos
3296 2387 3490 2442 verhc-

1903 2474 2224 2546 raverint,!si
2256 2490 2449 2546 graves
2476 2477 2554 2532 eis
2587 2474 2810 2545 injurias
2834 2477 3087 2543 fecerint,
3119 2477 3162 2532 si
3188 2478 3490 2533 critninali-

1903 2577 1985 2623 ter
2005 2582 2100 2623 eos
2128 2569 2525 2635 accusaverim,
2559 2578 2653 2623 aut
2676 2569 2987 2623 calutnniati
3012 2570 3210 2623 ruerint
3239 2587 3253 2623 :
3282 2571 3325 2625 si
3364 2570 3490 2640 quis

1900 2673 2088 2713 eorum
2119 2673 2243 2712 cum
2299 2658 2576 2724 veneﬁcis,
2631 2666 2889 2730 tanquam
2919 2660 3213 2723 veneﬁcus,
3258 2674 3491 2715 conver-
3554 2668 3555 2671 ‘

1900 2759 2094 2805 satur:
2124 2750 2170 2805 si
2232 2750 2353 2805 vitte
2395 2750 2635 2819 ipsorum
2671 2764 3015 2821 quocumque
3070 2753 3228 2805 modo
3266 2750 3490 2806 insidias

1899 2844 2223 2908 struxerint,
2253 2844 2298 2898 si
2330 2844 2454 2914 quis
2483 2858 2671 2899 eorum
2705 2858 2828 2898 cum
2870 2860 3129 2912 noverca,
3173 2844 3253 2897 vel
3283 2860 3489 2899 concu-

1898 2936 2027 2993 bina
2053 2936 2244 3007 patris,
2271 2935 2565 2991 carnaliter
2586 2935 2781 2991 coierit
2808 2937 2887 2990 :si
2913 2952 3010 3006 pro
3033 2936 3371 3007 parentibus,
3396 2936 3488 3007 qui

1899 3029 2213 3085 carceribus
2235 3027 2569 3093 detinentur,
2604 3028 2779 3100 rogati
2807 3044 2873 3083 eo
2908 3031 3125 3085 nomine
3163 3031 3317 3084 liberi
3372 3047 3489 3083 ma-

1905 3119 2069 3185 sculi,
2094 3133 2198 3174 non
2228 3118 2655 3174 intervenerint:
2684 3120 2729 3173 si
2752 3118 2860 3173 {ilia
2882 3119 3139 3190 legitimis
3163 3122 3371 3191 nuptiis
3396 3136 3487 3176 co-

1901 3210 2077 3281 pulari
2106 3210 2269 3276 nolit,
2303 3210 2623 3281 parentibus
2678 3211 2731 3265 id
2768 3210 3109 3278 volentibus;
3149 3213 3242 3267 sed
3273 3225 3485 3282 turpem

1902 3304 2067 3357 vitam
2096 3315 2257 3370 agere
2286 3300 2480 3357 malit:
2518 3301 2562 3356 si
2612 3300 2931 3371 parentibus
2972 3300 3158 3357 furore
3188 3304 3486 3375 correptis,

1899 3392 2055 3450 liberi
2082 3407 2271 3450 curam
2313 3407 2505 3449 eorum
2535 3393 2818 3463 suscipere
2851 3393 3046 3448 nolint.

2461 3522 2763 3581 TITULUS
2792 3522 2938 3580 XIX.

2465 3641 2541 3697 De
2562 3641 2917 3698 curatoribus.

1973 3780 2023 3835 ι.
2057 3776 2115 3834 Si
2149 3776 2217 3832 ab
2246 3774 2517 3845 aliquibus
2565 3773 2743 3829 relicti
2801 3771 2989 3844 pupilli
3048 3771 3274 3840 fuerint,
3316 3779 3371 3829 et’
3400 3774 3485 3828 in-

1896 3872 2095 3938 fantes,
2136 3871 2227 3942 qui
2264 3867 2659 3940 patrimonium
2694 3866 2916 3936 aliquod
2965 3865 3185 3929 habent,
3213 3866 3481 3935 siquidem

1901 3974 2154 4038 parentes
2195 3978 2386 4018 eorum
2443 3962 2797 4025 decedentes,
2828 3960 2880 4015 in
2913 3958 3138 4029 scriptis
3170 3970 3481 4014 curatorem

1898 4059 2031 4128 ipsis
2067 4056 2466 4126 relinquerunt,
2500 4053 2749 4107 voluntas
2784 4050 3027 4121 ipsorum
3058 4059 3302 4107 servator
3338 4070 3350 4106 :
3396 4052 3480 4107 sin

1900 4161 2105 4216 autem,
2145 4146 2483 4204 venerabiles
2509 4148 2700 4201 domus
2727 4159 2913 4199 eorum
2943 4142 3275 4200 curator-iam
3308 4145 3481 4199 susci-

1893 4242 2107 4311 piunto,
2127 4242 2179 4295 in
2205 4240 2470 4296 custodita
2491 4238 2709 4306 quidem
2736 4235 2991 4290 divinitus
3011 4239 3109 4289 hac
3127 4237 3279 4303 urbe,
3304 4236 3480 4307 ipsum

1894 4333 2437 4403 orphanmrophium,
2459 4343 2514 4387 et
2537 4338 2745 4385 caetera:
2776 4331 2967 4384 domus
2996 4327 3285 4399 religiosa),
3309 4339 3363 4383 et
3388 4344 3482 4383 ec-

226 4413 495 4486 ἐκκλησίαι
524 4431 536 4443 ·
570 4417 626 4467 ἐν
655 4413 713 4469 δὲ
746 4414 869 4477 ταῖς
915 4412 1210 4484 ἐπαρχίαις
1243 4413 1312 4467 τὰ
1342 4412 1693 4476 ἐπισκοπεῖα,
1724 4414 1794 4469 τὰ

1902 4425 2078 4481 clesiac
2100 4436 2243 4480 noue
2268 4444 2283 4478 :
2313 4425 2364 4479 in
2394 4422 2685 4494 provinciis
2711 4436 2861 4487 vero,
2892 4422 3189 4491 episcOpia,
3216 4433 3484 4478 monaste-

231 4510 569 4579 μοναστήρια,
615 4511 712 4561 καὶ
752 4507 811 4560 αἱ
854 4504 1167 4576 ἐκκλησίαι,
1218 4504 1413 4575 μέχρις
1461 4503 1584 4558 ὅτου
1650 4505 1788 4577 πρὸς

226 4598 388 4669 γάμου
432 4598 623 4671 καιρὸν
666 4597 1043 4662 καταντῶντες
1077 4599 1126 4665 οἱ
1172 4596 1502 4668 κληρονόμοι
1539 4597 1785 4669 ζευχθῶ-

229 4704 321 4746 σιν.

290 4778 352 4848 β’.
396 4781 457 4834 Εί
501 4779 685 4834 δὲκαὶ
737 4779 875 4852 πρὸς
926 4781 1104 4850 γάμον
1135 4779 1313 4835 ἐλθεῖν
1361 4780 1411 4832 oi
1445 4779 1676 4834 τοιοῦτοι
1728 4782 1790 4835 ού

230 4870 513 4939 βούλονται,
568 4875 764 4945 μέχρις
806 4872 1156 4937 είκοσαετοῦς
1187 4875 1380 4946 χρόνου
1418 4871 1543 4935 τοὺς
1591 4874 1791 4936 αὐτοὺς

228 4967 423 5034 εὐαγεῖς
450 4968 653 5031 οἴκους,
682 4967 753 5019 τὰ
788 4967 1151 5037 μοναστήρια,
1203 4970 1298 5019 καὶ
1329 4966 1427 5030 τὰς
1470 4967 1789 5037 ἐκκλησίας,

229 5056 312 5118 τὰς
350 5056 598 5119 τοιαύτας
654 5056 980 5119 ὑποστάσεις
1020 5058 1491 5127 παραφυλάττειν,
1545 5061 1638 5113 καὶ
1688 5055 1789 5112 εἷθ’

229 5144 378 5210 οὕτως
399 5146 698 5210 ἁνελλιπῶς
719 5145 921 5211 ταύτας
952 5151 1063 5211 τοῖς
1087 5149 1400 5219 εἰρημένοις
1425 5150 1789 5221 κληρονόμοις

231 5236 529 5293 ἀποδιδόναι.
564 5238 637 5291 Οὐ
667 5240 776 5306 γὰρ
800 5237 1026 5307 ἀρεστὸν
1060 5238 1137 5305 τῷ
1172 5238 1289 5309 Θεῷ
1322 5241 1437 5292 ἐστι
1459 5280 1473 5304 ,
1501 5241 1563 5293 τὸ
1615 5240 1789 5293 καθά-

232 5344 321 5399 περ
342 5334 495 5402 μέχρι
519 5331 610 5385 τοῦ
640 5329 737 5384 νῦν
758 5331 1093 5402 κουράτορας
1118 5331 1340 5403 ἐτέρους
1367 5332 1789 5401 προϐάλλεσθαι,

234 5425 398 5493 καὶτὰ
446 5428 552 5480 τῶν
579 5422 830 5497 ὀρφανῶν
863 5424 1189 5491 κατεσθίειν,
1225 5426 1511 5489 κάκείνους
1557 5442 1788 5496 apocat-

232 5515 350 5568 τεῖν.
376 5517 433 5568 Οἱ
452 5518 560 5586 γὰρ
586 5512 970 5584 εὑαγείςοῖκοι,
997 5517 1089 5569 καὶ
1118 5515 1283 5569 αἰτοῦ
1314 5516 1449 5570 Θεοῦ
1479 5518 1789 5587 ἐκκλησίαι,

236 5603 277 5653 oi
306 5606 386 5658 καὶ
418 5610 522 5661 τῶν
578 5607 754 5659 ἄλλων
811 5609 1223 5678 προϊστάμενοι,
1280 5611 1373 5662 καὶ
1416 5609 1542 5674 τοὺς
1583 5610 1790 5676 ξένους,

236 5693 297 5759 ὡς
327 5700 494 5769 ἰδίους,
534 5698 682 5755 κατὰ
716 5698 811 5768 τὴν
845 5700 1061 5770 ἐντολὴν
1090 5698 1184 5754 τοῦ
1222 5700 1427 5773 Κυρίου
1454 5700 1788 5773 ξενοδοκοῦν-

1892 4517 1972 4569 ria
2002 4527 2056 4569 et
2108 4515 2373 4579 ecclesiae,
2429 4529 2714 4584 quousque
2772 4513 3090 4581 nuptiarum
3132 4514 3199 4567 ad
3265 4524 3480 4585 tempus

1894 4606 2136 4662 haredes
2196 4608 2419 4677 propius
2454 4605 2798 4669 accedentes,
2846 4605 3193 4659 matrimonio
3223 4608 3481 4675 c0pulcn-

1896 4708 2004 4754 ιιιιδ.

1963 4787 2019 4841 2.
2050 4784 2145 4841 Sin
2169 4784 2240 4839 illi
2268 4800 2327 4839 se
2354 4784 2421 4838 ad
2441 4782 2846 4838 matrimonium
2881 4782 3130 4838 conferre
3161 4782 3356 4849 nolint,
3387 4800 3478 4838 us—

1893 4894 2000 4949 que
2026 4878 2092 4932 ad
2121 4892 2320 4931 annum
2358 4876 2677 4946 vigesimum
2727 4874 2930 4929 eaedem
2964 4877 3155 4930 domus
3182 4874 3473 4944 religioso,

1893 4971 2247 5036 monasteria,
2267 4980 2319 5023 et
2344 4968 2608 5032 ecclesias,
2639 4967 2901 5037 ejusmodi
2946 4968 3264 5037 patrimonia
3298 4977 3478 5021 custo-

1894 5062 2064 5128 diant,
2095 5070 2254 5130 atque
2283 5060 2354 5113 ita
2404 5058 2603 5114 deinde
2637 5059 2755 5113 sine
2781 5058 2993 5112 defectu
3015 5073 3075 5111 ea
3108 5057 3267 5112 dictis
3301 5058 3474 5112 hmre—

1895 5154 2055 5208 dibus
2091 5152 2394 5205 restituant.
2439 5147 2553 5203 Non
2584 5151 2726 5202 enim
2776 5158 3058 5217 acceptum
3103 5158 3183 5202 est
3219 5149 3346 5211 Deo,
3381 5165 3477 5202 cu-

1894 5255 2104 5299 ratores
2162 5244 2295 5298 alios
2354 5244 2636 5307 constitui,
2703 5242 3153 5311 quemadmodum
3215 5242 3266 5295 in
3333 5243 3476 5297 hunc

1894 5351 2066 5408 usque
2096 5336 2238 5389 diem
2270 5332 2474 5389 factum
2504 5332 2628 5400 fuit,
2661 5335 2751 5403 qui
2780 5331 3106 5403 pupillorum
3138 5330 3277 5386 bona
3308 5334 3473 5387 devo-

1894 5439 2059 5497 rent,
2121 5428 2250 5497 ipsis
2311 5426 2769 5481 mendicantibus.
2846 5424 3055 5492 Quippe
3135 5425 3473 5480 venerabiles

1895 5523 2110 5586 domus,
2144 5532 2198 5575 et
2248 5521 2496 5575 ecclesia:
2550 5518 2661 5582 Dei,
2694 5533 2813 5587 qua:
2850 5517 2969 5569 aliis
2995 5517 3157 5569 etiam
3212 5530 3471 5584 praesunt,

1893 5626 1950 5669 et
1991 5613 2218 5674 alienos,
2252 5623 2507 5676 tanquam
2552 5625 2699 5675 suos,
2731 5608 2886 5678 juxta
2920 5609 3128 5662 Domini
3161 5613 3469 5663 mandatum

1895 5701 2147 5772 hospitiis
2198 5702 2499 5771 excipiunt,
2542 5700 2707 5755 mulli
2743 5702 2912 5770 magis
2946 5698 3109 5773 _b0na
3154 5701 3473 5773 pupillorum
