4042 6344
577 250 692 318 519

1569 254 2079 317 CONSTANTINI
2113 255 2783 319 PORPHYROGENITI

3723 250 3828 322 520

579 380 904 437 quacunque
920 365 1201 436 specie,_ac
1223 380 1300 433 re,
1333 365 1724 422 interveniente
1745 367 1902 437 pretii
1934 367 2147 436 pactio-

2272 370 2531 440 [ουμένης
2597 370 2913 424 συνίσταται
2979 364 3200 428 ἀδόλως.
3255 363 3452 418 Ἦνίκα
3496 359 3588 419 οὖν
3619 366 3656 437 ἡ
3698 363 3827 437 τιμὴ

581 475 666 515 ne.
690 460 823 514 Cum
843 461 1008 530 igitur
1036 462 1110 515 rei
1161 465 1392 531 pretium
1417 463 1484 517 ab
1505 473 1750 532 emptore
1767 464 1949 517 datum
1977 463 2158 525 fuerit.

584 567 687 606 non
714 552 837 606 licet
884 553 1147 623 ejusmodi
1204 553 1565 610 venditionem
1615 555 2002 624 paenitentibus
2031 555 2162 624 ipsis

583 645 914 699 rescindere.

653 737 706 791 2.
741 736 872 790 Nam
889 738 1040 791 debet
1054 748 1265 808 emptor
1280 749 1404 794 ante
1423 748 1756 795 contractum
1776 751 1830 795 et
1850 743 2162 800 examinare

582 844 698 884 rem
730 839 784 884 et
813 841 1065 885 accurate
1094 831 1369 901 inquirere
1413 844 1578 902 atque
1609 834 1681 888 ita
1714 835 2056 891 contrahere.

654 1009 709 1064 5.
769 1009 824 1064 Si
879 1025 1009 1066 vero
1057 1011 1336 1082 deinceps,
1413 1023 1471 1068 ut
1512 1015 1627 1070 ﬁeri
1674 1014 1832 1080 solet,
1887 1006 2161 1072 venditum

584 1118 780 1173 corpus
805 1103 1077 1159 inventum
1102 1105 1265 1160 fuerit
1310 1123 1430 1163 esse
1463 1108 1714 1176 liberum,
1765 1109 1846 1164 vel
1875 1109 2169 1181 lymphati-

587 1211 736 1258 cum,
770 1198 1031 1252 venditori
1067 1200 1396 1254 redhibetur.

656 1285 710 1340 4.
735 1284 793 1341 Si
823 1285 984 1341 arrha
1018 1289 1138 1342 data
1173 1287 1336 1344 fuerit
1363 1291 1412 1344 in
1464 1306 1806 1362 quocumque
1858 1303 2162 1360 contractu,

587 1393 751 1446 quum
789 1394 892 1434 non
940 1378 1193 1449 impletus
1252 1380 1414 1436 luerit
1450 1395 1761 1438 contractus
1788 1385 1935 1439 illius
1986 1387 2161 1456 culpa.

585 1470 679 1538 qui
705 1470 918 1524 arrham
951 1471 1116 1539 dedit,
1149 1472 1387 1529 lucretur
1415 1474 1632 1530 arrham
1683 1477 1749 1540 is,
1789 1477 1882 1546 qui
1913 1477 2120 1547 accepit
2149 1495 2164 1532 :

587 1561 670 1613 sin
741 1559 859 1628 ejus
940 1563 1302 1633 negligentia,
1356 1568 1448 1635 qtti
1519 1567 1736 1622 arrham
1790 1569 2021 1640 accepit,
2082 1585 2170 1625 res

590 1651 826 1722 perfecta
852 1668 954 1707 non
989 1652 1172 1722 fuerit,
1216 1655 1403 1712 reddat
1436 1673 1554 1713 eam
1591 1659 1688 1725 illi,
1712 1660 1801 1730 qui
1847 1662 2014 1721 dedit.
2044 1677 2164 1717 cum

590 1742 765 1797 altero
795 1752 962 1798 tanto.

661 1848 696 1903 5
745 1849 803 1904 Si
833 1865 1022 1906 servus
1045 1851 1299 1906 venditus
1328 1863 1424 1907 aut
1453 1853 1595 1909 diem
1623 1855 1840 1923 obierit,
1885 1868 1976 1912 aut
2014 1871 2169 1930 parte

589 1941 838 2012 corporis
874 1940 1034 1997 laesus
1063 1944 1246 2008 fuerit,
1284 1944 1540 1999 nimirum
1575 1949 1729 2015 pede,
1758 1947 1842 2003 vel
1865 1965 2071 2014 manu,.
2086 1949 2167 2006 vel

593 2033 750 2088 oculo
776 2050 790 2088 :
813 2043 906 2087 aut
933 2035 980 2090 si
1001 2035 1196 2090 domus
1233 2036 1488 2093 distracta
1517 2039 1608 2103 sit,
1640 2049 1732 2094 aut
1762 2057 1886 2110 pars
1910 2041 2049 2110 ejus,
2084 2042 2166 2098 vel

593 2124 846 2194 totaigne
884 2125 1168 2196 absumpta
1217 2125 1381 2181 fuerit
1409 2144 1422 2181 :
1458 2137 1554 2182 aut
1583 2143 1712 2200 ager
1738 2131 1786 2184 vi
1817 2130 2052 2187 ﬂuminis
2083 2143 2168 2187 to~

597 2222 704 2280 tus,
727 2226 820 2270 aut
849 2216 1026 2284 aliqua
1063 2225 1216 2286 parte
1257 2226 1464 2287 pereat,
1497 2228 1592 2273 aut
1628 2218 1789 2275 arbor
1817 2236 1845 2276 a
1875 2232 2037 2276 vento
2072 2222 2170 2275 de-

591 2305 734 2374 jecta
779 2308 897 2363 sit:
954 2308 1008 2362 in
1083 2309 1166 2363 his
1240 2309 1492 2365 omnibus
1558 2312 1813 2366 damnum
1874 2323 2171 2384 emptorem

596 2407 820 2468 spectat.

667 2489 720 2546 6.
752 2489 807 2546 Si
836 2507 1027 2549 servus
1055 2495 1222 2549 'meus
1254 2496 1368 2566 agri
1423 2495 1622 2551 venditi
1678 2498 1938 2552 terminos
1984 2505 2171 2553 osten-

595 2582 726 2638 dere
761 2583 968 2652 jussus,
994 2586 1114 2656 plus
1142 2589 1459 2654 ostenderit,
1511 2589 1789 2660 idque'jel
1838 2591 1962 2646 dolo
2004 2592 2170 2656 malo,

593 2675 680 2728 vel
704 2691 799 2745 per
839 2675 1216 2747 ignorantiam,
1253 2696 1360 2734 non
1395 2681 1507 2751 ipse
1533 2681 1886 2738 condemnor.
1910 2680 2053 2739 Idem
2077 2699 2174 2738 va-

596 2767 670 2822 let
702 2768 936 2825 etiamiu
968 2771 1280 2836 traditione,
1314 2789 1436 2828 cum
1478 2774 1664 2846 incipit
1691 2779 1986 2847 possessio.

669 2876 724 2934 7.
756 2876 814 2932 Si
847 2888 971 2932 ante
1000 2879 1348 2935 traditionem
1384 2895 1574 2938 servus
1593 2882 1846 2939 venditus
1877 2881 2178 2954 aufugerit,

2255 459 2352 514 τοῦ
2393 462 2716 531 πράγματος
2770 459 2849 531 τῷ
2907 458 3205 529 ⁴Ιῖγορακότι
3254 457 3403 528 δοθῇ,
3437 456 3536 528 τὴν
3580 460 3831 529 τοιαύτην

2260 554 2464 622 πρᾶσιν
2535 556 2599 606 ὲκ
2661 552 3160 629 μεταμελοξέμένων
3223 548 3405 604 αὐτῶν
3471 549 3544 620 μὴ
3602 553 3830 622 ἀνατρέ-

2261 644 2480 698 πεσθαι.
2974 636 2984 647 ’

2336 736 2400 806 β’.
2447 738 2537 788 Δεῖ
2567 735 2676 805 γὰρ
2713 734 2803 787 τὸν
2842 732 3152 804 ἀγοραστὴν
3189 733 3294 804 πρὸ
3322 731 3417 785 τοῦ
3454 731 3832 802 συναλλάγμα-

2261 843 2354 889 τος
2391 826 2456 878 δι’
2509 823 2741 895 ἐρεύνης
2772 822 3047 892 γενέσθαι,
3105 821 3198 874 καὶ
3241 817 3503 890 ἀκριϐοῦν
3543 816 3836 892 [διερευνᾷν

2264 924 2321 974 ὲν
2348 917 2652 990 ἀκριϐείᾳῘ,
2689 919 2784 971 καὶ
2821 915 2964 970 οὕτω
2998 915 3376 968 συναλὰσσειν.

2334 1011 2403 1079 γ’.
2441 1011 2504 1063 El
2527 1011 2605 1076 δὲ,
2643 1010 2717 1072 ὡς
2754 1009 2922 1073 εἰκὸς,
2963 1010 3103 1079 μετὰ
3127 1007 3289 1061 τοῦτο
3325 1008 3523 1080 εὑρεθῇ
3548 1008 3608 1060 τὸ
3636 1006 3836 1078 πραθὲν

2268 1102 2436 1175 [κατά
2458 1101 2556 1174 τὴν
2589 1102 2837 1173 πρᾶσιν1,
2877 1101 3042 1172 σῶμα
3089 1099 3396 1172 ἐλεύθερον,
3449 1102 3483 1175 ἢ
3519 1102 3616 1155 καὶ
3650 1099 3836 1170 δαιμο-

2267 1195 2393 1260 νῶν,
2419 1195 2580 1248 τοῦτο
2613 1193 2976 1248 ἀναδίδοσθαι.

2339 1290 2399 1343 δ’.
2439 1288 2565 1342 Ἐὰν
2631 1286 2888 1359 ἀρραὀὼν
2941 1286 3069 1358 δοθῇ
3129 1287 3190 1340 ὲν
3237 1286 3535 1358 οίῳδήποτε
3586 1283 3843 1340 συναλλά-

2268 1399 2458 1453 γματι,
2519 1381 2594 1442 ὡς
2635 1377 2861 1442 ἀτελοῦς
2910 1379 3062 1442 δντος
3107 1377 3200 1430 τοῦ
3257 1378 3748 1450 συναλλάγματος,
3787 1377 3842 1440 ἐξ

2268 1473 2660 1544 ἀγνωμοσύνης
2695 1473 2790 1542 μὲν
2814 1471 2904 1525 τοῦ
2931 1471 3242 1535 δεδωκότος,
3265 1473 3321 1524 ἐν
3350 1471 3531 1543 κέρδει
3550 1469 3791 1539 γενέσθω
3817 1471 3842 1522 ὀ

2269 1566 2524 1640 ἀρραϐὼν
2559 1565 2649 1618 τοῦ
2684 1565 2959 1628 λαϐόντος.
2994 1562 3058 1616 Ei
3086 1563 3142 1616 δὲ
3165 1564 3224 1628 ἐξ
3253 1563 3512 1633 ἀμελείας
3538 1561 3634 1614 τοῦ
3666 1561 3844 1614 λαϐὸν.

2271 1676 2362 1724 τος
2393 1660 2453 1712 οὐ
2493 1657 2710 1730 πραχθῇ
2749 1656 2808 1710 τὸ
2837 1655 2996 1727 ἔργον
3025 1659 3104 1718 εἰς
3130 1656 3305 1720 τέλος,
3347 1653 3682 1708 ἀναδιδόσθω
3716 1654 3842 1724 μετά

2272 1753 2366 1806 καὶ
2397 1751 2558 1806 ἄλλου
2596 1749 2853 1804 τοσούτου
2886 1749 2964 1819 τῷ
2997 1749 3254 1802 δεδωκότι
3287 1749 3472 1803 αὐτόν.

2337 1854 2398 1910 ε’.
2441 1855 2501 1908 Ὀ
2559 1852 2912 1926 πεπραμένος
2941 1853 3161 1923 οἰκέτης
3202 1853 3250 1904 εἰ
3285 1854 3380 1906 καὶ
3418 1850 3736 1920 τελευτήσει
3766 1893 3780 1916 ,
3809 1850 3840 1919 ἢ

2277 1947 2443 2018 μέρος
2494 1962 2548 1998 τι
2595 1945 2766 2017 βλαϐῇ
2811 1945 2907 1998 τοῦ
2968 1943 3246 2014 σώματος,
3298 1943 3457 2009 πόδα,
3511 1943 3544 2013 ἢ
3593 1945 3772 2013 χεῖρα,
3812 1942 3842 2011 ἧ

2273 2039 2552 2109 ὀφθαλμόν
2577 2057 2592 2069 ·
2631 2038 2663 2108 ἢ
2692 2038 2841 2091 οἰκία
2879 2038 3030 2091 ἐστὶν
3062 2039 3097 2109 ἡ
3127 2036 3457 2107 πεπραμένη
3481 2076 3496 2101 ,
3537 2038 3635 2089 καὶ
3667 2035 3845 2104 μέρος⁹

2276 2131 2309 2202 ἢ
2359 2134 2507 2186 πᾶσα
2539 2133 2670 2200 πυρὶ
2703 2131 3013 2201 δαπανηθῇ·
3051 2129 3082 2201 ἢ
3112 2130 3282 2202 ἀγρὸς
3313 2129 3405 2200 βίᾳ
3436 2125 3688 2200 ποταμοῦ
3711 2125 3842 2188 ὅλος.

2277 2223 2310 2293 ἢ
2343 2223 2508 2294 μέρος
2538 2224 2859 2288 ἀπόλλυται,
2888 2220 3158 2293 ἢδένδρον
3192 2223 3252 2288 ἐξ
3279 2223 3484 2293 ἀνέμου
3522 2220 3843 2274 καταπεσόνο

2274 2311 2369 2364 ἐπὶ
2417 2310 2620 2365 τούτων
2654 2312 2872 2365 πάντων
2903 2314 2936 2382 ἡ
2980 2312 3149 2380 ζημία
3199 2311 3290 2364 τὸν
3321 2310 3635 2381 ἀγοραστὴν
3665 2312 3782 2382 ὁρᾷ.

2351 2504 2425 2563 ς’.
2470 2497 2594 2551 Ἐὰν
2616 2495 2929 2559 κελευσθεὶς
2962 2496 2989 2548 6
3018 2495 3202 2559 δοῦλός
3247 2513 3348 2566 μου
3379 2497 3504 2558 τοὺς
3539 2496 3699 2567 ὅρους
3728 2495 3848 2546 ὕπο-

2273 2590 2444 2656 δεῖξαι
2469 2590 2562 2643 τοῦ
2593 2590 2894 2662 πραθέντος
2925 2588 3118 2658 ἀγροῦ,
3148 2587 3311 2642 πλέον
3342 2589 3625 2661 ὑποδείξῃ,
3659 2589 3689 2657 ἦ
3720 2586 3846 2642 κατὰ

2273 2681 2444 2745 δόλον,
2497 2681 2530 2752 ἢ
2588 2682 2708 2734 κατ’
2745 2681 2992 2744 ἄγνοιαν,
3026 2681 3085 2732 οὐ
3129 2678 3592 2746 καταδικάζομαι.
3631 2677 3703 2730 Τδ
3729 2675 3848 2732 αὐτὸ

2275 2777 2372 2830 καὶ
2408 2777 2500 2829 ἐπὶ
2538 2774 2912 2844 παραδόσεως,
2944 2773 3118 2843 νομῆς
3145 2771 3442 2842 ἀρχούσης.

2347 2880 2415 2944 ζ’.
2455 2881 2517 2933 El
2547 2879 2653 2952 πρὸ
2689 2878 3042 2951 παραδόσεως
3089 2878 3235 2948 φύγῃ
3262 2879 3290 2931 6
3319 2876 3553 2947 πραθεὶς
3585 2875 3784 2942 δοῦλος,
3813 2876 3843 2947 ἧ

596 2977 690 3024 aut
721 2969 794 3024 ita
838 2968 983 3026 l‘urto
1029 2972 1337 3029 subtractus
1372 2974 1442 3032 ab
1477 2975 1662 3044 aliquo
1696 2974 1881 3042 fuerit,
1917 2985 1976 3030 ut
2017 2975 2174 3031 dolu

2276 2973 2373 3026 καὶ
2399 2972 2579 3043 κλαπῇ
2609 2971 2710 3024 ὑπό
2729 2987 2896 3035 τινος,
2924 2969 2999 3033 ὡς
3031 2970 3104 3040 μὴ
3135 2969 3287 3023 δόλον
3313 2968 3346 3039 ἢ
3375 2969 3661 3041 ῥαθυμίαν
3699 2969 3841 3038 ἐλέγ-

597 3060 774 3118 ιηοὶιιι
801 3069 896 3116 aut
923 3063 1077 3134 culpa
1105 3063 1159 3118 in
1184 3064 1266 3119 his
1316 3064 1532 3134 probari
1562 3075 1797 3136 nequeat
1823 3107 1841 3136 ,
1877 3067 1984 3124 hoe
2016 3068 2174 3124 modo

2279 3064 2470 3137 χεσθαι
2512 3063 2642 3136 περὶ
2680 3064 2874 3129 ταῦτα,
2923 3064 2971 3116 εί
3023 3061 3118 3116 τοῦ
3158 3061 3370 3132 πράτου
3410 3063 3468 3115 τὸ
3503 3060 3844 3133 ζημιοῦσθαι,

596 3151 797 3221 inquiri
821 3151 1000 3220 debet,
1032 3169 1099 3209 an
1129 3155 1430 3211 venditoris
1483 3156 1586 3212 hoc
1609 3158 1810 3215 damno
1835 3159 1928 3216 sit.
1959 3159 2169 3230 Quippe

2278 3159 2358 3212 δεῖ
2409 3156 2582 3222 οὕτως
2638 3156 2897 3229 ζητῆσαι.
2940 3155 3003 3207 El
3060 3155 3160 3226 μὲν
3198 3155 3278 3218 είς
3337 3154 3534 3207 ἑαυτὸν
3564 3157 3594 3208 6
3649 3155 3846 3225 πράτης

597 3239 648 3294 si
676 3239 920 3295 venditor
948 3242 1000 3297 in
1025 3256 1083 3297 se
1103 3245 1406 3299 custodiam
1455 3246 1598 3301 servi
1641 3246 1845 3303 venditi
1878 3251 2171 3317 receperit,

2281 3249 2565 3315 ἀνεδέξατο
2594 3247 2696 3319 τὴν
2751 3246 2846 3300 τοῦ
2881 3247 3238 3317 πεπραμένον
3303 3247 3516 3299 οἰκέτου
3587 3246 3843 3315 φυλακὴν,

598 3325 718 3397 ipse
738 3327 990 3384 damnum
1023 3330 1148 3386 hinc
1201 3348 1485 3404 emergens
1517 3345 1814 3405 agnoscet:
1857 3338 1940 3396 sin
1970 3355 2089 3396 eam
2117 3342 2173 3395 in

2281 3345 2375 3398 καὶ
2414 3342 2577 3406 αὐτὸς
2615 3342 2981 3412 ἐπιγνώσεται
3008 3343 3108 3410 τὴν
3160 3340 3407 3394 ἐντεῦθεν
3441 3339 3683 3411 ζημίαν·
3720 3341 3766 3392 εί
3793 3339 3842 3392 δὲ

599 3431 660 3472 se
689 3431 796 3473 non
831 3421 1056 3489 recepit,
1088 3435 1312 3479 securus
1340 3426 1465 3481 erit.
1507 3427 1652 3482 idem
1686 3437 1740 3483 et
1774 3429 1828 3484 in
1852 3429 2174 3488 animal'lms

2284 3435 2360 3506 μὴ
2396 3433 2679 3500 ἀνεδέξατο
2734 3435 2815 3496 είς
2871 3433 3089 3497 ἑαυτὸν,
3137 3433 3249 3499 ’ἑξει
3296 3434 3356 3487 τὸ
3401 3433 3724 3504 ἀμέριμνον.
3779 3431 3843 3483 T6

599 3511 834 3575 caeteris,
875 3521 934 3565 ut
982 3526 1142 3581 equo,
1179 3516 1411 3583 camelo,
1451 3526 1508 3574 et
1546 3521 1874 3590 quicumque
1900 3532 2027 3577 sunt
2062 3521 2174 3590 ejus

2281 3525 2414 3580 αὐτὸ
2461 3525 2556 3580 καὶ
2621 3524 2713 3578 ἐπὶ
2753 3524 2863 3578 τῶν
2919 3523 3122 3578 λοιπῶν
3159 3523 3334 3589 ζώων,
3368 3519 3480 3578 οἷον
3525 3524 3718 3588 ἵππου,
3759 3523 3842 3576 καὶ

599 3602 838 3670 generis.
863 3600 1093 3657 Prorsus
1114 3616 1294 3661 autem
1314 3610 1560 3665 venditor
1582 3611 1816 3681 emptori
1846 3611 1914 3668 de
1939 3612 2174 3670 dominio

2279 3618 2553 3688 καμήλου,
2582 3617 2678 3671 καὶ
2705 3617 2807 3670 ὅσα
2842 3615 3071 3671 τοιαῦτά
3095 3617 3236 3670 ἐστι.
3267 3617 3489 3680 Πάντως
3506 3616 3567 3670 δὲ
3601 3614 3846 3687 χρεωσιεῖ

600 3704 654 3750 et
685 3695 953 3751 evictione
974 3705 1209 3754 tenetur.

2280 3713 2309 3765 6
2340 3711 2554 3781 πράτης
2597 3709 2677 3781 τῷ
2707 3711 2984 3782 ἀγοραστῇ
3016 3708 3133 3780 ,τὴν
3177 3708 3538 3762 διαυθέντισιν
3580 3709 3676 3763 καὶ
3717 3705 3846 3760 ὲκδέ-

2283 3820 2466 3875 κησιν.

670 3894 726 3949 8.
760 3895 817 3950 Si
847 3911 936 3966 qu.
963 3914 1076 3954 rem
1103 3916 1445 3959 communem
1493 3903 1752 3960 habentes
1781 3905 1924 3960 inter
1951 3921 2011 3961 se
2041 3907 2174 3978 pacti

2355 3911 2428 3978 η’.
2481 3905 2611 3960 Ἐάν
2652 3921 2795 3967 τινες
2818 3904 3091 3958 ἐπίκοινον
3118 3905 3354 3974 πρᾶγμα
3384 3904 3608 3973 ἔχοντες
3641 3918 3845 3973 συμφω-

603 3982 825 4052 fuerint,
855 3998 915 4042 ut
943 3991 1119 4044 neutri
1151 3991 1314 4046 liceat
1343 3993 1549 4065 absque
1589 3995 1758 4051 altero
1786 4011 1904 4082 rem_
1927 4012 2044 4052 eam
2076 3998 2174 4054 dis-

2284 4001 2509 4071 νήσωσι,
2554 4000 2839 4071 μηδετέρῳ
2900 3998 3080 4052 αὐτῶν
3107 3997 3306 4063 ἐξεῖναι
3353 3997 3480 4050 ἄνευ
3521 3995 3711 4068 ἑτέρου
3741 4011 3842 4082 me

605 4077 856 4132 trahere:
884 4095 1050 4150 quum
1091 4097 1226 4139 unus
1256 4094 1460 4154 partem
1499 4101 1651 4141 suam
1675 4077 1912 4144 vendere
1931 4089 2185 4154 voluerit,

2287 4090 2399 4144 λεϊν
2446 4091 2508 4144 τὸ
2538 4091 2796 4161 πρᾶγμα,
2845 4089 2939 4142 ὲάν
2975 4089 3004 4140 6
3035 4081 3114 4150 είς
3147 4084 3362 4157 θε⁶λήσει
3395 4087 3456 4140 τὸ
3489 4088 3659 4156 μέρος
3695 4081 3842 4138 αὐτοῦ

601 4180 656 4220 et
685 4170 1087 4225 attestationem
1133 4174 1198 4226 ad
1226 4174 1454 4229 alterum
1499 4179 1564 4231 de
1609 4178 1920 4234 venditione
1964 4179 2046 4234 vel
2070 4195 2174 4235 em-

2288 4182 2508 4246 πωλεῖν,
2556 4183 2648 4236 καὶ
2707 4179 3137 4252 διαμαρτύρεται
3187 4181 3279 4232 τὸν
3305 4181 3492 4250 ἕτερον
3525 4182 3660 4251 περὶ
3689 4177 3776 4231 τοῦ
3815 4175 3842 4244 ἢ

605 4260 791 4329 ptione
818 4260 1357 4334 interponit,absque
1390 4266 1781 4336 impedimento
1805 4269 1999 4326 deinde
2029 4271 2174 4341 cujus

2288 4275 2558 4347 πωλῆσαι,
2614 4275 2646 4347 ἢ
2712 4273 3024 4344 ἀγοράσαι,
3061 4272 3353 4336 ἀκωλύτως
3416 4272 3588 4325 πωλεῖ
3639 4269 3712 4341 τῷ
3763 4285 3843 4320 τυ-

602 4361 720 4405 eam
755 4351 959 4408 vendit.

672 4454 725 4523 9.
760 4451 894 4509 Nam
924 4455 976 4508 in
1006 4470 1202 4526 genere
1224 4457 1387 4524 scias,
1429 4459 1473 4514 si
1500 4461 1704 4531 absque
1734 4463 1858 4519 dolo
1899 4464 2041 4518 malo
2081 4475 2176 4518 aut
2203 4433 2249 4489 D

604 4544 765 4614 culpa
791 4547 1090 4603 venditoris
1121 4564 1209 4604 res
1256 4550 1369 4606 hate
1408 4552 1688 4620 acciderit,
1739 4563 1829 4609 aut
1862 4555 2005 4610 aliud
2037 4557 2184 4627 ejus-

607 4637 1031 4702 modi,securum
1067 4638 1182 4695 fore
1208 4640 1559 4698 venditorem.

681 4745 767 4798 10.
805 4743 955 4800 Sicut
981 4748 1124 4802 enim
1155 4746 1439 4802 fortuitum
1475 4749 1881 4817 detrimentum,
1908 4754 1989 4807 vel
2013 4756 2180 4808 amis-

2288 4368 2457 4439 χόντι.

2357 4473 2423 4527 θ’.
2453 4471 2698 4527 Καθόλου
2730 4469 2838 4542 γὰρ
2869 4467 3000 4532 ἴσθι,
3037 4469 3118 4522 ὅτι
3161 4469 3211 4521 εί
3244 4467 3367 4540 δίχα
3419 4467 3572 4521 δόλου
3622 4468 3655 4541 ἢ
3697 4464 3842 4539 ρᾳθυ-

2288 4565 2417 4635 μίας
2461 4563 2557 4617 τοῦ
2593 4561 2800 4634 πράτου
2835 4560 3018 4632 συμϐῇ
3065 4559 3126 4613 τὸ
3167 4561 3423 4631 πρᾶγμα,
3455 4561 3489 4630 ἢ
3516 4577 3568 4613 τι
3601 4557 3838 4615 τοιοῦτον,

2284 4653 2396 4719 ἕξει
2431 4652 2493 4707 τδ
2523 4652 2828 4724 ἀμέριμνον
2860 4653 2888 4703 ό
2918 4652 3153 4721 πράτης.

2357 4764 2406 4812 ι’.
2450 4759 2666 4828 Ὥσπερ
2698 4757 2808 4826 γὰρ
2844 4757 2876 4824 ἠ
2908 4757 2972 4809 ἐκ
3015 4754 3186 4825 τύχης
3239 4754 3552 4818 ἐλάττωσις
3579 4755 3694 4826 ἦτοι
3749 4749 3840 4803 ἀπ-

603 4837 685 4890 sio
704 4837 778 4891 rei
804 4836 1053 4903 vendita,
1081 4839 1147 4893 ad
1165 4849 1464 4909 emptorem
1497 4843 1758 4910 pertinet,
1794 4843 1865 4897 ita
1894 4857 2105 4914 qu0que
2134 4846 2174 4900 si

2284 4848 2450 4902 ώλεια
2473 4848 2563 4902 τοῦ
2596 4849 2948 4918 πεπραμένου
2970 4849 3294 4917 πράγματος
3327 4851 3405 4911 εἰς
3432 4850 3521 4900 τὸν
3551 4843 3837 4915 ἀγοραστὴν

607 4933 816 4984 lucrum
847 4930 1140 4984 accesserit
1172 4932 1401 5002 emptori
1435 4935 1610 4987 cedet.

2281 4941 2592 5009 ἀνατρέχει,
2629 4941 2798 5004 οὔτως
2846 4942 2939 4994 καὶ
2967 4942 3097 4993 εἴτι
3148 4940 3339 5010 γέγονε
3381 4939 3570 5011 κέρδος
3603 4939 3687 4992 τὸν
3727 4939 3840 5002 ἁγο-

2291 5035 2496 5107 ραστὴν
2539 5034 2832 5106 ὠφελήσει.

675 5134 764 5190 ﬂ.
801 5134 954 5190 Unde
981 5138 1024 5192 si
1049 5154 1144 5209 per
1161 5137 1484 5193 alluvionem
1510 5139 1767 5203 ﬂuminis,
1787 5151 1878 5192 aut
1909 5150 2063 5194 terrae
2089 5157 2183 5209 ag—

605 5231 909 5301 gestionem
960 5241 1081 5302 post
1113 5233 1478 5288 venditionem
1514 5232 1708 5287 laetam
1761 5250 1888 5304 ager
1927 5236 2181 5303 creverit,

603 5333 815 5390 emptor
840 5323 989 5377 lucra
1028 5323 1257 5378 fruetur.

2362 5148 2449 5195 ια’.
2491 5141 2653 5193 Ὅθεν
2686 5141 2734 5192 εί
2765 5141 2858 5193 καὶ
2885 5140 2972 5194 διὰ
3000 5139 3387 5210 προσκλύσεως
3434 5137 3468 5208 ἢ
3500 5135 3836 5208 προσχώσεως

2288 5234 2531 5301 ποταμοῦ
2576 5233 2773 5302 μείζων
2808 5234 3073 5300 γέγονενό
3110 5233 3274 5301 ἀγρὸς
3318 5231 3456 5301 μετά
3491 5232 3592 5302 τὴν
3639 5227 3833 5299 πρᾶσιν.

2287 5328 2346 5380 τὸ
2377 5327 2564 5396 κέρδος
2601 5328 2626 5378 6
2671 5326 2976 5397 ἀγοραστὴς
3011 5325 3328 5379 ἀπολαύσει.

676 5427 765 5481 12.
804 5427 860 5481 Si
898 5443 1087 5482 aurum
1129 5429 1196 5483 ab
1242 5429 1421 5499 aliquo
1457 5431 1748 5499 repositum
1781 5430 1834 5483 iu
1858 5431 2018 5485 domo
2048 5448 2174 5486 ven-

2364 5433 2450 5502 ιβ’.
2499 5432 2624 5487 Ἐὰν
2652 5437 2708 5486 ὲν
2749 5433 2826 5503 τῷ
2867 5433 3130 5504 πραθέντι
3181 5432 3313 5502 οἴκῳ
3363 5432 3424 5484 τὸ
3472 5429 3832 5496 ἀποτιθέμενον

606 5521 712 5572 dita
773 5535 866 5589 per
921 5535 1160 5575 errorem
1225 5524 1503 5588 manserit,
1577 5534 1630 5575 et
1683 5525 1733 5575 in
1788 5538 1848 5576 ea
1907 5533 2174 5593 repertum

2289 5526 2758 5601 [ἀποτεθειμένον]
2783 5528 2887 5580 ὑπό
2911 5546 3052 5591 τινος
3071 5527 3294 5598 χρυσίον
3311 5526 3450 5581 κατά
3467 5525 3665 5593 πλάνην
3689 5535 3832 5575 κατα-

606 5610 809 5674 fuerit,
869 5623 1054 5667 manet
1101 5613 1260 5685 ejus,
1323 5617 1410 5684 qui
1495 5617 1696 5684 pridem
1757 5616 2011 5670 dominus
2064 5617 2174 5685 ejus

2294 5622 2473 5693 μείνῃ,
2502 5620 2598 5674 καὶ
2632 5622 2688 5674 έν
2723 5619 2868 5691 αὐτῷ
2898 5620 3118 5692 εὑρεθῇ,
3156 5620 3304 5690 μένει
3335 5617 3429 5672 τοῦ
3469 5617 3627 5676 πάλαι
3663 5609 3829 5668 δεσπό-

608 5715 743 5759 crat.

2295 5712 2496 5776 ζοντος.
