4042 6344
214 226 371 314 σοι

1505 228 1918 314 numerosi
1939 248 2226 314 LEGUM.

3386 250 3492 322 εον

323 369 416 434 ιγ’.
455 363 517 419 '0
555 363 768 434 βλέπων
820 362 1271 436 πιπρασκόμενον
1311 361 1413 416 ὑπὸ
1459 363 1649 435 ἐτέρου
1698 364 1821 416 ἴδιον

2005 365 2091 420 15.
2125 365 2226 433 Qui
2256 379 2368 421 rem
2394 379 2545 420 suam
2570 365 2639 422 ab
2672 363 2777 421 alio
2811 361 3039 423 distrahi
3085 363 3253 432 videt,
3299 380 3361 422 ac
3390 384 3497 427 nou

251 459 412 517 αὐτοῖν
456 460 712 530 πρᾶγμα,
745 458 841 510 καὶ
880 457 959 528 μὴ
1006 454 1325 525 ἀντιλέγων,
1369 455 1531 517 αὐτὸς
1556 454 1704 508 δοκεῖ
1735 471 1825 507 πι-

251 556 519 628 πράσκειν
553 552 705 607 αὐτό.

321 646 400 700 ιδ’.
454 644 513 697 '0
554 643 882 715 πιπράσκων
920 640 1126 706 δοῦλον,
1182 638 1277 693 καὶ
1333 637 1618 708 γινώσκων
1662 636 1826 691 αὐτὸν

252 738 509 807 κλέπτην,
543 736 575 807 ἢ
608 738 957 807 μαινόμενον,
986 734 1019 806 ἢ
1049 732 1410 803 δαιμονῶντα,
1436 728 1827 803 προσφωνείτω

252 831 377 900 περὶ
396 831 591 886 τούτου
615 830 707 884 τὸν
731 829 1063 901 ἀγοραστὴν.
1097 828 1162 883 Ei
1183 827 1292 899 γὰρ
1308 824 1467 879 τοῦτο
1492 825 1568 897 μὴ
1597 825 1824 897 ποιήσῃ,

252 924 408 985 αὐτὸς
442 922 540 994 μὲν
563 922 794 992 λήψεται
830 921 920 974 τδν
951 920 1155 984 δοῦλον,
1188 920 1248 972 τὸ
1270 918 1325 974 δὲ
1355 916 1573 989 τίμημα
1603 916 1826 972 διπλοῦν

252 1014 522 1071 ἀποδώσει
562 1013 641 1086 τῷ
687 1014 982 1086 ὴγορακότι
1030 1010 1446 1080 ἀπαιτούμενος,
1487 1010 1581 1067 καὶ
1618 1009 1671 1064 εἴ
1705 1027 1827 1065 τινα

251 1109 457 1181 ζημίαν
488 1108 785 1177 εἰργάσατο
802 1108 860 1160 ὲν
882 1104 958 1177 τῷ
985 1104 1121 1175 οἴκῳ
1150 1104 1317 1161 αὑτοῦ
1344 1102 1440 1158 τοῦ
1463 1102 1825 1175 ἡγορακότος.

316 1207 402 1255 ιε’.
451 1200 511 1252 Ὀ
548 1201 607 1266 ἐξ
647 1191 709 1252 οὗ
750 1196 1127 1270 ἑγχειρίζηταί
1172 1213 1224 1251 τι
1252 1196 1508 1266 om;th
1544 1195 1825 1266 δημόσιον,

250 1294 527 1365 ἀγοράσας
578 1310 636 1346 τι
690 1293 924 1363 πρᾶγμα
980 1289 1017 1361 ἢ
1053 1289 1120 1344 δι’
1164 1288 1379 1353 ἑαυτοῦ,
1414 1289 1447 1360 ἢ
1491 1287 1825 1359 παρενθέτου

250 1386 569 1458 προσώπου,
599 1385 660 1438 οὗ
700 1386 863 1455 μόνον
913 1383 975 1436 τὸ
1030 1382 1250 1453 τίμημα
1290 1381 1506 1450 ἀπολεῖ,
1560 1378 1700 1437 ἀλλὰ
1732 1379 1829 1433 καὶ

249 1476 586 1549 τετραπλοῦν
618 1476 699 1534 τῶ
726 1475 977 1549 δημοσίῳ
1006 1475 1257 1530 δίδωσιν.-

320 1673 420 1733 ις’.
462 1662 529 1720 '0
562 1662 850 1735 ἀγοράζων
898 1664 1078 1737 ῥητῶς
1121 1663 1400 1734 κεράμους
1429 1663 1572 1719 οῐνου
1600 1657 1695 1715 ἐπὶ
1727 1659 1820 1731 μία

251 1778 397 1831 span,
438 1759 597 1829 δῆλον
629 1759 711 1812 ὅτι
737 1760 785 1811 εί
816 1758 893 1829 μὴ
919 1758 1140 1829 ποιήσει
1163 1755 1453 1827 ὑπέρθεσιν
1494 1754 1681 1808 λασείν
1722 1752 1819 1826 τὴν

250 1852 533 1924 μέτρησιν,
568 1850 631 1903 οὐ
658 1848 972 1922 ζημιοῦται,
1011 1845 1114 1902 κᾶν
1151 1845 1427 1919 άπολεοθῇ
1454 1846 1483 1899 ὁ
1512 1842 1675 1911 οἶνος.

310 2036 403 2102 ιζ’.
434 2036 497 2091 Et
528 2035 585 2089 δὲ
620 2033 753 2103 seu
783 2027 925 2088 οἶνόν
956 2049 1042 2096 τις
1074 2031 1367 2105 ἀγοράσει,
1403 2028 1481 2102 μὴ
1512 2026 1822 2100 συμφωνῶν

248 2130 541 2202 μετρῆσαι,
582 2127 746 2192 αὐτὸς
793 2124 1116 2181 κινδυνεύει.

315 2315 408 2380 ιη’.
446 2307 635 2361 Tan-rit
672 2305 727 2359 δὲ
765 2306 958 2377 κρατεῖ
991 2304 1084 2359 καὶ
1112 2301 1207 2357 ἐπὶ
1250 2300 1451 2369 ἐλαίαν,
1502 2301 1595 2355 καὶ
1647 2298 1821 2367 σίτου,

247 2402 343 2455 καὶ
397 2400 509 2453 τῶν
567 2397 855 2454 τοιούτωνο
889 2398 971 2452 ὅτι
1030 2395 1091 2450 τὺ
1138 2393 1330 2466 κέρδος
1381 2392 1476 2448 τοῦ
1525 2392 1825 2465 πραθέντος

244 2493 410 2557 οἴνου,
444 2491 597 2562 καὶὴ
626 2488 818 2560 ζημία,
851 2489 941 2542 τὸν
967 2485 1281 2560 ἀγοραστὴν
1314 2487 1437 2559 ὁρᾷ.

315 2582 403 2637 ιϐ’.
450 2582 511 2636 Ὀ
555 2580 751 2636 πωλῶν
803 2598 857 2633 τι
905 2581 964 2635 ὲν
1014 2579 1218 2650 είδήσει
1255 2577 1535 2647 ἐπίψογον,
1565 2578 1624 2631 οὐ
1661 2576 1823 2645 μόνον

248 2678 325 2741 εἰς
372 2678 437 2730 τδ
489 2675 729 2747 τίμημα,
771 2674 908 2731 ἀλλὰ
939 2673 1033 2727 καὶ
1068 2672 1149 2737 είς
1175 2673 1356 2727 πᾶσαν
1384 2669 1481 2745 τὴν
1524 2672 1593 2727 ὲκ
1626 2669 1822 2727 τούτου

248 2768 453 2841 ζημίαν
481 2769 790 2839 κατέχεται.

308 2866 380 2915 κ’.
424 2859 507 2914 Τὰ
541 2858 684 2914 κατὰ
726 2858 953 2929 ἄγνοιαν
1012 2855 1441 2930 πιπρασκόμενα
1508 2844 1659 2926 παρὰ
1711 2855 1823 2911 τῶν

250 2953 602 3026 κληρονόμων
641 2950 1061 3024 ἀνατρέπονται.

1928 456 2285 525 contradicit,
2322 455 2547 527 ipsemet
2571 471 2693 513 eam
2713 456 2949 513 vendere
2976 457 3214 513 videtur.

2002 639 2086 696 ιι.
2121 640 2222 708 Qui
2259 657 2471 698 servum
2516 642 2717 708 vendit,
2760 658 2920 714 quem
2974 644 3080 699 scit
3136 657 3257 699 esse
3307 642 3502 707 furem.

1928 740 2023 786 aut
2064 730 2349 797 furiosum,
2388 741 2481 787 aut
2516 732 2914 803 limphaticum,
2955 733 3022 786 de
3063 732 3166 790 hoc
3205 739 3503 803 emptorem

1929 824 2260 894 adloquitor.
2293 825 2502 895 Quippe
2529 826 2581 880 ni
2614 825 2716 880 hoc
2738 823 2947 889 fecerit,
2984 826 3098 896 ipse
3125 839 3344 880 servum
3368 824 3522 898 reci-3

1928 917 2057 987 piet,
2073 932 2136 973 ac
2153 918 2385 987 pretium
2404 917 2622 987 duplum
2643 916 2873 987 emptori
2895 916 3155 988 repetenti
3175 914 3366 981 solvet,
3384 930 3508 970 cum

1928 1022 1995 1064 eo
2028 1011 2244 1077 damno,
2276 1008 2320 1066 si
2358 1012 2501 1082 quod
2533 1010 2585 1064 in
2618 1010 2878 1079 emptoris
2915 1011 3076 1069 domo
3112 1011 3177 1064 ab
3199 1024 3265 1064 eo
3298 1006 3503 1065 factum

1930 1103 1985 1158 fu
1994 1105 2115 1162 erit.

1965 1196 2090 1263 ΑΒ.
2126 1194 2231 1263 Qui
2278 1211 2347 1251 ex
2383 1211 2450 1252 eo
2491 1205 2765 1264 tempore,
2816 1208 2923 1265 quo
2963 1194 3248 1265 publicum
3293 1195 3508 1266 aliquod

1930 1288 2163 1347 oﬂieium
2219 1273 2479 1344 traditum
2507 1289 2559 1343 ei
2593 1287 2777 1354 fuerit,
2835 1301 2950 1341 rem
3006 1286 3240 1356 aliquam
3295 1287 3381 1342 vel
3413 1299 3508 1355 per

1931 1380 2193 1452 seipsum,
2216 1380 2298 1436 vel
2323 1381 2697 1449 interpositam
2721 1393 3007 1450 personam
3029 1377 3245 1442 emerit,
3272 1392 3377 1431 non
3398 1389 3512 1431 mo-

1930 1472 2001 1529 do
2058 1473 2291 1545 pretium
2332 1473 2545 1544 perdit,
2595 1470 2695 1528 sed
2747 1471 2912 1528 etiam
2962 1468 3326 1542 quadruplum
3381 1469 3513 1523 lisco

1930 1565 2112 1623 solvit.

2007 1659 2092 1716 l6.
2117 1658 2218 1727 Qui
2242 1658 2354 1713 vini
2378 1658 2669 1727 amphoras
2703 1655 2767 1710 ad
2799 1670 3111 1711 mensuram
3135 1654 3265 1710 emit
3289 1667 3512 1724 expres:

1928 1767 2006 1817 se,
2043 1754 2149 1809 nisi
2187 1767 2397 1808 moram
2434 1750 2696 1806 feceritin
2738 1749 3050 1819 accipienda
3078 1762 3357 1811 mensura,
3388 1745 3513 1801 nul.

1923 1852 2034 1907 lum
2080 1849 2223 1906 haud
2279 1848 2441 1904 dubie
2504 1847 2759 1903 damnum
2812 1843 2979 1910 facit,
3041 1842 3255 1900 etiamsi
3322 1844 3512 1900 vinum

1922 1944 2171 2016 perierit.

1999 2035 2085 2093 l7.
2137 2033 2195 2091 Si
2246 2047 2376 2089 vero
2434 2031 2747 2089 summatim
2792 2029 2978 2085 vinum
3028 2026 3225 2100 aliquis
3274 2027 3504 2080 emerit.

1925 2116 2057 2183 nihil
2093 2127 2157 2183 de
2187 2138 2443 2183 mensura
2474 2134 2688 2198 pactus,
2734 2121 3035 2194 periculum
3072 2119 3138 2173 ad
3182 2117 3359 2189 ipsum
3385 2132 3508 2187 per-

1928 2220 2083 2275 tinet.

1999 2308 2083 2364 18.
2105 2307 2304 2365 Eadem
2331 2308 2579 2365 obtinent
2600 2316 2656 2363 et
2682 2308 2734 2362 in
2760 2304 2881 2361 oleo
2902 2315 2956 2361 et
2993 2303 3289 2366 frumento,
3308 2309 3361 2357 et
3386 2300 3508 2355 aliis

1926 2398 2120 2455 talibus
2140 2418 2153 2454 :
2176 2398 2318 2470 quod
2342 2399 2581 2469 lucrum,
2601 2406 2656 2457 et
2673 2398 2935 2454 damnum
2952 2394 3055 2451 olei
3083 2392 3282 2450 venditi
3301 2399 3508 2461 spectet

1923 2505 2247 2563 emptorem.

2002 2585 2087 2641 l9.
2113 2583 2215 2651 Qui
2241 2583 2419 2639 sciens
2462 2580 2666 2652 aliquid
2700 2580 2954 2637 vitiosum
2987 2578 3193 2643 vendit,
3246 2592 3352 2634 non
3383 2585 3506 2632 tan-

1925 2674 2212 2747 tumlpretii
2239 2675 2477 2743 nomine,
2506 2674 2600 2731 sed
2630 2672 2795 2728 etiam
2820 2671 2984 2729 totius
3010 2671 3138 2728 hinc
3181 2668 3507 2740 emergentis

1922 2767 2114 2826 damni
2149 2778 2393 2823 tenetur.
2887 2773 2891 2779 '

1994 2858 2086 2915 20.
2120 2854 2471 2916 Venditiones
2492 2858 2559 2913 ab
2587 2855 2895 2914 heredibus
2914 2869 3012 2927 per
3037 2853 3401 2928 ignorantiam
3431 2846 3506 2908 fa;

1926 2960 2032 3009 etas
2062 2950 2483 3009 rescinduntur.

313 3054 420 3103 κα’.
466 3047 524 3100 '0
564 3046 777 3117 πράτης
826 3044 1103 3116 παραδοὺς
1127 3044 1189 3098 τὸ
1217 3045 1471 3117 πρᾶγμα,
1498 3042 1560 3098 οὐ
1591 3042 1820 3098 δύναται

1993 3044 2086 3104 2i.
2114 3042 2397 3109 Venditor,
2428 3056 2486 3099 re
2509 3040 2729 3107 tradita.
2778 3038 3144 3097 venditionem
3188 3036 3508 3095 rescindere

248 3136 342 3209 τὴν
376 3138 581 3209 πρᾶσιν
631 3136 955 3209 ἀνατρέψαι,
996 3137 1100 3190 κᾶν
1144 3136 1516 3209 μεταμεληθῇ.

313 3226 418 3297 κβ¹.
460 3227 567 3281 Τὸν
605 3225 958 3297 πεπραμένον
1009 3224 1179 3297 ἀγρὸν
1233 3226 1339 3280 ὑπὸ
1384 3225 1479 3280 τοῦ
1526 3224 1822 3300 πατρδςοῦ

247 3317 467 3373 δύναται
502 3317 736 3372 ἐκδικεῖν
776 3317 900 3373 οὔτε
937 3317 1135 3384 δυὶδς,
1165 3315 1292 3371 οὔτε
1322 3318 1351 3369 ὁ
1390 3310 1753 3390 κληρονόμος.

314 3418 424 3480 κγ’.
477 3410 539 3464 Ὁ
588 3408 995 3481 παραγγελθεὶς
1056 3409 1211 3481 παρὰ
1266 3408 1365 3466 τοῦ
1415 3409 1675 3466 δεσπότου
1726 3407 1821 3466 τοῦ

250 3507 594 3575 πράγματος.
630 3502 705 3575 μὴ
733 3501 1004 3576 ἀγοράσαι
1027 3502 1181 3567 αὐτὸ,
1217 3503 1314 3556 καὶ
1355 3502 1654 3573 ἀγοράσας,
1690 3502 1823 3558 ἁνα-

246 3594 455 3651 δὲδωσιν
488 3593 622 3649 αὐτὸ
663 3596 803 3664 μετὰ
830 3593 939 3648 τῶν
968 3592 1239 3663 καρπῶνε
1532 3618 1535 3621 ·

314 3677 529 3743 κδ’.⁶⁹0
578 3685 773 3741 πωλῶν
808 3684 900 3742 τὸν
956 3685 1228 3759 δεσπότην
1260 3687 1427 3744 αὐτοῦ
1460 3727 1476 3755 ,
1512 3685 1822 3759 κεφαλικῶς

247 3780 591 3849 τιμωρεῖται.

318 3878 419 3926 κε’.
464 3872 529 3925 '0
554 3870 747 3927 πωλῶν
774 3871 871 3926 καὶ
901 3858 1303 3944 χαρίζων,’τῶν
1330 3873 1478 3929 ἰδίων
1501 3871 1822 3943 ἀφίσταται.

315 3962 434 4029 κς⁹.
480 3965 540 4017 '0
573 3963 867 4036 ἐπίτροπος
900 3965 963 4023 οὐ
993 3965 1219 4022 δύναται
1257 3964 1552 4040 ὀρφανικὸν
1587 3966 1822 4043 πρᾶγμα

247 4049 538 4120 ἀγοράσαι·
580 4053 641 4105 τὸ
682 4053 811 4107 αὐτὸ
858 4054 950 4108 καὶ
986 4053 1081 4109 ἐπὶ
1118 4051 1230 4108 τῶν
1266 4054 1496 4126 ὁμοίων,
1540 4054 1823 4129 κουράτω-

250 4159 340 4212 ρος
367 4144 465 4197 καὶ
498 4160 703 4213 προκου
712 4145 977 4216 ράτωρος.

315 4234 421 4298 κζ’.
480 4235 539 4290 '0
574 4237 716 4289 κατὰ
748 4234 945 4305 νόμους
1013 4235 1332 4304 πεκούλιον,
1364 4237 1398 4309 ἢ
1429 4236 1596 4291 ίδικδν
1637 4235 1824 4310 κτῆμα

248 4323 388 4393 ἔχειν
423 4327 920 4398 παραχωρούμενος
968 4328 1313 4399 ὑπεξούσιος,
1344 4330 1523 4395 καλῶς
1562 4330 1824 4403 ἀγοράζει

250 4417 400 4490 παρὰ
434 4418 525 4473 τοῦ
566 4418 699 4476 ἰδίου
734 4421 961 4491 πατρός.
1036 4410 1039 4411 ν

814 4597 1064 4654 ΤΙΤΛΟΣ
1104 4598 1237 4659 KB'.

316 4687 457 4755 Περὶ
487 4688 749 4756 δανείου,
783 4691 882 4744 καὶ
921 4692 1245 4760 ἐνεχύρων,
1278 4692 1379 4747 καὶ
1408 4696 1742 4763 κοινωνίας.

315 4788 385 4835 α’.
430 4782 553 4835 Ἐάν
599 4801 683 4847 τις
732 4785 1023 4855 ἐγγράφως
1076 4785 1108 4857 ἢ
1156 4785 1422 4859 ἀγράφως
1446 4787 1739 4857 λογάριονν
1782 4790 1816 4860 ἢ

247 4873 541 4946 ἀργύριον,
577 4876 610 4947 ἢ
657 4875 842 4948 ἕτερόν
888 4894 939 4932 τι
990 4876 1128 4943 εἶδος
1176 4880 1234 4933 ἂν
1269 4879 1516 4955 θαλάσση
1558 4882 1815 4954 δανείση-

246 4983 354 5033 ται,
412 4968 549 5023 κατὰ
598 4969 658 5021 τὸ
725 4969 985 5041 στίχημα,
1026 4969 1122 5029 καὶ
1174 4971 1272 5044 τὴν
1314 4964 1533 5047 μεταξὺ
1572 4974 1818 5047 ἀλλήλων

249 5060 609 5131 προθεσμίαν,
647 5063 1080 5135 ἀπολαμῦανέτω
1106 5065 1135 5119 ὁ
1158 5065 1441 5138 δανειστὴς
1478 5067 1546 5120 τὰ
1577 5068 1703 5135 ἴδια,
1740 5070 1815 5143 μὴ

248 5153 459 5224 ἔχοντος
508 5156 691 5212 ἄδειαν
724 5157 816 5211 τοῦ
865 5159 1253 5231 δανεισαμένου
1299 5160 1557 5233 ὲχθρικὴν
1595 5163 1812 5235 ἐπιδρο-

252 5251 378 5319 μὴν,
419 5253 675 5318 ναυάγιον
706 5251 1000 5327 θαλάσσης,
1037 5252 1071 5324 ἢ
1100 5254 1293 5325 ἑτέραν
1326 5255 1450 5309 τινὰ
1494 5256 1750 5330 ἀφορμὴν
1778 5259 1811 5331 ῆ

248 5342 465 5415 ἀγωγὴν
497 5343 845 5415 προτίθεσθαι
876 5346 954 5416 τῷ
988 5345 1317 5405 δανείσαντι.

318 5514 395 5586 β’.
439 5519 562 5573 Ἐὰν
609 5521 638 5572 ὁ
704 5519 1089 5591 δανεισάμενος
1122 5521 1357 5597 ἐνέχυρα
1412 5524 1679 5596 τέθηκεν,
1718 5526 1814 5581 καὶ

250 5607 409 5673 αὐτὸς
438 5610 575 5680 μετὰ
603 5612 706 5682 τὴν
736 5611 831 5664 τοῦ
866 5612 1059 5683 χρέους
1095 5613 1487 5686 ἀποπλήρωσιν
1510 5616 1812 5681 maxime;

251 5703 675 5775 ἀπολαμϐανέτω
713 5704 781 5756 τὰ
819 5704 926 5757 ἴδια
954 5746 967 5768 ,
1006 5706 1082 5777 μὴ
1132 5707 1432 5779 δυναμένου
1490 5711 1586 5766 τοῦ
1642 5711 1814 5767 ταῦτα

559 5800 835 5863 Parant.
881 5797 997 5860 Ga.
1047 5800 1262 5866 CXIII.

1863 3176 1866 3191 ι
1928 3136 2137 3209 nequit,
2161 3136 2373 3193 etiamsi
2412 3134 2565 3193 factae
2586 3133 2924 3205 pmnituerit.

1998 3231 2091 3291 22.
2133 3229 2379 3289 Fundum
2408 3245 2437 3284 a
2462 3238 2616 3302 patre
2648 3227 2921 3285 venditum
2951 3240 3051 3284 nec
3082 3225 3246 3294 ﬁlius,
3276 3237 3383 3282 nec
3398 3222 3507 3281 ltth

1926 3336 2016 3378 res
2042 3320 2297 3378 evincere
2325 3327 2524 3391 porest.

1995 3412 2089 3468 25.
2110 3411 2212 3467 Cui
2231 3411 2535 3466 nuntiatum
2554 3419 2636 3465 est
2652 3424 2683 3464 a
2709 3409 2784 3465 rei
2813 3406 3052 3474 domino,
3075 3420 3145 3463 ue
3170 3406 3315 3464 illam
3338 3414 3506 3474 emat,

1926 3504 1972 3562 si
2004 3504 2219 3571 emerit,
2258 3519 2381 3560 cum
2412 3503 2685 3561 fructibus
2707 3516 2828 3558 eam
2859 3501 3122 3557 restituit.

1991 3698 2088 3756 ιιι.
2114 3697 2219 3768 Qui
2247 3698 2524 3756 dominum
2552 3711 2712 3755 suum
2759 3696 2963 3765 vendit,
3000 3696 3267 3766 supplicio
3310 3695 3505 3767 capitis

1966 3791 2172 3847 unitur.

1966 3806 2172 3847 uultur.

1926 3806 1961 3863 Ρ
1994 3875 2086 3935 25.
2118 3875 2221 3944 Qui
2243 3875 2506 3931 venditac
2528 3875 2715 3940 donat,
2738 3874 2901 3929 rebus
2924 3872 3036 3929 suis
3058 3872 3221 3927 cedit.

1994 3967 2087 4025 26.
2140 3966 2309 4024 Tutor
2342 3981 2455 4021 rem
2509 3965 2831 4035 pupillarem
2883 3965 3066 4034 nequit
3097 3976 3303 4018 emere.
3355 3960 3502 4021 Idem

1925 4058 2134 4114 obtinet
2161 4057 2324 4113 etiam
2346 4057 2401 4111 iu
2425 4054 2713 4124 similibus,
2745 4054 2882 4109 utin
2913 4064 3167 4111 curatore
3214 4068 3280 4110 ac
3302 4069 3501 4125 procu-

1929 4164 1990 4207 ra
1997 4160 2132 4207 tore.

1999 4240 2199 4310 27,Qui
2224 4250 2309 4297 est
2340 4243 2393 4297 in
2413 4239 2641 4296 alterius
2661 4249 2952 4310 petestate,
2973 4240 3016 4295 si
3037 4238 3334 4296 secundum
3352 4239 3498 4308 leges

1929 4335 1977 4390 ei
2003 4335 2296 4405 peculium,
2328 4334 2414 4388 vel
2445 4335 2838 4402 possessionem
2870 4332 3106 4404 aliquam
3141 4347 3293 4388 suam
3327 4331 3496 4387 habe-

1854 4424 1983 4489 Dre
2046 4427 2413 4496 permittatur,
2454 4434 2600 4482 recte
2654 4425 2858 4497 aliquid
2900 4426 3062 4483 etiam
3117 4441 3145 4481 a
3187 4432 3342 4496 patre
3398 4443 3497 4484 suo

1921 4522 2075 4578 emit.

2452 4608 2749 4667 TITULUS
2804 4609 2970 4667 XXII.

2135 4705 2209 4761 De
2232 4715 2434 4772 mutuo,
2487 4714 2535 4761 et
2585 4704 2909 4775 pigneribus,
2938 4712 2985 4759 et
3014 4704 3281 4759 societate.

1997 4795 2051 4851 Ι.
2077 4794 2133 4851 Si
2150 4796 2275 4867 quis
2297 4797 2689 4853 interveniente
2713 4797 2981 4865 scriptura
3006 4796 3090 4851 vel
3118 4798 3324 4867 absque
3354 4796 3482 4853 scri-

1919 4896 2075 4959 ptura
2103 4890 2406 4959 pecuniam,
2443 4889 2525 4945 vel
2555 4896 2856 4956 argentum,
2893 4888 2977 4943 vel
3010 4888 3169 4944 aliam
3199 4888 3487 4958 quamdam

1918 4980 2154 5048 speciem
2186 4978 2521 5050 profectione
2551 4980 2845 5050 trajecticia
2886 4989 3158 5036 mutuatus
3186 4979 3367 5049 fuerit,
3398 4997 3489 5037 se-

1918 5072 2154 5129 cundum
2204 5073 2378 5142 ipsum
2429 5084 2640 5144 pactum
2687 5084 2741 5131 et
2766 5077 3181 5132 conventionem
3223 5084 3482 5141 mutuam,

1916 5177 2010 5218 sua
2070 5164 2307 5221 creditor
2367 5167 2596 5237 accipiat
2628 5185 2642 5234 ;
2678 5185 2784 5224 non
2837 5168 3066 5223 habente
3095 5166 3368 5222 licentiam
3398 5183 3483 5234 eo,

1917 5255 2011 5326 qui
2050 5265 2237 5311 mutuo
2293 5260 2546 5328 sumpsit,
2574 5266 2632 5313 ut
2660 5260 2932 5313 incursum
2964 5258 3234 5325 hostilem,
3264 5258 3486 5313 naufrav

1916 5343 2069 5412 gium
2118 5345 2471 5413 maritimum,
2517 5350 2601 5403 vei
2664 5349 2827 5402 aliam
2877 5364 3095 5403 causam
3149 5351 3490 5421 actionemve

1917 5437 2229 5507 quampiam
2261 5440 2520 5496 creditori
2557 5453 2815 5512 opponat.

1986 5528 2039 5584 2.
2074 5528 2130 5584 Si
2148 5533 2370 5601 pignera
2398 5533 2545 5615 dedit
2569 5534 2636 5599 is,
2666 5536 2755 5605 qui
2786 5545 2969 5592 mutuo
2991 5538 3154 5608 cepit,
3182 5539 3343 5593 etiam
3373 5540 3489 5611 ipse

1917 5636 2035 5693 post
2066 5627 2325 5696 integram
2357 5628 2521 5708 debiti
2569 5628 2887 5685 solutionem
2921 5632 3124 5701 absque
3148 5631 3362 5690 defectu
3389 5647 3484 5690 sua

1919 5715 2138 5791 recipiat
2169 5727 2262 5775 :et
2284 5718 2359 5789 ita
2401 5719 2640 5798 quidem,
2688 5731 2744 5778 ut
2771 5723 2837 5791 is,
2866 5725 2951 5795 qui
2988 5739 3047 5781 ea
3079 5726 3272 5793 tenuit,
3304 5724 3486 5788 dicere

3095 5818 3159 5883 17
