4042 6344
501 328 612 400 527

1466 341 1970 407 CONSTANTINI
2012 341 2694 404 PORPIIYROGENITI

3672 337 3782 402 528

507 465 572 505 ea
611 448 708 504 tibi
739 447 978 517 daretur,
1004 462 1112 519 quo
1143 447 1290 504 iiium
1316 451 1754 512 manumitteres.
1789 449 1844 505 Si
1873 467 1934 506 ea
1971 451 2094 504 data

2221 449 2387 503 ἱοῦναί
2419 467 2525 514 σοι,
2582 451 2723 521 ὑπὲρ
2778 442 2873 504 τοῦ
2925 445 3292 521 ἑλευθερῶσαι
3335 446 3520 503 αὐτόν.
3568 448 3634 502 Εἰ
3686 449 3788 520 μὲν

511 542 640 597 iecit
689 556 911 596 usuram
965 543 1164 607 sciens,
1197 558 1318 612 quae
1386 553 1436 598 te
1500 546 1899 610 comitaretur;
1937 545 2094 599 aliter

510 648 617 702 ego
644 649 752 688 non
782 644 988 700 teneor,
1039 635 1139 689 nisi
1198 636 1340 705 quod
1376 637 1643 706 obligatus
1678 653 1794 691 sum
1843 637 1921 702 id,
1951 637 2094 706 quod

511 727 642 781 tnilri
675 725 917 792 tradidit,
948 737 1203 796 tanquam
1231 728 1537 797 depositum
1564 730 1810 784 reddere.
1871 728 2096 799 Deposi-

513 824 628 870 tum
674 818 928 872 estinter
978 833 1073 873 eas
1106 834 1363 889 res,-qnae
1413 821 1478 874 ad
1529 821 1888 891 deponentem
1925 821 2097 890 perti-

512 920 666 966 nent.
705 908 857 966 Unde
892 914 935 966 is
957 922 1011 966 et
1034 910 1268 978 fructus,
1294 921 1348 967 et
1376 922 1584 983 partus,
1609 922 1662 967 et
1686 927 1903 967 causam
1926 922 2096 966 totam

513 1006 670 1075 petit.

589 1098 741 1152 Π.Ξὶ
783 1098 909 1168 quis
936 1097 1241 1167 depositum
1274 1097 1339 1150 ab
1371 1113 1445 1153 se.
1481 1111 1758 1169 receptum
1814 1100 2100 1155 inﬁtiando

517 1193 817 1261 negaverit,
850 1203 904 1246 ct
937 1202 1105 1246 testes
1159 1193 1212 1245 in
1257 1193 1357 1246 hoc
1392 1195 1639 1262 producti
1675 1194 1898 1260 fuerint,
1935 1194 2100 1264 idque

516 1285 821 1354 depositum
859 1285 1133 1338 inventum
1156 1283 1327 1337 luerit
1357 1299 1422 1338 eo
1469 1297 1730 1356 tempore,
1757 1302 1864 1356 quo
1898 1288 1988 1342 ille
2009 1287 2099 1355 ju-

519 1376 745 1437 raverit,
778 1383 868 1428 aut
895 1389 991 1442 per
1041 1377 1370 1444 scripturam
1403 1378 1832 1432 renuntiaverit:
1875 1377 2098 1446 duplum

516 1468 634 1538 ejus
665 1467 892 1536 depositi
925 1467 1117 1533 solvet,
1162 1481 1228 1520 ac
1285 1477 1544 1536 praeterea
1605 1468 1826 1537 perjurii
1883 1484 2100 1540 penam

517 1561 804 1615 sustineat.

585 1652 677 1707 ΞΒ.
719 1651 892 1707 Omne
924 1649 1224 1720 depositum
1266 1663 1333 1704 ex
1365 1647 1693 1705 inﬁtiatione
1729 1649 2003 1721 duplatur.

1037 1836 1345 1894 TITULUS
1379 1836 1576 1894 XXIV.

1083 1931 1157 1986 De
1199 1932 1543 2002 emphyteusi.

591 2031 645 2086 1.
683 2025 1066 2100 Emphyteusis
1096 2036 1358 2098 perpetua
1388 2026 1591 2098 jurium
1632 2027 1995 2083 immobilium
2042 2026 2105 2085 lit

517 2139 642 2177 cum
684 2121 996 2178 conditione
1037 2121 1315 2190 pensionis
1349 2136 1566 2187 annum,
1619 2123 1684 2177 de
1713 2138 1815 2192 qua
1848 2138 2105 2194 expresse

518 2215 858 2279 convenitur,
892 2214 1074 2268 addita
1099 2213 1370 2270 mentione
1386 2213 1680 2283 diligentiae
1705 2231 1768 2270 ac
1802 2218 2101 2273 correctio-

521 2311 605 2364 nis
633 2325 844 2375 eorum,
877 2323 996 2378 qua:
1021 2306 1291 2363 locantur.

589 2402 646 2457 2.
687 2400 742 2457 Si
773 2401 895 2472 quis
918 2409 1417 2467 vero-curatorum,
1457 2399 1942 2467 chartulariorum,
1978 2400 2106 2457 rell-

519 2508 864 2564 quoruinque
915 2491 1292 2556 militantium,
1338 2491 1404 2547 ad
1453 2493 1834 2547 detrimentum
1873 2495 1956 2548 vel
1998 2496 2106 2550 cir-

519 2584 1000 2655 cumscriptionem
1044 2581 1250 2638 domini
1305 2581 1624 2652 principalis
1675 2583 1880 2652 aliquid
1921 2582 2107 2640 facere

516 2683 667 2734 visus
707 2679 905 2745 fuerit,
953 2677 996 2732 is
1041 2676 1235 2731 militia
1284 2691 1386 2732 sua
1442 2675 1729 2732 confestim
1773 2678 2012 2746 excidat,
2050 2687 2109 2733 et

517 2777 676 2830 irrita
717 2775 788 2828 sit
829 2771 1093 2839 ejusmodi
1120 2772 1348 2827 iocatio.

593 2867 646 2921 '5.
690 2864 791 2931 Qui
823 2865 1218 2935 emplryteusim
1254 2871 1571 2933 perpetuam
1617 2863 1862 2933 accepit,
1895 2877 2111 2932 pensro-

515 2971 644 3009 nem
678 2968 912 3008 Militiam
947 2955 1066 3007 sine
1101 2951 1553 3020 tergiversatione
1584 2951 1796 3006 solvere
1828 2952 2014 3006 debet:
2052 2961 2110 3006 et

506 3045 607 3115 qui
634 3043 773 3114 juris
802 3040 1096 3097 immobilis
1127 3041 1180 3094 in
1212 3051 1356 3096 statu
1391 3056 1493 3096 suo
1530 3041 1893 3098 conservandi
1926 3049 1979 3096 et
2011 3027 2109 3096 ex?

2198 543 2322 606 δοὺς
2370 544 2671 615 ἐποιήσατο
2696 543 2939 610 τοκετδν,
2974 545 3067 597 τόν
3119 560 3178 596 σε
3225 540 3789 612 παρακολουθήσοντα

2197 638 2256 690 ὲν
2303 636 2528 709 εἰδήσει,
2589 638 2688 691 οὐκ
2738 638 3018 709 ὲνέχομαι,
3067 639 3115 690 εί
3155 636 3232 709 μὴ
3262 636 3290 689 ὅ
3330 653 3421 706 μοι
3472 635 3786 699 διαδὲδωκε,

2201 730 2726 799 ὑπόκειμαιηδιδόναι
2766 731 2840 794 ὡς
2900 729 3397 801 παρακαταθήκην.
3439 728 3502 782 Ἦ
3536 740 3793 799 παρακα-

2198 823 2410 895 ταθήκη
2434 825 2544 876 τῶν
2567 825 2938 896 διαφερόντων
2964 824 3042 895 τῷ
3074 823 3588 895 παρακαταθεμένῳ
3618 821 3788 875 ἐστίν.

2203 914 2366 970 Ὅθεν
2400 917 2493 971 καὶ
2525 918 2793 984 καρποὺς,
2818 917 2914 971 καὶ⁸
2942 920 3222 982 τοκετοὺς,
3251 917 3346 970 καὶ
3372 917 3552 968 πᾶσαν
3610 913 3795 969 αἰτίαν

2201 1009 2444 1062 ἀπαιτεῖ.

2277 1101 2379 1166 κζ’.
2429 1101 2554 1154 Ἐάν
2589 1120 2672 1166 τις
2726 1103 3021 1174 δεξάμενος
3073 1102 3569 1174 παρακαταθήκην,
3619 1100 3794 1172 ἀρνή-

2205 1211 2367 1261 σηται
2408 1195 2600 1268 αὐτὴν,
2640 1198 2736 1251 καὶ
2772 1191 3101 1269 μαρτυρηθῇ
3142 1199 3200 1248 ὲν
3234 1195 3412 1264 αὐτῷ,
3458 1196 3551 1247 καὶ
3585 1192 3796 1263 εὑρεθῇ

2202 1289 2260 1340 ὲν
2301 1289 2479 1360 καιρῷ
2517 1289 2686 1343 αὐτοῦ
2719 1289 3060 1362 όμώσαντος,
3096 1291 3126 1360 ἦ
3175 1289 3470 1360 ἐγγράφως
3495 1283 3799 1350 ﬁnemﬁn-

2205 1381 2390 1450 μένου,
2423 1383 2621 1437 διπὶᾶν
2666 1383 2872 1454 ταύτην
2915 1383 3205 1448 ἀποδώσει,
3241 1380 3463 1452 καὶτῆς
3507 1377 3802 1450 ἐπιορκίας

2207 1469 2302 1540 τὴν
2326 1472 2600 1543 τιμωρίαν
2639 1471 2982 1544 ὑπομενέτω.

2273 1662 2387 1728 κη’.
2428 1658 2584 1710 Πᾶσα
2612 1657 3058 1730 παρακαταθήκη
3090 1656 3149 1721 ῑξ
3179 1655 3469 1726 ἀρνήσεως
3507 1652 3802 1708 διπλασιά-

2206 1748 2379 1814 ζεται.

2787 1839 3041 1894 ΤῙΤΔΟΣ
3077 1839 3208 1896 KA'.

2669 1933 2811 2002 Περὶ
2876 1933 3326 2004 ἐμφυτεύσεως.

2279 2029 2346 2080 α’.
2390 2025 2655 2096 Διηνεκὴς
2683 2026 3023 2095 ὲμφύτευσις
3055 2024 3335 2092 ἀκινήτων
3385 2017 3620 2075 δικαίων
3652 2018 3804 2090 γίνε-

2205 2137 2297 2175 ται
2331 2119 2426 2171 ἐπὶ
2448 2117 2746 2188 τελέσματι
2769 2116 3088 2187 ὲνιαυσιαίῳ
3119 2116 3303 2188 ῥητῶς
3323 2116 3806 2186 συμφωνουμένῳ,

2208 2211 2303 2266 καὶ⁵
2342 2211 2630 2283 ιπιμελείᾳ
2684 2226 2746 2266 τε
2780 2211 2878 2265 καὶ
2927 2208 3212 2280 διορθώσει
3261 2207 3371 2262 τῶν
3411 2205 3802 2276 ὲκδιδομένων.

2282 2400 2350 2472 β’.
2384 2400 2445 2454 Ei
2475 2399 2532 2453 δέ
2559 2415 2643 2462 τις
2677 2401 2740 2452 ὲκ
2789 2397 2900 2452 τῶν
2948 2396 3308 2469 φροντιστῶν,
3363 2395 3804 2467 χαρτουλαρίων,

2211 2494 2302 2547 καὶ
2329 2491 2537 2546 λοιπῶν
2573 2487 2972 2563 [στρατιωτῶν]
3018 2489 3152 2560 πρὸς
3201 2488 3408 2559 βλάϐην
3440 2487 3474 2558 ἢ
3504 2504 3806 2560 παραγρα·

2211 2583 2319 2655 φήν
2354 2582 2453 2652 τῆς
2500 2581 2862 2652 πρωτοτόκου
2915 2580 3235 2644 δεσποτείας
3292 2583 3433 2650 φανῇ
3489 2577 3810 2650 ἀπεργαζόη

2213 2692 2397 2747 μενος,
2435 2669 2591 2738 οὗτος
2637 2673 2735 2745 μὲν
2770 2671 3016 2743 παρευθὺ
3059 2673 3376 2726 ὲκπιπτέτω
3404 2670 3498 2724 τοῦ
3529 2669 3803 2743 στρατεύ-

2215 2787 2383 2840 ματος
2412 2768 2597 2826 αὺτοῦ.
2632 2766 2956 2836 ἁκυρούσθω
2986 2766 3042 2820 δὲ
3065 2766 3160 2819 καὶ
3205 2767 3238 2834 ἠ
3292 2765 3522 2832 τοιαύτη
3566 2763 3802 2826 ἔκδυσις.

2283 2860 2354 2931 γ’.
2406 2862 2510 2914 Τὸν
2555 2859 2822 2930 διηνεκῶς
2868 2860 3350 2931 ἐμφυτευσάμενον
3380 2857 3491 2910 δεῖν
3520 2857 3585 2910 τὸ
3619 2858 3804 2910 ἐνιαυ-

2215 2958 2386 3010 σιαῖον
2436 2954 2815 3024 ἀδιαστρόφως
2869 2953 3230 3007 καταϐάλλειν
3270 2952 3533 3023 τέλεσμα,
3599 2951 3696 3004 καὶ
3727 2952 3804 3012 εἰς

2212 3050 2313 3121 τὴν
2343 3047 2436 3102 to?)
2488 3049 2749 3118 ἀκινήτου
2800 3046 3011 3101 δικαίου
3059 3046 3378 3114 ἀγωνιῶντα
3433 3045 3700 3098 σύστασίν
3747 3061 3802 3098 τε

517 3137 730 3192 colendi
790 3150 954 3191 causa
1010 3133 1207 3189 virium
1272 3134 1681 3189 contentionem
1723 3133 1984 3200 adhibet,
2037 3130 2105 3189 ab

2221 3143 2313 3198 καὶ
2368 3140 2713 3211 ἑπιμέλειαν,
2768 3139 2844 3211 μὴ
2874 3139 3343 3194 ἀποκινείσθαιὲκ
3397 3139 3496 3206 τῆς
3543 3137 3805 3208 τοιαύτης

518 3226 783 3295 ejusmodi
828 3223 1186 3281 conductione
1225 3241 1330 3280 non
1378 3232 1722 3280 removeatur
1755 3243 1772 3280 ε
1802 3223 1900 3280 sed
1944 3224 2104 3280 liceat

517 3329 574 3375 et
607 3321 698 3390 jus
729 3319 847 3373 talis
875 3318 1247 3387 emphyteusis
1280 3317 1584 3373 luercdibus
1610 3317 1725 3373 suis
1770 3316 2101 3387 relinquere,

520 3415 746 3478 donare,
783 3413 835 3466 in
864 3412 1047 3468 dotem
1075 3409 1228 3474 dare,
1263 3408 1343 3464 vel
1387 3409 1494 3465 alio
1524 3411 1684 3464 modo
1718 3409 1968 3478 quopiam
2002 3407 2106 3463 hoc

515 3505 614 3560 aiii
646 3506 858 3573 cedere,
901 3520 964 3560 ac
1007 3503 1240 3557 vendere
1277 3517 1292 3554 :
1339 3502 1498 3557 modo
1540 3502 1748 3558 scilicet
1771 3500 2105 3572 prmlationis

519 3611 707 3662 causa,
758 3612 852 3667 per
893 3595 1323 3650 adtestationem
1387 3593 1607 3650 domino
1648 3592 1934 3664 principali
1979 3603 2105 3647 ante

518 3689 887 3742 venditionem
918 3686 1208 3742 emendum
1247 3685 1560 3754 hujusmodi
1587 3685 1680 3756 jus
1710 3685 1983 3740 exhibeat.
2007 3682 2104 3739 lllo

517 3780 1008 3859 vero‘etnptionem
1039 3789 1349 3846 recusante,
1401 3779 1518 3833 sine
1565 3776 1672 3832 ullo
1715 3777 2104 3845 impedimento

521 3881 642 3941 post
681 3884 896 3926 menses
933 3871 1070 3926 duos
1094 3871 1175 3925 .ab
1207 3871 1586 3926 exhortatione
1637 3868 1704 3925 ad
1744 3869 1892 3924 illum
1922 3869 2103 3935 facta,

519 3964 770 4033 personis
811 3979 913 4019 non
939 3962 1760 4033 proliibilis'etrueliorationes,
1795 3973 1848 4018 et
1880 3962 2106 4032 emphy-

520 4057 691 4112 tensis
719 4057 984 4126 ejusmodi
1014 4057 1104 4127 jus
1141 4057 1257 4128 ipse
1292 4057 1505 4112 vendat.

591 4237 645 4290 4.
685 4238 794 4292 Res
823 4237 1130 4295 immobiles
1161 4253 1437 4294 sacrarum
1469 4237 1857 4303 ecclesiarum,
1884 4236 2106 4308 religio-

521 4347 707 4386 sarum
742 4334 1037 4396 domuum,
1069 4341 1163 4386 aut
1202 4333 1680 4396 monasteriorum,
1723 4341 1814 4386 aut
1849 4331 2106 4399 collegio-

523 4442 665 4487 rum,
707 4427 923 4497 (quibus
951 4425 1116 4480 rebus
1147 4436 1579 4481 annumerantur
1608 4437 1664 4480 et
1705 4425 1908 4479 rustica
1948 4440 2104 4480 man-

2213 3235 2503 3301 ὶκδόσεως,
2539 3234 2657 3288 ἀλλ’
2687 3234 2886 3299 ἐξεῖναι
2913 3233 3063 3304 αὐτῷ
3093 3234 3156 3286 τὸ
3183 3233 3390 3298 δίκαιον
3415 3233 3512 3302 τῆς
3546 3231 3806 3300 τοιαύτης

2214 3328 2603 3402 ἑμφυτεύσεως
2629 3328 2986 3399 κληρονόμοις
3009 3325 3466 3396 καταλιμπάνειν,
3483 3323 3803 3396 δωρεῖσθαι,

2213 3425 2309 3477 καὶ
2337 3421 2656 3496 ἐμπροίκως
2685 3419 2766 3493 [ὲν
2794 3417 3005 3492 προικὶ]
3041 3419 3356 3485 ἐπιδιδόναι,
3387 3417 3422 3488 ἢ
3451 3416 3580 3470 καθ’
3619 3417 3804 3489 ἕτερον

2212 3516 2411 3585 τρόπον
2446 3514 2839 3584 μετεκχωρεῖν,
2878 3513 2974 3565 καὶ
3003 3511 3449 3579 διαπιπράσκειν,
3490 3511 3585 3564 διὸ.
3615 3509 3804 3581 προτί-

2216 3622 2385 3676 μησιν
2443 3606 2509 3657 ἐκ
2554 3601 2956 3674 διαμαρτυρίας
3019 3601 3263 3672 δηλονότι
3315 3599 3395 3674 τῷ
3453 3601 3804 3672 πρωτοτύπῳ

2220 3700 2465 3771 δεσπότῃ
2502 3697 2608 3768 πρδ
2659 3697 3009 3768 διαπράσεως
3059 3693 3359 3765 παρέχοντι
3397 3693 3526 3747 αὐτὸ
3560 3695 3804 3746 τοιοῦτον

2210 3792 2530 3862 ὠνήσασθαι
2551 3791 2778 3844 δίκαιον.
2814 3789 3056 3843 Ἐκείνου
3072 3788 3130 3841 δὲ
3153 3788 3228 3858 μὴ
3252 3786 3608 3857 βουλομένου,
3629 3787 3805 3856 ἀπαρ-

2213 3887 2555 3957 εμποδίστως
2609 3887 2749 3958 μετὰ
2794 3883 2888 3940 δύο
2944 3885 3118 3955 μῆνας
3165 3882 3264 3953 τῆς
3324 3879 3512 3938 τούτου
3574 3898 3805 3953 προτροε¹

2215 3982 2324 4052 πῆς
2361 3981 2698 4052 πιπράσκειν
2732 3979 2895 4035 αὑτὸν
2925 3981 3038 4040 τοῖς
3077 3976 3153 4050 μὴ
3199 3976 3606 4045 κεκωλυμένοις
3636 3991 3804 4049 προσ-

2213 4073 2380 4137 ώποις
2410 4076 2479 4127 τά
2506 4092 2562 4126 τε
2587 4074 2952 4144 ὲμπονήματα
2983 4071 3078 4127 καὶ
3121 4074 3179 4124 τὸ
3208 4069 3310 4141 τῆς
3342 4067 3603 4141 τοιαύτης
3633 4071 3806 4140 ἱμφυο

2214 4166 2454 4228 τεύσεως
2482 4165 2713 4219 δίκαιον.

2289 4256 2350 4313 δ’.
2414 4257 2497 4311 Τὰ
2543 4258 2778 4329 ἀκίνητα
2823 4257 2937 4310 τῶν
2988 4255 3152 4328 ἱερῶν
3207 4251 3537 4324 ἐκκλησιῶν,
3590 4251 3802 4322 tuava

2216 4346 2399 4410 οἴκων,
2467 4346 2499 4414 ἢ
2566 4348 2966 4419 μοναστηρίων,
3013 4350 3046 4418 ἢ
3073 4347 3437 4416 συστημάτων
3476 4346 3801 4416 πράγματα,

2217 4438 2302 4506 οἷς
2336 4442 2752 4514 συναριθμεῖται
2790 4445 2885 4496 καὶ
2933 4441 3000 4495 τὰ
3029 4441 3313 4514 γεωργικὰ
3345 4442 3686 4512 ἀνδράποδα,
3716 4441 3801 4492 καὶ

521 4521 684 4586 cipia)
747 4521 982 4588 itemque
1035 4530 1326 4576 structura:
1389 4523 1629 4586 urbanae,
1682 4520 1826 4574 nullo
1877 4521 2034 4575 modo
2081 4536 2105 4572 a

2221 4537 2316 4600 τὰς
2353 4536 2639 4600 πολιτικάς
2665 4537 2992 4602 ὲπικτίσεις,
3051 4538 3172 4590 κατ’
3225 4537 3418 4590 οὐδένα
3474 4537 3683 4607 τρόπον
3723 4537 3802 4588 tx-

525 4627 798 4680 quoquam
866 4613 1210 4680 alienentur;
1279 4615 1606 4683 imperatore
1665 4611 1784 4667 solo
1851 4623 2105 4683 excepto,

523 4715 746 4772 propter
774 4719 902 4759 usus
933 4706 1297 4761 necessarios.

599 4793 737 4861 Fiat,
791 4796 987 4866 inquit,
1039 4798 1394 4870 immobilium
1446 4812 1625 4854 rerum
1656 4813 1951 4854 morarum
1996 4814 2112 4853 ent-

525 4890 807 4960 phyteusis
844 4892 1187 4960 temporaria,
1232 4908 1398 4960 usque
1430 4893 1494 4946 ad
1527 4902 1736 4963 tempus
1779 4893 1904 4946 vitae
1945 4893 2110 4959 illius,

527 4984 619 5050 qui
659 4983 1017 5050 conduxerit,
1047 4993 1101 5038 et
1139 4983 1431 5039 liberorum
1479 4987 1667 5053 ipsius,
1714 4993 1770 5041 et
1816 4995 2070 5056 nepotum
2095 5028 2109 5052 ,

529 5086 691 5143 atque
731 5077 896 5129 etiam
935 5075 1122 5130 uxoris
1170 5077 1308 5144 ejus,
1359 5078 1627 5146 siquidem
1678 5079 1753 5132 ita
1796 5079 2115 5133 convenerit

530 5182 827 5236 expresse:
858 5183 978 5222 cum
1007 5169 1316 5226 conditione
1361 5185 1524 5226 sertas
1565 5173 1735 5243 partis
1769 5172 1984 5243 pristini
2024 5187 2114 5226 re-

530 5264 675 5317 ditus
711 5263 999 5318 solvendae.

603 5355 654 5408 5.
698 5354 1090 5422 Ecclesiarum,
1131 5364 1185 5411 et
1217 5356 1611 5412 venerabilium
1646 5356 1936 5412 domorum
1971 5360 2114 5413 sub—

535 5450 772 5514 urbana,
807 5465 913 5506 non
951 5452 1015 5506 ad
1049 5466 1344 5522 proventus
1376 5467 1468 5508 eos
1502 5454 1769 5517 locentur,
1809 5456 1899 5524 qui
1937 5453 2117 5508 adhuc

535 5554 864 5613 supersunt:
895 5547 990 5600 sed
1030 5556 1264 5617 oportet,
1315 5562 1501 5602 eorum
1556 5548 1918 5603 aestimatione
1952 5549 2113 5614 facta,

534 5647 796 5703 quantum
860 5639 1153 5694 suburbani
1210 5641 1499 5697 aestimatio
1552 5642 1788 5696 reditum
1861 5643 2118 5713 colligere

534 5740 726 5795 potest,
762 5732 813 5783 in
847 5746 1018 5788 annos
1054 5731 1152 5788 XX
1180 5735 1374 5800 divisa,
1408 5744 1617 5790 tantum
1648 5747 1709 5791 ut
1749 5749 2041 5807 proventus
2075 5739 2120 5792 is

537 5821 856 5894 stipulctur,
894 5827 984 5898 qui
1033 5829 1408 5904 emphyteusin
1454 5833 1571 5901 ejus
1610 5840 1932 5902 accepturus
1979 5842 2118 5907 est”:

2213 4628 2506 4692 ποιεῖσθαι,
2546 4628 2686 4700 πλὴν
2719 4629 2866 4701 μόνῳ
2901 4629 3130 4700 βασιλεῖ,
3159 4629 3227 4684 δι’
3255 4631 3563 4710 ᾲναγκαίας
3595 4629 3797 4702 χρείας.

2282 4817 2560 4883 Γενέσθω,
2608 4816 2795 4886 φησὶν,
2828 4816 3106 4886 ἀκινήτων
3137 4815 3432 4887 ἰερατικῶν
3461 4816 3798 4888 πραγμάτων

2217 4911 2552 4980 πρόσκαιρος
2578 4907 2914 4979 ὲμφύτευσις
2952 4907 3114 4978 μέχρι
3143 4907 3241 4977 τῆς
3280 4907 3426 4977 ζωῆς
3476 4907 3574 4960 τοῦ
3626 4913 3797 4977 ἐμφυ-

2216 5002 2584 5070 τευσαμινου,
2639 5002 2734 5053 καὶ
2770 4999 2880 5053 τῶν
2925 5000 3133 5054 παίδων
3160 5000 3350 5066 αὐτοῦ,
3385 5000 3482 5053 καὶ
3541 5003 3794 5070 ἐκγόνων,

2217 5095 2353 5147 ἀλλὰ
2389 5093 2495 5164 μὴν
2529 5094 2625 5146 καὶ
2659 5094 2906 5164 γαμετῆς
2952 5093 3165 5164 ἀνδρὸς,
3201 5095 3248 5146 εξ
3292 5093 3472 5164 ῥητῶς
3502 5093 3660 5148 τοῦτο
3685 5110 3795 5146 συν.

2221 5185 2529 5256 εφώνησαν,
2560 5187 2656 5257 τῆς
2682 5186 2847 5258 ἕκτης
2893 5185 3088 5258 μοίρας
3142 5185 3509 5257 κομιζομένης
3550 5188 3653 5258 τῆς
3700 5189 3795 5258 ἀρ·

2221 5280 2384 5350 χαίας
2415 5277 2704 5348 προσόδου.

2293 5369 2354 5426 ε’.
2413 5372 2496 5424 Τὰ
2541 5371 2651 5424 τῶν
2701 5370 3030 5442 ἐκκλησιῶν,
3064 5372 3160 5426 καὶ
3190 5371 3404 5425 σεπτῶν
3453 5373 3620 5426 οἴκων
3671 5389 3793 5442 προ-

2221 5464 2434 5528 άστεια,
2470 5465 2544 5535 μὴ
2567 5465 2702 5535 πρὸς
2736 5465 2837 5536 τὴν
2860 5463 3177 5537 σωζομένην
3207 5465 3604 5521 ὲκδιδόσθωσαν
3633 5465 3791 5538 πρόες

2220 5558 2356 5622 οδον,
2385 5558 2520 5610 ἀλλὰ
2552 5560 2633 5611 δεῖ
2661 5558 2757 5629 τῆς
2789 5561 3065 5632 τιμήσεως
3094 5560 3301 5614 τούτων
3330 5563 3644 5632 γινομένης,
3670 5563 3792 5630 ὅσην

2223 5652 2480 5719 συνάγειν
2531 5652 2752 5706 δύναται
2801 5653 3063 5724 πρόσοδον
3099 5655 3130 5724 ή
3178 5656 3508 5726 άποτίμησις
3539 5656 3631 5710 τοῦ
3665 5671 3786 5725 προ-

2223 5745 2457 5810 αστείου,
2488 5748 2566 5808 εἰς
2611 5745 2857 5799 εἰκοστὸν
2896 5747 3016 5810 ἔτος
3057 5747 3435 5819 διαιρουμένη,
3474 5751 3734 5822 τοσαύτην
3764 5749 3790 5800 ό

2228 5835 2438 5905 μέλλων
2491 5837 2639 5908 αὺτῷ
2691 5836 2872 5914 [αὐτὸ]
2954 5839 3356 5910 ὲμφυτεύεσθηε
3423 5841 3786 5913 ἐπερωτᾶσθαι
