4042 6344
250 302 374 376 558

1367 298 1733 373 NOVELL/E
1765 300 2445 369 CONSTITUTIONES.

3430 295 3538 361 554

253 422 482 489 γενείας
517 421 869 495 διῃρημένοις
898 420 932 496 ἢ
964 424 1309 495 ἀδιαιρέτως,
1357 425 1391 497 ἢ
1440 424 1515 489 ῶς
1555 426 1617 478 ὲκ
1668 421 1856 494 κοινῆς

1978 410 2132 476 livlse
2162 418 2245 475 vel
2276 415 2530 481 indivise,
2562 410 2648 470 vel
2688 419 2945 483 tanquam
2968 422 3037 466 ex
3074 389 3347 482 emptione
3388 429 3539 470 com-

248 514 644 585 ἀγορασίαςῆ
697 514 863 584 ἄλλης
910 517 1324 587 τοιουτοτρόπων
1380 518 1650 587 κτήσεως,
1712 516 1745 587 ἢ
1806 517 1856 571 οἱ

250 604 364 673 μὲν
401 606 469 657 ὲκ
500 606 849 674 συγγενείας,
875 608 922 659 οἱ
968 608 1026 659 δὲ
1058 606 1117 673 ἐξ
1165 608 1528 675 ἐπικτήσεως,
1583 606 1858 661 ἐπίκοινον

254 688 448 749 οἰκίαν
470 696 505 766 ἢ
536 697 712 767 ἀγρὸν
739 696 770 766 ἢ
807 696 1104 768 ἀμπελῶνα
1132 698 1166 768 ἢ
1197 684 1391 769 ἕτερον
1418 698 1477 752 τὸ
1502 696 1709 752 οίονοῦν
1736 698 1860 752 ἀκί-

256 805 428 857 νητον
459 788 702 858 ἔχοντες,
730 789 763 861 ἢ
795 790 967 854 ἄλλως
998 792 1091 844 καὶ
1121 791 1218 862 οὐχ
1251 790 1330 854 ὡς
1353 787 1413 857 ἐξ
1442 790 1718 844 ὲπικοίνου
1746 794 1859 854 τοῖς

257 876 560 943 ἐγγίζουσι
600 878 846 949 κτήμασι
877 880 1020 934 κατά
1056 899 1108 935 τι
1162 880 1327 952 μέρος
1358 880 1858 952 ἀναμεμιγμένοιῆ

254 969 795 1041 συμπαρακείμενοι
825 971 1101 1043 ὁμοτελείς
1148 972 1183 1044 ἢ
1219 969 1408 1039 ἁπλῶς
1446 966 1858 1042 πλησιάζοντες,

259 1056 597 1143 βουληθεῖεν
633 1061 921 1131 έκποιῆσαι
955 1062 1025 1117 τὰ
1056 1064 1163 1117 ίδια
1196 1064 1339 1117 κατά
1370 1066 1575 1136 πρᾶσιν
1604 1065 1636 1135 ἢ
1688 1065 1864 1136 ἐμφύ-

262 1166 462 1205 τευσιν
495 1150 533 1223 ἢ
569 1148 858 1224 μίσθωσιν,
906 1153 982 1226 μὴ
1027 1155 1291 1226 πρότερον
1323 1153 1497 1228 ἑτέρῳ
1530 1154 1637 1208 τινὶ
1688 1154 1863 1210 ταῦτα

263 1243 700 1311 ἐκποιείτωσαν,
729 1248 777 1299 εί
815 1246 891 1316 μὴ
922 1246 1056 1317 πρὸς
1082 1246 1327 1311 ἐκείνους
1350 1245 1861 1323 διαμαρτῦρωνται,

254 1335 360 1400 ,οὓς
397 1336 686 1408 καλοῦμεν
714 1339 855 1417 κατὰ
880 1339 1034 1404 τάξιν
1072 1339 1210 1413 πρὸς
1238 1341 1338 1408 τὴν
1373 1339 1705 1411 προτίμησιν
1728 1353 1744 1370 ·
1778 1338 1867 1393 ἵνα

263 1427 488 1495 πρῶτοι
522 1428 797 1501 κληθῶσιν
834 1430 884 1482 ol
915 1431 1118 1500 ἀναμὶξ
1156 1432 1505 1503 συγκείμενοι
1532 1433 1815 1502 συγγενεῖς
1849 1448 1864 1461 ⁸

265 1514 390 1570 εἶτα
426 1519 482 1570 οἱ
534 1519 706 1584 οὕτως
748 1520 1236 1591 συμπεπλεγμένοι
1272 1523 1520 1577 κοινωνοί
1552 1536 1568 1553 ⁸
1617 1522 1737 1596 μεθ’
1772 1522 1868 1587 οὓς

264 1610 315 1660 οἱ
352 1608 526 1679 μόνον
571 1611 1029 1683 ἀναμεμιγμένοι,
1059 1614 1105 1665 εἰ
1148 1614 1243 1667 καὶ
1283 1613 1423 1679 ξένοι
1461 1613 1638 1685 πάντη
1670 1613 1748 1685 τῷ
1778 1615 1869 1669 ὲκ-

264 1703 554 1773 χωροῦντι
608 1706 923 1777 τυγχάνοιεν
959 1721 973 1736 ’
1032 1706 1228 1761 ἔπειτα
1275 1706 1368 1761 καὶ
1403 1708 1451 1760 oi
1490 1707 1869 1780 συμπαρακεί-

1962 511 2136 579 muni,
2181 510 2265 567 vel
2311 508 2419 565 alio
2464 506 2700 581 quodam
2739 502 3005 584 ejusmodi
3064 504 3291 562 dominii
3357 506 3536 574 titulo,

1962 616 2059 659 aut
2152 600 2466 671 acquirendi
2519 597 2677 654 modo
2730 596 2812 651 vel
2851 596 3048 666 partim
3085 612 3152 653 ex
3192 600 3538 670 cognatione,

1962 699 2157 768 partim
2199 704 2457 751 extranea
2486 692 2917 763 comparatione,
2971 692 3212 757 domum,
3259 700 3356 748 aut
3411 692 3543 749 {uno

1963 789 2113 854 dum,
2150 797 2242 841 aut
2268 777 2506 850 vineam,
2534 793 2625 837 aut
2661 781 2831 837 aliam
2877 795 3259 852 quamcunque
3292 798 3407 838 rem
3440 785 3544 840 soli

1964 891 2309 935 communem
2378 875 2637 929 habentes
2678 860 2818 940 ;aut
2887 871 2933 927 si
2987 872 3083 942 qui
3145 871 3325 939 aliter,
3374 890 3543 944 quam

1962 969 2085 1041 jure
2118 969 2404 1034 consortii,
2436 966 2629 1022 vicinis
2660 964 2838 1021 fundis
2872 964 3050 1036 aliqua
3096 980 3164 1021 ex
3219 978 3375 1037 parte
3418 984 3545 1038 per-

1965 1061 2134 1127 misti,
2163 1059 2249 1115 vel
2277 1057 2606 1126 adjacentes,
2662 1057 2755 1128 qui
2786 1056 2887 1113 sub
2909 1058 3103 1113 eodem
3136 1057 3292 1115 titulo
3312 1060 3545 1132 vectigal

1966 1153 2258 1224 peusitant,
2303 1151 2386 1207 vel
2412 1140 2739 1222 simpliciter
2761 1149 3016 1220 proximi,
3056 1149 3301 1206 alienare
3328 1166 3425 1206 sua
3460 1151 3547 1206 vel

1966 1246 2339 1309 distrahendo,
2384 1242 2466 1299 vel
2512 1258 2609 1314 per
2646 1243 3048 1314 empliyteusiu,
3082 1244 3167 1298 vel
3222 1243 3544 1299 locationem

1969 1338 2240 1393 voluerint
2273 1356 2287 1406 ;
2328 1352 2397 1395 ne
2430 1337 2583 1407 prius
2607 1337 2721 1392 haec
2746 1334 2799 1391 in
2826 1336 2989 1391 alium
3015 1349 3340 1405 quemquam
3378 1346 3553 1392 trans-

1971 1429 2171 1498 ferant,
2204 1446 2366 1501 quam
2396 1432 2463 1484 ad
2499 1443 2593 1485 eos
2640 1428 2986 1484 testationem
3025 1427 3271 1497 fecerint,
3310 1445 3445 1499 quos
3481 1432 3551 1484 ad

1971 1508 2341 1595 praelationem
2366 1523 2563 1578 ordine
2592 1517 2850 1579 vocamus
2882 1538 2898 1576 :
2934 1531 2993 1576 ut
3017 1522 3178 1593 primi
3212 1522 3421 1579 scilicet
3454 1537 3549 1576 vo-

1971 1626 2163 1672 centur
2205 1618 2516 1688 promiscue
2554 1614 2825 1686 conjuncti
2856 1614 3096 1685 cognati,
3160 1613 3358 1671 deinde
3410 1631 3547 1670 con~

1973 1716 2149 1764 sortes
2186 1710 2330 1763 inter
2355 1721 2417 1763 se
2445 1706 2709 1771 connexi,
2758 1712 2884 1789 post
2919 1720 3056 1776 quos
3112 1705 3148 1760 ii
3195 1704 3289 1776 qui
3336 1714 3548 1762 tantum

270 1813 435 1864 μενοι
458 1795 744 1866 όμοτελεῖς
769 1813 781 1827 ·
830 1797 1126 1867 μετέπειτα
1181 1800 1229 1853 σί
1268 1798 1458 1864 ἁπλῶς
1484 1799 1541 1854 ἑν
1574 1819 1679 1855 τινι
1712 1800 1870 1874 μέρει

1978 1799 2221 1869 ροτιηὶσιί
2243 1808 2392 1865 sunt,
2419 1798 2548 1854 licet
2578 1800 2627 1854 ei
2657 1797 2749 1869 qui
2784 1813 2897 1854 rem
2927 1797 3153 1863 alienat,
3193 1800 3416 1855 omnino
3443 1802 3556 1856 sint

273 1886 580 1951 συναπτῶς
630 1887 921 1960 ἡνωμένοι.
976 1889 1285 1959 ὀμοτελεῖς
1336 1892 1395 1946 δέ
1438 1909 1617 1964 φαμεν
1661 1892 1869 1956 πάντας

270 1980 415 2041 τοὺς⁸
438 1980 552 2033 ὑπὸ
577 1980 668 2035 τὸν
695 1980 857 2037 αὑτὸν
890 1983 1327 2053 ὑποτεταγμένον
1356 1986 1868 2056 ἀναγραφομένους,

271 2074 381 2125 κᾶν
412 2076 475 2127 ὲν
510 2073 787 2145 διαφόροις
814 2075 1001 2139 τόποις
1031 2074 1100 2130 τὰ
1130 2074 1236 2129 ἴδια
1265 2076 1573 2149 τελέσματα
1597 2077 1872 2132 καταϐάλ-

272 2162 510 2218 λωνται.
541 2164 760 2220 Πολλῶν
795 2166 852 2220 δὲ
898 2167 1060 2239 πέριξ
1090 2169 1184 2221 τοῦ
1212 2169 1629 2241 ξκχωρουμένου
1656 2168 1871 2242 κτήμα-

272 2270 369 2318 τος
402 2255 784 2326 ὁμορούντων,
814 2257 956 2311 κατά
991 2257 1089 2329 τὴν
1144 2259 1315 2329 αὐτὴν
1368 2259 1521 2325 τάξιν
1571 2260 1786 2333 ἑκάστῳ
1834 2262 1872 2332 ἡ

276 2348 625 2419 προτίμησις
654 2348 743 2401 διά
771 2350 1084 2422 μαρτυρίας
1108 2351 1389 2417 τελείσθω,
1431 2353 1517 2406 ἵνα
1553 2353 1663 2408 τῶν
1685 2370 1874 2427 προτι⁴

278 2437 565 2507 μωμένων
591 2436 720 2502 ἴσως
740 2438 1212 2517 παραιτουμένων,
1230 2441 1283 2492 οἱ
1306 2438 1503 2512 ἑφεξῆς
1527 2440 1870 2511 καλούμενοι,

277 2531 400 2596 είγε
440 2527 744 2599 βούλοιντο,
787 2529 1198 2597 συναλλάξαιεν.
1232 2528 1296 2584 Ei
1345 2531 1530 2601 μέντοι
1560 2523 1769 2597 πάντες
1810 2532 1875 2584 ἐκ
1954 2531 1960 2537 “

279 2621 397 2674 τῶν
442 2613 587 2674 ἴσων
616 2620 870 2693 ἔρχονται
928 2622 1261 2694 προνομίων,
1319 2622 1461 2677 ὥστε
1510 2622 1652 2676 κατά
1708 2623 1875 2694 μηδὲν

283 2712 546 2783 ἀλλήλων
585 2710 983 2790 προκεκρίσθαι
1016 2713 1109 2767 ἐπὶ
1164 2716 1229 2784 τῇ
1280 2712 1505 2786 τοιαύτῃ
1553 2711 1872 2790 προκλέσει,

281 2806 323 2879 ἡ
350 2792 506 2876 αὑτὴ
536 2784 944 2886 ᾗσινόμοίως
989 2804 1227 2875 γινέσθω
1256 2784 1629 2878 προφῶνησις,
1789 2809 1875 2861 ἑν-

282 2897 377 2961 es;
401 2894 449 2950 λ’
483 2899 707 2978 ημερῶν
742 2898 801 2951 τὺ
843 2896 992 2964 ἄξιον
1030 2898 1249 2969 τίμημα
1280 2896 1312 2968 ἢ
1360 2898 1496 2972 ὅπερ
1552 2898 1875 2973 ἀρρᾳδιουρ-

283 2989 480 3069 γήτως
579 2988 785 3061 ἀληθὴς
817 2989 1030 3044 δίδωσιν
1091 2988 1423 3059 ἀγοραστής,
1454 2988 1607 3042 αὐτοὶ
1638 2990 1877 3060 ἀνυπερ-

284 3083 469 3147 eam;
496 3082 896 3146 καταϐαλόντες
920 3080 1199 3152 ἀναλόγως
1222 3080 1315 3151 ἀφ’
1342 3081 1551 3135 ἑαυτῶν
1587 3081 1621 3155 ἢ
1648 3081 1712 3136 ἐκ
1731 3098 1875 3146 τινος

230 3188 233 3191 ·
289 3173 478 3245 ἀρχῆς
509 3171 669 3227 τοῦτο
720 3172 1172 3245 ἀπιμσρίσωνται.
1216 3172 1379 3225 Ὅσοι
1400 3172 1465 3243 δὴ
1498 3170 1571 3244 μὴ
1602 3170 1864 3244 ὲμπροθέυ

290 3282 452 3336 (tuo;
484 3265 586 3337 τὴν
632 3264 1029 3320 ἐπιϐάλλουσαν
1078 3252 1261 3329 αὺτοῖς
1298 3267 1630 3336 παράσχοιεν
1686 3264 1876 3318 ἀποτί-

290 3377 489 3432 μησιν,
517 3358 701 3414 οὐκέτι
742 3360 950 3415 δίκαιον
990 3356 1175 3424 ἕξουσι
1216 3359 1623 3437 προτιμήσεως,
1656 3359 1794 3429 πλὴν
1829 3360 1876 3411 εἰ

288 3458 373 3526 μή
404 3472 493 3519 τις
525 3454 706 3525 αὐτῶν
739 3452 1082 3525 αίχμάλωτός
1118 3454 1267 3507 ἐστιν
1316 3452 1349 3524 ἢ
1386 3452 1818 3523 περιωρισμένος
1846 3451 1878 3524 ἢ

242 3616 261 3625 I
288 3550 602 3619 ἰξόριστος,
629 3546 661 3618 ἢ
688 3548 748 3600 ὲν
776 3544 1064 3618 δημοσίαις
1087 3544 1121 3617 ἢ
1146 3545 1238 3613 καὶ
1261 3530 1417 3606 ἰδίαις
1437 3543 1648 3613 χρείαις
1679 3542 1880 3606 ἀδόλως

288 3639 764 3711 ἀπολιμπάνεται,
808 3638 841 3710 ἢ
900 3637 1056 3693 οὔπω
1080 3638 1172 3690 τὸν
1210 3642 1286 3689 κε’
1341 3636 1530 3707 χρόνον
1578 3636 1676 3706 τῆς
1743 3635 1882 3701 ιδίας

288 3734 497 3806 ἧνυσεν
523 3733 763 3804 ἡλικίας.
798 3729 1017 3786 Τούτων
1049 3734 1173 3803 γὰρ,
1205 3732 1254 3783 oi
1300 3731 1401 3799 τὴν
1456 3729 1721 3798 διοίκησιν
1772 3729 1883 3783 τῶν

200 3812 203 3813 ν
290 3827 613 3897 προσόντων
673 3825 878 3899 αὐτοῖς¹
906 3823 1327 3894 ἀναδεδεγμένοι
1384 3822 1533 3885 ἐντὸς
1593 3821 1634 3875 δ’
1696 3822 1883 3895 μηνῶν

292 3902 441 3989 μετά
464 3917 575 3972 τῶν
608 3916 1155 3989 συμπαρακειμένων
1210 3916 1345 3968 νέων
1374 3914 1694 3987 ἀγοραστῶν
1747 3915 1883 3985 πρὸς

290 4010 605 4082 ἀναλογοῦν
643 4010 1105 4082 συνεισέρχονται,
1142 4008 1583 4079 ἀναπληροῦντες
1612 4008 1797 4071 αὐτοῖς
1822 4005 1884 4061 τὸ

292 4110 503 4180 ἀνῆκον
562 4106 780 4179 τίμημα
831 4105 970 4183 μετά
1005 4102 1098 4158 τοῦ
1138 4104 1370 4174 νομίμου
1426 4103 1585 4155 τόκου
1634 4102 1727 4155 καὶ
1773 4100 1883 4154 τῶν

296 4201 619 4272 ἀναγκαίων
663 4197 1040 4271 ἀναλωμάτων
1075 4214 1087 4229 ’
1119 4196 1244 4259 τοὺς
1276 4196 1332 4250 δὲ
1363 4195 1545 4260 ξένους
1574 4194 1882 4267 ἀγοραστὰς

294 4282 653 4346 ἀπωθοῦνται
700 4289 943 4355 τελείως,
977 4287 1038 4343 τὸ
1069 4288 1295 4361 τίμημα
1347 4287 1489 4358 μετά
1543 4287 1651 4339 τῶν
1703 4285 1883 4339 αὐτῶν

293 4393 476 4445 τόκων
503 4406 563 4443 τε
596 4389 691 4444 καὶ
733 4374 1141 4461 δαπανημάτων
1196 4386 1529 4456 ἀναδιδόντες
1582 4387 1788 4450 αὐτοῖς.
1822 4385 1885 4438 Ei

1974 1891 2259 1957 extranei;
2294 1890 2554 1961 deinceps
2593 1892 2934 1961 adjacentes,
2989 1891 3184 1947 iisdem
3232 1893 3553 1962 pensitatio-

1977 1982 2136 2037 uibus
2205 1981 2462 2049 obnoxii;
2490 1983 2785 2037 secundum
2829 1997 2964 2052 quos
2986 1981 3045 2046 ii,
3086 1982 3178 2052 qui
3230 1981 3556 2053 simpliciter

1973 2087 2038 2127 ex
2055 2072 2234 2143 aliqua
2264 2081 2420 2149 parte
2435 2071 2465 2147 [
2481 2073 2560 2128 rei
2590 2071 2911 2145 alienaude]
2936 2073 3190 2144 contigue
3213 2059 3387 2144 juncti
3396 2066 3550 2130 sunt.

1974 2166 2173 2224 Iisdem
2205 2183 2332 2224 vero
2355 2167 2815 2239 peusitatiouibus
2836 2153 3101 2226 obnoxios
3121 2169 3370 2237 dicimus,
3396 2180 3557 2239 quot-

1975 2272 2111 2332 quot
2138 2262 2239 2317 sub
2278 2264 2469 2317 codem
2496 2261 2772 2335 censitore
2812 2260 3069 2331 descripti
3109 2269 3255 2327 sunt,
3308 2261 3437 2316 licet
3468 2262 3555 2317 die

1979 2358 2156 2419 versis
2215 2357 2268 2409 in
2306 2351 2443 2411 loris
2492 2354 2695 2411 tributa
2751 2342 2847 2410 sua
2888 2354 3122 2410 solvant.
3179 2352 3317 2409 Cum
3370 2365 3554 2409 autem

1976 2442 2334 2505 circumcirca
2361 2448 2539 2520 plures
2558 2448 2607 2503 ei
2628 2446 2769 2518 quod
2789 2445 3133 2513 distrahitur,
3160 2446 3406 2515 adjacent
3427 2485 3443 2513 ,
3464 2455 3560 2500 aut

1977 2540 2127 2595 fundi
2157 2539 2428 2595 alienandi
2481 2538 2618 2596 lines
2681 2537 2947 2609 attiguut,
2993 2538 3205 2593 cunctis
3242 2536 3432 2593 eodem
3467 2552 3560 2594 or-

1956 2634 2124 2713 dine,
2160 2646 2258 2688 sua
2282 2634 2478 2703 cuique
2512 2624 2603 2686 de
2630 2631 2992 2713 praerogativa
3055 2630 3271 2686 testatio
3317 2631 3559 2685 iusinuc‘

1979 2736 2089 2815 ιιιεε
2108 2739 2179 2807 ut
2196 2726 2335 2783 forte
2365 2724 2777 2797 repudiantibus
2809 2723 2899 2791 iis,
2948 2722 3042 2794 qui
3086 2723 3211 2794 jure
3245 2722 3554 2795 praeferuua

2140 2805 2233 2895 qui
2265 2818 2522 2888 deinceps
2548 2824 2836 2882 vocantur,
2866 2816 3135 2886 siquidem
3183 2814 3372 2881 velint,
3426 2830 3560 2871 con-

1982 2903 2221 2987 trahant.
2271 2908 2427 2977 Quod
2485 2909 2530 2965 si
2568 2905 2796 2987 paribus
2850 2920 3038 2963 omnes
3086 2905 3211 2961 freti
3267 2903 3560 2977 privilegiis

1981 2986 2267 3068 accedant,
2298 3011 2357 3055 ut
2382 3001 2432 3055 in
2456 2986 2763 3071 huiusmodi
2788 2997 3104 3073 prolatione
3130 2996 3266 3052 nihil
3296 2996 3397 3053 sibi
3423 3012 3562 3066 pra:-

1977 3096 2224 3167 judicent
2270 3095 2536 3162 invicem,
2589 3094 2783 3150 eadem
2824 3106 3039 3165 rursus
3086 3090 3424 3146 denuntiatio
3461 3090 3559 3145 ﬁat

1987 3200 2048 3245 ut
2091 3190 2159 3244 ab
2197 3190 2277 3245 eis
2319 3189 2458 3245 intra
2488 3190 2631 3244 diem
2669 3185 3006 3257 trigesimum
3053 3185 3200 3254 justo
3244 3183 3441 3253 pretio,
3475 3185 3561 3240 vel

1979 3285 2123 3354 quod
2142 3284 2279 3337 citra
2298 3281 2540 3336 fraudem
2562 3294 2720 3335 verus
2736 3285 2947 3350 emptor
2964 3284 3253 3347 praestaret
3271 3277 3387 3331 sine
3408 3287 3560 3331 mora

1981 3372 2164 3431 soluto
2190 3412 2206 3438 ,
2263 3388 2361 3444 pro
2404 3382 2518 3425 rata
2566 3369 2649 3424 vel
2681 3384 2779 3441 per
2806 3382 2889 3434 se,
2945 3365 3027 3425 vel
3070 3368 3415 3439 magistratus
3458 3367 3561 3422 ali-

1980 3464 2138 3535 cujus
2189 3479 2358 3536 opera
2421 3479 2534 3518 rem
2568 3462 2896 3531 partiamur.
2933 3457 3191 3531 Quoquot
3228 3470 3409 3515 autem
3452 3475 3562 3515 non

1983 3560 2122 3614 intra
2142 3560 2284 3613 diem
2318 3556 2675 3628 praestitutum
2700 3569 2799 3625 pro
2824 3562 2943 3610 rata
2961 3562 3115 3625 parte
3131 3554 3363 3624 pretium
3415 3567 3560 3622 prae-

1982 3648 2243 3721 stiterint,
2275 3645 2480 3701 nullum
2513 3644 2843 3716 praelatiouis
2881 3642 2972 3712 jus
3026 3642 3260 3714 amplius
3287 3641 3565 3697 habebunt

1983 3746 2140 3795 extra
2183 3752 2348 3808 quam
2381 3735 2427 3793 si
2462 3734 2587 3808 quis
2634 3748 2821 3790 eorum
2860 3732 2914 3789 iu
2962 3732 3199 3788 hostium
3235 3740 3562 3801 potestatem

1984 3831 2212 3898 venerit,
2245 3840 2340 3885 aut
2372 3829 2691 3905 deportatus
2724 3827 2815 3891 sit,
2847 3832 2941 3881 aut
2982 3823 3277 3897 relegatus,
3315 3833 3407 3880 aut
3460 3840 3563 3895 pu-

1986 3925 2252 3981 blicorum
2302 3934 2596 3978 suorumve
2652 3917 2992 3991 negotiorum
3052 3932 3219 3973 causa
3271 3917 3406 3973 citra
3464 3918 3566 3971 do-

1988 4016 2097 4071 lum
2126 4030 2342 4070 manum
2370 4012 2534 4081 absit,
2556 4019 2649 4066 aut
2672 4010 2909 4065 nondum
2947 4007 3269 4081 vigesimum
3312 4006 3563 4076 quintum

1982 4106 2159 4162 uitatis
2189 4120 2388 4160 annum
2419 4102 2741 4174 impleverit.
2774 4100 2911 4157 Nam
2946 4101 3039 4172 qui
3076 4100 3271 4157 horum
3308 4098 3553 4156 faculta-

1984 4208 2067 4255 tes
2085 4194 2543 4252 administrandas
2560 4199 2945 4265 susceperunt,
2974 4194 3118 4248 intra
3137 4201 3369 4263 quatuor
3401 4206 3558 4246 meu-

1988 4306 2077 4348 scs
2098 4304 2221 4346 cum
2244 4286 2622 4357 adiacentibus
2648 4288 2803 4343 novis
2828 4285 3162 4359 emptoribus
3186 4292 3405 4353 prorata
3437 4299 3567 4355 por-

1987 4383 2152 4438 tioue-
2170 4379 2554 4445 admittuntur,
2582 4378 2831 4435 exsoluto
2856 4377 3193 4434 convenienti
3213 4376 3410 4447 pretio,
3438 4391 3563 4432 cum

294 4483 353 4535 re
379 4484 430 4534 οἱ
452 4482 563 4537 τῶν
584 4482 893 4553 εἰρημένων
921 4481 1228 4553 προσώπων
1251 4479 1521 4548 διοικηταὶ
1547 4477 1874 4548 ὑφορῶνται,

1994 4472 2473 4543 usurislegitimis,
2506 4480 2562 4529 et
2597 4470 2923 4527 necessariis
2952 4468 3255 4541 impensis:
3288 4481 3566 4540 emptores

301 4576 500 4645 μήπως
530 4575 591 4628 τὸ
622 4567 769 4643 παρ’
818 4572 998 4627 αὐτῶν
1047 4571 1286 4643 πραχθὲν
1329 4570 1528 4623 ἐκεῖνοι.
1562 4567 1751 4622 δεκτὸν
1783 4570 1883 4639 οὐχ

296 4670 642 4738 ἡγήσωνται,
691 4665 809 4738 μετ’
837 4665 1122 4738 ἐγγράφου
1159 4664 1390 4734 νομικῆς
1444 4661 1790 4730 διαγνώσεως
1847 4661 1881 4733 ἢ

296 4750 803 4815 ἀποσαλλέσθωσαν
831 4759 864 4830 ἢ
896 4755 1379 4828 καταδεχέσθωσαν
1408 4753 1469 4807 τὸ
1502 4755 1878 4825 συνάλλαγμα.

300 4848 363 4899 Ei
396 4848 450 4900 δὲ
481 4848 575 4900 καὶ
604 4846 738 4916 πρὸς
770 4844 928 4898 τοῦτο
961 4841 1389 4916 ῥᾳθυμήσουσιν,
1432 4838 1645 4894 οἴκοθεν
1696 4839 1883 4903 αὐτοῖς

185 4949 193 4957 ’
300 4935 695 5005 παρεχέτωσαν
750 4933 861 4987 πᾶν
906 4932 1098 5006 κέρδος
1124 4934 1213 4985 καὶ
1248 4931 1430 4984 πᾶσαν
1468 4929 1759 5000 ὠφέλειαν,
1811 4930 1878 5002 ἣν

297 5028 523 5098 ἔμελλον
578 5011 721 5093 ἓξὲιν
752 5027 977 5089 ἐκεῖνοι,
1026 5025 1185 5097 εἴπερ
1238 5023 1511 5076 ἔσπευσαν
1542 5016 1688 5077 οὗτοι
1748 5021 1882 5094 πρὸς

299 5120 361 5174 τὸ
391 5119 768 5190 συνάλλαγμα.
817 5119 928 5172 Καὶ
954 5117 1127 5171 ταῦτα
1160 5116 1259 5188 μὲν
1291 5115 1385 5169 ἐπὶ
1434 5114 1731 5184 συγγενῶν,
1789 5115 1884 5169 καὶ

299 5209 597 5277 κοινωνῶν,
644 5210 737 5264 καὶ
782 5209 1076 5281 όμοτελῶν,
1118 5210 1213 5262 καὶ
1262 5208 1370 5261 τῶν
1420 5206 1595 5262 ἄλλων
1637 5221 1884 5277 παρακε-

303 5323 402 5379 κτη
411 5309 615 5379 μένων.
634 5306 795 5361 Ἀλλά
817 5306 915 5361 καὶ
936 5306 1028 5359 ἐπὶ
1056 5306 1154 5378 τῆς
1171 5305 1371 5377 ὁμάδος
1392 5306 1503 5358 τῶν
1533 5303 1881 5375 καλουμένων

303 5400 519 5469 χωρίων
577 5399 611 5471 ἢ
663 5399 927 5471 ἀγριδίων
982 5398 1164 5469 πολλῷ
1217 5396 1418 5469 μᾶλλον
1456 5396 1752 5468 κρατείτω,
1795 5397 1883 5449 ἵνα

307 5494 398 5547 καὶ
429 5496 477 5547 oi
520 5496 785 5565 κτήτορες
836 5492 1019 5546 αὐτῶν
1070 5492 1207 5563 πρὸς
1257 5488 1517 5562 ἀλλήλους
1572 5488 1734 5559 ἔχωσι
1786 5486 1884 5557 τὴν

306 5587 657 5659 προτίμησιν.
692 5588 755 5639 ΕΞ
783 5586 839 5640 δὲ
879 5585 1079 5649 πάντες
1109 5582 1540 5655 παραιτήσονται
1572 5574 1654 5643 οἷς
1683 5580 1884 5634 δίδοται

309 5680 345 5750 ἡ
373 5680 726 5752 προτίμησις,
762 5679 795 5750 ἢ
848 5679 1155 5733 δείκνυνται
1209 5679 1375 5732 αἴτιοι
1414 5674 1764 5747 χρηματικῆς
1797 5672 1885 5744 ζη-

315 5772 437 5844 μίας
468 5772 503 5847 ἢ
534 5772 858 5844 σωματικῆς
889 5768 1183 5841 ἐπιϐουλῆς
1215 5787 1275 5824 τε
1323 5769 1421 5823 καὶ
1476 5765 1700 5839 ἀτιμίας
1755 5780 1887 5835 τρα-

264 5868 268 5871 ’
628 5867 905 5945 Panos.
949 5867 1067 5932 Gtt.
1115 5861 1337 5928 CXIII.

1984 4575 2164 4623 autem
2219 4574 2509 4622 extraneos
2559 4564 2613 4620 in
2676 4562 2988 4619 universum
3042 4562 3384 4635 submovent,
3443 4576 3562 4632 pre-

1986 4662 2117 4716 tium
2156 4660 2380 4716 eiscum
2440 4646 2637 4714 iisdem
2662 4656 2846 4713 usuris
2888 4666 2945 4712 et
2973 4656 3234 4727 impensis
3268 4656 3564 4711 restituen-

1988 4762 2089 4810 tes.
2122 4750 2277 4821 Quod
2302 4752 2349 4808 si
2373 4765 2730 4823 personarum
2788 4749 3151 4807 iudicatarum
3199 4757 3413 4805 actores
3466 4763 3564 4802 ve-

1988 4855 2237 4912 reantur,
2288 4858 2357 4899 ue
2390 4841 2533 4898 forte
2570 4843 2718 4913 quod
2779 4840 2848 4897 ab
2872 4855 2933 4898 se
2965 4850 3174 4911 gestum
3237 4840 3422 4903 riterit,
3463 4839 3567 4894 illae

1991 4948 2167 4994 ratum
2197 4950 2303 4992 non
2336 4936 2607 5001 habeant;
2643 4947 2766 4988 cum
2806 4930 3046 5003 legitima
3074 4930 3403 5000 cognitione,
3445 4945 3567 4999 quae

1992 5024 2384 5093 interveniente
2429 5022 2697 5091 scriptura
2725 5019 2837 5086 ﬁat,
2893 5030 2988 5076 aut
3034 5019 3561 5082 omittantcoutrm

1989 5125 2163 5182 ctum,
2204 5126 2300 5171 aut
2325 5122 2636 5185 acceptent.
2668 5112 2783 5180 Qua
2815 5112 2869 5168 in
2898 5128 2959 5169 re
2989 5111 3035 5167 si
3080 5111 3413 5183 negligentes
3443 5128 3569 5168 sese

1989 5206 2278 5278 gesserint,
2312 5203 2379 5260 de
2405 5219 2503 5260 suo
2526 5210 2784 5275 praestent
2813 5201 2892 5256 eis
2907 5213 3070 5255 omne
3092 5199 3298 5253 lucrum
3323 5208 3377 5252 et
3406 5213 3568 5253 uiuite

1989 5295 2380 5363 commodum,
2442 5294 2585 5366 quod
2640 5293 2715 5348 illi
2776 5290 3015 5347 habituri
3072 5289 3309 5355 fuerant,
3364 5291 3405 5343 si
3451 5306 3565 5343 οω-

1990 5399 2113 5445 ture
2154 5395 2492 5443 contractum
2521 5384 2575 5439 hi
2622 5383 2901 5439 celebrare
2948 5381 3340 5453 perrexissent.
3389 5383 3567 5451 Atque

1992 5483 2108 5538 lucc
2137 5480 2351 5552 quidem
2383 5479 2435 5532 in
2464 5476 2808 5547 propinquis,
2854 5484 2909 5530 et
2945 5474 3313 5538 consortibus,
3350 5482 3405 5529 et
3469 5470 3568 5528 sub

1990 5578 2177 5632 eodem
2213 5572 2379 5627 titulo"
2396 5569 2620 5640 vectigal
2649 5566 3067 5638 pensitautihus,
3102 5574 3436 5643 cmtensqne
3480 5568 3565 5619 vi-

1993 5666 2131 5723 cinis
2166 5663 2588 5738 possessoribus.
2628 5660 2766 5728 Quiu
2802 5670 2868 5737 et,
2917 5662 2975 5715 in
3015 5657 3366 5713 universitate
3412 5660 3567 5714 νὶω-

1993 5778 2137 5829 rum,
2157 5759 2245 5830 qui
2278 5759 2558 5821 dicuntur,
2587 5762 2679 5809 aut
2706 5744 3181 5857 agrrorum,multo
3218 5752 3396 5831 magis
3420 5752 3565 5835 oliti-

3134 5845 3205 5908 18
