4042 6344
314 218 427 285 ssi

1417 191 1779 295 Novum
1819 222 2489 295 CONSTITUTIONES.

3464 192 3613 281 σοι

324 330 791 434 ούδὲνπῆςιθεῖας
824 334 980 404 δίκης
1007 337 1252 393 τίθεσθαι
1279 339 1578 414 ὀφθαλμὸν,
1609 341 1695 399 διέι
1726 346 1898 400 ταῦτα

2030 343 2260 415 uulgata
2290 339 2497 397 vincula
2531 333 2844 408 pervadere,
2875 339 3034 399 atque
3060 327 3269 386 oculum
3292 326 3428 383 adeo
3457 330 3573 383 vim-

327 423 424 475 νῦν
476 425 893 497 ἀσφαλεστέρας
950 430 1044 482 καὶ
1108 431 1537 505 ἐπιμελεστέρας
1579 437 1904 508 ἀναγραφῆς

2030 437 2161 494 Iictae
2184 435 2399 503 divinae,
2432 447 2593 503 quem
2627 427 2762 484 nihil
2787 426 2940 493 latet,
2970 422 3122 480 llocci
3152 422 3343 478 faciat:
3369 420 3573 477 idcirco

328 516 561 585 ἠξίωται
591 518 787 584 ταῦτα,
822 521 919 591 τῆς
953 522 1064 577 τῶν
1112 527 1563 598 κακουργούντων
1597 527 1908 601 βουλήσεως

327 610 399 664 τὰ
422 611 735 682 σοφίσματα
770 613 1031 683 ρίπτοντά
1068 631 1129 669 τε
1158 618 1253 671 καὶ
1280 620 1675 692 ἀποτέμνοντα.
1704 621 1907 677 Θεσπί-

331 704 502 774 ζομεν
535 703 848 777 τοιγαροῦν,
875 707 1003 768 τοὺς
1042 708 1100 761 ὲν
1131 707 1276 781 πάσῃ
1308 708 1462 783 χώρᾳ
1515 712 1609 767 καὶ
1640 712 1905 785 πολιτείᾳ,

282 806 285 807 ⁷
327 796 396 867 ἢν
427 796 567 865 μετά
596 796 728 850 Θεὸν
757 797 790 869 ή
825 796 915 865 ὑφ’
950 797 1108 870 ήμῶν
1158 800 1337 855 διέπει
1380 802 1559 876 ἀρχὴ,
1616 805 1907 876 διάγοντας

328 886 627 958 ἐλευθέραν
668 889 765 942 καὶ
788 889 1144 963 ἀνενόχλητον
1169 891 1268 963 τὴν
1294 891 1568 966 λαχοῦσαν
1601 895 1745 967 ἔχειν
1772 915 1905 952 κατ-

329 980 569 1049 οίκησιν.
595 981 738 1036 Ἀλλ’
764 983 811 1037 εί
840 982 937 1054 μὲν
957 981 1115 1038 τοῦτο
1150 986 1303 1057 μένει
1330 986 1616 1057 φυλάττων
1644 991 1671 1043 ὁ
1694 990 1905 1061 χρόνος,

329 1072 476 1125 ἔστω
525 1076 626 1144 τῆς
653 1074 764 1128 τῶν
792 1074 1067 1149 τέκνωνή
1118 1080 1398 1147 συγγενῶν
1444 1080 1800 1154 κληροδοσίας
1850 1083 1910 1141 τὸ

334 1163 626 1233 ὲπίκτημα
676 1164 709 1235 ἢ
764 1165 864 1234 τῆς
924 1164 1017 1220 τοῦ
1064 1168 1385 1239 κατέχοντος
1432 1170 1806 1241 προαιρέσεως
1848 1172 1911 1226 τὸ

333 1255 591 1328 βούλημα
626 1257 1139 1332 συμπληρούμενον.
1178 1260 1241 1316 El
1270 1262 1349 1328 δὲ,
1389 1259 1477 1317 οἷα
1511 1263 1611 1335 τῆς
1635 1264 1911 1338 ἀνθρωπί-

333 1366 435 1421 νης
466 1349 710 1418 βιώσεως
737 1352 946 1421 καὶτῆς
972 1350 1065 1405 τοῦ
1090 1354 1281 1424 χρόνον
1300 1354 1644 1428 παλιρροίας,
1667 1357 1914 1430 ἀνάγκης

336 1440 369 1511 ἢ
403 1443 601 1511 χρείας
631 1442 1072 1516 ὲπικειμένης,ή
1109 1445 1202 1500 καὶ
1249 1444 1522 1518 θελήσεως
1555 1446 1715 1519 τυχὸν
1748 1449 1915 1522 μόνης

339 1532 776 1605 ὕποτιθεμένης,
829 1536 930 1607 τὴν
962 1537 1068 1591 τῶν
1100 1538 1318 1593 οἰκείων
1350 1539 1535 1593 τόπων
1567 1539 1855 1609 ύπεισάγει
1882 1540 1915 1613 ἢ

341 1627 591 1695 μερικῶς
627 1627 915 1698 ήκαθὸλου
968 1630 1274 1700 ὲκποίησιν,
1327 1633 1440 1695 τοῖς
1491 1631 1602 1687 τῶν
1648 1632 1827 1687 αὐτῶν
1881 1633 1915 1702 ἢ

2006 545 2151 585 nunc
2184 543 2402 600 operam
2434 524 2698 588 dedimus,
2731 529 2785 575 ut
2816 520 2930 575 iure
2959 517 3115 588 longe
3146 525 3251 570 tam
3284 514 3496 571 cautius
3522 524 3579 579 et

2006 626 2233 687 certius,
2261 633 2425 691 quam
2452 615 2759 692 diligentius
2786 608 3285 682 perscriberentur;
3316 621 3417 676 qua
3452 620 3576 673 per-

2008 709 2302 781 Seriptione
2329 713 2633 763 cuminenta
2658 701 2895 757 libidinis
2920 698 3287 754 fraudulenter
3302 696 3575 766 agentium

2009 810 2324 859 resecentur
2379 810 2433 855 et
2494 796 2872 867 explodantur.
2927 792 3211 847 Sancimus
3272 790 3455 861 igitur,
3523 799 3579 841 ut

2009 901 2275 966 quotquot
2323 891 2379 946 in
2431 891 2686 947 universa
2728 888 2933 943 ditione
2975 900 3039 943 ac
3081 882 3375 954 republica,
3418 898 3578 952 quam

2008 985 2306 1044 secundum
2330 984 2531 1050 Deum,
2558 993 2801 1037 nostrum
2837 981 2975 1051 regit
3005 979 3313 1048 imperium,
3349 977 3545 1045 degunt
3566 1013 3581 1036 .

2011 1076 2365 1144 domicilium,
2415 1074 2560 1147 quod
2616 1075 2746 1145 ipsis
2794 1071 3009 1143 obtigit,
3073 1070 3242 1125 libere
3296 1067 3585 1137 quieteque

2012 1169 2346 1243 possideant.
2399 1166 2664 1222 Nimirum
2712 1166 2757 1221 si
2814 1163 3072 1234 temporis
3120 1176 3183 1216 ea
3233 1159 3588 1215 commoditas

2010 1274 2116 1333 est,
2149 1272 2209 1318 ut
2236 1277 2396 1319 suum
2427 1246 2527 1317 sibi
2564 1258 2821 1331 praedium
2872 1256 3101 1326 quisque
3151 1261 3350 1318 servet,
3383 1254 3588 1313 {succe-

2015 1358 2146 1413 dant
2176 1357 2228 1413 in
2272 1371 2335 1413 eo
2383 1354 2537 1411 liberi
2580 1362 2672 1409 aut
2728 1347 2963 1422 cognati,
3014 1346 3097 1401 vel
3152 1342 3482 1416 possessoris
3527 1344 3593 1395 de

2016 1464 2081 1506 eo
2114 1449 2398 1506 statuentis
2416 1446 2664 1517 voluntas
2695 1441 3001 1515 impleatur.
3042 1439 3098 1495 Si
3136 1452 3262 1493 vero
3293 1438 3414 1508 quis
3442 1436 3592 1490 loco-

2021 1560 2140 1601 rum
2195 1558 2412 1600 suorum
2445 1540 2529 1597 vel
2563 1537 2960 1610 particularem,
2999 1534 3082 1587 vel
3116 1532 3416 1610 universam
3455 1529 3589 1584 alie-

2019 1638 2295 1692 nationem
2337 1634 2602 1700 instituat,
2654 1640 2779 1702 puta
2816 1630 2895 1685 sic
2936 1629 3170 1684 humano
3219 1624 3465 1691 consilio,
3511 1621 3592 1676 vel

341 1719 437 1771 καὶ
460 1718 575 1772 τῶν
596 1714 958 1791 ’ὁμορούντων
1003 1723 1192 1793 ἀγρῶν
1226 1722 1259 1794 ἢ
1296 1724 1511 1794 χωρίων
1542 1725 1854 1798 οἰκήτορσιν
1881 1728 1915 1799 ή

2030 1739 2137 1784 arta
2169 1728 2236 1783 de
2276 1723 2651 1780 vicissitudine
2685 1719 2942 1791 temporis
2983 1715 3309 1772 necessitate
3342 1719 3593 1783 urgente,

342 1809 613 1880 ἒξώνησις
665 1811 998 1882 προκείσθω.
1054 1811 1132 1867 Οὐ
1168 1812 1316 1882 μίσει
1365 1814 1422 1868 δὲ
1456 1815 1548 1868 καὶ
1584 1815 1761 1885 φθόνῳ
1813 1817 1921 1872 τῶν

340 1902 713 1975 ἰσχυροτέρων
768 1905 940 1960 ταῦτα
974 1905 1433 1977 θεσμοθετοῦμεν,
1469 1907 1584 1963 ἀλλ’
1615 1908 1799 1981 εὐνοίᾳ
1829 1911 1924 1962 καὶ

344 1993 659 2067 προστασία
686 1995 794 2049 τῶν
825 1999 1071 2065 πενήτων
1130 2002 1222 2051 καὶ
1272 2003 1426 2070 κοινῇ
1464 1999 1708 2071 σωτηρίᾳ
1766 1997 1923 2055 τοῦτο

339 2087 723 2159 διοριζόμεθα.
769 2090 909 2143 ’ἀνθ’
954 2083 1029 2145 ὧν
1073 2093 1181 2163 γὰρ
1231 2093 1397 2163 ἐχρῆν
1450 2096 1574 2157 τοὺς
1625 2095 1813 2166 ἄρχειν
1862 2097 1925 2150 ὲκ

342 2178 483 2231 Θεοῦ
518 2178 807 2250 λαχόντας,
847 2182 972 2244 τοὺς
1024 2181 1148 2253 δόξῃ
1184 2183 1273 2236 καὶ
1306 2184 1519 2255 πλούτῳ
1569 2186 1677 2239 τῶν
1714 2188 1927 2242 πολλῶν

345 2272 888 2343 ὑπερανεστηκότας,
955 2273 1080 2344 περὶ
1119 2274 1315 2333 πολλοῦ
1360 2275 1457 2346 τὴν
1509 2276 1616 2329 τῶν
1668 2281 1917 2350 πενήτων

345 2361 625 2415 ποιεῖσθαι
680 2362 1043 2435 προμήθειαν,
1092 2358 1237 2418 οὗτοι
1302 2366 1644 2438 κατάϐρωμοι
1698 2367 1921 2435 τούτους

341 2453 569 2526 ἔχοντες
596 2454 678 2508 ὅτι
714 2455 788 2527 μὴ
815 2455 1002 2527 τάχιον
1025 2456 1197 2510 ταῦτα
1231 2458 1519 2528 κατέχουσι
1542 2458 1919 2531 δυσχεραίνουο

347 2564 452 2602 σιν.
475 2548 539 2600 El
570 2548 625 2600 δὲ
657 2549 751 2601 καὶ
785 2548 860 2618 μή
897 2548 1114 2601 πάντων
1133 2550 1193 2601 τὺ
1220 2549 1462 2603 τοιοῦτον
1482 2551 1918 2624 ἀνοσιούργημα,

344 2639 466 2693 ἀλλ’
499 2638 641 2693 ἔστω
672 2642 804 2694 πᾶσι
838 2640 1015 2693 κοινὸν
1055 2641 1115 2694 τὸ
1144 2641 1234 2694 τοῦ
1263 2643 1428 2713 νόμου
1472 2644 1816 2714 συντήρημα,
1846 2643 1924 2710 ὡς

345 2731 415 2784 ’ἂν
457 2731 531 2801 μὴ
564 2730 702 2806 λάθῃ
735 2731 811 2802 τῷ
845 2733 975 2804 σίτῳ
1010 2733 1493 2805 συνεισφερόμενον
1554 2735 1611 2788 τὸ
1662 2733 1918 2801 ζιζάνιον.

2018 1819 2102 1875 vel
2131 1818 2293 1874 etiam
2326 1814 2441 1870 sola
2461 1802 2736 1869 voluntate
2767 1816 3086 1880 suggerente
3114 1823 3128 1860 :
3159 1803 3478 1873 pra-diorum
3515 1799 3596 1853 vel

2020 1924 2273 1981 agrorum
2302 1906 2637 1969 eorumdcm,
2678 1914 2772 1957 aut
2805 1902 2969 1955 etiam
3000 1895 3295 1955 conﬁnium
3329 1891 3598 1951 habitato-

2021 2002 2171 2057 ribus
2204 1998 2466 2070 permissa
2512 1997 2581 2052 sit
2628 1994 2850 2065 emptio,
2905 2006 3010 2046 non
3061 1988 3205 2059 quod
3247 1988 3350 2043 hoc
3395 1985 3478 2041 vel
3530 1984 3597 2039 ad

2019 2093 2225 2159 odium,
2278 2090 2360 2147 vel
2410 2088 2667 2145 invidiam
2720 2085 3082 2157 potentiorum
3136 2077 3600 2145 statuanius;sed

2024 2185 2090 2241 ad
2120 2184 2358 2240 favorem
2407 2190 2466 2239 et
2508 2179 2867 2254 patrocinium
2905 2188 3227 2249 pauperum,
3262 2172 3605 2241 salutemque

2023 2277 2315 2350 publicam,
2345 2276 2416 2331 ita
2443 2272 2787 2331 deliniamus.
2815 2270 3023 2340 Quippe
3049 2282 3146 2336 pro
3172 2280 3259 2331 eo,
3291 2263 3434 2335 quod
3460 2262 3600 2324 illos.

2025 2369 2117 2442 qui
2150 2369 2408 2426 divinitus
2442 2366 2822 2439 magistratum
2861 2361 3084 2436 gerendi
3117 2366 3440 2429 potestatem
3464 2369 3601 2410 cou-

2024 2460 2192 2517 secnti
2220 2467 2363 2523 sunt,
2390 2457 2592 2529 quique
2617 2466 2723 2511 tam
2748 2453 2939 2526 gloria,
2956 2464 3117 2522 quam
3141 2448 3337 2521 opibus
3368 2446 3605 2515 reliquos

2024 2551 2377 2619 antecellunt,
2436 2548 2589 2605 valde
2650 2548 2717 2605 de
2771 2542 3097 2616 pauperibus
3166 2553 3287 2597 esse
3346 2537 3607 2594 sollicitos

2026 2646 2342 2717 Oportebat;
2375 2643 2475 2714 ipsi
2510 2656 2603 2698 eos
2634 2654 2732 2713 pro
2766 2653 2889 2696 esca
2931 2651 3029 2694 sua
3072 2633 3352 2701 ducentes,
3394 2643 3607 2701 permo-

2028 2737 2166 2795 leste
2207 2737 2412 2802 ferunt,
2450 2749 2638 2791 eorum
2683 2746 2741 2788 se
2772 2731 2913 2789 bona
2960 2728 3119 2784 citius
3159 2741 3265 2782 non
3305 2723 3613 2796 possidere.

352 2827 509 2887 Quod
545 2828 588 2879 si
637 2842 739 2879 non
782 2828 833 2880 in
872 2842 1061 2882 omnes
1097 2829 1317 2898 impium
1351 2828 1484 2885 adeo
1520 2829 1725 2885 facinus
1759 2831 1925 2898 cadit,
1966 2841 2022 2889 at
2054 2832 2187 2903 legis
2214 2831 2379 2903 hujus
2426 2826 2736 2887 observatio
2800 2822 3106 2881 communis
3135 2817 3413 2893 [carnibus
3446 2824 3561 2872 esto
3591 2830 3604 2865 :

351 2937 419 2973 nt-
445 2921 681 2974 latenter
714 2936 816 2975 una
846 2936 966 2976 cum
997 2923 1172 2977 tritico
1204 2923 1387 2977 lolium
1423 2924 1726 2994 enlligatur.

426 3013 497 3069 α’.
524 3015 731 3083 Μηδεὶς
767 3012 858 3069 οὖν
884 3017 1080 3091 μηκέτι
1115 3019 1249 3089 μήτε
1278 3018 1388 3071 τῶν
1431 3020 1744 3091 περεφανῶν
1773 3021 1936 3092 μαγί-
1965 3025 2007 3085 C

354 3124 413 3159 σῖ
426 3123 538 3177 ρων
569 3108 601 3177 ἢ
632 3110 961 3175 πατρικίων,
982 3110 1120 3181 μήτε
1153 3110 1262 3163 τῶν
1292 3109 1485 3183 ἀρχαῖς
1512 3112 1543 3183 ἢ
1573 3112 1928 3184 στρατηγίαις

352 3200 385 3270 ἢ
444 3200 742 3264 πολιτικοῖς
792 3201 1269 3274 ἦστρατιωτικοῖς
1316 3202 1591 3275 ἀξιώμασι
1624 3206 1929 3277 τετιμημέ-

355 3308 487 3358 νων,
525 3294 662 3364 μήτε
695 3294 801 3365 μὴν
838 3295 975 3358 ὅλως
1006 3295 1114 3350 τῶν
1141 3298 1221 3359 είς
1260 3297 1565 3370 συγκλήτου
1599 3297 1795 3371 βουλὴν
1828 3301 1933 3354 ἀπ-

354 3386 781 3457 ηριθμημὲνων,
814 3387 949 3458 μήτε
978 3386 1085 3442 τῶν
1118 3388 1430 3459 θεματικῶν
1457 3390 1734 3463 ἀρχόντων
1764 3393 1795 3466 ἢ
1827 3394 1933 3447 ἀπ-

350 3480 663 3553 αρχόντων,
693 3482 831 3553 μήτε
859 3477 969 3538 τῶν
996 3482 1422 3553 θεοφιλεστάτων
1456 3485 1867 3558 μητροπολιτῶν
1898 3485 1932 3559 ἢ

353 3573 808 3643 ἃρχιεπισκόππλν
841 3575 872 3648 ἢ
914 3576 1229 3631 ἐπισκόπων
1259 3579 1292 3650 ἢ
1334 3579 1652 3652 ἡγουμένων
1687 3579 1719 3652 ἠ
1748 3579 1944 3651 ἐκκληο

358 3664 666 3719 σιαστικῶν
692 3667 971 3739 ἀρχόντων
999 3667 1030 3739 ἢ
1062 3668 1171 3723 τῶν
1200 3669 1300 3740 τὴν
1331 3664 1670 3739 προστασίαν
1701 3671 1793 3724 καὶ
1822 3672 1940 3724 ἐπι-

359 3759 626 3822 κράτειαν
653 3758 758 3812 τῶν
790 3760 1059 3831 εὐαγῶνῆ
1091 3760 1385 3829 βασιλικῶν
1417 3762 1581 3816 οίκων
1608 3763 1860 3834 ἐχόντων,
1901 3764 1934 3835 ἢ

356 3853 442 3915 εἰς
476 3853 676 3907 οἰκεῖον
705 3852 992 3924 πρόσωπον
1022 3854 1054 3925 ἢ
1084 3853 1186 3923 τῆς
1233 3854 1519 3927 βασιλικῆς
1551 3856 1871 3928 περιουσίας
1902 3855 1933 3928 ἢ

359 3944 462 4012 τῆς
495 3943 844 4015 Ἐκκλησίας,
867 3945 899 4015 ἦ
923 3945 989 4000 δι’
1013 3945 1219 4000 ἑαυτῶν
1237 3946 1270 4020 ἢ
1291 3945 1380 4000 διὰ
1406 3947 1733 4019 πρενθέτου
1762 3965 1934 4020 προσ-

360 4037 516 4090 ώπου
550 4037 809 4109 τολμήσει
840 4039 1039 4111 μηκέτι
1071 4038 1181 4095 είτε
1216 4042 1295 4105 είς
1324 4041 1523 4113 χωρίον
1550 4041 1581 4113 ἦ
1616 4043 1696 4107 είς
1731 4042 1927 4115 ἀγρὸν,

361 4127 394 4202 ἢ
430 4130 663 4186 καθόλου
699 4132 732 4204 ή
768 4133 1013 4204 μερικῶς
1064 4132 1406 4190 ὑπεισελθεῖν
1457 4134 1489 4208 ἢ
1526 4136 1730 4206 ἀγορᾶς
1768 4135 1933 4207 ἢδω-
1974 4180 1987 4186 -

367 4224 500 4289 ρεᾶς
526 4223 560 4293 ἢ
587 4223 945 4297 κληροδοσίας
980 4226 1013 4298 ἢ
1039 4226 1205 4298 ἄλλης
1239 4226 1461 4281 οίασοῦν
1493 4227 1818 4299 προφάσεως
1853 4228 1938 4282 al-

361 4319 477 4390 τὲᾳ,
528 4317 604 4382 ὡς
662 4317 953 4391 ἀνισχύρου
990 4320 1087 4392 μὲν
1111 4320 1478 4393 διορισθείσης
1518 4322 1616 4393 τῆς
1671 4321 1931 4392 τοιαύτης

2117 3021 2164 3073 1.
2219 3014 2409 3071 Nullus
2437 3012 2599 3085 igitur
2630 3010 2684 3067 in
2716 3002 2987 3080 poSterum
3016 3012 3119 3062 nec
3159 3003 3447 3060 illustrium
3491 3015 3608 3055 ma-

2037 3113 2357 3185 gistrorum,
2389 3114 2483 3162 aut
2514 3102 2886 3176 patriciorum,
2914 3114 3013 3156 nec
3049 3088 3470 3172 magistratibus,
3515 3105 3610 3149 aut

2037 3202 2309 3277 praeturis,
2373 3207 2467 3254 aut
2511 3191 3195 3263 civilibusmilitaribusve
3253 3185 3603 3261 dignitatibus

2036 3298 2447 3357 honoratorum,
2494 3303 2594 3345 nec
2638 3300 2826 3345 eorum
2870 3284 3113 3355 omnino,
3160 3282 3251 3353 qui
3295 3289 3602 3339 senatorum

2038 3400 2267 3445 numero
2297 3391 2605 3446 censentur,
2632 3395 2729 3438 nec
2752 3373 3161 3450 provincialium
3192 3373 3498 3445 praesidum,
3524 3369 3609 3426 vel

2038 3476 2420 3551 «praesidum,
2448 3487 2550 3531 nec
2578 3468 3070 3527 amantissimorum
3107 3462 3197 3520 Dei
3232 3461 3609 3530 metropolita-

2038 3588 2257 3639 norum,
2288 3568 2371 3625 vel
2401 3565 2957 3637 arcbiepiscoporum,
2989 3557 3076 3615 vel
3102 3558 3497 3629 episcoporum,
3528 3552 3612 3609 vel

2040 3669 2316 3731 abbatum,
2357 3664 2471 3718 sive
2499 3660 2761 3731 priorum,
2794 3653 2879 3710 vel
2906 3650 3393 3710 ecclesiasticorum
3422 3646 3610 3718 prazsi-

2041 3761 2189 3825 dum,
2217 3756 2305 3813 vel
2332 3769 2540 3818 eorum.
2576 3752 2665 3822 qui
2710 3746 2978 3820 religiosis
3008 3744 3215 3801 aedibus
3252 3753 3344 3797 aut
3373 3747 3615 3811 augusta:

2042 3853 2199 3909 alicui
2233 3848 2414 3907 domui
2469 3837 2592 3905 cum
2643 3850 2909 3915 potestate
2964 3848 3228 3911 praesunt,
3281 3835 3334 3891 in
3383 3845 3613 3904 persona

2040 3962 2162 4011 sua,
2194 3945 2281 4001 vel
2314 3942 2529 3998 nomine
2567 3936 2877 4011 patrimonii
2919 3930 3200 4004 principis,
3230 3928 3315 3985 vel
3344 3925 3610 3990 ecclesiae,

2040 4055 2137 4113 per
2156 4054 2237 4105 se,
2260 4036 2345 4091 vel
2366 4026 2462 4106 per
2484 4032 2780 4113 subjectum
2809 4039 3121 4100 personam,
3155 4022 3352 4080 audeat
3378 4018 3614 4091 amplius

2044 4106 2099 4190 in
2130 4129 2386 4203 praedium
2422 4106 2722 4197 vefagrum
2755 4122 2808 4178 in
2834 4118 3062 4177 solidum
3094 4124 3191 4181 aut
3221 4130 3285 4173 ex
3315 4122 3466 4187 parte
3494 4127 3618 4168 sue-

2046 4228 2260 4291 cedere,
2296 4222 2379 4280 vel
2410 4216 2719 4291 emptionis,
2748 4213 2833 4272 vel
2863 4209 3192 4277 donationis,
3222 4206 3304 4266 vel
3329 4206 3614 4264 haeredita-

2050 4320 2143 4385 tis,
2169 4316 2253 4373 vel
2279 4310 2580 4370 occasionis
2609 4308 2833 4364 alterius
2874 4303 3242 4375 cujuscunque
3268 4298 3421 4358 titulo
3452 4318 3470 4355 :
3494 4313 3617 4354 cum

366 4411 784 4482 προσκτήσεως,
813 4390 1141 4485 ἀναργύρως
1174 4390 1229 4466 δε
1252 4412 1359 4467 τῶν
1386 4390 1773 4482 ἐπικτωμένων
1802 4390 1930 4485 μετᾶ

2044 4406 2347 4481 huiusmodi
2365 4401 2649 4476 acquisitio
2679 4398 2874 4457 nullius
2904 4410 3024 4454 esse
3056 4393 3314 4451 momenti
3346 4390 3618 4449 declarata

365 4508 467 4574 τῆς
500 4506 932 4577 προσγινομένης
968 4505 1317 4579 καλλιεργίας
1351 4507 1485 4577 πρὸς
1522 4507 1647 4569 τοὺς
1676 4507 1935 4576 κατέχον-

366 4616 490 4659 τας,
517 4597 551 4668 ἢ
579 4597 784 4651 τούτων
808 4599 840 4670 ἢ
864 4598 1145 4668 συγγενῶν
1168 4599 1349 4653 αὐτῶν
1373 4598 1447 4670 μή
1472 4598 1781 4669 προσόντων
1804 4598 1939 4666 πρὸς

366 4691 496 4752 τοῦς
542 4690 651 4743 τῶν
688 4691 904 4763 χωρίων
935 4692 966 4763 ἢ
996 4690 1179 4762 ἀγρῶν
1211 4692 1501 4764 οίκήτορσις
1532 4693 1730 4761 χωρεῖν
1761 4692 1943 4744 διακε-

370 4780 726 4835 λευσθέντων.
765 4782 827 4834 ’Π
858 4780 965 4854 γὰρ
1000 4782 1107 4835 τῶν
1128 4782 1383 4837 τοιούτων
1420 4783 1744 4851 ἐπικράτεια
1773 4798 1941 4852 προσ-

370 4876 539 4927 dith
567 4875 796 4929 καὶτῶν
833 4876 1081 4944 πενήτων
1128 4868 1225 4947 τήν
1274 4874 1474 4945 πολλὴν
1525 4874 1803 4945 ἐπηύξησε
1844 4892 1939 4926 τα-

372 4966 701 5040 λαιπωρίαν,
747 4966 823 5037 τῷ
868 4967 1063 5039 πλήθει
1092 4967 1201 5021 τῶν
1246 4965 1493 5031 οἰκετῶν,
1544 4967 1651 5020 τῶν
1711 4966 1941 5039 μισθαρο

373 5061 635 5126 νούντων,
662 5059 771 5115 τῶν
800 5060 974 5124 ἄλλως
1008 5062 1405 5134 ὲπιτρεχὸντων
1437 5061 1528 5115 καὶ
1553 5060 1817 5114 συνόντων
1842 5060 1942 5121 τὰς

378 5154 800 5218 ἐπαναστάσεις,
819 5154 917 5219 τὰς
938 5154 1171 5224 διώξεις,
1186 5156 1283 5219 τὰς
1310 5153 1613 5226 ἀγγαρείας
1638 5156 1939 5223 ἐπάγουσα,

378 5246 475 5308 τὰς
495 5246 671 5309 ἄλλως
701 5245 1174 5312 ἐπακολουθούσας
1194 5246 1402 5318 θλίψεις
1434 5249 1523 5300 καὶ
1559 5247 1946 5319 στενοχωρίας,

381 5342 474 5392 καὶ
506 5341 606 5413 τὴν
628 5339 721 5394 τοῦ
751 5340 930 5393 κοινοῦ
960 5338 1259 5413 διαφθοράν
1288 5342 1396 5404 τοῖς
1440 5341 1673 5411 συνορᾷν
1704 5339 1947 5410 δυναμέ-

382 5450 492 5494 νοις
522 5433 583 5485 ού
619 5431 845 5504 μικρὰν,
863 5432 1005 5505 εἰμὴ
1028 5432 1345 5505 προφθάσας
1366 5435 1394 5486 ὁ
1428 5430 1616 5504 παρὼν
1644 5432 1949 5485 ἀναστεξλει

382 5520 565 5590 νόμος,
610 5519 995 5593 προεξὲνησεν.
1033 5522 1098 5575 Ἦ
1126 5520 1234 5594 γάρ
1262 5519 1370 5575 τῶν
1398 5520 1607 5573 πολλῶν
1631 5519 1951 5591 κατοίκησις

387 5615 588 5687 πολλὴν
628 5614 873 5670 δείκνυσι
903 5614 1001 5685 τῆς
1025 5617 1213 5687 χρείας
1241 5616 1341 5687 τὴν
1384 5616 1675 5685 ὠφέλειαν,
1708 5614 1806 5685 τὴν
1840 5613 1949 5668 τῶν

384 5704 661 5779 δημῡσίων
704 5707 1084 5780 συνεισφοράν,
1119 5708 1218 5789 τήν
1260 5707 1367 5764 τῶν
1400 5707 1804 5785 στρατιωτικῶν
1844 5705 1952 5759 λει-

2044 4507 2135 4571 slt,
2186 4511 2239 4558 et
2265 4503 2466 4572 absque
2502 4495 2660 4569 pretii
2708 4491 3047 4550 restitutione
3075 4503 3161 4545 res
3190 4486 3614 4572 acquisitaskuna

2044 4610 2164 4651 cum
2197 4592 2524 4666 expolitione
2557 4588 2676 4662 [hoc
2710 4596 2808 4655 est,
2863 4600 2987 4642 cum
3021 4577 3458 4652 emponematis],
3499 4562 3618 4647 quae

2044 4689 2293 4753 accessit,
2354 4686 2420 4741 ad
2487 4694 2849 4755 possessores.
2913 4686 3007 4734 aut
3065 4672 3465 4747 possessoribus
3504 4688 3615 4753 eu—

2048 4797 2234 4838 rumve
2275 4775 2590 4849 propinquis
2639 4789 2748 4830 non
2798 4769 3163 4832 exstantibus,
3220 4766 3288 4820 ad
3322 4750 3615 4849 :babuam~

2047 4890 2135 4932 res
2190 4875 2426 4928 vicorum
2481 4868 2565 4927 vel
2597 4881 2846 4940 agrorum
2888 4863 3190 4938 pervenire,
3247 4843 3615 4942 merito'tsta-

2047 4974 2224 5020 tutum
2281 4960 2371 5018 sit.
2441 4957 2578 5014 Nam
2642 4954 2905 5029 ejusmodi
2964 4949 3617 5024 personarum‘potestas

2048 5071 2294 5127 magnam
2352 5051 2495 5109 illam
2546 5063 2838 5123 pauperum
2890 5044 3161 5100 miseriam
3212 5030 3618 5106 adauxit,ipsa
3660 5024 3661 5027 “

2048 5147 2391 5205 multitudine
2447 5143 2792 5205 famulorum,
2845 5134 3322 5195 mercenariorum,
3384 5138 3439 5187 et
3484 5127 3617 5183 alias

2047 5240 2439 5301 accurrentium
2511 5243 2672 5307 atque
2730 5248 2849 5289 cum
2924 5230 3005 5286 eis
3074 5225 3403 5305 degentium,
3455 5220 3621 5278 insul-

2051 5343 2155 5399 tus,
2212 5341 2266 5387 et
2320 5302 2741 5402 persecutiones,
2797 5332 2850 5377 et
2887 5302 3622 5393 angariasinfere‘ns,atque

2052 5424 2373 5482 comitantes
2410 5420 2545 5477 alias
2590 5416 2933 5478 aillictiones,
2984 5420 3038 5467 et
3103 5408 3398 5480 angustias,
3440 5417 3492 5461 ct
3540 5408 3622 5462 rei

2054 5517 2358 5577 communis
2378 5512 2605 5573 exitium
2630 5507 2934 5566 conﬁnibus
2956 5522 3060 5563 non
3083 5503 3580 5579 exiguum'giguens
3605 5520 3619 5556 :

2008 5626 2020 5634 '
2051 5613 2153 5669 nisi
2178 5610 2261 5668 lex
2284 5620 2544 5681 praesens,
2576 5607 2692 5660 haec
2718 5600 3083 5671 anticipando,
3110 5607 3381 5681 coerceat.
3413 5596 3621 5669 Quippe

2050 5701 2283 5777 plurium
2316 5694 2614 5757 incolarum
2640 5691 2942 5764 frequentia
2972 5700 3180 5762 magnae
3212 5690 3631 5757 commodorum
