4042 6344
414 213 520 277 £61

1403 218 1899 289 CONSTANTINI
1946 231 2614 293 POHPHYROGENITI

3571 237 3615 292 ἶιί
3637 230 3667 292 ί

412 332 778 405 perceptionis
809 331 1065 388 indicium
1117 344 1220 401 est,
1264 347 1318 390 et
1357 343 1731 406 mutuationes
1775 357 1986 407 eorum,

2100 347 2488 416 τουργημάτων
2527 348 2866 401 συντέλειαν·
2913 347 2949 401 ἃ
3003 347 3219 410 πάντως
3253 347 3542 416 ἀπολείψει
3574 350 3666 401 τοῦ

414 442 535 496 qua:
566 426 678 481 tisci
700 435 847 490 sunt,
870 435 924 481 et
949 426 1256 484 collationis
1287 427 1617 486 functionum
1646 434 1982 489 militarium.

414 524 546 588 Quae
576 521 755 576 omnia
785 520 940 591 plane
969 522 1246 578 defectura
1280 534 1428 591 sunt,
1462 525 1556 582 ubi
1591 527 1876 584 multitudo
1905 530 1988 584 in-

409 615 653 670 colarum
689 614 966 670 deiecerit.
998 615 1223 685 Oportet
1249 624 1428 673 autem
1456 633 1572 687 eos,
1603 620 1696 691 qui
1723 622 1987 678 securita-

414 709 482 762 tis
513 706 825 777 reipublicae
863 710 1092 764 studiosi
1133 725 1279 774 sunt,
1329 719 1385 765 et
1427 713 1707 768 turbarum
1743 714 1986 770 lomitem

412 798 652 862 amoliri,
674 807 726 854 et
759 813 1040 856 removere
1067 802 1250 869 noxia,
1280 811 1334 858 et
1365 803 1650 860 utilitatem
1679 807 1988 878 reipublicae

411 890 672 947 stabilire.
709 891 885 962 Atque
923 893 1039 950 haec
1069 895 1171 951 sibi
1219 905 1529 953 secuturum
1585 899 1842 972 deinceps
1889 901 1989 956 ha-

413 984 541 1038 beat
568 999 763 1050 aevum,
793 1001 891 1055 pro
918 989 1194 1043 communi
1225 991 1504 1045 commodo
1535 1004 1588 1044 et
1626 1000 1770 1047 statu
1798 993 1986 1050 subdi-

416 1085 594 1130 torum
655 1085 988 1135 nostrorum.
1053 1079 1245 1150 Neque
1299 1094 1429 1138 vero
1479 1084 1675 1139 futuris
1727 1083 1992 1140 duntaxat

416 1169 600 1236 rebus,
619 1184 806 1225 verum
834 1171 996 1226 etiam
1019 1173 1103 1240 iis,
1131 1188 1252 1244 quae
1275 1174 1386 1247 jam
1413 1178 1808 1247 praeterierunt,
1839 1178 1990 1232 adhi-

411 1260 590 1316 benda
635 1269 720 1318 est
768 1261 1033 1318 medicina
1077 1267 1404 1322 necessaria.
1449 1267 1581 1323 Nam
1617 1267 1861 1338 plerique
1920 1267 1987 1322 ad

415 1351 758 1409 occasionem
786 1367 906 1410 sese
931 1355 1378 1426 collocupletandi
1407 1358 1728 1429 arripientes
1757 1359 1988 1430 inopiam

411 1463 732 1521 pauperum,
764 1464 926 1521 quam
956 1449 1138 1507 ferens
1161 1453 1339 1507 omnia
1373 1463 1580 1524 tempus
1612 1469 1794 1509 secum
1851 1463 1992 1510 attu-

412 1539 506 1607 lit,
545 1551 639 1596 aut
669 1555 830 1612 quam
866 1544 1046 1614 potius
1093 1544 1384 1600 multitudo
1423 1543 1743 1602 delictorum
1779 1555 1996 1603 nostro-

2101 437 2337 508 πλήθους
2367 439 2760 502 ἐκλελοιπότος.
2810 439 2917 494 Καὶ
2953 438 3058 512 χρη
3085 439 3211 501 τοὺς
3249 439 3350 508 τῆς
3384 439 3670 506 πολιτικῆς

2095 529 2395 598 ἀσφαλείας
2441 531 2734 602 ἐχομένους
2773 535 2866 583 καὶ
2891 530 2952 583 τὸ
2994 530 3326 601 ταρακτικὸν
3368 530 3668 599 ἀποτρίϐε-

2098 618 2243 683 σθαι,
2275 621 2368 674 καὶ
2391 621 2451 674 τὺ
2472 619 2733 694 βλαϐερὸν
2760 620 3099 704 ἀπωθεῖσθαι
3125 624 3219 676 καὶ
3235 621 3335 693 τὴν
3359 621 3457 676 τοῦ
3493 620 3672 675 κοινοῦ

2097 715 2352 788 συνιστᾷν
2381 713 2672 784 ὠφέλειαν.
2732 714 2845 770 Κάι
2894 713 3070 770 ταῦτα
3109 717 3211 786 μὲν
3251 717 3280 769 ὁ
3313 717 3454 787 μετά
3501 713 3674 768 ταῦτα

2097 803 2264 873 ἐχέτω
2287 804 2479 876 καιρὸς
2498 804 2637 875 ὑπὲρ
2657 802 2843 875 κοινῆς
2870 803 3136 874 ὠφελείας
3159 806 3252 859 καὶ
3281 808 3676 868 καταστάσεως

2093 895 2204 948 τῶν
2228 896 2510 969 ἡμετέρων
2533 897 2808 968 ὑπηκόων.
2832 899 2925 952 Δεῖ
2942 899 2999 951 δὲ
3021 899 3120 952 οὐκ
3151 898 3243 951 ἐπὶ
3269 900 3382 960 τοῖς
3415 897 3675 968 μέλλουσι

2099 986 2260 1057 μόνον
2290 988 2426 1044 ἀλλά
2457 989 2553 1044 καὶ
2586 990 2679 1043 ἐπὶ
2728 991 2845 1054 τοῖς
2881 990 3121 1060 φθάσασι
3165 990 3265 1059 τὴν
3313 989 3678 1060 ἐνδεχομένην

2096 1080 2410 1152 ἐπεισάγειν
2459 1081 2780 1152 θεραπείαν.
2826 1083 3018 1137 Πολλοὶ
3048 1082 3158 1154 γὰρ
3186 1081 3445 1154 ἀφορμὴν
3504 1083 3678 1152 Epito-

2099 1172 2220 1244 ρίας
2249 1175 2348 1244 τὴν
2374 1174 2482 1228 τῶν
2512 1174 2758 1245 πενήτων
2780 1165 3073 1245 λαϐόμενοι
3095 1175 3352 1246 ἀπορίαν,
3370 1175 3438 1244 ήν
3454 1175 3481 1227 ό
3496 1174 3679 1227 πάντα

2097 1267 2283 1338 φέρων
2326 1267 2518 1338 χρόνος
2554 1269 2777 1340 ήνεγκε,
2811 1267 3014 1339 μᾶλλον
3053 1267 3111 1321 δὲ
3154 1271 3188 1338 ἡ
3235 1268 3344 1321 τῶν
3383 1265 3681 1338 ἡμετέρων

2097 1361 2308 1432 πληθὺς
2366 1361 2784 1433 ἁμαρτημάτων
2815 1361 2910 1432 τὴν
2942 1361 3093 1415 θείαν
3143 1359 3514 1429 ἐκϐιαζομένη
3555 1358 3678 1426 φιλ-

2096 1445 2416 1524 ανθρωπίαν
2470 1452 2860 1524 προεξένησεν,
2909 1453 3032 1506 ἀντὶ
3059 1451 3491 1522 φιλανθρωπίας,
3557 1451 3680 1505 ἀντὶ

2097 1531 2302 1610 οτκτου,
2332 1544 2456 1600 ἀντὶ
2480 1543 2873 1618 χρηστότητος,
2895 1544 3040 1616 λιμῷ
3060 1543 3417 1614 πιεζομένους
3433 1543 3681 1612 δρῶντες

413 1646 559 1697 rum,
583 1631 776 1688 divina:
805 1633 1014 1688 lenitati
1060 1636 1168 1689 vim
1215 1635 1498 1704 adhibens,
1526 1639 1765 1708 peperit;
1803 1638 1994 1693 huma-

2100 1639 2223 1702 τοὺς
2260 1640 2536 1708 πένητας,
2583 1640 2634 1692 οἱ
2681 1638 2782 1708 μέν
2822 1637 3071 1708 ἀργυρίῳ
3105 1636 3153 1689 οἱ
3196 1635 3251 1688 δὲ
3283 1635 3492 1706 χρυσίῳ
3531 1636 3584 1688 οἱ
3623 1635 3680 1686 δὲ

412 1721 625 1789 uitatis,
681 1724 1203 1794 commiserationis,
1261 1726 1608 1797 benignitatis
1664 1729 1803 1795 loco,
1867 1743 1990 1785 cum

2100 1732 2289 1804 σίτῳῆ
2323 1733 2511 1796 ἄλλαις
2555 1732 2699 1786 τισὶν
2750 1731 3084 1796 ὲπιδόσεσιν,
3142 1728 3362 1792 εύὼνως
3408 1729 3514 1790 τὰς
3566 1727 3683 1779 τῶν

417 1808 563 1871 fame
603 1830 821 1886 pressos
870 1817 1060 1888 inopes
1105 1819 1305 1885 vident,
1352 1818 1442 1874 alii
1488 1821 1703 1889 quidem
1745 1831 1990 1895 argento,

2100 1824 2442 1896 ἀτυχούντων
2462 1824 2710 1895 πενήτων
2734 1820 3078 1892 ἒξωνήσαντο
3103 1822 3347 1892 κτήσεις,
3373 1818 3680 1889 βιαιότεροι

419 1919 551 1962 auro
579 1907 695 1976 alii,
731 1909 821 1964 alii
850 1908 1145 1976 frumento,
1177 1911 1298 1968 aliis
1318 1912 1414 1967 alii
1449 1913 1992 1982 suppeditationibus,

2100 1918 2195 1987 τῆς
2225 1917 2598 1987 προκειμένης
2628 1915 2896 1986 ἀνάγκης,
2933 1915 3023 1968 καὶ
3071 1915 3130 1967 ὲν
3159 1913 3346 1975 αὐτοῖς
3387 1912 3503 1974 τοῖς
3536 1910 3682 1980 μετά

416 2005 676 2070 perquam
705 2001 797 2057 vili
837 2003 1012 2074 pretio
1043 1998 1411 2074 possessiones
1446 2004 1736 2060 infelicium
1773 2020 1994 2076 compa-

2100 2009 2268 2065 ταῦτα
2293 2011 2505 2081 χρόνοις
2525 2012 2642 2073 τοῖς
2671 2005 2874 2074 ἀθλίοις
2899 2007 3007 2061 τῶν
3034 2006 3250 2078 χωρίων
3281 2006 3564 2076 οἰκήτορσι
3589 2019 3679 2071 γι-

420 2105 576 2158 nnt;
625 2096 853 2165 ipsamet
887 2108 1117 2169 urgente
1158 2097 1486 2153 necessitate
1530 2097 1899 2164 violentiores,
1940 2107 1994 2154 et

2100 2101 2313 2171 νόμενοι
2351 2100 2540 2172 ὥσπερ
2569 2117 2656 2164 τις
2703 2099 2926 2171 λοιμικὴ
2972 2097 3297 2169 νοσημάτων
3344 2093 3611 2166 ἐπιφορὰ,
3641 2094 3675 2162 ἢ

422 2188 514 2255 qui
544 2193 792 2257 sequenti
818 2199 1059 2262 tempore
1082 2191 1298 2248 miseris
1328 2191 1571 2246 vicorum
1604 2189 1994 2246 habitatoribus

2100 2193 2440 2263 γαγγραίνης
2477 2193 2636 2263 δίκην
2677 2192 2757 2264 τῷ
2801 2191 2911 2246 τῶν
2953 2191 3168 2261 χωρίων
3201 2189 3677 2260 ὲπεισφρήσαντε.

425 2279 598 2334 instar
663 2281 964 2352 pestilentis
1042 2283 1323 2353 cujusdam
1405 2283 1716 2339 morborum
1796 2283 1996 2338 illuviei

425 2371 580 2438 ﬁunt,
603 2371 657 2428 in
685 2386 888 2430 morem
911 2391 1212 2446 gangraena:
1241 2372 1565 2446 pradlorum
1589 2375 1800 2444 corpori
1834 2389 1892 2430 se
1924 2376 1996 2429 int

422 2465 684 2534 gerentis,
713 2477 768 2522 et
798 2469 1223 2524 internecionem
1251 2469 1333 2524 eis
1359 2467 1598 2539 parantis
1628 2479 1692 2522 ac
1717 2469 1993 2524 struentis.

489 2553 544 2614 2.
587 2550 863 2632 Quotquot
898 2561 1062 2632 igitur
1098 2571 1164 2618 ex
1208 2562 1456 2632 personis
1505 2559 1825 2626 illustrlbus,
1857 2575 1996 2631 quas

420 2652 596 2706 arceri
633 2652 890 2709 traditum
935 2663 1020 2710 est
1077 2655 1328 2725 superius
1372 2655 1472 2712 hac
1516 2656 1653 2727 lege,
1699 2655 1766 2712 ab
1813 2655 1995 2725 elapsa

422 2746 598 2813 prima
628 2745 942 2811 indictione,
982 2746 1064 2803 vel
1093 2763 1122 2803 a
1153 2757 1395 2820 tempore
1425 2745 1604 2816 laniis,
1638 2763 1758 2820 qua:
1785 2745 1996 2814 incidit,

423 2837 584 2904 agros
632 2844 725 2891 aut
780 2836 979 2906 prsidia
1035 2840 1334 2904 consecuti,
1384 2840 1466 2895 vel
1518 2837 1882 2909 particulatim
1914 2838 1998 2893 vel

423 2928 671 2984 rnivcrse
701 2929 1074 2999 possessiones
1105 2933 1156 2985 iu
1192 2931 1270 2989 eis
1299 2932 1478 3002 adepti
1503 2943 1666 2987 sunt:
1701 2931 1736 2986 ii
1765 2931 1995 2987 solutum

426 3022 494 3072 ab
539 3033 600 3074 se
652 3020 883 3088 pretium
930 3022 1272 3092 recipientes,
1331 3025 1618 3092 exigantur
1664 3021 1791 3076 lude
1843 3019 1926 3073 vel
1967 3035 1996 3073 a

422 3108 808 3180 principalibus
838 3110 1091 3178 dominis,
1120 3109 1203 3168 vel
1225 3114 1293 3168 ab
1329 3127 1516 3169 eorttm
1563 3110 1875 3168 haeredibus
1908 3118 2001 3164 aut

425 3193 778 3273 pr'Opinquis;
807 3214 899 3260 aut
926 3205 1000 3260 illi
1026 3205 1070 3259 si
1103 3219 1366 3276 pauperes
1389 3207 1520 3273 sint,
1553 3207 1619 3260 ab
1653 3207 1738 3271 iis,
1775 3205 1866 3275 qui
1896 3218 2000 3259 caeo

432 3297 643 3364 teroqui
682 3297 995 3353 eollationes
1039 3307 1321 3368 praestant,
1374 3298 1454 3355 vel
1500 3299 1565 3354 ab
1602 3297 1947 3354 universitate
1983 3318 1998 3353 :

437 3388 592 3456 pretii
622 3388 889 3443 Solutione
915 3387 1089 3445 lucum
1116 3390 1369 3449 habente.
1401 3389 1504 3447 Pro
1529 3388 1633 3446 illis
1659 3396 1860 3454 autem,
1881 3403 2000 3460 quae

414 3481 485 3540 ,iu
522 3477 602 3536 eis
633 3479 792 3536 facta:
824 3483 950 3536 sunt
976 3480 1349 3552 expolitiones,
1381 3483 1424 3538 si
1450 3481 1559 3552 jam
1598 3481 1842 3537 iudicata:
1875 3495 2000 3552 per-

416 3588 575 3627 sonui
614 3572 913 3643 locupletes
955 3574 1084 3640 sint,
1129 3582 1292 3645 atque
1331 3576 1404 3632 ita
1449 3571 1636 3640 velint,
1674 3573 2000 3630 conveniens

429 3663 661 3732 pretium
711 3663 964 3721 Solvant:
1012 3667 1099 3722 sin
1141 3665 1342 3722 fuerint
1388 3666 1592 3738 inopes,
1653 3674 1748 3721 aut
1797 3664 1995 3730 nolint,

427 3758 684 3814 materias
712 3773 838 3815 suas
867 3759 1020 3815 alteri
1047 3761 1372 3832 recipientes
1393 3760 1607 3826 abeant,
1640 3759 1902 3830 siquidem
1933 3758 1998 3814 de

425 3849 541 3904 suis
567 3863 657 3906 eas
689 3853 942 3921 espensis
974 3851 1293 3923 adjecerint,
1329 3865 1393 3906 ac
1429 3863 1531 3906 non
1565 3851 1859 3923 probentur
1884 3847 1999 3904 bzec

427 3952 645 4014 qttnqtte
673 3943 742 4000 de
771 3945 929 4000 bonis
959 3954 1013 4000 et
1041 3959 1204 4015 opera
1245 3958 1541 4015 pauperum
1576 3957 1698 3999 esse
1734 3941 1995 4012 proiecta.

425 4037 603 4104 Atque
628 4037 744 4092 huic
772 4036 990 4107 quidem
1022 4036 1088 4092 de
1124 4036 1506 4108 acquisi‘tlone,
1541 4051 1660 4107 quae
1688 4034 1997 4092 verisimili-

423 4139 510 4187 ιρι·
541 4134 668 4189 esse
705 4132 848 4204 iusta
885 4133 1115 4200 videtur,
1152 4149 1272 4191 cum
1300 4148 1365 4190 ex
1390 4141 1572 4204 empto
1597 4127 1686 4187 sit.

491 4316 546 4370 5.
590 4313 925 4370 Donationes
955 4321 1153 4379 autem,
1191 4313 1276 4369 vel
1327 4312 1696 4378 haereditates,
1741 4311 1826 4368 vel
1866 4311 1999 4367 alias

2099 2286 2313 2357 σώματι
2354 2286 2448 2341 καὶ
2481 2286 2580 2360 τὴν
2607 2283 2988 2357 πανωλεθρίαν
3009 2281 3528 2355 ἐπισκευαζόμενοι.

2172 2551 2235 2623 β’.
2273 2547 2426 2604 Ὅσοι
2482 2552 2664 2606 τοίνυν
2719 2550 2829 2604 ἀπὸ
2868 2551 2969 2623 τῆς
3021 2547 3399 2622 παρελθούσης
3449 2548 3680 2623 πρώτης

2102 2641 2453 2711 ίνδικτιῶνος,
2507 2644 2745 2718 ήτοιτοῦ
2778 2645 2939 2716 λιμοῦ
2989 2643 3395 2708 καταλαϐόντος
3441 2643 3474 2712 ἦ
3526 2659 3677 2712 παρ-

2099 2738 2368 2803 ελθόντος,
2401 2737 2586 2810 ἀγρῶν
2637 2738 2668 2812 ἢ
2727 2739 2941 2812 χωρίων
2977 2738 3265 2809 ἐγκρατεῖς
3306 2735 3597 2806 γεγόνασιν
3639 2736 3676 2810 ἢ

2101 2833 2346 2903 μερικῶς
2377 2831 2410 2905 ἦ
2441 2832 2673 2886 καθόλου
2721 2833 2782 2886 ἐν
2809 2831 2993 2897 αὐτοῖς
3021 2832 3246 2901 κτήσεις
3273 2827 3680 2900 προσελάϐοντο

2099 2925 2209 2978 τῶν
2242 2923 2581 2996 περιφανῶν,
2613 2922 2706 2988 οὓς
2741 2922 2950 2980 ἀνωθεν
2995 2919 3305 2977 κωλύεσθαι
3344 2922 3378 2993 ή
3422 2917 3676 2991 παροῦσα

2104 3020 2394 3092 συγγραφὴ
2429 3017 2652 3089 γράφει,
2685 3016 2908 3081 τούτους
2935 3014 3425 3085 ἀπολαμϐάνοντας
3454 3013 3512 3065 τὸ
3542 3009 3673 3081 παρ’

2103 3113 2285 3168 αὐτῶν
2308 3111 2649 3182 καταϐληθὲν
2678 3111 2895 3182 τίμημα
2911 3111 3120 3164 ἐκεῖθεν
3144 3107 3493 3175 ἔξεοῦσθαι,ἦ
3523 3106 3675 3173 παρά

2101 3203 2211 3259 τῶν
2242 3204 2618 3276 πρωτοτύπων
2642 3203 2918 3257 δεσποτῶν
2954 3202 2986 3273 ἦ
3013 3220 3085 3256 πα
3096 3201 3164 3273 ρὰ
3191 3200 3301 3254 τῶν
3321 3197 3677 3270 κληρονόμιοιν

2102 3295 2337 3366 αὒτῶνῆ
2366 3294 2663 3363 συγγενῶν,
2691 3293 2723 3362 ἢ
2747 3291 2954 3346 τούτων
2993 3289 3362 3362 ἀπορούντων,
3392 3285 3543 3357 παρά
3567 3284 3676 3337 τῶν

2102 3388 2278 3452 ἄλλως
2308 3383 2780 3454 συντελούντων,ἧ
2805 3382 2898 3438 καὶ
2927 3382 3079 3454 παρὰ
3106 3381 3207 3452 τῆς
3234 3379 3433 3451 ὁμάδος
3456 3376 3557 3446 τῆς
3576 3373 3673 3427 τοῦ

2100 3481 2414 3552 τιμήματος
2453 3479 2747 3542 ἐπιδόσεως
2790 3475 3211 3548 προϐαινούσης.
3256 3473 3426 3542 Ὑπὲρ
3474 3469 3528 3522 δὲ
3567 3468 3674 3521 τῶν

2102 3573 2189 3628 ἐπ’
2241 3574 2423 3636 αὐτοῖς
2455 3570 2971 3642 καλλιεργημάτων,
3028 3567 3406 3641 εὐπορούντων
3440 3565 3537 3637 μὲν
3579 3564 3676 3616 καὶ

2105 3665 2445 3739 βουλομένων
2495 3665 2602 3720 τῶν
2643 3665 2950 3737 εἰρημένων
2997 3661 3308 3736 προσώπων
3338 3657 3676 3716 καταϐαλλο-

2105 3759 2284 3828 μένων
2310 3756 2371 3811 τὸ
2393 3756 2616 3826 ἀνῆκον,
2641 3755 2992 3827 ἀπορούντων
3010 3754 3172 3806 δὲκαὶ
3203 3753 3278 3824 μὴ
3313 3749 3672 3822 βουλομένων,

2099 3855 2198 3919 τὰς
2225 3855 2357 3919 ὔλας
2387 3851 3014 3924 ὲπαναλαμϐανομένους
3056 3847 3454 3920 ἐπαναχωρεῖν,
3511 3845 3672 3915 είπερ

2102 3949 2162 4016 ἐξ
2191 3948 2407 4003 οἰκείων
2470 3948 2668 4016 ἐξόδων
2716 3944 2922 4009 ταύτας
2957 3943 3307 4017 προσέθεντο,
3351 3942 3445 3997 καὶ
3481 3939 3555 4011 μὴ
3583 3940 3675 3992 καὶ

2100 4036 2265 4098 αὗται
2287 4042 2387 4113 τῆς
2415 4040 2524 4098 τῶν
2555 4040 2804 4111 πενήτων
2821 4040 2916 4094 καὶ
2941 4037 3263 4109 περιουσίας
3293 4036 3387 4090 καὶ
3414 4032 3674 4105 ἐργασίας

2101 4135 2525 4190 ἐπιδείκνυνται.
2568 4133 2727 4189 Ἀλλὰ
2756 4132 2929 4188 ταῦτα
2964 4131 3063 4204 μὲν
3086 4130 3213 4200 περὶ
3248 4129 3368 4201 τῆς,
3402 4130 3478 4192 ὡς
3505 4125 3672 4192 εἰκὸς,

2102 4225 2368 4296 δοκούσης
2400 4225 2615 4289 δικαίας
2649 4219 2813 4290 ὡς’ὲξ
2840 4221 3139 4294 ἀγορασίας
3171 4221 3434 4291 κτήσεως.

2175 4323 2246 4386 γ’.
2286 4316 2506 4389 Δωρεὰς
2533 4316 2588 4368 δὲ
2611 4313 2643 4386 ἢ
2672 4314 3050 4387 κληροδοσίας,
3091 4313 3124 4382 ἦ
3151 4311 3317 4376 ἄλλας
3342 4310 3676 4379 τοιουτοτρό-

417 4407 662 4474 ejusdem
710 4405 924 4477 generis
967 4415 1020 4462 et
1048 4405 1254 4461 fucatas
1285 4405 1689 4472 acquisltlones,
1726 4416 1817 4458 aut
1841 4404 1990 4474 rapi-

2114 4427 2249 4475 πους
2279 4409 2372 4464 καὶ
2405 4408 2802 4479 σεσοφισμένας
2839 4407 3158 4478 ἑπικτήσεις
3197 4406 3233 4477 ἢ
3273 4404 3552 4475 ἀρπαγάς,
3587 4405 3678 4456 ἀν-

424 4517 549 4563 nas,
596 4497 796 4553 nullius
852 4511 974 4554 esse
1024 4497 1303 4561 momenti,
1358 4508 1465 4552 tam
1501 4498 1783 4568 praeteriti,
1835 4513 1996 4568 quam

420 4591 709 4665 prmScntis
745 4591 1006 4660 temporis
1039 4589 1271 4656 ratione,
1304 4589 1590 4644 statuimus
1630 4608 1642 4645 :
1686 4607 1784 4645 nec
1812 4605 2001 4645 earum

425 4685 652 4742 nomine
700 4685 994 4755 quidquam
1039 4683 1287 4738 homines
1334 4682 1406 4737 illi
1453 4682 1774 4738 frauduleuti
1823 4692 2003 4752 petere

427 4786 704 4851 poterunt,
737 4777 828 4832 sed
877 4777 994 4832 sine
1039 4776 1214 4848 pretio
1245 4776 1360 4831 suis
1391 4775 1585 4845 prmdia
1616 4774 1848 4830 dominis
1877 4775 2000 4830 red-

428 4877 625 4928 dantur
658 4888 670 4926 :
701 4878 795 4926 aut
838 4871 942 4926 illis
983 4885 1049 4925 ex
1097 4869 1379 4924 hominum
1422 4867 1528 4923 vita
1580 4867 1717 4923 forte
1749 4867 1997 4928 sublatis.

426 4974 614 5020 ceram
644 4963 849 5028 liberis,
889 4973 981 5017 aut
1007 4962 1320 5034 propinquis
1352 4979 1365 5015 :
1403 4971 1494 5016 aut
1523 4961 1568 5017 si
1601 4971 1653 5016 ct
1685 4961 1756 5016 illi
1791 4960 1999 5017 deiece-

425 5059 557 5123 rint,
591 5055 1000 5115 ceatributariis
1032 5064 1381 5126 praestentur.

497 5149 552 5202 4.
594 5149 745 5215 Quod
787 5149 830 5202 si
867 5148 956 5218 qui
990 5157 1138 5210 sunt,
1174 5161 1310 5216 quos
1345 5147 1627 5217 benignius
1654 5146 1834 5201 divina
1866 5144 1995 5200 Pro-

425 5241 662 5296 videntia
699 5241 960 5310 respexit,
1009 5245 1103 5294 aut
1139 5239 1206 5294 ob
1258 5240 1392 5294 alias
1447 5239 1705 5309 quaedam
1761 5239 1998 5294 rationes

427 5332 950 5406 immuprchmtsiles
1010 5332 1285 5388 meliorem
1331 5332 1396 5387 ad
1431 5333 1789 5389 conditionem
1835 5344 1998 5402 atque

411 5437 626 5484 :statum
666 5425 828 5497 hujus
873 5427 998 5482 vitae
1035 5426 1296 5492 traduxit,
1342 5441 1409 5482 ex
1455 5425 1732 5482 humiliori
1779 5425 1994 5480 fortuna

413 5529 664 5590 ereptos,
721 5528 774 5575 et
829 5531 1046 5577 evectos
1095 5523 1160 5575 ad
1218 5520 1587 5576 sublimiorem
1632 5539 1646 5576 :
1709 5521 1805 5575 hos
1851 5519 1999 5590 ipsos

424 5605 585 5662 etiam
622 5608 674 5665 in
699 5624 767 5664 ea
800 5619 910 5666 tum
941 5611 1210 5683 portione,
1260 5621 1367 5665 tum
1411 5610 1718 5667 conditione
1753 5624 1992 5677 manere,

425 5713 584 5771 quam
605 5702 671 5758 ab
703 5701 856 5759 initio
887 5703 1066 5763 nancti
1087 5715 1260 5771 erant,
1295 5719 1506 5775 {equum
1537 5719 1855 5773 censemus;
1891 5720 1994 5762 nec

2115 4501 2367 4573 ισχύρους
2399 4498 2539 4554 εἶναι
2585 4501 2679 4555 καὶ
2711 4499 2878 4556 πάλαι
2919 4500 3013 4554 καὶ
3043 4498 3139 4553 νῦν
3168 4497 3536 4569 διοριζόμεθα,
3573 4513 3675 4566 μηδ

2107 4595 2196 4658 δέν
2227 4594 2368 4664 ὑπὲρ
2402 4594 2579 4647 αὐτῶν
2625 4594 2735 4645 τῶν
2766 4591 3169 4663 κακομηχάνων
3216 4591 3496 4660 ἐπιζητεῖν
3523 4589 3673 4642 δυνα-

2110 4687 2306 4757 μένων,
2352 4685 2487 4740 ἀλλὰ
2531 4688 2736 4754 προῖκα
2768 4686 2881 4747 τοῖς
2929 4684 3078 4747 ἰδίοις
3123 4683 3464 4738 ἀναδίδοσθαι
3501 4681 3671 4735 ταῦτα

2105 4778 2415 4842 δεσπόταις,
2452 4778 2482 4847 ἢ
2511 4778 2670 4847 τυχὸν
2696 4776 2898 4830 τούτων
2929 4775 2988 4841 ἐξ
3013 4776 3319 4846 ἀνθρώπων
3351 4773 3672 4844 ἀφανισθέν-

2103 4889 2233 4939 των,
2266 4874 2475 4935 τέκνοις
2509 4873 2541 4941 ἢ
2582 4873 2920 4940 συγγενέσιν,
2949 4872 2981 4942 ἦ
3010 4869 3335 4925 καὶτούτων
3376 4868 3675 4941 ἀπολλυμέο

2105 4963 2232 5035 νων,
2269 4971 2380 5030 τοῖς
2408 4965 2783 5031 συντελεσταῖς
2810 4965 3162 5038 παρέχεσθαι.

2175 5145 2236 5200 δ’.
2280 5147 2339 5199 El
2375 5146 2430 5199 δὲ
2464 5145 2554 5200 καί
2596 5163 2746 5207 τινας
2807 5143 3193 5216 εύνοῖκὼτερον
3250 5144 3320 5200 τὰ
3369 5149 3466 5217 τῆς
3522 5146 3669 5210 θείας

2102 5239 2282 5294 ἐπεῖδε
2309 5239 2562 5311 προνοίας
2601 5239 2636 5309 ἢ
2680 5239 2859 5302 ἄλλοις
2889 5239 3030 5291 τισὶν
3061 5239 3466 5309 ἀκαταλήπτοις
3493 5240 3666 5307 λόγοις

2100 5333 2238 5406 πρὸς
2267 5335 2551 5404 κρείττονα
2591 5333 3033 5403 μετεσκευάσατο
3077 5333 3178 5400 τῆς
3217 5333 3499 5404 παρούσης
3543 5331 3667 5403 βιῶ-

2101 5445 2237 5491 σεως
2293 5427 2652 5492 κατάστασιν,
2707 5425 2804 5494 τῆς
2853 5428 3245 5496 ταπεινοτέρας
3295 5425 3665 5496 ἀφαρπάσασαι

2099 5516 2267 5588 τύχης
2320 5516 2414 5572 καὶ
2464 5515 2598 5585 πρὸς
2648 5515 2988 5587 ὑψηλοτέραν
3051 5515 3451 5589 μετεωρίσασα,
3484 5515 3663 5588 μένειν

2098 5611 2191 5664 καὶ
2219 5610 2418 5673 αὐτοὺς
2445 5609 2530 5680 ἐφ’
2559 5606 2628 5684 ἦς
2665 5610 2723 5678 ἐξ
2758 5612 2936 5688 ἀρχῆς
2968 5612 3156 5683 ἔλαχον
3193 5611 3545 5684 κληροδοσίας
3574 5610 3664 5665 καὶ

2100 5706 2481 5776 κατασχέσεως
2505 5703 2840 5776 δικαιοῦμεν,
2885 5705 2979 5760 καὶ
3027 5704 3102 5779 μὴ
3134 5705 3194 5761 τὸ
3225 5704 3423 5779 μέτρον
3448 5705 3547 5776 τῆς
3576 5703 3655 5760 ol-
