4042 6344
163 286 264 351 573

1239 281 1616 345 NOYELLZE
1655 283 2219 346 CONSTITUTION
2229 284 2342 346 ES.

3319 281 3422 343 574

164 394 422 459 δότωσαν,
464 391 569 446 κᾶν
613 393 642 444 ὁ
688 391 998 464 ἀγοραστὴς
1035 391 1138 446 οὐκ
1177 385 1245 462 ἦν
1299 392 1409 446 τῶν
1443 392 1744 448 δυνατωτέ-

1865 404 1983 460 Lam,
2011 404 2258 466 emptore
2287 394 2366 449 vel
2395 393 2512 464 eius
2534 393 2739 448 familia
2761 407 2821 452 se
2845 406 2942 462 per
2963 392 3218 462 iniuriam
3248 392 3424 456 latsos,

169 501 295 556 ρων.

233 667 294 722 δ’.
320 666 403 721 Τὰ
432 667 492 722 δὲ
525 667 884 741 εὐτελέστερα
938 669 1049 723 τῶν
1073 667 1469 741 μοναστηρίων,
1515 668 1608 720 καὶ
1633 668 1746 721 ὅσοι

173 761 274 813 ἀπὸ
303 761 631 830 σπαθαρίων
670 763 778 815 τῶν
805 765 949 833 ἑντῇ
1006 761 1359 831 θεοφυλάκτῳ
1413 761 1568 813 πόλει
1631 761 1751 814 δια-

173 852 468 919 τριϐόντων
497 854 593 907 καὶ
627 855 954 925 κατωτέρων
985 855 1269 925 ἀρχόντων
1309 854 1500 925 ἔτυχον
1540 855 1746 925 ἀγορά-

176 960 359 1006 σαντες
400 945 576 1016 χωρὶς
619 947 949 1017 οἱασδήποτε
999 946 1118 1017 βίας
1168 949 1263 1000 καὶ
1313 945 1548 1010 ἀδικίας,
1610 946 1748 1017 μηδὲ

177 1037 540 1105 προστασίαις
563 1038 951 1112 δυνατωτέρων
976 1038 1435 1108 διφεντευόμενοι,
1473 1039 1547 1110 μὴ
1592 1039 1752 1110 μόνον

177 1129 270 1192 τὰς
297 1131 468 1199 τιμὰς
494 1131 1048 1202 ἁναλαμόανέτωσαν,
1074 1132 1210 1186 ἀλλὰ
1237 1133 1334 1187 καὶ
1376 1133 1475 1194 τὰς
1533 1134 1755 1202 ἐπικερ-

179 1223 280 1287 δείς
326 1223 602 1289 δαπάνας,
653 1221 769 1278 οἷον
794 1227 875 1290 εἰς
933 1224 1271 1294 ἀμπελώνων
1324 1225 1757 1294 καταφυτεύσεις

181 1316 268 1366 καὶ
303 1315 628 1385 ὑδρομύλων
670 1317 1050 1388 κατασκευήν·
1115 1316 1379 1371 δύνασθαι
1439 1317 1498 1372 δὲ
1537 1316 1756 1380 καὶτὰς

183 1408 303 1472 ὔλας
328 1410 441 1462 τῶν
476 1410 623 1464 ίδίων
661 1412 976 1482 οίκημάτων
1006 1414 1312 1480 περιαιρεῖν
1365 1411 1503 1481 μετὰ
1550 1410 1644 1464 τοῦ
1679 1411 1755 1481 μὴ

186 1498 376 1568 βλάψαι
402 1502 507 1571 τὴν
539 1503 809 1572 προτέραν
836 1506 1186 1566 κατάστασιν,
1236 1505 1285 1556 εί
1338 1503 1410 1574 μὴ
1451 1502 1550 1575 τὴν
1616 1501 1758 1572 ὑπὲρ

182 1590 380 1644 τούτων
414 1593 665 1663 δαπάνην
713 1593 1099 1666 λαμδάνουσιν.

248 1683 307 1739 ε’.
363 1684 629 1755 Ἀπορίας
659 1686 715 1739 δὲ
753 1685 919 1754 οὔσης
966 1686 1100 1756 πρὸς
1129 1687 1226 1755 τὴν
1273 1685 1622 1757 ἀναστροφὴν
1652 1684 1758 1738 τῶν

1852 498 1905 540 et
1939 503 2226 557 oppressos
2257 489 2492 559 potentia
2519 507 2532 542 :
2557 487 2690 543 nihil
2747 487 3056 552 restituant,
3109 487 3233 542 licet
3275 502 3422 554 emp-

1851 587 1934 632 tor
1973 591 2034 632 ex
2068 591 2292 632 numero
2321 578 2684 647 potentiorum
2709 592 2817 633 non
2852 585 2992 632 erat.
3254 628 3256 630 ,

1921 669 1972 723 4.
2004 667 2299 723 Humiliora
2351 684 2478 723 vero
2536 668 2890 733 monasteria,
2941 677 2997 721 et
3044 667 3355 736 quicunque
3398 681 3426 718 a

1851 763 2144 832 spathariis
2171 762 2493 833 degentibus
2537 762 2590 815 in
2639 761 2742 816 hac
2787 763 2920 816 urbe
2946 799 2960 824 ,
3003 774 3123 829 qua:
3175 758 3431 813 divinitus

1849 852 2193 915 custoditur,
2245 853 2482 918 itemque
2545 866 2573 903 a
2633 849 3039 918 magistratibus
3083 846 3431 900 inferioribus

1853 946 1981 1017 quid
2011 945 2243 1000 emerint
2267 942 2469 1012 absque
2500 943 2548 997 vi
2582 951 2638 997 et
2681 942 2874 1012 injuria
2927 954 3285 1011 quacunque,
3332 953 3432 992 nec

1854 1039 2169 1110 patrociniis
2221 1038 2582 1108 potentiorum
2634 1035 2865 1100 defensi,
2909 1049 3015 1089 non
3069 1032 3240 1099 pretia
3291 1033 3430 1086 dun-

1858 1142 2008 1188 taxat
2041 1133 2359 1202 recipiunto,
2397 1145 2582 1184 verum
2599 1129 2762 1185 etiam
2795 1126 3089 1183 lucrativas
3133 1127 3430 1196 impensas.

1855 1224 1989 1280 Puta
2020 1241 2141 1294 quae
2173 1225 2329 1281 factae
2379 1232 2506 1280 sunt
2551 1224 2602 1277 in
2648 1221 2983 1277 consitiones
3029 1219 3329 1283 vinearum,
3381 1225 3435 1272 et

1855 1316 2268 1374 :edilicationem
2331 1314 2680 1386 aquariarum
2729 1313 3014 1366 tnolarum.
3047 1310 3335 1383 Poterant
3382 1317 3436 1363 et

1859 1409 2116 1462 materias
2148 1406 2498 1462 adiﬁciorum
2548 1421 2769 1461 suorum
2817 1403 3026 1465 tollere,
3059 1402 3288 1455 modone
3320 1410 3454 1482 star;

1860 1511 1971 1557 tum
2006 1503 2239 1572 priorem
2290 1502 2487 1557 laedant
2517 1517 2531 1555 :
2571 1499 2671 1555 nisi
2707 1497 2846 1554 forte
2875 1512 2974 1568 pro
3020 1495 3085 1550 iis
3134 1496 3434 1565 impensam

1859 1597 2058 1654 factam
2086 1597 2378 1668 recipiunt.
2878 1670 2881 1671 ν

1931 1693 1986 1748 5.
2026 1691 2179 1760 Quod
2211 1691 2258 1746 si
2291 1691 2359 1746 ob
2389 1691 2624 1761 inopiam
2670 1688 2822 1744 reddi
2849 1702 2953 1756 eis,
2998 1701 3118 1756 quae
3146 1683 3433 1744 debentur,

183 1752 669 1852 χρεωστουμένων,
714 1752 1123 1848 μεσεήυᾶαθαι
1169 1752 1235 1830 τὰ
1286 1752 1758 1849 προείποιήθέντα

1865 1795 2129 1856 nequeant
2163 1804 2175 1839 :
2210 1785 2276 1840 ad
2309 1792 2387 1840 tot
2436 1797 2702 1839 annorum
2729 1781 2982 1851 [spatium
3027 1786 3436 1846 sequestrantur

187 1873 272 1924 ἐπὶ
294 1869 570 1923 τοσούτων
591 1868 868 1940 διάστημα
898 1872 1127 1942 χρόνων,
1175 1870 1370 1941 μέχρις
1403 1864 1465 1924 οὗ
1500 1869 1608 1923 ἀπὸ
1655 1871 1754 1940 τῆς

189 1962 485 2033 μελλούσης
518 1964 764 2033 καθαρᾶς
797 1964 1132 2032 ἐπικαρπίας
1169 1963 1228 2016 τὸ
1260 1962 1609 2032 ὀφειλόμενον
1672 1961 1756 2014 τί·

191 2072 338 2124 μημα
387 2053 421 2122 ἢ
468 2053 530 2106 τὸ
587 2052 876 2125 εἰρημένον
924 2054 1186 2124 ἀνάλωμα
1242 2054 1465 2106 δύναται
1531 2053 1754 2105 ἐπισυν-

188 2146 407 2215 ἁγεσθαι
429 2163 443 2175 ·
479 2145 512 2216 ἦ
544 2145 743 2216 μᾶλλον
776 2147 1100 2216 κατέχεσθαι
1141 2146 1240 2215 μὲν
1281 2147 1354 2199 τὸ.
1373 2145 1558 2217 κτῆμα
1609 2145 1758 2216 παρὰ

188 2239 274 2291 τοῦ
332 2235 794 2308 ὲκποίησαμένου,
854 2239 931 2300 είς
993 2237 1049 2290 δὲ
1111 2239 1212 2306 τὴν
1271 2237 1604 2308 συγκομιδὴν
1652 2236 1758 2290 τῶν

193 2333 407 2400 καρπῶν
434 2330 689 2397 γίνεσθαι
743 2329 1000 2400 πρόνοιαν
1041 2330 1134 2383 καὶ
1175 2329 1573 2403 παραφυλακὴν
1626 2329 1760 2400 πρὸς

191 2424 249 2476 τὶ
281 2423 654 2492 περισωθῆναι
684 2421 880 2485 αὖτοὺς
912 2422 990 2482 εἰς
1017 2420 1406 2492 ἀποπλήρωσιν
1440 2420 1534 2474 τοῦ
1569 2420 1762 2473 συναλ-

195 2510 470 2573 ὶάεαντος,
523 2509 772 2575 ἐξουσίαν
799 2509 982 2580 ἔχοντο
995 2529 1009 2570 ;
1058 2509 1152 2562 καὶ
1194 2510 1359 2563 αὑτοῦ
1385 2509 1591 2563 τούτων
1629 2526 1762 2579 προ-

197 2603 422 2658 νοεῖσθαι
461 2603 544 2666 είς
595 2601 656 2655 τδ
706 2603 781 2673 μὴ
838 2602 1241 2657 ἀποϐάλλεσθαι
1309 2604 1435 2667 τοὺς
1491 2603 1758 2676 καρπούς.

198 2691 300 2747 Κιῖ
365 2696 414 2747 εί
493 2695 595 2765 μὲν
660 2694 884 2760 εὐπορεῖ
923 2695 1190 2766 ἑτέρωθεν
1243 2698 1269 2748 ὁ
1328 2695 1764 2767 ἐκποιησάμενος

198 2786 533 2850 διοικεῖσθαι,
571 2786 779 2848 πάντας
809 2785 1152 2840 ἀναδίδοσθαι
1200 2783 1338 2856 πρὸς
1366 2783 1458 2838 τὸν
1493 2784 1762 2838 συναλλά-

201 2880 352 2943 ξειντα
393 2895 408 2908 ·
464 2875 511 2931 ἐξ
545 2868 614 2931 ’δὲ
668 2879 766 2949 μὴ,
810 2877 868 2933 τὸ
924 2878 1138 2948 ’ἀνῆκον
1193 2877 1251 2944 ἐξ
1277 2876 1457 2932 αὐτῶν
1489 2876 1626 2951 πρὸς
1668 2876 1765 2947 τὴν

199 2970 494 3037 ἀναγκαίαν
517 2967 706 3039 χρείαν
753 2968 850 3022 καὶ
895 2968 1170 3039 γεωργίαν
1211 2966 1306 3022 τοῦ
1360 2967 1532 3039 ἀγροῦ
1585 2983 1764 3039 παρα-

202 3061 514 3133 κρατεῐσθαι
540 3061 689 3132 παρὰ
717 3059 813 3114 τοῦ
847 3061 1312 3132 ὲκποιησαμένου,
1364 3060 1424 3115 τὸ
1464 3059 1524 3115 δὲ
1577 3061 1766 3115 λοιπὸν

203 3158 336 3209 ᾶπαν
385 3157 470 3221 si;
534 3154 626 3209 τὸν
667 3155 786 3225 μετ’
832 3152 999 3209 αὑτοῦ
1065 3148 1468 3220 συναλλάξαντα
1521 3153 1767 3207 ἀποκαθ-

204 3248 437 3302 ίστασθαι
448 3289 463 3302 .

268 3339 340 3408 ς’.
378 3342 444 3397 Εἰ
501 3339 560 3396 δὲ
613 3342 679 3394 ἐκ
728 3339 836 3393 τῶν
895 3339 1373 3410 περιφανεστέρων
1426 3339 1526 3408 τῆς
1570 3337 1772 3409 ὁμάδος

204 3433 329 3505 πρὸς
357 3434 511 3498 ῐσους
567 3433 600 3504 ἦ
651 3431 830 3501 ὀλίγον
905 3431 1316 3509 ὑποᾷεϐηκότας
1363 3433 1423 3484 ἐν
1475 3429 1769 3502 ἀξιώμασι,

203 3525 351 3597 τυχὸν
383 3524 686 3597 σχολαρίων
720 3524 856 3596 πρὸς
889 3523 1245 3595 στρατιώτας,
1298 3521 1329 3594 ἢ
1369 3523 1432 3577 ἐκ
1470 3523 1580 3577 τῶν
1617 3524 1772 3577 εὐτε-

201 3619 464 3690 λεστέρων
504 3619 642 3690 πρὸς
694 3618 820 3680 τοὺς
872 3617 1069 3688 μικρόν
1123 3632 1174 3668 τι
1227 3615 1617 3688 ὑπερέχοντας,
1662 3613 1774 3671 οἷον

204 3715 305 3769 ἀπὸ
336 3715 446 3767 τῶν
478 3711 861 3785 ἅστρατεύτων
886 3709 1120 3764 πολιτῶν
1177 3709 1320 3782 πρὸς
1362 3709 1686 3781 σχολαρίους
1738 3709 1771 3782 ἢ

207 3806 573 3879 σεκρετικοὺς,
595 3805 879 3876 έκποίησις
905 3808 1129 3873 γέγονεν
1156 3801 1189 3873 ἢ
1218 3802 1536 3872 γενήσεται,
1565 3801 1774 3870 μενέτω

206 3900 670 3973 ἀπαρασάλευτος.

268 3992 329 4058 ζ’.
390 3992 623 4064 Ὁμοίως
672 3991 728 4046 δὲ
761 3989 862 4044 κᾶν
887 3989 953 4044 δι’
1014 3991 1260 4060 ἀνάγκην
1316 3989 1670 4060 ἐπικειμένην
1710 3991 1774 4042 ἐκ

207 4084 290 4138 τοῦ
335 4086 597 4156 δημοσίου
651 4077 686 4156 ἢ
758 4083 918 4154 τυχὸν
949 4081 1036 4135 διὰ
1067 4082 1128 4135 τὸ
1155 4082 1212 4136 ὲν
1249 4080 1392 4150 ἄλλῳ
1428 4082 1578 4153 τόπῳ
1645 4080 1773 4152 βού-

208 4177 380 4231 λεσθαι
417 4175 697 4248 προικίσαι
730 4174 1008 4247 θυγατέρα
1037 4174 1171 4228 ίδίαν
1204 4173 1468 4245 ἑτέρωθεν
1513 4174 1613 4228 οὐκ
1656 4174 1772 4247 ἔχει

210 4289 284 4337 τις
335 4270 627 4326 ἀποδοῦναι
691 4269 750 4324 τὸ
798 4268 933 4340 πρὸς
971 4269 1060 4321 τὸν
1101 4267 1358 4340 δημόσιον
1393 4265 1613 4339 δφλημα
1652 4266 1773 4338 ῆτδ

213 4363 448 4418 ίπιτεθὲν
487 4360 706 4435 βάροςῆ
736 4362 834 4432 τὴν
861 4359 1260 4431 ὑποσχεθιίσαν
1291 4359 1494 4428 προῖκα
1559 4359 1619 4412 ἐν
1672 4376 1760 4413 κι-

1856 1895 1944 1945 ea,
1975 1894 2096 1949 quae
2127 1877 2359 1931 alienata
2392 1885 2518 1930 sunt
2549 1891 2562 1927 :
2596 1876 2769 1929 donec
2815 1891 2881 1928 ex
2913 1873 3218 1927 futurorum
3271 1868 3436 1938 liqui-

1859 1973 2046 2029 dormn
2073 1971 2345 2025 fructuum
2397 1968 2746 2039 perceptione
2775 1966 3011 2022 debitum
3047 1964 3320 2033 pretium,
3354 1959 3435 2014 vel

1860 2067 2101 2135 impensa
2132 2065 2292 2129 facta,
2329 2078 2428 2117 ceu
2464 2062 2673 2117 dictum
2721 2068 2826 2124 est,
2876 2057 3051 2127 colligi
3104 2055 3290 2127 possit.
3345 2053 3435 2106 νει

1861 2158 2032 2229 ipsum
2059 2157 2318 2229 praedium
2351 2155 2528 2226 potius
2556 2154 2622 2208 ab
2655 2167 2720 2209 eo
2749 2151 3126 2224 possideatur,
3176 2146 3265 2219 qui
3301 2146 3436 2200 alic-

1862 2251 2052 2304 navit:
2094 2262 2274 2303 verum
2332 2248 2383 2301 in
2431 2244 2751 2301 collectione
2796 2241 3068 2297 fructuum
3100 2255 3233 2294 cura
3276 2237 3437 2292 simul

1859 2349 1914 2396 et
1949 2340 2123 2394 cautio
2158 2338 2496 2402 adhibeatur,
2532 2346 2588 2391 ut
2617 2337 2716 2408 ipsi
2750 2334 2958 2389 fructus
2982 2332 3050 2387 ad
3091 2330 3440 2387 satisfacien-

1859 2432 1986 2487 dum
2039 2433 2088 2487 ei
2157 2432 2248 2502 qui
2318 2429 2593 2486 contraxit
2648 2433 2954 2485 serventur.
3001 2427 3177 2495 Atque
3234 2424 3337 2478 bac
3382 2421 3435 2477 in

1863 2535 2014 2594 parte
2058 2525 2362 2581 facultatem
2399 2524 2647 2587 habebit,
2695 2533 2750 2576 ut
2774 2533 2823 2576 et
2857 2522 2972 2592 ipse
3013 2519 3293 2591 prevideat
3321 2560 3337 2585 ,
3370 2530 3436 2572 ne

1862 2621 2071 2673 fruetus
2097 2618 2415 2672 amittantur
2438 2657 2453 2672 .
2489 2631 2554 2670 ac
2587 2614 2854 2684 siquidem
2903 2612 2987 2680 is,
3017 2611 3112 2682 qui
3159 2608 3438 2672 alienavit,

1864 2712 2079 2766 aliunde
2113 2709 2212 2766 sibi
2249 2709 2559 2787 prospicere
2599 2713 2809 2774 potest;
2849 2703 3086 2761 universi
3118 2702 3328 2760 fructus
3361 2699 3434 2755 illi

1865 2803 2168 2867 tradantur,
2240 2814 2471 2872 quocum
2525 2807 2860 2855 contractum
2932 2796 3052 2853 fuit.
3102 2795 3196 2852 Sin
3240 2804 3445 2860 autem,

1831 2950 1835 2955 ,
1867 2894 2162 2950 retineatur
2192 2894 2259 2948 ab
2293 2906 2379 2957 eo,
2409 2890 2502 2962 qui
2550 2889 2848 2956 alienavit,
2891 2897 3151 2959 quantum
3186 2887 3252 2943 ad
3282 2900 3439 2942 usum

1869 2985 2039 3055 ipsius
2080 2979 2475 3053 necessarium,
2509 2985 2731 3056 agrique
2763 2981 3055 3038 coitionem
3090 2979 3385 3050 requiritur
3421 2994 3436 3032 :

1790 3103 1834 3162 α
1869 3080 2131 3154 reliquum
2147 3089 2316 3138 totum
2342 3081 2654 3135 restituatur
2679 3076 2778 3142 illi,
2805 3076 3030 3147 quicum
3050 3088 3118 3130 eo
3147 3072 3439 3129 contraxit.

1943 3350 1996 3406 6.
2038 3350 2189 3418 Quod
2225 3349 2272 3407 si
2303 3349 2371 3407 ab
2405 3347 2793 3406 illustrioribus
2824 3345 3189 3403 universitatis
3236 3344 3302 3399 ad
3351 3357 3446 3414 pa-

1873 3457 1982 3508 res,
2014 3443 2093 3498 vel
2122 3444 2278 3514 paulo
2305 3442 2658 3513 dignitatibus
2693 3441 3000 3506 inferiores,
3045 3438 3192 3495 velut
3226 3453 3256 3492 a
3286 3437 3445 3494 scho-

1871 3536 2076 3593 laribus
2120 3537 2187 3592 ad
2237 3536 2455 3603 milites,
2497 3535 2581 3591 vel
2632 3535 2700 3589 ab
2753 3532 3136 3589 humilioribus
3176 3532 3244 3586 ad
3281 3529 3442 3601 paulo

1873 3629 2208 3700 superiores,
2255 3629 2406 3683 velut
2445 3630 2513 3683 ab
2557 3627 2870 3697 expertibus
2906 3623 3112 3680 militia:
3157 3621 3444 3692 municipi-

1875 3721 1973 3778 bus
2022 3723 2087 3778 ad
2132 3720 2426 3786 scholares,
2478 3718 2565 3774 vel
2608 3717 2836 3774 secretis
2882 3715 3262 3782 inservientes,
3312 3713 3447 3770 alie-

1876 3815 2018 3869 natio
2043 3812 2201 3880 facta,
2244 3813 2328 3868 vel
2373 3813 2550 3867 adhuc
2585 3809 2762 3866 futura
2815 3809 2924 3876 sit;
2970 3807 3290 3863 inconcussa
3333 3820 3450 3862 ma-

1877 3915 2020 3959 nent.

1945 3999 1998 4053 ’1.
2041 3995 2304 4052 Similiter
2333 4000 2388 4049 et
2417 3995 2461 4050 si
2485 3996 2556 4049 ob
2595 3993 2997 4049 incumbentem
3038 4005 3069 4046 a
3096 3989 3226 4046 ﬁsco
3259 4004 3447 4045 neces-
3479 4018 3482 4019 ν

1877 4092 2122 4157 sitatam,
2171 4099 2262 4145 aut
2295 4089 2438 4160 quod
2469 4079 2721 4143 fortassis
2753 4086 2857 4141 alio
2889 4086 2941 4141 in
2979 4087 3094 4141 loco
3116 4085 3294 4140 dotem
3323 4085 3446 4140 tiliae

1874 4201 1984 4242 sua:
2007 4184 2337 4240 constituere
2360 4181 2509 4246 velit,
2544 4181 2762 4236 aliunde
2794 4180 2914 4250 quis
2943 4179 3156 4236 solvere
3193 4186 3444 4248 nequeat,

1872 4280 2014 4350 quod
2061 4277 2193 4334 ﬁsco
2219 4278 2396 4342 debet,
2432 4285 2522 4331 aut
2547 4277 2692 4346 quod
2741 4273 3051 4341 impositura
3081 4273 3130 4328 ei
3163 4288 3307 4327 onus
3337 4281 3445 4337 est,

1875 4381 1969 4428 aut
1998 4372 2318 4443 prOtuissam
2351 4371 2402 4424 in
2437 4369 2598 4425 rebus
2629 4366 2730 4422 soli
2761 4367 2937 4422 dotem
2978 4383 2992 4421 :
3024 4365 3126 4421 hac
3159 4365 3272 4435 ipsa
3309 4378 3445 4433 quo-

213 4458 401 4528 νητοῖς,
436 4455 532 4534 κα)
554 4453 657 4538 ’διὰ
680 4451 885 4522 ταύτην
915 4449 1011 4523 τὴν
1039 4448 1219 4504 αἰτίαν
1253 4447 1514 4502 δύνασθαι
1542 4449 1764 4521 ἐκποίη-

1876 4481 1982 4538 que
2008 4467 2075 4521 de
2119 4480 2280 4522 causa
2313 4463 2426 4519 tie‘ri
2475 4462 2730 4517 alienatio
2763 4458 2963 4529 poterit
3008 4473 3194 4514 earum
3244 4473 3449 4523 rerum,

214 4567 290 4603 σιν
317 4535 674 4618 γενέσθαὶςὲκ
702 4544 810 4598 τῶν
830 4544 1124 4614 ἀκινήτων,
1181 4543 1342 4612 μόνον
1398 4541 1580 4612 μέντοι
1637 4541 1773 4614 πρὸς

215 4643 326 4706 τοὺς
359 4641 719 4713 συγχωρίτας,
763 4637 884 4711 ἢὲξ
944 4637 1190 4705 ἀνάγκης
1247 4634 1382 4707 πρὸς
1416 4634 1486 4688 τὰ
1526 4635 1629 4689 ὑπὸ
1673 4636 1773 4706 τὴν

216 4738 368 4805 αὺτῖμν
402 4733 796 4808 μητροκωμίαν
823 4730 999 4804 χωρία
1026 4731 1144 4800 ἦτοι
1177 4728 1280 4783 ὑπὸ
1310 4728 1408 4799 τὴν
1457 4729 1629 4794 αὐτὴν
1658 4748 1768 4784 κω·

217 4830 506 4901 μητούραν.

276 4923 342 4988 η’.
389 4921 490 4975 Διὰ
518 4918 607 4974 τὸν
636 4918 799 4974 αὑτὸν
821 4913 915 4971 οὖν
938 4915 1158 4988 τρόπον,
1195 4917 1289 4969 καὶ
1338 4915 1563 4969 δυνατοῦ
1595 4931 1774 4989 προσ-

215 5013 350 5067 tinos
405 5011 806 5084 mupiexovro;
849 5006 882 5079 ἢ
955 5005 1132 5070 ἄλλως
1179 5005 1610 5076 ὲκποιουμένου.
1643 5024 1771 5061 συν-

219 5108 422 5179 εωρὰθη
478 5102 852 5177 προτιμᾶσθαι
924 5102 1049 5167 τοὺς
1099 5098 1357 5172 χωρίτας,
1401 5099 1459 5152 ὲν
1509 5090 1590 5164 oi;
1637 5103 1774 5155 sitm

219 5199 722 5272 ἀνακεκοινωμένοι,
781 5197 814 5268 ἢ
873 5195 1044 5267 χωρὶς
1085 5195 1182 5264 τῆς
1242 5193 1450 5248 ἐκείνου
1488 5195 1685 5266 ίνομῆς,
1739 5194 1772 5267 ἢ

220 5292 314 5347 τῶν
373 5294 580 5350 ὑδάτων
627 5289 790 5362 ἢτῶν
832 5289 1004 5361 ὀρέων
1054 5287 1115 5341 οὒ
1152 5286 1402 5340 δύνανται
1433 5286 1783 5343 διοικεῖσθαι(

230 5385 391 5458 Ὑπὲρ
451 5385 510 5439 δὲ
553 5384 646 5439 τοῦ
715 5376 1019 5454 ἀγοραστοῦ
1078 5376 1298 5445 νοεῖται,
1353 5379 1419 5433 ἵν’
1499 5381 1596 5435 ἐὰν
1640 5382 1772 5456 θέλῃ

221 5477 367 5534 τοῦτο
401 5479 561 5551 μόνον
590 5477 988 5549 παρακρατεῐν,
1023 5473 1132 5527 τῶν
1170 5472 1228 5527 δὲ
1254 5473 1774 5545 ἀνακεκοινωμένων

223 5569 484 5643 δκστῆναι,
515 5571 612 5644 ἔχῃ
650 5569 918 5635 ἐξουσίαν.
950 5568 1014 5622 Ei
1053 5565 1109 5620 δὲ
1139 5564 1204 5617 ἐκ
1233 5559 1327 5618 τοῦ
1377 5565 1770 5637 ἐκποιουμένου

224 5666 484 5736 κτήματος
516 5665 633 5724 ἔστι
663 5682 716 5719 τι
751 5663 847 5718 καὶ
875 5661 1261 5724 ίδιοσύστατον,
1303 5656 1336 5729 ἦ
1367 5657 1427 5712 τὸ
1458 5659 1577 5714 ὅλον
1634 5661 1771 5714 ἁνα-

225 5759 500 5830 γκάζοντσι
526 5757 798 5837 ἀγοράσαι
824 5756 858 5828 ἦ
885 5753 977 5811 τοῦ
1009 5753 1134 5809 ὅλου
1164 5749 1497 5819 ἐξίστασθαι.
1538 5752 1769 5829 Ἐχέτω·

1877 4575 1997 4631 quae
2025 4559 2120 4615 soli
2176 4567 2302 4614 sunt
2334 4577 2346 4614 :
2377 4557 2469 4614 sed
2515 4556 2782 4612 duntaxat
2816 4553 2882 4607 ad
2931 4551 3310 4615 convicaucos,
3357 4559 3451 4609 aut

1877 4651 2186 4710 necessario
2217 4651 2285 4708 ad
2313 4666 2375 4707 ea
2411 4649 2632 4720 praedia,
2664 4663 2780 4720 quac
2815 4645 2916 4702 sub
2940 4646 3127 4701 eadem
3176 4653 3448 4700 metroco-

1878 4746 1983 4802 mia
2008 4754 2155 4813 sunt,
2189 4743 2244 4801 id
2266 4752 2370 4811 est,
2402 4737 2503 4798 sub
2539 4741 2724 4799 eadem
2761 4738 3103 4794 vicaneitate.

1947 4929 2000 4984 8.
2038 4927 2373 4998 Quapmpter
2420 4927 2608 4981 eodem
2668 4921 2824 4977 modo
2870 4929 2923 4976 et
2968 4918 3172 4990 potenti
3224 4928 3449 4986 persona

1875 5023 2165 5087 vendente,
2197 5020 2282 5076 vel
2304 5019 2462 5075 aliter
2485 5015 2751 5072 alienante
2771 5056 2785 5081 ,
2815 5013 3076 5085 optimum
3110 5012 3251 5066 factu
3279 5011 3453 5065 visunt

1875 5126 1996 5183 est,
2045 5114 2286 5187 βιαίοιτὶ
2337 5113 2586 5167 vicaneos
2631 5108 2683 5164 iu
2726 5109 2811 5172 iis,
2861 5109 2913 5163 in
2946 5107 3139 5177 quibus
3170 5109 3451 5158 consortes

1875 5217 2036 5275 sunt,
2068 5216 2180 5278 ,aut
2223 5204 2439 5276 pascuis
2487 5202 2624 5273 ejus,
2668 5211 2759 5256 aut
2802 5201 2990 5272 aquis,
3042 5208 3131 5251 aut
3174 5192 3449 5251 montibus

1872 5316 2062 5358 carere
2109 5316 2216 5355 non
2269 5309 2515 5370 possunt.
2557 5297 2636 5354 Ac
2663 5313 2765 5369 pro
2813 5303 3054 5365 emptore
3090 5289 3308 5360 quidem
3343 5287 3448 5341 hoc

1870 5394 2212 5464 intelligitur,
2249 5403 2309 5448 ut
2339 5394 2382 5447 si
2436 5403 2641 5448 certum
2678 5391 2942 5445 duntaxat
2973 5384 3174 5456 aliquid
3210 5383 3447 5438 retinere

1875 5490 2021 5555 velit,
2051 5497 2106 5543 et
2133 5503 2218 5553 ea,
2275 5501 2393 5557 quae
2440 5483 2698 5540 consortii
2745 5492 2899 5546 sunt,
2952 5480 3185 5534 alienare
3218 5495 3232 5532 ;
3268 5484 3447 5547 potes-

1878 5586 2040 5634 tatem
2064 5579 2165 5633 hoc
2192 5577 2382 5650 agendi
2411 5576 2626 5631 habeat.
2658 5573 2809 5629 Licet
2839 5581 3016 5626 autem
3047 5569 3252 5640 pradii,
3302 5566 3442 5637 quod

1871 5664 2160 5730 alienatur,
2213 5665 2392 5734 aliqua
2437 5676 2562 5734 pars
2621 5663 2691 5716 ab
2731 5660 2856 5718 aliie
2905 5669 3150 5728 separata
3197 5658 3443 5715 seorsum

1874 5757 2104 5815 exsistat
2135 5775 2148 5815 :
2180 5766 2451 5828 emptores
2488 5765 2666 5812 tamen
2693 5763 2782 5811 aut
2813 5763 2983 5811 totum
3010 5766 3189 5815 emere
3213 5763 3442 5822 .co'guu-
