4046 6330
247 262 334 329 5T1

1315 257 1678 322 NOVELLrE
1711 258 2389 325 CONSTlTUTIONES.

3364 251 3471 333 578

244 374 407 439 πετῶς
434 372 525 427 τοῦ
563 372 837 427 ἀντιδίκου
882 369 1285 441 ἀποληφθέντος
1321 372 1412 423 ἐπὶ
1462 375 1600 441 νομῇ
1667 388 1803 439 πεμ-

1911 374 1997 427 sin
2036 373 2349 436 illustriunt,
2381 372 2448 428 de
2474 372 2611 428 libra
2644 372 2901 431 dimidius
2931 376 3133 432 solidus
3162 388 3469 448 przrstetur.

246 469 341 538 φθῇ
369 466 427 519 τδ
462 465 645 535 ιτερον
672 464 859 535 μέρος,
894 463 1018 517 οὑδὲ
1063 463 1199 526 ὅλως
1252 464 1356 534 χρὴ
1412 464 1514 532 πρὸ
1563 464 1796 531 πέρατος

220 562 332 631 ,τῆς
356 559 505 630 δίκης
536 558 983 613 ἀποκατάστασιν
1018 559 1285 627 γίνεσθαι,
1328 558 1450 610 οὐδὲ
1518 560 1643 627 τῇδε
1696 558 1796 610 κά-

236 636 385 706 κεῖσε
421 652 488 705 τὰ
538 652 840 722 πράγματα
899 651 1321 723 μεταφερόμενα
1386 649 1796 720 διαφθείρεσθαι

244 744 339 798 ἀπὸ
370 741 466 811 τῆς
488 740 790 810 ὲναλλαγῆς
823 741 931 794 τῶν
980 741 1287 812 προσώπων
1341 741 1374 810 ἣ
1423 741 1522 809 τῆς
1567 740 1795 810 θατέρου

244 836 435 888 τούτων
471 834 784 902 ἐπιϐουλῆς,
815 834 979 903 τυχὸν
999 830 1280 904 δυσμενῶς
1314 832 1448 901 πρὸς
1478 832 1566 884 τὸν
1596 831 1793 885 ἀντίδι-

243 943 329 978 κον
353 925 563 996 ἔχοντος
597 924 630 995 ἢ
660 927 753 978 καὶ
784 925 1082 989 συνειδότος
1111 924 1383 996 μὴκαλῶς
1408 924 1792 991 ἀγωνίζεσθαι.

242 1008 401 1068 Αὗται
434 1016 491 1067 δὲ
527 1018 583 1068 αἱ
612 1014 892 1085 συνήθειαι
930 1016 1073 1069 κατὰ
1129 1016 1227 1086 τὴν
1280 1018 1645 1085 προκειμένην
1690 1014 1798 1067 διά-

241 1111 399 1176 στιξιν
429 1110 525 1162 καὶ
557 1108 648 1160 ἐπὶ
672 1108 781 1161 τῶν
812 1107 1270 1180 ὑπηρετουμένων
1300 1106 1616 1176 άπαιτητῶν
1680 1106 1798 1175 ἦτοι

240 1200 569 1254 ἑκόιὸαστῶν
615 1199 785 1253 άπασι
823 1202 933 1262 τοῖς
967 1200 1264 1261 πολιτικοῖς
1292 1199 1572 1260 δικασταῖς
1627 1196 1797 1250 ἔστω-

240 1315 351 1363 σαν,
373 1299 464 1349 καὶ
514 1296 680 1366 μηδὲν
709 1295 1021 1367 περαιτέρω
1042 1310 1055 1323 '
1100 1294 1317 1357 τούτοις
1346 1294 1455 1363 γὰρ
1499 1291 1799 1359 ἀναγκαῖόν

240 1394 367 1454 tm,
413 1387 487 1458 μὴ
515 1388 676 1458 μόνον
710 1387 981 1457 καθαραῖς
1025 1388 1145 1449 ταῖς
1178 1386 1367 1456 χερσὶν
1405 1384 1616 1455 ἄρχειν,
1666 1380 1798 1435 ἀλλὰ

239 1483 325 1533 καὶ
361 1480 485 1541 τοὺς
520 1478 929 1547 ὑπουργοῦντας
969 1478 1114 1547 ἔχειν
1156 1478 1355 1541 παντὸς
1389 1475 1614 1545 αίσχροὺ
1659 1474 1800 1545 λήμ-

242 1589 398 1643 ματος
436 1573 761 1644 ἁνωτέρυυς.
806 1573 943 1643 Περὶ
997 1571 1054 1624 δὲ
1111 1572 1219 1624 τῶν
1268 1570 1683 1640 ὑπουργούντων
1742 1569 1800 1619 ὲν

238 1665 349 1728 ταῖς
406 1667 650 1734 γραφαῖς
717 1665 833 1727 τοῖς
897 1662 1004 1728 ἔξω
1059 1662 1370 1728 δικάζουσιν
1438 1661 1470 1731 ῆ
1536 1660 1626 1713 καὶ
1686 1659 1799 1720 τοῖς

1908 464 1966 519 Si
1991 481 2111 520 cum
2143 465 2489 520 adversarius
2510 469 2899 522 contumaciter
2918 467 3179 536 judicium
3205 469 3474 525 deseruis-

1884 568 2001 624 set,
2035 573 2159 628 pars
2192 557 2358 613 altera
2389 557 2553 613 fuerit
2581 558 2632 612 in
2671 561 3067 629 possessionem
3097 560 3292 627 missa;
3326 562 3472 615 nulio

1897 651 2058 706 modo
2081 658 2207 704 ante
2264 650 2413 705 litem
2448 651 2653 705 ﬁnitam
2704 652 2974 707 restitutio
3017 654 3145 718 ﬂat;
3180 669 3351 723 neque
3388 668 3474 707 res

1897 742 1967 798 ab
2001 757 2107 797 una
2152 752 2307 809 parte
2358 741 2425 797 ad
2472 742 2696 797 alteram
2738 744 3019 801 translata:
3053 756 3476 816 corrumpantur

1899 836 2199 889 mutatione
2238 835 2536 899 hominum,
2579 835 2664 890 vel
2689 835 2829 892 forte
2876 837 3223 893 insidiatione
3275 840 3466 893 borum

1899 924 2256 989 alterutrius,
2323 926 2464 979 male
2505 940 2631 995 erga
2693 926 3064 981 adversarium
3125 927 3302 983 ail'ecti
3337 971 3353 996 ,
3422 942 3475 984 et

1900 1013 2109 1069 conscii
2145 1014 2211 1069 de
2243 1029 2349 1069 non
2385 1023 2529 1069 recta
2564 1015 2807 1085 litigandi
2830 1016 3060 1073 ratione.
3097 1018 3308 1073 Eaedem
3336 1035 3464 1073 vero

1899 1105 2318 1160 consuetudines
2341 1105 2638 1160 secundum
2690 1106 3024 1175 propositam
3067 1108 3472 1165 distinctionem

1900 1195 2150 1250 omnibus
2170 1194 2444 1263 iudicibus
2476 1196 2720 1259 urbanis,
2748 1197 2862 1250 sive
2891 1197 3143 1252 civilibus
3172 1211 3353 1263 sunto,
3386 1216 3474 1251 ra—

1901 1285 2048 1340 tione
2097 1296 2438 1349 exactorum,
2484 1284 2599 1339 sive
2644 1299 3058 1352 exsecuturum,
3124 1288 3215 1354 qui
3252 1287 3473 1342 subser—

1900 1384 2072 1442 viunt,
2105 1386 2158 1432 et
2207 1376 2342 1431 nihil
2371 1377 2620 1447 amplius.
2659 1376 2768 1432 Hos
2801 1378 2944 1432 enim
2986 1393 3087 1431 non
3125 1380 3293 1432 solum
3327 1383 3474 1450 puris

1903 1470 2149 1526 manibus
2182 1469 2557 1538 magistratum
2586 1483 2860 1533 exercere,
2885 1484 3068 1523 verum
3106 1471 3269 1524 etiam
3306 1488 3476 1541 appa.

1902 1566 2118 1630 ritores,
2152 1567 2243 1635 qui
2276 1566 2454 1636 turpia
2492 1566 2641 1621 lucra
2674 1575 3043 1632 contemnant,
3080 1566 3277 1621 habere
3308 1584 3474 1636 opor-

1906 1664 2001 1710 tet.
2035 1655 2103 1711 lis
2144 1667 2346 1725 autem,
2402 1657 2491 1727 qui
2520 1657 2790 1727 judieibus
2824 1658 3122 1723 extraneis,
3174 1668 3265 1711 aut
3298 1661 3473 1713 tribu-

240 1755 461 1811 ὲνταῦθα
538 1756 949 1827 δικαστηρίοις,
1014 1754 1337 1817 αὐτοτελοῦς
1415 1751 1796 1824 ἀπολυομένης

1910 1747 2114 1802 nalibus
2154 1749 2392 1812 urbanis,
2419 1749 2470 1801 in
2500 1748 2785 1817 scripturis
2809 1750 3078 1813 serviunt,
3108 1750 3167 1816 si.
3199 1750 3474 1805 deﬁnitiva

239 1849 482 1919 κρίσεως,
544 1847 641 1902 ἰπὶ
701 1848 799 1919 μὲν
859 1843 969 1900 τῶν
1025 1847 1421 1916 εὐτελεστέρων
1486 1844 1799 1899 ὑποθέσεων

238 1943 355 2010 ἄχρι
385 1941 585 2011 λίτρας,
611 1942 736 2010 μιᾶς
768 1938 801 2010 ἢ
831 1941 923 1993 καὶ
958 1936 1213 1992 ἐπέκεινα
1264 1939 1456 2007 μέχρις
1503 1937 1622 1999 ἑνὸς
1645 1935 1799 2005 νομί-

239 2046 434 2099 σματος
500 2028 783 2083 δίδοσθαι⁵
829 2027 1108 2090 ἐλάττονος
1179 2027 1234 2078 δὲ
1294 2024 1483 2093 οὑσης,
1544 2024 1798 2091 ὑφαιρεῖν

238 2123 364 2190 πρὸς
398 2119 695 2189 ἀναλογίαν
722 2119 785 2173 ὲκ
804 2118 899 2173 τοῦ
932 2118 1261 2189 νομίσματος
1284 2135 1300 2152 ν·
1337 2117 1487 2169 ῶσπε
1497 2133 1525 2184 ρ
1550 2114 1799 2178 αὐξάνειν

239 2213 392 2267 πάλιν
416 2214 511 2266 ἐπὶ
547 2211 656 2267 τῶν
684 2210 1131 2281 ὑπερϐαινουσῶν
1143 2210 1241 2273 τὰς
1261 2212 1407 2281 τρεῖς
1427 2207 1614 2277 λίτρας
1638 2204 1799 2259 δικῶν

236 2306 355 2374 ἄχρι
384 2304 477 2357 δύο
507 2303 543 2375 ἢ
575 2303 671 2357 καὶ
695 2302 862 2372 τριῶν
888 2303 1239 2372 νομισμάτων
1268 2317 1281 2331 ο
1320 2299 1589 2369 μηδέποτε
1616 2297 1671 2351 δὲ
1696 2295 1803 2349 ἀπὸ

238 2397 472 2465 πενήτων
521 2395 835 2458 πολιτικῶν,
890 2393 924 2464 ἦ
976 2389 1310 2463 ἀγροιτικῶν
1352 2389 1485 2459 μηδὲ
1540 2387 1825 2459 μεγίστης·

239 2489 393 2557 οὑσης
441 2488 541 2555 τῆς
576 2486 905 2551 ὑποθέσεως,
938 2484 1160 2555 γραφῆς
1225 2482 1385 2553 χάριν
1439 2480 1599 2533 πλέον
1664 2496 1800 2550 παρ-

237 2578 446 2646 έχεσθαι
473 2576 571 2630 τοὺ
603 2576 953 2646 νομίσματος.
997 2574 1120 2628 Ἐπὶ
1146 2574 1202 2627 δὲ
1251 2575 1369 2637 ταῖς
1392 2571 1802 2641 νάπολυομέναις

236 2670 424 2742 ψήφοις
466 2668 612 2721 κατᾶ
640 2668 893 2721 κέλευσιν
920 2666 1053 2736 πρὸς
1099 2668 1222 2727 τοὺς
1256 2663 1361 2731 εξω
1400 2663 1717 2727 δικάζοντας
1742 2662 1803 2716 τὸ

235 2761 549 2816 δωδέκατον.
584 2758 843 2821 πολλάκις
858 2758 913 2811 δὲ
947 2758 1039 2810 καὶ
1066 2758 1226 2828 μέχρι
1255 2757 1417 2809 ἕκτου
1445 2755 1646 2808 διδόναι
1675 2754 1803 2818 τοὺς

236 2853 644 2923 εὑπῖωτέρους
674 2869 685 2881 ·
730 2852 856 2913 τοὺς
884 2849 940 2903 δὲ
975 2850 1211 2922 ἀπόρους
1257 2847 1393 2919 πρὸς
1417 2849 1478 2900 τὸ
1507 2845 1803 2915 ἀναλογοῦν

236 2942 328 3011 τῆς
361 2943 584 3011 γραφῆς
614 2943 705 2994 καὶ
752 2940 846 2993 τοῦ
881 2939 1225 3008 πράγματος.
1263 2938 1390 3005 περὶ
1429 2930 1487 2991 οὗ
1536 2936 1571 3008 ἡ
1624 2935 1804 3005 ψῆφος

240 3034 534 3105 προϐαίνει,
595 3032 704 3085 ἐσθ’
735 3032 824 3085 ὅτε
856 3032 947 3085 καὶ
982 3030 1144 3083 πλέον
1176 3028 1269 3082 τοὺ
1300 3032 1635 3098 νομίσματος
1667 3026 1803 3097 μετὰ
1860 3028 1864 3032 ’

1902 1845 2168 1899 sententia
2199 1846 2604 1917 'promnlgetur,
2658 1843 2722 1899 ad
2788 1860 2952 1898 unum
3006 1834 3180 1913 usque
3236 1846 3470 1899 solidum

1899 1937 2154 2007 Sportula:
2175 1938 2389 2005 dentur,
2437 1938 2491 1991 in
2520 1938 2696 1993 causis
2716 1938 2929 2007 quidem
2968 1937 3325 2004 tenuioribus,
3357 1955 3475 2008 qum

1900 2030 1967 2084 ad
1995 2046 2154 2083 unam
2180 2044 2347 2101 usque
2377 2030 2594 2095 libram,
2650 2039 2703 2085 et
2737 2029 2896 2100 paulo
2921 2031 3155 2099 amplius
3187 2047 3245 2086 se
3294 2032 3468 2101 porti-

1902 2130 2056 2191 gnnt.
2100 2119 2197 2176 Sin
2229 2121 2409 2177 minor
2434 2128 2520 2175 est
2542 2136 2775 2187 summa,
2804 2135 2902 2189 pro
2936 2129 3052 2174 rata
3079 2120 3146 2175 de
3169 2121 3339 2175 solido
3381 2123 3477 2176 deo

1906 2212 2102 2268 tractio
2159 2215 2287 2279 liat;
2338 2212 2515 2267 sicuti
2570 2228 2758 2266 rursus
2780 2212 3012 2283 adjectio
3062 2212 3309 2267 facienda
3346 2250 3363 2276 ,
3427 2216 3477 2266 in

1902 2304 2082 2359 causis
2121 2312 2233 2359 tres
2260 2296 2439 2358 libras
2482 2304 2890 2369 excedentibus,
2933 2305 3000 2358 ad
3039 2304 3197 2370 duos,
3233 2316 3325 2358 aut
3370 2314 3478 2359 tres

1903 2410 2075 2466 usque
2105 2396 2325 2450 solidos.
2356 2395 2639 2465 Nunquam
2667 2410 2697 2448 a
2717 2395 3097 2465 municipibus,
3144 2404 3195 2451 et
3226 2383 3477 2459 rusticis,

1904 2486 1997 2555 qui
2020 2500 2281 2555 pauperes
2311 2498 2454 2551 sunt,
2489 2501 2555 2541 ne
2592 2487 2640 2541 si
2672 2486 2885 2557 quidem
2915 2486 3147 2540 maxima
3170 2502 3328 2541 causa
3384 2489 3475 2549 sit,

1878 2579 2193 2642 scriptura:
2240 2579 2459 2634 nomine
2516 2579 2634 2650 plus
2695 2594 2801 2634 uno
2856 2578 3026 2634 solido
3078 2589 3385 2650 pra’slctur.
3418 2580 3479 2634 ln

1904 2672 2208 2748 sententiis,
2240 2671 2542 2742 quasjussu
2576 2670 2832 2741 principis
2862 2671 3151 2740 adjttdices
3193 2683 3481 2725 extraneos

1905 2761 2272 2827 remittuntur,
2309 2761 2687 2833 locupletiores
2711 2763 2927 2833 quidem
2947 2762 3254 2828 decumam,
3304 2778 3478 2831 smpe—

1906 2866 2132 2909 numero
2185 2863 2395 2907 sextam
2440 2868 2660 2923 quoque
2696 2863 2904 2923 partem
2949 2862 3243 2923 praestant;
3298 2855 3484 2923 inopes

1906 2954 2108 3008 autem,
2136 2959 2231 3013 pro
2262 2945 2467 3001 ratione
2496 2946 2805 3013 inventarii,
2835 2955 2891 3001 et
2920 2946 3089 3016 ipsius
3118 2946 3217 3011 rei,
3263 2946 3331 3000 de
3377 2963 3482 3015 qua

1905 3040 2171 3093 sententia
2220 3038 2408 3092 fertur.
2446 3038 2842 3106 Nonnunquam
2895 3049 2948 3091 et
2988 3036 3106 3107 plus
3150 3052 3255 3090 uno
3298 3037 3475 3092 solido

235 3126 577 3193 διαγνώσεως
649 3124 741 3178 τοὺ
795 3122 1127 3186 δικάζοντος.
1176 3120 1239 3175 Εἰ
1286 3120 1344 3174 δέ
1392 3137 1456 3187 γε
1518 3118 1804 3191 παρόντων

1913 3130 2110 3197 datur,
2165 3128 2556 3184 interveniente
2625 3129 2933 3199 cognitione
2984 3129 3205 3199 iudicis.
3252 3128 3307 3182 Si
3357 3144 3484 3183 vero

238 3219 560 3287 ἀμφοτέρων
589 3215 697 3269 τῶν
735 3215 916 3286 μερῶν
951 3214 1058 3267 ἀπὸ
1085 3213 1318 3285 κρίσεως
1342 3212 1618 3284 ἔγγραφος
1672 3210 1807 3265 ἀπό-

240 3325 393 3379 φασις
417 3306 693 3377 ἀπολυθῇ,
725 3308 801 3378 τῷ
833 3306 1078 3377 μέλλοντι
1101 3306 1343 3371 δικάζειν
1377 3303 1469 3357 ἐπὶ
1496 3304 1589 3357 τοῦ
1616 3303 1804 3369 τόπου,

238 3401 463 3471 εὐπόρου
519 3398 728 3470 δηλαδὴ
781 3397 1094 3468 περιουσίας
1126 3395 1613 3466 ὑποδεικνυμὲνης,
1648 3394 1807 3449 δυνα-

237 3491 322 3545 τδν
348 3492 486 3545 κατὰ
516 3488 813 3559 διάγνωσιν
836 3488 932 3542 καὶ
950 3488 1056 3553 ἕως
1093 3487 1239 3542 δυοῖν
1274 3487 1641 3558 ,νομισμάτων
1663 3487 1807 3557 ,ἀνα-

239 3581 554 3646 σισάζεσθαι
613 3581 672 3635 τὸ
708 3580 987 3656 μίσθωμα.

308 3761 374 3833 β’.
402 3759 727 3833 ’Ἐπειδὴδὲ
764 3760 821 3813 αἱ
870 3758 1128 3831 διαθῆκαι
1175 3757 1326 3827 παρὰ
1371 3756 1447 3829 τῷ
1488 3755 1808 3826 κοιαίστωρι

239 3856 565 3923 ἀνοίγονται,
594 3854 707 3916 τοῖς
738 3851 1102 3922 ὑπουργοῦσιν
1143 3852 1202 3903 ὲν
1237 3853 1303 3920 τῇ
1334 3847 1532 3915 ἀνοίξει
1573 3846 1809 3916 καγγελ-

237 3948 435 4023 Rapiat;
479 3947 574 4001 ἐπί
598 3964 655 3999 τε
694 3948 760 4017 τῇ
788 3946 1078 4014 συναγωγῇ
1106 3943 1215 3995 τῶν
1248 3942 1541 4012 μαρτύρων
1568 3940 1661 3993 καὶ
1699 3938 1808 3991 τῶν

237 4044 293 4109 ἒξ
330 4041 619 4096 ἁδιαθέτου
650 4035 1057 4109 κληρονόμωνῆ
1092 4035 1185 4087 καὶ
1218 4032 1556 4104 λεγαταρίων
1582 4032 1673 4085 καὶ
1702 4027 1809 4083 τῶν

238 4136 303 4189 δι’
328 4134 522 4203 ἑτέρας
554 4130 742 4202 χρείας
775 4128 1098 4198 ὀφειλόντων
1128 4124 1493 4195 παρίστασθαι
1545 4124 1809 4194 παρέχειν

240 4228 472 4297 νόμισμα
500 4225 583 4290 ἓν,
609 4222 687 4294 τῷ
708 4222 768 4276 δὲ
790 4220 990 4293 πρώτῳ
1020 4217 1397 4289 καγγελλαρίῳ
1425 4216 1612 4288 ἕτερον
1658 4214 1811 4284 νόμι-

242 4336 344 4389 σμα
381 4318 461 4384 ἓν,
491 4318 588 4371 καὶ
618 4316 729 4378 τοῖς
756 4314 875 4368 δυσὶ
900 4310 1176 4382 νοταρίοις
1208 4308 1313 4363 ἀνὰ
1348 4310 1517 4377 ἥμισυ
1536 4305 1628 4362 τοῦ
1660 4306 1813 4376 νομί·

244 4429 465 4482 σματος.
493 4400 808 4470 Ἐλάττονος
831 4405 888 4458 δὲ
906 4404 1016 4457 τῶν
1046 4402 1140 4455 δύο
1172 4401 1371 4473 λιτρῶν
1400 4398 1811 4471 ἀριθμουμένης

1912 3220 2170 3275 ambabus
2199 3220 2416 3288 paribus
2448 3221 2823 3288 praesentibus,
2869 3234 2933 3273 ex
2974 3218 3363 3273 deliberatione
3394 3219 3484 3287 ju-

1914 3310 2164 3375 diciaria,
2221 3310 2489 3366 sententia
2545 3310 2597 3363 in
2648 3308 2866 3377 scriptis
2918 3309 3146 3363 remissa
3201 3307 3362 3363 fuerit
3418 3310 3484 3361 ad

1914 3402 2088 3466 illum,
2122 3402 2211 3471 qui
2242 3401 2331 3470 jus
2353 3400 2592 3453 dicturus
2622 3408 2705 3453 est
2753 3399 2803 3451 in
2837 3412 2893 3450 re
2917 3398 3203 3467 praesenti;
3255 3399 3299 3452 si
3329 3398 3481 3452 locu-

1913 3494 2029 3564 ples
2071 3506 2191 3548 esse
2218 3491 2601 3561 patrimonium
2640 3495 2851 3558 pareat,
2877 3496 3054 3552 potest
3083 3489 3482 3543 interveniente

1909 3584 2108 3658 judicis
2144 3582 2450 3651 cognitione
2486 3579 2745 3635 salarium
2787 3594 3005 3649 quoque
3031 3580 3098 3633 ad
3133 3579 3269 3634 duos
3316 3594 3487 3648 usque

1915 3676 2114 3733 solidos
2151 3674 2358 3744 augeri.

1982 3766 2038 3821 2.
2061 3765 2323 3832 Quoniam
2356 3770 2677 3818 testamenta
2711 3762 2852 3833 apud
2882 3770 3206 3831 quaestorem
3228 3761 3487 3830 aperitur

1919 3869 2024 3927 tur,
2061 3872 2329 3913 meorum
2366 3856 2645 3927 apertione
2679 3854 3020 3909 cancellariis
3066 3870 3196 3910 suas
3220 3853 3488 3909 exhiben-

1917 3951 2059 4008 tibus
2078 3963 2296 4020 operas,
2336 3957 2445 4001 tam
2480 3945 2798 4016 colligendis
2826 3947 3071 4013 testibus,
3099 3956 3153 4000 et
3186 3945 3489 4001 haeredibus

1916 4044 1985 4099 ab
2036 4042 2291 4097 intestato
2340 4040 2782 4103 succedentibus,
2845 4046 2937 4091 aut
2977 4038 3141 4093 etiam
3188 4037 3486 4107 legatariis,

1916 4150 2077 4205 quam
2110 4131 2342 4197 caeteris,
2372 4132 2462 4199 qui
2507 4132 2576 4186 ob
2623 4130 2761 4184 alias
2808 4144 2999 4185 causas
3032 4130 3222 4185 adesse
3272 4132 3486 4195 debent,

1915 4227 2116 4283 solidus
2133 4240 2276 4279 unus
2316 4222 2657 4293 praestabitur
2686 4238 2701 4286 ;
2731 4220 2907 4291 primo
2942 4230 3121 4277 autem
3143 4220 3488 4287 cancellario,

1918 4332 2054 4373 unus
2079 4317 2207 4371 item
2252 4314 2479 4379 solidus,
2516 4322 2570 4368 et
2605 4313 2813 4368 duobus
2842 4309 3088 4376 notariis,
3112 4311 3365 4367 dimidius
3397 4327 3491 4367 so-

1917 4411 2079 4465 lidus.
2117 4407 2268 4475 Quod
2295 4406 2341 4460 si
2374 4404 2684 4477 patrimonii
2713 4419 2923 4459 summa
2973 4404 3149 4458 minor
3173 4403 3240 4458 sit
3277 4404 3487 4459 duabus

242 4504 332 4572 τῆς
360 4502 737 4563 ὑποστάσεως,
769 4496 1243 4568 ὑπεξαιρουμένης
1275 4495 1459 4564 μέντοι
1502 4498 1598 4564 τῆς
1645 4493 1807 4564 τιμῆς

1918 4503 2090 4567 libris,
2136 4510 2361 4569 excepto
2412 4507 2589 4551 tamen
2652 4498 2832 4568 pretio
2890 4496 3321 4565 mancipiorum,
3374 4513 3494 4566 quae

240 4596 341 4647 τῶν
372 4596 505 4657 ῑσως
535 4590 1027 4662 ἐλευθερουμένων,
1062 4590 1195 4642 πᾶσι
1226 4587 1439 4649 τοὺτοις
1473 4586 1809 4656 παρέχεσθαι

242 4684 480 4753 νόμισμα
498 4683 561 4735 ἓν
584 4721 595 4733 .
617 4680 742 4734 Ἐὰν
767 4680 823 4732 δὲ
853 4679 921 4733 τὰ
945 4678 1141 4732 ἑκατὸν
1166 4679 1473 4748 νομίσματα
1494 4676 1652 4747 μόνον
1682 4678 1813 4729 hoc

245 4777 556 4847 συνάγεται,
585 4772 750 4843 μηδὲν
779 4771 1033 4825 δίδοσθαι.
1066 4769 1162 4821 Διὰ
1206 4769 1271 4839 δὴ
1298 4769 1488 4832 ταῦτα,
1541 4766 1641 4820 κᾶν
1673 4766 1814 4836 ὑπὲρ

244 4868 335 4931 τὰς
365 4869 516 4936 τρεῖς
550 4863 738 4934 λίτρας
762 4862 898 4933 exet
926 4864 996 4915 τὰ
1021 4860 1120 4931 τῆς
1150 4862 1479 4931 περιουσίας,
1516 4852 1617 4911 ὦσι
1645 4858 1699 4909 δὲ
1748 4859 1813 4910 τὰ

245 4958 687 5029 κληρονομοῦντα
738 4956 1003 5024 πρόσωπα
1060 4952 1281 5015 ἀτελοῦς
1337 4951 1571 5020 ἡλικίας,
1637 4953 1668 5021 ἢ
1723 4950 1814 5004 καὶ

246 5052 385 5121 χήρα
428 5048 672 5120 μήτηρῆ
702 5045 902 5118 μάμμη
944 5045 1480 5116 συγγληρονομοὺσα,
1523 5044 1635 5097 ὅσοι
1688 5045 1811 5095 τοὺ.

244 5158 348 5194 των
406 5142 631 5194 ἐλαττον
682 5138 879 5191 ἑκατὸν
919 5137 1273 5207 νομισμάτων
1328 5136 1391 5188 ἐκ
1453 5136 1547 5188 τοῦ
1615 5134 1815 5205 κλήρου

250 5233 639 5305 ἀποφέρονται,
689 5229 861 5301 μηδὲν
903 5229 1100 5292 αὑτοὺς
1148 5228 1423 5281 συντελεῖν
1458 5228 1536 5289 είς
1566 5229 1665 5295 τὴν
1724 5244 1817 5278 τε-

249 5326 577 5397 τυπωμένην
634 5322 945 5394 συνήθειαν,
980 5320 1095 5377 ἀλλ’
1135 5321 1200 5374 ὲκ
1234 5322 1333 5391 τῆς
1380 5320 1610 5389 ἀλλαχοῦ
1662 5322 1820 5371 ὄπου.

249 5418 441 5491 δήποτε
490 5416 880 5486 άφορισθείσης
942 5415 1263 5484 περιουσίας
1310 5413 1449 5482 ὑπὲρ
1502 5412 1569 5465 τὰ
1628 5411 1821 5463 ἑκατὸν

250 5512 559 5580 νομίσματα
595 5506 969 5576 συναγομένης
997 5506 1057 5558 τὸ
1090 5505 1463 5577 προδιορισθὲν
1494 5505 1657 5555 ποσὸν
1693 5505 1824 5555 ἀνα-

252 5603 416 5672 λόγως
452 5602 597 5656 κατὰ
620 5600 1244 5673 τὴνίπρογεγραμμένην
1311 5599 1664 5651 ὑποτύπωσιν
1720 5618 1822 5651 κα-

258 5692 634 5749 ταὸάλλεσθαι.
680 5672 743 5744 ‘0.
768 5690 825 5743 δὲ
856 5691 1246 5761 περισσότερον
1289 5689 1400 5743 τῶν
1453 5689 1823 5759 διωρισμένων

254 5784 393 5858 λόγῳ
420 5784 830 5842 ἐκϐιϐαστικῶν
862 5782 1135 5851 ἀπαιτῶν,
1164 5782 1225 5836 τὸ
1248 5780 1509 5855 τριπλοῦν
1530 5782 1822 5837 ἀποδώσει.

1918 4592 2057 4650 forte
2100 4592 2587 4655 manumittuntur;
2617 4590 2869 4644 omnibus
2903 4589 3053 4643 hisce
3097 4588 3302 4642 solidus
3342 4604 3486 4643 unus

1919 4679 2282 4754 praestabitur.
2312 4681 2368 4735 Si
2418 4696 2549 4735 vero
2604 4688 2821 4734 centum
2879 4680 3145 4735 duntaxat
3195 4680 3490 4734 solidorum

1926 4789 2133 4827 summa
2186 4775 2417 4844 cogitur,
2473 4773 2607 4827 nihil
2657 4775 2834 4827 detur.
2886 4772 3223 4843 Quapropter
3278 4774 3489 4826 etiamsi

1921 4866 2299 4935 patrimonium
2324 4878 2483 4933 supra
2511 4872 2621 4918 tres
2640 4864 2808 4919 libras
2836 4864 3133 4927 contineat,
3163 4880 3227 4917 ac
3254 4863 3494 4917 hmrcdes

1922 4957 2093 5010 aetatis
2121 4959 2346 5009 necdum
2372 4955 2567 5009 adultae
2590 4955 2807 5021 sint,.et
2832 4965 3001 5009 mater
3028 4955 3307 5019 vidua,vel
3355 4955 3491 5018 avia,

1924 5047 2082 5102 simul
2110 5046 2474 5100 baereditatcm
2506 5046 2740 5112 adeant;
2774 5046 3079 5116 quicunque
3103 5044 3293 5099 horum
3319 5044 3495 5096 minus

1924 5147 2140 5195 centum
2170 5139 2356 5193 solidis
2411 5153 2474 5191 ex
2513 5138 2830 5193 ba'reditale
2884 5147 3263 5207 perceperunt,
3304 5137 3335 5187 ii
3364 5134 3494 5188 nihil

1926 5233 2146 5286 sant-ita:
2194 5231 2599 5291 consuetudinis
2658 5230 2875 5284 nomine
2943 5227 3260 5291 conferant;
3308 5228 3399 5281 sed
3428 5243 3495 5279 ex

1928 5324 2212 5378 destinatis
2255 5322 2362 5376 alio
2389 5324 2567 5387 benis,
2601 5333 2921 5391 quocunque
2960 5320 3179 5375 tandem
3213 5318 3268 5373 id
3306 5318 3490 5383 luerit;

1929 5429 2047 5482 quae
2085 5428 2347 5465 summam
2388 5412 2679 5465 solidorum
2706 5419 2923 5466 centum
2966 5418 3243 5479 superant,
3281 5410 3499 5476 quanti-

1930 5516 2012 5558 tas
2058 5504 2146 5557 illa
2205 5504 2355 5573 prius
2402 5502 2782 5573 deﬁnita,pro
2826 5510 2940 5555 rata
2978 5509 3153 5570 parte,
3204 5502 3496 5554 secundum

1933 5594 2159 5648 formam
2193 5604 2349 5647 antea
2406 5592 2756 5662 descriptam,
2808 5591 3072 5647 solvetur.
3098 5589 3250 5657 Quod
3300 5588 3346 5643 si
3376 5590 3498 5659 quis

1933 5685 2184 5754 amplius,
2238 5699 2397 5753 quam
2434 5691 2695 5740 statutum
2722 5690 2825 5755 est,
2866 5681 3226 5755 sportularum
3282 5681 3496 5737 nomine

1935 5777 2136 5849 exigat,
2169 5774 2387 5847 triplum
2422 5775 2613 5834 solvet.
