4046 6330
523 292 626 361 583
1434 285 1938 357 CONS'I‘ANTINI
1980 281 2651 355 PORPHYROGENITI
3650 279 3771 356 ‘58s

522 422 722 467 statum
760 406 996 481 priorem
1028 422 1134 464 non
1166 407 1381 465 hedant.
1414 408 1565 475 Quod
1596 409 1642 473 si
1675 409 1856 463 omnia
1892 408 2085 463 descri-

2200 406 2491 477 ριὸριστον,
2526 404 2623 460 καὶ
2651 407 2716 476 τῇ
2747 403 3005 478 στρατείᾳ
3032 399 3495 471 ἂκαταδούὶωτον,
3520 404 3776 473 ἐξουσίαν

520 513 609 576 pta
637 517 740 557 non
764 510 912 564 sunt,
939 500 1032 555 sed
1059 499 1198 555 forte
1224 500 1623 572 possessionem
1661 498 1815 553 miles
1844 513 2084 553 seorsum

2197 499 2369 568 ἐχέτω
2400 493 2444 567 ᾧ
2477 499 2543 571 δὴ
2576 498 2817 569 βούλοιτο
2861 498 3048 570 τρόπῳ
3095 498 3253 552 τοῦτο
3290 500 3568 565 ἐκποιεῖν,
3620 499 3680 550 ὲν
3730 490 3776 565 ᾧ

520 594 635 650 suis
658 592 920 647 inclusam
947 591 1194 646 terminis
1222 592 1403 653 Itabcl,
1435 605 1532 644 nec
1558 589 1647 643 ulli
1682 589 1885 643 militiae
1912 591 2088 643 servi-

520 687 623 741 tuti
651 686 945 740 obnox'am
991 703 1005 739 :
1037 682 1346 738 facultatem
1374 682 1571 737 habent
1608 682 1724 752 ejus
1764 680 2084 746 alienantlae,

517 792 846 847 quocunque
892 776 1054 830 modo
1101 776 1287 830 volet:
1342 783 1549 829 tantum
1597 781 1657 827 ut
1705 772 1977 840 descripta
2030 771 2085 826 in

521 868 686 922 rebus
742 866 837 921 soli
880 866 1152 933 possessio
1183 864 1302 935 ejus
1350 866 1418 920 ad
1450 863 1811 920 exhibendam
1857 862 2088 920 functio—

520 972 641 1011 nem
672 958 958 1012 militarem
989 955 1236 1012 suiﬁciat.
1261 954 1470 1025 Quippe
1499 955 1545 1010 si
1577 954 1705 1025 quid
1733 956 1894 1022 desit,
1926 970 2084 1025 coge-

521 1057 607 1100 tur
657 1050 722 1113 is,
782 1049 944 1117 quia
998 1046 1170 1101 milite
1225 1049 1481 1116 praedium
1553 1062 1619 1101 ex
1688 1046 1861 1117 aliqua
1926 1062 2086 1104 causa

519 1148 711 1193 nactus
739 1147 836 1205 est,
891 1139 1035 1209 quod
1068 1140 1252 1193 deﬁcit
1278 1153 1372 1209 per
1399 1137 1521 1194 illas
1552 1138 1804 1208 ipsasres
1830 1139 1928 1194 soli
1956 1155 2087 1210 sup-

520 1228 687 1296 plere.
719 1227 812 1282 Sin
872 1243 960 1283 res
1002 1230 1124 1296 soli,
1157 1245 1293 1298 quas
1345 1229 1500 1285 miles
1551 1229 1811 1296 possidet,
1866 1245 2087 1297 prorsus

518 1319 800 1388 descriptae
829 1335 936 1372 non
962 1330 1135 1375 sunt:
1176 1335 1297 1390 quae
1341 1320 1517 1391 magis
1570 1320 1774 1374 fertiles
1824 1330 1968 1389 sunt,
2019 1323 2085 1376 ad

517 1423 754 1479 quatuor
784 1427 953 1481 usque
992 1412 1155 1467 libras
1179 1414 1339 1469 tacite
1365 1413 1477 1467 sint
1506 1412 1773 1483 obligatae.
1805 1412 1922 1480 Quo
1954 1414 2081 1485 qni-

516 1503 639 1555 dem
678 1503 782 1557 illae
831 1502 1109 1573 privilegio
1158 1520 1222 1561 ex
1269 1504 1601 1576 providentia
1647 1514 1833 1560 nostra
1869 1509 2087 1561 munita:

516 1606 659 1647 sunt.
692 1594 885 1649 Eorum
908 1606 1111 1662 autem,
1144 1612 1263 1668 quae
1306 1597 1511 1667 reliqua
1531 1604 1680 1661 sunt,
1727 1599 1988 1668 permissa
2016 1598 2087 1653 sit

512 1687 593 1739 eis
635 1684 909 1740 alienatio.
942 1685 1022 1740 Ae
1077 1688 1123 1744 si
1175 1687 1396 1756 quidem
1446 1690 1781 1753 usuvenerit,
1836 1700 1893 1742 ut
1941 1704 2084 1744 unus

2199 592 2447 662 μέντοιγε
2493 595 2523 663 ἡ
2560 592 3033 666 ἀπογεγραμμένη
3077 591 3333 666 ἀκίνητος
3375 592 3567 661 κτῆσις
3608 589 3776 642 αὐτοῦ

2198 683 2354 755 ίκανή
2385 686 2532 737 ἐστιν
2563 684 2950 755 ὑπηρετεῖσθαι
2980 687 3047 757 τῇ
3074 686 3351 756 στρατείᾳ·
3386 685 3436 736 εί
3484 684 3596 753 γὰρ
3636 686 3777 738 duo.

2188 775 2483 839 λείπεται,
2546 776 2793 845 ἀνάγκην
2834 776 2943 839 ἕξει
2998 778 3026 830 ὁ
3080 775 3231 846 παρὰ
3280 775 3373 828 τοῦ
3440 773 3774 846 στριτιιὶιτιυ

2194 866 2377 920 λαϐὼν
2408 868 2471 920 ἔκ
2501 882 2645 932 τινος
2668 869 2847 931 αίτίας
2879 868 2940 922 τὸ
2978 868 3188 937 κτῆμα,
3214 866 3275 921 τὸ
3300 868 3518 931 ἐλλιπὲς
3547 867 3615 921 δι’
3654 867 3777 919 ἀκι-

2194 957 2373 1027 νήτων
2408 956 2821 1027 ἀναπληρῶσαι.
2870 956 2931 1011 El
2961 957 3003 1010 δ’
3031 955 3261 1024 ούδόλως
3295 958 3776 1030 ἀπογεγραμμέγα

2196 1049 2303 1101 εἰσὶ
2336 1049 2404 1101 τα
2452 1049 2549 1101 τοῦ
2582 1048 2914 1117 στρατιώτου
2964 1045 3215 1119 ἀκίνητα,
3258 1050 3325 1103 τὰ
3363 1050 3776 1121 εὖχρηστὸτερα

2196 1138 2490 1209 σιωπηρῶς
2534 1139 2942 1193 ὑποκείσθωσαν
2992 1141 3098 1203 ἕως
3133 1139 3175 1193 δ’
3225 1137 3442 1212 λιτρῶν,
3477 1140 3568 1194 καὶ
3596 1140 3774 1210 τούτῳ

2194 1230 2272 1301 τῷ
2314 1229 2592 1301 προνομίῳ
2623 1228 2681 1294 ἐξ
2720 1230 2995 1301 ἡμετέρας
3022 1231 3277 1301 προνοίας
3329 1229 3772 1301 συγκροτείσθω-

2196 1338 2331 1374 σαν·
2372 1320 2439 1374 τὰ
2486 1321 2541 1375 δὲ
2583 1323 2817 1393 περιττὰ
2858 1323 3105 1392 ἐφεῖσθαι
3151 1324 3357 1387 τούτοις
3404 1321 3771 1376 ἑκποιεῖσθαι.

2192 1414 2306 1467 Καὶ
2331 1414 2487 1484 είπερ
2517 1414 2697 1485 συμϐῇ
2729 1416 2819 1467 τὸν
2852 1414 2949 1485 μὲν
2972 1417 3041 1468 τὰ
3068 1414 3469 1487 εὐχρηστότερα
3500 1416 3774 1487 ἀγοράσαι

2194 1505 2481 1575 πρότερον,
2510 1506 2602 1559 τὸν
2636 1506 2689 1559 δὲ
2719 1507 2786 1560 τὰ
2816 1508 3192 1579 ἀχρηστότερα
3226 1508 3474 1579 ὕστερον,
3505 1507 3772 1579 minus

2192 1596 2249 1650 δὲ
2276 1597 2337 1650 ὲκ
2358 1595 2453 1650 τοῦ
2482 1597 2902 1668 προτεθειμένον
2925 1601 3114 1652 τούτου
3150 1602 3446 1671 προνομίου
3472 1601 3542 1655 τὰ
3569 1600 3773 1672 εὔχρη-

2195 1704 2323 1753 στα,
2373 1690 2542 1759 ἐχέτω
2586 1690 2654 1743 τὰ
2702 1688 2799 1761 τῆς
2848 1693 3206 1760 προγενεσίας
3256 1692 3441 1747 δίκαια
3496 1694 3643 1749 κατὰ
3676 1694 3773 1747 τοῦ

512 1774 775 1830 fertiliora
817 1778 967 1846 prius
998 1785 1165 1843 emat,
1197 1778 1338 1833 alius
1364 1779 1549 1844 minus
1576 1779 1728 1833 utilia
1772 1782 2085 1850 posterius;

2196 1783 2654 1852 μεταγενεστέρου
2676 1786 2703 1835 ὁ
2727 1784 3175 1857 προγενέστερος.
3218 1784 3279 1839 Ei
3301 1786 3358 1839 δὲ
3390 1785 3598 1850 πολλὰς
3624 1786 3775 1857 Exuv-

515 1878 570 1922 et
595 1882 660 1922 ex
692 1865 975 1937 privilegio
996 1868 1112 1937 jam
1139 1868 1407 1939 exposito,
1441 1868 1710 1925 fertiliora
1739 1870 1943 1924 fuerint
1971 1870 2089 1925 eri-

513 1965 635 2010 cta:
656 1955 783 2025 jura
804 1957 1110 2028 prioritatis
1147 1960 1410 2015 adversus
1448 1960 1809 2029 posteriorem
1848 1961 2092 2015 anterior

516 2048 728 2105 habeat.
766 2048 992 2116 Quodsi
1023 2050 1395 2119 possessiones
1418 2050 1470 2104 in
1501 2051 1660 2106 rebus
1687 2050 1786 2107 suli
1824 2049 2005 2121 plures
2030 2062 2090 2106 et

512 2139 777 2206 pretiosas
800 2140 1089 2217 admodum
1135 2140 1415 2207 habentes,
1460 2126 1581 2197 eam
1630 2157 1751 2211 quae
1821 2143 2087 2213 descripta

512 2230 637 2297 fuit,
662 2231 1056 2299 alienaverlnt;
1078 2240 1372 2301 posteaque
1399 2242 1459 2287 ut
1482 2233 1806 2303 descriptam
1837 2233 2088 2290 evincere

520 2321 788 2376 voluerint
830 2321 1164 2379 :evietionis
1215 2323 1515 2379 subsidium
1556 2324 1635 2380 cis
1683 2326 1894 2389 damus,
1926 2338 1981 2380 et
2028 2335 2089 2381 ut

518 2412 639 2466 aliis
667 2428 732 2467 cx
751 2414 1187 2480 possessionibus
1209 2415 1442 2484 emptori
1462 2414 1708 2482 satisﬁat,
1738 2432 1860 2472 cum
1878 2419 2088 2473 scilicet

515 2503 653 2556 ultra
682 2506 919 2575 quatuor
950 2505 1167 2576 quidem
1202 2504 1369 2562 libras
1391 2508 1621 2577 equites,
1668 2508 1930 2563 classiarii
1958 2526 2086 2567 vero

515 2593 656 2648 ultra
700 2597 834 2650 duas
885 2596 936 2650 in
974 2596 1126 2651 bonis
1177 2596 1395 2652 habent.
1427 2598 1581 2661 Quod
1606 2597 1649 2653 si
1697 2610 1905 2669 partem
1964 2602 2086 2655 iuti-

522 2689 724 2744 ctionis
770 2688 1028 2746 militaris
1074 2690 1276 2758 aliquis
1320 2690 1571 2756 exhibet,
1624 2706 1722 2760 pro
1752 2702 1867 2745 rata
1922 2693 2087 2761 partis

510 2780 819 2846 cjusetiam
861 2781 926 2835 de
964 2794 1050 2847 eo,
1090 2781 1237 2852 quod
1262 2772 1323 2835 in
1349 2782 1505 2837 battis
1532 2782 1731 2855 habere
1766 2784 1943 2849 debet,
1977 2796 2087 2840 sta-

512 2869 764 2924 tuendam
797 2871 921 2925 erit.
961 2868 1078 2925 Non
1112 2870 1269 2926 aliter
1299 2879 1481 2926 autem
1538 2872 1832 2928 dominium
1859 2878 2087 2944 praedio-

511 2956 630 3015 rum
661 2959 975 3016 miiitarium
1026 2962 1091 3016 iis
1136 2950 1477 3035 acquiratur,
1518 2964 1611 3034 qui
1664 2980 1728 3021 ea
1757 2981 2087 3038 quocunque

512 3051 667 3107 titulo
700 3052 1013 3120 possident;
1044 3052 1148 3107 nisi
1177 3067 1444 3108 annorum
1484 3056 1842 3126 quadraginta
1870 3067 2083 3128 tempus

511 3145 857 3199 attestatione
885 3143 1031 3215 nulla
1057 3144 1454 3200 interveniente
1481 3145 1768 3202 eiiiuxerit.
1793 3131 2085 3219 Propertio;

517 3233 645 3287 dum
676 3234 824 3289 enim
856 3234 1007 3289 male
1040 3234 1161 3290 ﬁdei
1192 3238 1599 3306 possessoribus
1641 3240 1741 3297 hos
1774 3242 1903 3312 olim
1948 3259 2082 3314 quo-

512 3342 618 3394 que
649 3327 986 3381 consuetudo
1013 3328 1373 3384 numerabat:
1409 3331 1513 3385 nisi
1544 3332 1685 3402 quod
1710 3348 1776 3389 ex
1808 3344 2085 3394 contractu

513 3419 881 3488 possidentes,
908 3420 1114 3476 nullum
1148 3419 1418 3477 fructuum
1444 3425 1699 3480 damnum
1742 3427 2082 3488 sentiebant:

513 3510 667 3564 malae
692 3524 820 3565 vero
856 3511 975 3566 ﬁdei
1013 3526 1386 3582 possessores,
1429 3524 1487 3571 et
1530 3514 1737 3573 fructus
1772 3528 1828 3575 et
1854 3521 2082 3589 reditus,

524 3614 579 3655 et
617 3615 780 3657 omne
827 3603 1211 3664 detrimentum
1267 3607 1595 3665 solvebant;
1630 3610 1682 3667 id
1736 3615 1879 3683 quod
1928 3617 2087 3671 nobis

509 3690 727 3762 qunque
758 3693 954 3763 placet.
974 3693 1170 3752 Milites
1193 3712 1321 3755 vero
1352 3701 1743 3760 existimandos
1773 3708 2082 3777 statuimus,

515 3796 623 3837 non
677 3799 769 3841 eos
807 3786 968 3844 modo
1028 3788 1120 3858 qui
1152 3791 1324 3846 sacris
1358 3792 1586 3849 militum
1629 3796 1927 3868 legionibus
1957 3815 2088 3857 sunt

506 3874 684 3929 devoti
712 3894 727 3930 :
753 3875 846 3932 sed
877 3886 932 3934 et
960 3878 1081 3947 hos,
1127 3882 1219 3952 qui
1248 3897 1315 3936 ex
1349 3884 1543 3954 injuria
1591 3892 1821 3957 quadam
1852 3892 2084 3951 fortunas

511 3968 696 4035 inopes
726 3966 877 4035 iacti,
924 3984 1019 4042 per
1065 3973 1299 4028 edictum
1354 3978 1758 4051 immunitatem
1804 3989 2083 4042 consecuti

510 4071 638 4115 sunt
672 4080 686 4117 ;
731 4075 866 4131 quos
912 4062 1103 4117 iisdem
1147 4080 1269 4120 cum
1305 4067 1410 4123 illis
1429 4072 1514 4124 eui
1540 4060 1834 4144 privilegiis
1866 4093 2081 4147 aequum

509 4166 816 4218 censemus,
845 4168 954 4208 non
986 4155 1366 4224 concedentes,
1415 4168 1474 4213 nt
1501 4161 1584 4214 vel
1626 4162 1695 4216 ab
1741 4163 1983 4233 ipsismct
2018 4184 2082 4223 ea

511 4244 903 4311 distrahantur,
944 4246 1010 4301 de
1052 4249 1250 4318 quibus
1274 4248 1583 4309 functiones
1625 4254 1893 4313 militares
1932 4261 2086 4315 exhi-

511 4334 739 4400 bentur;
774 4336 941 4393 mnlto
977 4339 1156 4395 minus
1188 4355 1217 4394 a
1254 4341 1405 4398 iisco.
1431 4340 1565 4397 Nam
1593 4346 1637 4399 si
1681 4361 1803 4402 rere
1843 4352 2087 4419 proprie-

2193 1889 2284 1936 τες
2327 1874 2616 1943 ἀκινήτους
2653 1877 2875 1946 κτήσεις
2915 1879 3009 1930 καὶ
3050 1878 3377 1947 πολυτίμους
3422 1881 3524 1950 τὴν
3570 1882 3776 1948 ἀπογε-

2194 1965 2520 2036 γραμμὲνην
2560 1968 2951 2038 ὲκποιήσαιεν,
3003 1970 3289 2039 ἐκνικῆσαι
3347 1970 3403 2025 δὲ
3454 1970 3777 2042 βουληθεῖεν

2200 2055 2428 2129 ὕστερον
2462 2056 2559 2112 ἅτε
2593 2050 3115 2133 ἀπογεγραμμένην,
3158 2062 3394 2117 δίδοσθαι
3443 2065 3549 2134 μὲν
3592 2065 3778 2127 αὐτοῖς

2191 2150 2293 2217 τὴν
2349 2150 2602 2221 βοήθειαν
2654 2151 2753 2223 τῆς
2805 2153 3177 2223 ὲκνικήσεως,
3234 2155 3296 2207 ὲκ
3356 2155 3455 2224 τῆς
3500 2153 3676 2224 ἄλλης
3722 2152 3777 2206 δὲ

2190 2240 2396 2292 τούτων
2428 2240 2618 2304 οὐσίας
2636 2240 2713 2312 τῷ
2737 2242 3012 2314 ἀγοραστῇ
3042 2244 3103 2297 τὸ
3133 2245 3315 2299 ίκανδν
3342 2243 3775 2315 περιποιεῖσθαι,

2190 2332 2279 2385 ὅτε
2307 2332 2508 2404 δηλαδὴ
2534 2334 2818 2405 εὐποροῖεν
2841 2335 2981 2405 ὑπὲρ
3005 2336 3102 2400 τὰς
3135 2337 3408 2409 τέσσαρας
3443 2336 3639 2407 λίτρας
3673 2338 3777 2407 μὲν

2188 2424 2241 2476 οἱ
2272 2424 2478 2489 ίππεϊς,
2516 2424 2655 2498 ὑπὲρ
2674 2425 2772 2491 τὰς
2798 2426 2888 2480 δύο
2915 2427 2972 2481 δὲ
2996 2430 3045 2481 oi
3071 2414 3379 2499 πλωτῆρες.
3418 2427 3483 2482 Et
3521 2428 3582 2482 es
3614 2430 3777 2499 μέρει

2190 2518 2479 2587 στρατείας
2530 2518 2885 2590 ὑπηρετεῖταί
2933 2537 3016 2583 τις
3044 2560 3060 2584 ,
3119 2521 3264 2575 κατὰ
3321 2519 3627 2589 ἀναλογίαν
3676 2517 3773 2573 τοῦ

2192 2608 2389 2679 μέρους
2448 2609 2615 2663 αὐτοῦ
2660 2610 2753 2663 καὶ
2804 2610 2903 2682 τὴν
2960 2611 3222 2682 εὐπορίαν
3268 2610 3600 2665 τυποῦσθαι.
3678 2610 3773 2682 Μὴ

2188 2696 2363 2762 ἄλλως
2400 2699 2456 2753 δὲ
2494 2701 2843 2771 κνριεύεσθαι
2895 2701 2964 2755 τὰ
3017 2702 3384 2773 στρατιωτικὰ
3422 2705 3537 2767 τοῖς
3589 2702 3774 2756 ταῦτα

2186 2792 2460 2864 οίῳδήτινι
2515 2784 2702 2866 τρόπῳ
2749 2794 3083 2863 κτωμένοις,
3122 2796 3172 2847 εί
3207 2794 3283 2868 μὴ
3309 2796 3340 2848 ὁ
3369 2779 3467 2866 τῆς
3494 2807 3776 2866 τεσσαρα-

2189 2885 2505 2949 κονταετίας
2526 2885 2941 2955 ἀνεπιφώνητος
2961 2886 3273 2959 διαρρεύσει
3304 2886 3516 2958 χρόνος.
3568 2887 3776 2957 Σχεδὲιν

2189 2978 2298 3047 γὰρ
2327 2979 2439 3041 τοῖς
2482 2981 2626 3049 κακῇ
2672 2977 2850 3059 πίπτει
2880 2979 3139 3049 νομεῦσιν
3172 2979 3396 3052 ἠρίθμει
3424 2979 3648 3042 τούτους
3676 2980 3777 3033 καὶ

2112 3107 2157 3164 c
2190 3071 2415 3143 πάλαιή
2447 3072 2723 3141 συνήθεια·
2752 3071 2893 3141 πλὴν
2916 3074 3038 3128 ὅσον
3066 3074 3113 3125 oi
3150 3075 3248 3143 μὲν
3289 3074 3353 3126 ὲκ
3385 3072 3780 3164 συναλλάγμαέ

2187 3162 2279 3226 τος
2305 3162 2632 3232 νεμηθέντες
2662 3163 2760 3235 τὴν
2783 3161 2894 3217 τῶν
2921 3164 3152 3237 καρπῶν
3183 3163 3387 3235 ζημίαν
3410 3163 3699 3234 διέφυγον,
3726 3163 3775 3216 oi

2186 3254 2244 3307 δὲ
2280 3254 2461 3313 πίστει
2493 3256 2638 3327 κακῇ
2670 3240 2958 3327 νεμόμενοι
3001 3257 3094 3309 καὶ
3147 3258 3395 3327 καρποὺς
3418 3258 3536 3310 καὶ
3592 3274 3778 3325 προσ-

2185 3343 2338 3408 όδους
2369 3345 2462 3398 καὶ
2508 3347 2689 3399 πᾶσαν
2723 3345 2928 3417 βλάϐην
2959 3346 3371 3400 κατατίθενται’
3417 3330 3447 3401 δ
3492 3348 3585 3401 καὶ
3632 3347 3778 3419 ἡμῖν

2186 3435 2435 3508 ἀρέσκει.
2466 3437 2811 3513 Στρατιώτας
2833 3440 2891 3493 δὲ
2918 3441 3236 3511 νομίζεσθαι
3275 3440 3671 3511 διατυποῦμεν,
3710 3438 3774 3495 ού

2186 3526 2314 3591 τοὺς
2354 3528 2795 3601 καθοσιωμένονς
2831 3532 2989 3602 μόνον
3024 3534 3145 3595 ταῖς
3182 3532 3354 3603 ἱεραῖς
3393 3532 3631 3601 λεγεῶσι
3662 3534 3776 3588 τῶν
3810 3586 3811 3589 η

2140 3668 2143 3669 ν
2190 3612 2562 3680 στρατιωτῶν,
2602 3614 2739 3668 ἀλλὰ
2770 3615 2879 3684 γὰρ
2914 3614 2979 3684 δὴ
3022 3614 3118 3667 καὶ
3166 3615 3408 3681 τούτους,
3446 3608 3496 3673 οἳ
3525 3609 3619 3671 διά
3648 3636 3778 3673 τινα

2186 3702 2355 3773 τύχης
2382 3705 2654 3775 μὲπήρειαν
2688 3707 2918 3769 ἐπιδεεῖς
2954 3707 3210 3777 ὀφθέντες
3239 3710 3504 3780 ἀδωρείας
3540 3708 3778 3776 ἐνδίκως

2184 3796 2535 3867 τετυχήκασι.
2576 3797 2698 3852 Τῶν
2732 3798 2911 3852 αὐτῶν
2956 3800 3064 3870 γὰρ
3092 3803 3189 3855 καὶ
3209 3802 3445 3867 ’τούτους
3468 3795 3779 3859 ἀπολαύειν

2184 3886 2498 3959 δικαιοῦμεν
2539 3892 2870 3960 προνομίων.
2919 3894 2979 3945 οὐ
3024 3894 3440 3966 συγχωροῦντες
3472 3898 3598 3951 οὗτε
3642 3903 3781 3971 παρ’

2186 3979 2412 4032 ἐκείνων
2438 3982 2841 4052 πιπράσκεσθαι
2863 3994 2931 4037 τα
2961 3984 3021 4049 ἐξ
3044 3978 3118 4039 ὧν
3143 3988 3200 4041 al
3237 3992 3521 4058 στρατεῖαι
3556 3991 3778 4062 {maps—

2186 4068 2411 4125 τοῦνται
2441 4086 2454 4103 ο
2492 4073 2585 4125 καὶ
2635 4075 2816 4147 πολλῷ
2852 4076 3200 4150 πλέονὶπαρὰ
3232 4078 3326 4133 τοῦ
3363 4082 3652 4153 δημοσὲου.
3713 4084 3781 4138 Ei

2186 4162 2298 4233 γὰρ
2327 4166 2441 4227 τοῖς
2485 4166 2689 4236 κυρίως
2732 4153 3033 4233 δεσπόταις
3072 4173 3427 4244 ἐπιτιμῶμεν
3474 4175 3569 4229 τοῦ
3614 4182 3779 4247 κοινῆ

2189 4256 2563 4327 συμφέροντος
2590 4260 2799 4326 ἕνεκεν,
2827 4261 2943 4326 πῶς
2975 4261 3040 4318 ἂν
3061 4264 3139 4335 τῷ
3162 4265 3409 4338 δημοσίῳ
3429 4272 3783 4339 πιπράσκειν

2187 4350 2591 4423 ἐπιτρέψωμεν,
2640 4353 2733 4407 καὶ⁵
2772 4353 2871 4424 τὴν
2902 4355 3069 4410 πάλαι.
3098 4358 3347 4431 ἄγραφον
3378 4361 3594 4416 ἀδικίαν
3624 4365 3784 4416 ὲκεί-

508 4437 612 4488 que
635 4418 867 4479 dominis
898 4425 1316 4484 interminantur
1341 4430 1411 4485 ob
1458 4432 1531 4499 id,
1562 4435 1702 4502 quod
1730 4418 1955 4507 expedit
1981 4456 2081 4510 pu-

2189 4456 2287 4509 νην
2320 4418 2488 4511 νόμου
2522 4442 2676 4510 τάξιν
2703 4418 2853 4515 ἔχειν
2890 4418 3343 4522 μεθήσομεν;’ῆν
3365 4452 3536 4523 ἐχρῆν
3563 4452 3674 4523 γῆς
3719 4468 3780 4506 τε

509 4515 648 4569 blice
688 4532 701 4569 :
745 4518 967 4586 quinam
1013 4519 1142 4574 ﬁsco
1202 4522 1507 4580 distrahere
1567 4529 1985 4595 permittemus:
2022 4543 2081 4591 et

511 4622 617 4660 non
641 4608 899 4677 scriptam
928 4609 1071 4667 illam
1106 4622 1343 4669 veterem
1377 4615 1745 4688 iniquitatem,
1778 4622 1912 4694 legis
1938 4626 2080 4683 obti-

511 4713 639 4751 nere
667 4700 835 4755 vicem
867 4705 1262 4759 concedemusi
1293 4722 1452 4779 quam
1497 4714 1711 4781 quidem
1738 4716 1945 4785 ubique
1975 4728 2082 4778 ter-

508 4802 688 4841 rarum
724 4798 777 4843 et
802 4791 971 4847 maris
1003 4792 1279 4862 expulsam
1307 4801 1565 4866 oportuit,
1596 4810 1652 4855 ut
1684 4816 1803 4871 quae
1845 4805 2077 4861 maxime

516 4876 754 4931 bclluina
788 4878 852 4933 sit
888 4890 941 4935 et
966 4882 1377 4941 immanissima.
1407 4886 1540 4943 Nam
1568 4893 1818 4963 equidem
1844 4897 2087 4951 arbitror

510 4968 658 5036 illos,
686 4970 945 5038 quihanc
1006 4973 1445 5044 introduxerunt,
1494 4984 1738 5038 eamdem
1763 5000 1886 5041 cum
1941 4990 2085 5044 ursis

510 5069 755 5115 naturam
789 5065 1097 5134 reipublicae
1125 5069 1398 5128 tribuisse.
1435 5072 1645 5144 Quippe
1690 5077 1849 5148 vulgo
1903 5080 2091 5148 perbl-

508 5151 682 5214 betur.
713 5154 857 5211 solas
888 5171 951 5211 ex
982 5157 1110 5213 feris
1143 5175 1297 5218 ursas
1317 5162 1458 5220 fame
1481 5181 1697 5236 pressas
1732 5168 1926 5239 digitos
1955 5186 2082 5226 suos

2188 4530 2409 4600 ἀπάσης
2434 4531 2814 4598 ἐξελαύνεσθαι
2839 4538 2933 4590 καὶ
2956 4539 3230 4611 θαλάσσης
3260 4542 3336 4605 ὡς
3365 4540 3530 4597 οὖσαν
3566 4545 3780 4617 θηριω-

2186 4620 2449 4694 δεστάτην
2469 4626 2562 4679 καὶ
2585 4627 2993 4703 ἀπηνεστάτην.
3024 4628 3193 4703 Οἶμαι
3222 4636 3350 4707 γὰρ,
3378 4635 3453 4701 ὡς
3481 4636 3534 4691 oi
3563 4641 3787 4710 ταύτην

2188 4716 2575 4787 εἰσαγαγόντες
2613 4719 2711 4790 τὴν
2735 4721 2904 4794 αὐτὴν
2928 4726 3049 4787 ταῖς
3079 4727 3303 4798 ἄρκτοις
3330 4729 3492 4799 φύσιν
3523 4733 3591 4803 τῇ
3620 4734 3784 4786 πολι.

2184 4807 2309 4879 τοία
2339 4810 2695 4882 προσένεμονσ
2736 4813 2892 4883 λόγος
2926 4817 3034 4887 γὰρ
3061 4818 3196 4889 ἔχει,
3244 4823 3411 4891 μόνας
3442 4822 3652 4894 θηρέων
3681 4825 3785 4889 τὰς

2194 4898 2430 4969 ἄρκτους
2475 4900 2618 4973 λιμῷ
2668 4903 2999 4977 πιεζομένοις
3026 4910 3154 4973 τοὺς
3203 4912 3503 4977 δακτύλους
3564 4916 3785 4986 περιλι-

2189 4991 2433 5059 χμιῖσθαι
2457 5008 2471 5023 ·
2514 4995 2609 5047 καί
2642 5012 2745 5050 που
2780 4999 2963 5064 καλῶς
2999 5019 3085 5065 τις
3112 5004 3269 5068 είδὼς
3298 5007 3491 5079 χεῖρας
3519 5007 3589 5062 ἂν
3638 5009 3785 5078 μᾶλ-

2188 5083 2281 5137 λον
2320 5086 2448 5158 ὅλης
2491 5090 2589 5161 τῆς
2636 5092 2933 5164 πολιτείας,
2976 5097 3093 5151 ἀλλ’
3135 5100 3259 5171 οὐχὶ
3303 5101 3601 5167 δακτύλους
3645 5102 3785 5168 τοὺς

2192 5177 2529 5246 στρατιώτας
2561 5176 2704 5237 εἶναι
2730 5184 2937 5256 δοκοίη.

508 5250 749 5360 sugendp
790 5250 1238 5358 circuittlambere
1270 5275 1286 5313 :
1318 5258 1446 5315 licet
1470 5263 1560 5331 qui
1611 5274 1758 5321 recte
1822 5281 1935 5321 rem
1982 5268 2377 5337 mstimaverit,
2432 5273 2640 5332 fortean
2707 5250 2911 5348 potius
2940 5296 3132 5339 manus
3197 5284 3362 5343 totius
3433 5288 3780 5360 reipublice,

507 5356 666 5412 quam
700 5344 892 5414 digitos
908 5361 1040 5407 esse
1073 5350 1270 5408 milites
1305 5355 1601 5412 arbitretur

577 5440 631 5492 5.
666 5440 841 5511 Atque
875 5443 988 5498 haec
1006 5449 1276 5505 secuturis
1303 5454 1634 5522 temporibus
1664 5455 1821 5525 plene
1849 5457 2008 5511 simul
2039 5469 2095 5513 et

510 5526 756 5592 utiliter,
810 5530 876 5585 de
930 5542 1111 5588 nostra
1162 5538 1375 5605 quidem
1424 5544 1715 5608 sententia,
1773 5547 2081 5602 statuimus.

514 5617 666 5685 Quod
698 5625 905 5683 adttnet
941 5633 1209 5701 praeterita
1236 5672 1253 5699 ,
1298 5632 1412 5703 jam
1456 5635 1586 5690 olim
1627 5636 1847 5706 quidem
1879 5639 2088 5695 obtinet

514 5715 664 5772 rudis
685 5726 740 5774 et
767 5720 996 5793 simplex
1026 5725 1386 5795 consuetudo,
1417 5734 1476 5783 ut
1503 5730 1641 5784 citra
1672 5730 1829 5801 pretii
1863 5733 2085 5787 restitu-

2265 5463 2333 5525 γ’.
2375 5458 2559 5514 Ταῦτα
2600 5462 2700 5533 μὲν
2754 5464 2845 5519 οὖν
2882 5469 2995 5531 τοῖς
3041 5468 3352 5541 ἔμπροσθεν
3382 5475 3594 5546 χρόνοις
3626 5479 3789 5535 svu-

2194 5548 2301 5611 λῶς
2342 5550 2456 5621 ἃμα
2483 5554 2577 5607 καὶ
2606 5554 2899 5622 λυσιτελῶς
2933 5561 3074 5614 κατὰ
3104 5564 3164 5616 τὸ
3192 5566 3326 5635 ἡμῖν
3368 5567 3558 5623 δοκοῦν
3584 5568 3787 5629 διατυ-

2196 5643 2427 5713 ποῦμεν.
2476 5646 2599 5700 Ἐπὶ
2637 5648 2694 5700 δὲ
2737 5654 2851 5714 τοῖς
2897 5654 3253 5726 προλαϐοῦσι,
3286 5660 3455 5717 πάλαι
3505 5663 3604 5732 μὲν
3653 5666 3785 5719 επι-

2195 5741 2390 5809 κρατεῖ
2420 5740 2729 5814 ἀδιαίτητος
2774 5747 2871 5801 καὶ
2916 5750 3246 5824 παχυμερὴς
3276 5755 3538 5829 συνήθεια
3561 5797 3575 5823 ,
3601 5758 3789 5833 ἀντιρ-
