4042 6344
273 267 413 334 585

1382 258 1760 327 novatus
1799 259 2480 325 CONSTITUTIONES.

3438 251 3543 315 sse
3625 222 3633 253 ²

274 378 604 451 γύρωςτοὺς
631 375 943 448 ἀγοραστὰς
963 376 1071 432 τῶν
1091 378 1498 448 στρατιωτικῶν
1529 377 1866 447 εξωΘεῖσθαι.

1990 380 2174 435 ,ionem
2206 358 2422 448 praediis
2472 374 2799 433 militaribus
2832 382 3104 447 emptores
3132 371 3435 444 ejiciautur.
3478 377 3546 430 At

287 471 359 526 Ἦ
382 472 440 526 δὲ
468 471 815 543 λεπτομερὴς
834 469 943 524 τῶν
977 470 1121 525 κατὰ
1153 471 1317 542 μέρος
1350 470 1639 541 διοίκησις,
1680 471 1871 525 ἀλλοτε

274 563 457 627 ἄλλως
501 565 563 617 ὲν
606 558 805 634 οἷσπερ
851 561 919 617 ἀν
960 563 1133 633 αὐτὴν
1178 565 1415 634 μετῆγον
1469 564 1519 616 oi
1554 566 1653 634 τῆς
1689 563 1871 637 ψήφου

274 658 466 727 κύριοι
513 657 960 727 μεταφερομένη,
996 656 1199 727 πολλήν
1239 673 1359 710 τινα
1404 655 1586 727 λώϐην
1641 659 1871 727 παρεῖχε

275 752 394 813 τοις
435 750 724 820 πράγμασι
756 750 849 803 καὶ
882 750 1066 803 πᾶσαν
1096 750 1387 818 ἀσάφειαν.
1424 748 1616 821 Ἡμεῖς
1639 744 1732 803 οὖν
1756 750 1873 819 ἅμα

276 842 477 914 πρόσω
532 841 629 896 καὶ
698 840 901 894 ὀπίσων
935 842 1063 904 τοὺς
1121 842 1255 913 περὶ
1320 839 1431 895 τῶν
1482 840 1873 911 συμφερόντων

278 937 619 1005 στρέφοντες
674 932 1104 1002 ἀναλογισμοὺς,
1149 933 1251 998 τὰς
1293 932 1603 1005 κεχυμένας
1657 933 1874 997 ὲκείνας

276 1030 377 1081 καὶ
419 1025 874 1096 ποικιλοτρόπους
920 1025 1503 1097 ἀποδιαπομπούμενοι
1534 1023 1786 1096 πράξεις,
1816 1027 1874 1079 ὲν

281 1118 483 1192 ῥυθμῷ
517 1123 612 1174 καὶ
653 1118 797 1189 λόγῳ
844 1118 943 1187 τὴν
988 1122 1046 1171 ὲν
1078 1119 1251 1172 ἅπασι
1291 1118 1559 1189 διοίκησιν
1588 1116 1874 1187 περιστέλ-

280 1212 475 1277 λοντες
524 1211 857 1283 θεσπίζομεν
881 1227 894 1241 ·
950 1213 997 1264 εἰ
1042 1211 1141 1281 μὲν
1171 1206 1281 1264 εἶεν
1321 1209 1650 1282 κληρονόμοι
1692 1209 1877 1271 αὐτοῖς

282 1307 400 1368 τοῖς
427 1304 957 1375 ἀπογεγραμμένοις
1006 1301 1391 1374 στρατιώταις,
1419 1302 1700 1365 κατιόντες
1716 1299 1878 1371 τυχὸν

282 1399 314 1468 ἢ
372 1396 700 1468 ἀνιόντες-ἢ
754 1400 816 1450 ἐκ
869 1396 1102 1464 πλαγίου
1170 1397 1364 1467 μέχρις
1426 1394 1587 1449 ἕκτου
1641 1392 1875 1466 βαθμοῦ,

281 1487 517 1550 τούτους
550 1485 767 1548 πάντως
790 1485 1185 1556 προσδέχεσθαι
1218 1485 1359 1540 κατὰ
1390 1485 1489 1554 τὴν
1518 1485 1627 1537 τῶν
1652 1483 1877 1555 βαθμῶν

282 1578 576 1650 ἐγγύτητα
610 1579 1060 1650 προτιμωμένους
1111 1581 1192 1643 εἰς
1222 1578 1285 1632 τὸ
1333 1577 1569 1631 ἐκδικεῖν
1614 1577 1684 1631 τὰ
1727 1576 1878 1647 παρά

282 1674 397 1736 τῶν
452 1672 808 1743 στρατιωτῶν
847 1672 1216 1743 ὲκποιηθέντα
1246 1671 1435 1736 κακῶς
1470 1669 1503 1740 ἦ
1540 1671 1692 1741 παρὰ
1719 1670 1881 1724 δυνά-

1976 473 2323 542 particularis
2372 470 2707 540 singulorum
2766 469 3205 532 administratio,
3260 482 3379 537 quae
3416 468 3547 522 alias

1974 564 2130 618 aliter
2160 563 2566 627 immolabatur,
2604 569 2759 630 prout
2790 574 2910 615 eam
2938 558 3289 614 inﬂectebant
3326 557 3421 621 illi,
3454 558 3546 625 qui

1971 655 2192 725 iudiciis
2218 664 2517 725 praeerant,
2563 664 2813 722 magnam
2850 652 3140 723 quamdam
3174 649 3335 705 rebus
3366 651 3547 720 perni-

1975 750 2138 813 ciem,
2184 762 2249 803 ac
2287 746 2487 803 nullam
2526 759 2632 801 non
2665 744 3048 800 obscuritatem
3107 744 3304 797 attulit.
3347 740 3552 796 idcirco

1978 856 2075 895 nos
2108 850 2216 895 tam
2248 840 2297 893 in
2333 838 2631 904 anteriora,
2663 852 2823 908 quam
2856 838 3176 909 posteriora,
3203 835 3555 906 cogitationes

1980 935 2044 989 de
2080 932 2170 997 iis,
2216 947 2339 1003 qum
2368 933 2658 1002 expediunt
2686 973 2702 995 ,
2754 940 3174 997 com'ertentes,
3229 944 3284 986 et
3330 931 3553 985 confusa

1981 1026 2101 1082 illas
2163 1036 2325 1097 atque
2357 1025 2539 1081 varias
2565 1023 2807 1081 actione’s
2835 1023 3168 1095 ablegantes,
3222 1031 3277 1080 et
3327 1024 3557 1078 admini-

1981 1120 2297 1174 strationem
2340 1119 2392 1173 in
2444 1117 2604 1174 rebus
2656 1117 2911 1175 omnibus
2960 1117 3153 1174 ordine
3200 1118 3434 1189 quodam
3492 1133 3557 1173 ac

1980 1210 2187 1266 ratione
2217 1211 2537 1277 munientes,
2602 1212 2897 1275 sancimus,
2934 1219 2992 1264 ut
3018 1211 3285 1280 siquidem
3316 1212 3560 1266 ltmredes

1987 1310 2207 1359 exstent
2237 1302 2527 1373 descriptis
2556 1302 2844 1369 militibus,
2874 1303 3265 1359 descendentes
3294 1312 3444 1373 puta,
3476 1305 3563 1361 vel

1982 1397 2339 1451 asrendentes
2368 1438 2383 1461 ,
2433 1396 2517 1451 vel
2565 1410 2630 1451 ex
2671 1402 3001 1460 transverso,
3054 1397 3120 1451 ad
3152 1406 3363 1473 sextum
3396 1412 3565 1467 usque

1983 1496 2208 1558 gradum
2234 1502 2251 1553 ;
2278 1489 2313 1543 ii
2340 1503 2560 1557 prorsus
2578 1488 2951 1552 admittantur,
2971 1487 3124 1556 juxta
3151 1493 3411 1560 graduum
3440 1505 3567 1558 pro-

1984 1580 2496 1650 pinquitatem'aliis
2527 1581 2615 1636 alii
2646 1582 2872 1653 praelati,
2906 1582 2972 1637 ad
2998 1583 3321 1639 evictionem
3352 1598 3565 1653 eorum,

1985 1684 2104 1741 qua:
2133 1672 2273 1729 male
2299 1686 2329 1726 a
2360 1674 2621 1728 militibus
2652 1675 2885 1728 alienata
2934 1684 3087 1741 sunt,
3142 1687 3235 1731 aut
3264 1692 3294 1730 a
3343 1688 3565 1746 potente

286 1784 421 1821 στου
461 1766 557 1837 βία
585 1764 1013 1837 κατασχεθέντα.
1068 1766 1193 1820 Τῶν
1242 1764 1538 1835 ὲγγυτέρου
1579 1764 1635 1817 δὲ
1666 1762 1875 1834 βαθμοῦ

1990 1778 2079 1833 per
2110 1764 2220 1818 vim
2260 1766 2477 1819 detenta
2509 1775 2563 1819 et
2594 1780 2863 1834 possessa.
2908 1765 3061 1834 Quod
3110 1769 3157 1823 si
3207 1770 3405 1841 gradus
3444 1786 3570 1839 pro-

286 1858 579 1929 συγγενῶν
612 1858 686 1928 μὴ
714 1856 1059 1929 βουλομένων
1089 1857 1121 1926 ἢ
1162 1856 1237 1928 μὴ
1276 1854 1611 1927 δυναμένων,
1641 1856 1735 1908 καὶ
1758 1855 1884 1918 τοὺς

288 1948 688 2021 πορριιηέρους
739 1947 1076 2018 εἰσδέχεσθαι
1127 1949 1432 2015 συγγενεῖς.
1496 1944 1783 2015 Συγγενῶν
1830 1944 1886 1998 δὲ

286 2043 390 2112 οὐχ
408 2041 683 2107 ὑπόντων,
707 2040 738 2111 ἢ
761 2041 868 2094 τῶν
886 2039 993 2095 ἀπὸ
1018 2040 1187 2111 νόμου
1206 2039 1559 2110 καλουμένων
1586 2038 1884 2109 ἀγχιστῶν,

286 2136 420 2198 τοὺς
484 2134 743 2196 συνδότας
799 2132 896 2185 καὶ
960 2134 1295 2204 συναίχμους
1349 2131 1531 2186 αὐτῶν
1592 2131 1886 2186 ἀκούεσθαι

289 2226 802 2299 προσερχομένους.
830 2226 1051 2280 Τούτων
1078 2226 1139 2280 δὲ
1179 2226 1278 2279 οὐκ
1308 2226 1503 2291 ὄντων,
1538 2223 1663 2287 τοὺς
1700 2241 1890 2279 συντε-

292 2320 501 2382 λεστάς
554 2317 939 2389 ἀπορωτέρους
989 2317 1368 2389 στρατιώτας,
1431 2316 1498 2371 ἶν’
1549 2314 1610 2380 ἐξ
1659 2315 1909 2370 ἐκείνων

294 2414 461 2470 αὐτοὶ
500 2412 562 2465 τὸ
587 2410 767 2464 ὲνδὲον
801 2410 902 2481 τῆς
943 2410 1180 2481 ἀπορίας
1206 2408 1582 2475 ἀνασώζοντες
1608 2407 1891 2461 ὲποικοδο-
1944 2460 1947 2463 .

298 2506 537 2576 μηθεῖεν
572 2503 707 2574 πρὸς
737 2504 893 2574 ίσχὺν
926 2503 1269 2572 ίκανότητος.
1302 2502 1366 2555 Εἰ
1410 2501 1467 2555 δὲ
1493 2499 1590 2555 καὶ
1614 2493 1893 2556 obterebat

296 2594 435 2662 εἶεν,
461 2598 683 2666 ἀνάγκη
712 2596 949 2659 καὶτοὺς
987 2594 1301 2657 πολιτικοὺς
1333 2581 1693 2656 συπελεπάς
1738 2581 1892 2646 ἐἱσα-

300 2690 575 2745 κούεσθαι
622 2693 760 2760 πρὶς
802 2688 864 2742 τὸ
898 2693 972 2760 μὴ
993 2689 1305 2743 διαπίπτειν
1334 2686 1425 2741 τὸν
1466 2685 1529 2739 ἑκ
1564 2684 1657 2740 τοῦ
1693 2685 1894 2756 κήνσου

299 2787 499 2859 φόρον.
522 2785 661 2838 Είδὲ
683 2801 745 2855 γε
780 2782 1119 2856 στρατιώτης
1135 2780 1469 2851 στρατιώτου
1489 2781 1679 2849 ἑτέρου
1703 2778 1898 2847 κτῆσιν

298 2879 604 2951 ἠγόρασεν,
652 2879 700 2930 si
727 2876 875 2949 μὲνὸ
904 2875 1140 2946 εὔπορος
1184 2874 1241 2942 ἐξ
1296 2873 1527 2945 ἀπόρου,
1579 2872 1680 2943 τὴν
1725 2872 1899 2944 αὐτὴν

300 2973 498 3043 ὑφέξει
511 2970 877 3035 τοῖςδυνατοῐς
899 2968 1114 3038 ποινὴν,
1142 2967 1465 3039 ἀναργύρως
1491 2965 1774 3020 ἐκπίπτων
1790 2965 1899 3021 τῶν

300 3066 704 3139 ὴγορασμένων
728 3081 741 3095 ’
760 3065 809 3121 εἰ
831 3063 888 3118 δὲ
908 3064 1114 3134 ἀπορος
1136 3062 1194 3128 ἐξ
1219 3062 1478 3132 εὐπόρου,
1503 3054 1567 3116 τὸ
1591 3058 1899 3133 ἀγορασθὲν

304 3163 421 3228 list
437 3162 660 3225 πάντως
684 3161 716 3233 ἢ
740 3157 874 3212 τδςτί
882 3176 956 3228 μη
967 3155 1303 3229 μαλήψεται.
1327 3155 1460 3210 Είδὲ
1477 3156 1680 3227 ἀμφοῖν
1694 3152 1897 3225 ἀπορία

1988 1856 2156 1925 pioris
2205 1858 2420 1928 cognati
2469 1858 2639 1914 nolint
2688 1868 2780 1913 aut
2809 1875 2914 1915 non
2982 1867 3230 1932 possint,
3281 1864 3441 1918 etiam
3479 1880 3571 1919 co-

1990 1950 2138 2022 gnati
2175 1952 2496 2008 remotiores
2526 1953 2898 2010 admittentur.
2928 1953 3100 2010 Nullis
3125 1967 3305 2010 autem
3329 1958 3572 2028 cognatis

1988 2041 2351 2106 exstantibus,
2404 2052 2498 2096 aut
2556 2042 2840 2108 allinibus,
2880 2046 2972 2116 qui
3027 2062 3091 2101 ex
3123 2048 3240 2116 lege
3264 2058 3526 2103 vocantur
3551 2089 3566 2113 .

1988 2133 2313 2188 accedentes
2346 2131 2586 2201 ejusdem
2654 2135 2860 2191 militia:
2904 2126 3320 2208 collatio'nisque
3352 2142 3575 2210 partici-

1992 2238 2109 2295 pes,
2159 2226 2502 2295 audiantur;
2558 2228 2731 2299 quisi
2772 2229 2903 2285 nulli
2934 2229 3065 2299 sint,
3116 2233 3317 2289 milites
3367 2236 3576 2304 itiones,

1994 2318 2181 2383 eadem
2233 2320 2568 2376 sustinentes
2624 2336 2787 2377 onera
2819 2340 2835 2391 ;
2879 2331 2937 2378 ut
2960 2340 3025 2379 ex
3054 2325 3138 2381 his
3170 2328 3471 2383 sarcientes
3501 2330 3575 2397 id,

1994 2409 2137 2479 quod
2171 2426 2358 2468 eorum
2388 2413 2581 2485 inopia:
2612 2416 2803 2480 deest,
2854 2431 2920 2473 eo
2957 2431 3130 2487 usque
3164 2419 3470 2488 proﬁciant,
3521 2432 3579 2475 ut

1996 2506 2127 2561 satis
2160 2507 2409 2563 habeant.
2466 2508 2621 2577 Quod
2654 2512 2697 2567 si
2730 2527 2797 2567 ne
2828 2511 2904 2566 illi
2935 2513 3151 2582 quidem
3180 2522 3415 2581 exstent,
3452 2518 3580 2570 ’ωυ-

2001 2598 2262 2669 nicipales
2295 2616 2513 2670 quoque
2546 2602 2833 2659 collatores
2867 2607 3041 2659 audiri
3088 2620 3311 2661 necesse
3359 2615 3476 2672 est,
3522 2618 3581 2661 ut

2001 2704 2072 2743 ne
2102 2692 2333 2763 vectigal
2361 2707 2560 2749 census
2586 2694 2898 2750 intercidat.
2944 2694 3000 2751 Si
3035 2711 3162 2752 vero
3188 2699 3341 2753 miles
3374 2713 3585 2768 posses-

2000 2781 2209 2837 sionem
2241 2783 2431 2839 militis
2458 2785 2679 2842 alterius
2729 2787 2898 2853 emit,
2947 2789 3214 2859 siquidem
3248 2790 3485 2862 locuples
3514 2794 3581 2847 ab

2002 2872 2207 2943 inepta,
2249 2877 2491 2932 eamdem
2531 2892 2651 2937 cum
2685 2872 2993 2949 potentibus
3024 2896 3237 2953 [tamam
3271 2887 3579 2955 sustinebit,

1974 2966 2139 3023 citra
2174 2969 2573 3026 restitutionem
2603 2972 2765 3043 pretii
2798 2987 2886 3030 res
2914 2975 3193 3033 amittens.
3237 2977 3331 3034 Sin
3368 2980 3520 3052 inops
3551 2999 3580 3037 ιι

2005 3060 2289 3135 locuplete,
2320 3064 2539 3120 omnino
2568 3081 2683 3122 rem
2706 3077 2941 3137 emptam
2973 3070 3211 3139 habebit,
3230 3081 3325 3129 aut
3346 3077 3580 3146 pretium

2012 3155 2259 3227 recipiet.
2318 3155 2471 3223 Quod
2512 3158 2556 3213 si
2586 3160 2745 3215 ambo
2786 3162 3125 3231 reperiantur
3164 3165 3386 3234 inopes,
3440 3172 3583 3239 parti

304 3254 669 3327 εὑρίσκεται,
713 3250 792 3321 τῷ
837 3249 1193 3322 ζημιουμένῳ
1234 3248 1391 3322 μέρει
1441 3247 1890 3321 προσδοηθεῖσθαι

2009 3246 2206 3303 damno
2231 3248 2436 3304 aﬂ'ectae
2470 3249 2745 3306 subveniri
2773 3249 3049 3322 iubemus,
3086 3254 3239 3309 bena:
3266 3255 3387 3312 ﬁdei
3417 3260 3584 3314 ratio-

306 3343 617 3421 κελεύομεν
640 3385 657 3409 ,
721 3343 821 3412 τὴν
860 3340 1073 3413 ἀγαθὴν
1105 3340 1289 3395 πίστιν
1319 3339 1555 3423 ἐνταῦθα
1586 3338 1890 3412 ’τηροῦντες1

2009 3350 2130 3391 nem
2168 3337 2224 3392 in
2259 3335 2361 3393 hoc
2395 3337 2677 3406 habentes,
2712 3354 2831 3410 qua
2876 3344 3145 3397 neminem
3194 3358 3318 3400 cum
3341 3346 3584 3421 alterius

302 3439 340 3509 ἦ
357 3455 447 3499 τις
459 3436 565 3489 οὐκ
588 3436 655 3508 ἑᾷ
685 3453 807 3490 τινα
824 3436 1132 3508 κερδαίνειν
1150 3435 1215 3489 ὲκ
1232 3434 1332 3504 τῆς
1349 3433 1510 3489 ἀλλου
1534 3431 1758 3506 ζημίας.

2009 3428 2334 3485 detrimento
2363 3428 2570 3485 lucrum
2598 3429 2779 3485 facere
2812 3429 2961 3487 sinit.
3230 3482 3245 3497 κ

379 3531 450 3583 δ’.
514 3528 707 3584 Ταῦτα
752 3531 884 3601 περὶ
941 3526 1356 3603 στρατιωτικῶν
1408 3527 1667 3599 κτήσεων·
1707 3526 1743 3581 ἃ
1802 3526 1890 3597 μὲν

2079 3521 2134 3575 4.
2189 3520 2282 3577 llis
2329 3522 2395 3578 de
2440 3524 2873 3593 possessionibus
2910 3526 3236 3585 militaribus
3269 3529 3463 3599 partim
3501 3533 3578 3591 ita

306 3622 612 3693 εὖρηκότις
638 3620 675 3675 ἀ
694 3620 752 3675 δὲ
774 3619 1285 3694 ἒξευρηκότεςι-,δεῖν
1307 3619 1568 3692 ᾠήθημεν
1600 3620 1890 3691 μεταϐῆναι

2012 3613 2260 3684 repertis,
2296 3613 2491 3685 partim
2525 3629 2559 3670 ι
2592 3616 2750 3671 nobis
2777 3618 3141 3688 exeogitatis’:
3171 3621 3236 3675 ad
3269 3623 3413 3691 ipsas
3446 3640 3583 3694 quo-

308 3717 413 3767 καὶ
467 3713 557 3767 ἐπ’
596 3713 781 3789 αὐτῶν
827 3714 934 3784 τῶν
984 3698 1396 3785 στρατιωτικῶν
1438 3711 1773 3783 προσώπων,
1807 3714 1890 3789 atati

2008 3718 2114 3775 que
2140 3719 2406 3777 persenas
2428 3707 2692 3765 militares
2716 3711 3101 3768 transeundum
3132 3714 3582 3782 existimavimus,

218 3819 225 3824 '
304 3811 379 3861 τά
419 3800 1019 3880 συμπεσόντατούτοις
1059 3806 1257 3880 μικρὸν
1279 3804 1899 3878 ἀνωθενὰναγορεῦσαι.

308 3896 428 3954 Ἦν
455 3902 548 3954 ὅτε
567 3895 638 3970 ἦν
661 3898 960 3971 ὁλοσχερὴς
987 3896 1096 3952 τῶν
1126 3898 1473 3971 πραγμάτων
1500 3898 1784 3969 ἀνατροπὴ
1810 3899 1931 3951 καιη

311 3997 465 4067 φορὰ
490 3992 719 4064 ὀλέθρου
761 3987 1155 4057 δυσκάθεκτος,
1197 3991 1294 4045 καὶ
1318 3992 1428 4055 πᾶς
1449 4009 1532 4054 τις
1564 3991 1758 4065 τῶνιὲν
1777 3980 1904 4065 δόξῃ

312 4083 612 4158 κραταιῶν
665 4067 937 4140 πασσυδεὶ
981 4082 1172 4154 χώρας
1207 4069 1662 4154 ἀπεριγράπτους
1707 4084 1906 4137 ἀποτει

315 4177 612 4251 μνόμινος,
640 4179 700 4231 ὲν
726 4175 1079 4249 ἀνδραπόδων
1093 4175 1237 4246 λόγῳ
1250 4176 1377 4240 τοὺς
1406 4175 1623 4239 ἀθλίους
1653 4176 1904 4230 ὲνέταττε

317 4271 618 4339 κτήτορας,
647 4268 871 4337 σχέτλια
899 4268 1085 4331 ,ποιεῖν
1117 4267 1216 4337 οὐχ
1238 4265 1563 4340 ἡγούμενος,
1600 4267 1831 4337 πάσχειν
1850 4267 1907 4319 δὲ

318 4361 549 4432 μᾶλλον,
578 4359 633 4414 si
662 4367 745 4423 τις
776 4357 963 4431 hspes
1002 4358 1302 4429 ὑπέρτερος
1324 4357 1511 4413 τούτου
1540 4358 1597 4412 ὲν
1623 4359 1906 4430 πλεονεξίᾲ

2008 3806 2064 3854 et
2094 3812 2212 3868 qua:
2235 3798 2319 3853 bis
2348 3797 2711 3869 contigerunt,
2738 3799 2902 3856 altius
2924 3804 3084 3871 paulo
3108 3808 3418 3875 repetenda.
3454 3808 3588 3866 Erat

2012 3886 2303 3957 aliquando
2334 3887 2385 3942 id
2420 3898 2653 3957 tempus,
2700 3904 2823 3945 cum
2864 3891 3019 3958 plena
3054 3908 3235 3949 rerum
3262 3898 3474 3956 eversio
3502 3900 3585 3956 vi-

2013 3988 2184 4051 geret,
2208 3994 2271 4035 ac
2299 3978 2529 4037 infrenis
2555 3981 2787 4051 impetus
2810 3983 2995 4040 exitii:
3025 4000 3147 4041 cum
3172 3988 3352 4059 quivis
3370 4006 3584 4062 eorum,

2012 4074 2106 4145 qui
2135 4071 2306 4144 gloria
2338 4075 2689 4143 praestabant,
2736 4073 2937 4144 passim
2971 4076 3169 4137 fundos
3199 4081 3337 4138 citra
3368 4087 3587 4141 modum

1978 4188 1980 4192 λ
2012 4165 2352 4231 abscindens,
2400 4166 2519 4221 loco
2550 4167 2946 4237 mancipiorum
2982 4171 3208 4228 miseros
3241 4188 3585 4243 possessores

1988 4246 2274 4324 traheret;
2308 4257 2480 4327 iniqui
2509 4272 2570 4312 se
2598 4259 3078 4321 nlbilpexistimans
3108 4263 3305 4331 facere,
3338 4269 3432 4323 sed
3463 4284 3588 4339 per-

2012 4349 2120 4418 peti
2150 4350 2351 4421 potius,
2380 4351 2507 4404 dum
2530 4350 2672 4407 alius
2697 4351 2873 4421 ipsum
2908 4353 3137 4409 avaritia
3163 4370 3480 4425 superaret:
3514 4362 3587 4415 ita
3701 4346 3715 4357 ⁶

313 4454 536 4525 ὀφθείη.
570 4441 683 4506 x‘at
714 4446 782 4524 ἦν
813 4450 1112 4522 ὁλοσχερὴς
1156 4450 1363 4521 ἅμιλλα
1395 4452 1606 4507 κακῶν.
1635 4452 1769 4505 Οὐδὲ
1797 4452 1890 4523 γάε

2018 4438 2281 4494 malorum
2310 4439 2526 4509 plenum
2561 4441 2830 4510 quoddam
2874 4453 3149 4499 certamen
3197 4455 3338 4502 erat.
3402 4448 3589 4522 Neque

315 4544 439 4598 οὐδὲ
474 4543 639 4613 μέχρι
660 4541 770 4596 τῶν
791 4541 1037 4597 δυνατῶν
1079 4542 1211 4613 ἔστη
1248 4540 1310 4595 τὺ
1334 4541 1528 4608 δεινὸν,
1559 4541 1671 4595 ἀλλ’
1698 4540 1890 4596 ὲκεῖθεπ

2018 4544 2142 4587 vero
2174 4530 2229 4586 in
2271 4532 2583 4602 potentibus
2628 4531 2913 4589 insistebat
2957 4536 3056 4591 boe
3088 4538 3288 4593 malum
3316 4580 3332 4607 ,
3376 4544 3473 4597 scd
3522 4549 3590 4600 ab

315 4633 631 4706 ἀρξάμενον
667 4633 763 4688 καὶ
800 4634 880 4697 είς
903 4626 1413 4703 τοὺξόλιγοσθενεῖς
1447 4632 1819 4703 ἐτελεύτησεν
1849 4650 1884 4687 α

2015 4624 2146 4693 ipsis
2172 4633 2448 4690 exersnm,
2495 4625 2551 4680 in
2590 4625 2774 4681 minus
2793 4627 3043 4685 valentes
3085 4631 3405 4699 desinebat,
3462 4654 3587 4692 nam

317 4729 429 4798 γὰρ
470 4727 582 4781 τῶν
628 4725 1007 4797 ὑπερεχόντων
1056 4723 1199 4789 ἕξεις
1247 4723 1551 4795 διαδὸσιμοι
1588 4724 1662 4789 ῶς
1702 4725 1890 4780 Ξπίπατ

2013 4715 2353 4783 superiorum
2384 4712 2701 4770 affectiones
2734 4714 2787 4770 in
2820 4717 3012 4787 vulgus
3042 4719 3363 4793 plerumque
3388 4740 3590 4797 propa-

320 4819 402 4891 τῷ
424 4817 625 4887 πλήθει
647 4816 909 4886 γίνονται.
939 4817 1048 4870 Καὶ
1074 4815 1249 4879 οὕτως
1269 4817 1319 4868 οἱ
1341 4816 1527 4886 ἄρχειν
1558 4815 1651 4869 τοῦ
1675 4815 1890 4888 στρατοί

2015 4817 2238 4891 gsntnr.
2274 4806 2539 4877 Adeoque
2569 4807 2662 4877 qui
2691 4809 2741 4863 in
2772 4812 3011 4865 exercitu
3039 4812 3299 4871 militibus
3331 4833 3590 4887 praesunt,

320 4910 627 4980 λαχόντες,“
664 4907 859 4979 ὥσπερ
899 4906 1048 4969 όντο;
1101 4906 1271 4978 νόμου
1321 4906 1565 4960 τοιοῦτον
1617 4905 1757 4961 εἶναι
1822 4909 1890 4961 τὸ⁴

2016 4899 2173 4968 quasi
2209 4888 2297 4952 {ex
2337 4898 2516 4970 aliqua
2558 4899 2718 4955 talem
2758 4915 2879 4957 esse
2910 4902 3101 4960 ducem
3127 4905 3314 4974 jubeat
3338 4950 3354 4977 ,
3405 4928 3594 4969 omnes

326 5003 664 5075 στρατηγὸν,
717 5002 958 5063 ἅπαντες
1012 4994 1147 5069 ἦγον
1205 4999 1318 5052 ἀνω
1358 5016 1418 5052 τε
1453 4998 1551 5053 καὶ
1594 5000 1745 5053 κάτω
1788 5001 1881 5053 τοὺ

2018 5002 2234 5047 sursum
2260 4993 2621 5063 deorsumque
2652 4994 2852 5051 milites
2881 5007 3068 5067 agunt,
3094 5003 3439 5074 acceptisque
3470 5022 3590 5059 mu-~

328 5096 718 5168 στρατιώτας,
774 5092 873 5147 καὶ
927 5093 1078 5162 δῶρα
1134 5091 1507 5161 λαμϐάνοντες
1570 5094 1886 5148 ἀντεδίδοσα

2022 5083 2242 5139 ucribus
2278 5093 2332 5139 et
2356 5084 2515 5140 donis
2545 5084 2941 5143 immunitatem
2971 5090 3076 5145 illis
3108 5109 3136 5145 ιι
3169 5094 3359 5149 militia
3393 5113 3594 5167 repen-

325 5192 508 5253 αὐτοῖς
537 5186 889 5258 ἀστρατείαν.
943 5183 1256 5255 Ἄνθρωποι
1294 5184 1465 5248 ὤνιοι,
1503 5184 1746 5254 ἀμελεῖς,
1784 5187 1890 5240 ἀπό

2022 5177 2175 5243 dunt,
2209 5176 2459 5232 homines
2491 5177 2741 5244 venales,
2786 5180 3139 5251 negligentes,
3189 5185 3409 5241 minime
3438 5188 3594 5244 belli-

329 5287 510 5356 λιμοι,
569 5280 879 5353 μυρμήκων
911 5280 1260 5349 ἁγενέστεροι
1294 5281 1392 5331 καὶ
1438 5276 1619 5331 λύκων
1654 5279 1890 5349 άρπακτι

2024 5271 2158 5335 cosi,
2198 5270 2443 5325 formicis
2473 5270 2821 5343 ignobiliores
2845 5282 2898 5327 et
2919 5273 3056 5344 lupis
3081 5279 3423 5344 rapaciores!
3454 5281 3595 5347 Qua-

329 5379 583 5449 κὼτεροιν
614 5374 683 5429 δι’
720 5368 795 5427 ὧν
826 5374 951 5435 τοὺς
980 5372 1070 5443 ἐχθ
1083 5374 1206 5442 ρους
1245 5370 1603 5442 δασμολογεῖν
1635 5373 1733 5424 οὐκ
1770 5372 1890 5443 ἕχον

2027 5374 2244 5435 propter
2280 5381 2443 5420 unum
2479 5367 2546 5419 ab
2579 5364 2825 5421 bosnbus
2857 5368 3074 5435 exigere
3106 5370 3306 5424 tributa
3341 5388 3447 5425 non
3482 5393 3600 5442 pus-

330 5489 447 5535 τες,
480 5466 885 5540 ⁷ἦργυρολόγουν
916 5465 1043 5527 τοὺς
1096 5462 1392 5532 ὑπηκόους.
1444 5461 1607 5515 Ὅθεν
1642 5463 1741 5515 οὐκ
1772 5464 1890 5530 ὲδεή

2027 5471 2178 5526 sent,
2232 5474 2260 5512 a
2310 5458 2542 5514 subditis
2580 5458 2837 5528 pecunias
2880 5458 3191 5527 exigebant.
3252 5462 3439 5531 Itaque
3488 5484 3595 5521 non

335 5566 510 5634 θησαν
555 5561 751 5634 χρόνου
802 5558 935 5628 πρὸς
1002 5558 1062 5611 τὸ
1121 5558 1230 5609 πᾶν
1295 5555 1620 5627 ἀνατρέψαι,
1683 5556 1796 5610 ἀλλ’
1862 5561 1885 5610 ὲ

2030 5554 2187 5623 longo
2218 5555 2299 5608 eis
2338 5552 2404 5606 ad
2437 5552 2784 5605 evertendam
2815 5550 3203 5620 rempublicam
3246 5555 3422 5623 spatio
3468 5569 3600 5614 tem-

338 5657 438 5720 τῆς
470 5654 619 5724 σφῶν
647 5646 972 5721 καταφορᾶς
994 5650 1074 5713 είς
1103 5646 1331 5717 ἔσχατον
1380 5646 1629 5700 κινδύνου
1676 5646 1776 5720 τὴν
1818 5649 1890 5701 τῶ

2034 5648 2186 5720 poris
2240 5661 2378 5716 opus
2406 5644 2527 5711 fuit,
2561 5644 2653 5699 sed
2688 5644 3119 5714 prrrcipitatione
3162 5661 3262 5702 sua
3297 5647 3598 5710 Romanum

351 5748 642 5821 Ῥωμαίων
659 5744 870 5815 ἠλασαν
896 5741 1093 5812 ἀρχήν.
1132 5740 1306 5809 Ὀσην
1362 5742 1465 5811 μὲν
1503 5740 1595 5796 οὖν
1623 5741 1722 5812 τὴν
1757 5758 1890 5797 σπου

2031 5739 2317 5812 imperium
2358 5736 2421 5793 ad
2468 5745 2770 5792 extremum
2809 5734 3108 5809 periculum
3141 5737 3486 5810 impulerunt.
3543 5747 3604 5804 In

618 5842 891 5904 th'uon.
935 5839 1053 5902 Gs.
1097 5835 1317 5910 CXIII.
1364 5844 1367 5847 '
3214 5832 3290 5899 ιθ
