4046 6330
498 311 604 378 591

1492 306 2001 370 CONSTANTINI
2030 305 2705 385 PORPHYROGENITI

3649 253 3834 371 592Δ

499 434 856 497 comparent;
921 421 1128 495 indices
1181 430 1360 478 autem
1417 420 1583 476 ubere
1637 419 2073 475 necessariarum

2180 419 2236 473 δὲ
2262 408 2476 481 τούτοις
2505 418 2604 488 τὴν
2633 416 2742 470 τῶν
2772 414 3172 486 ἐκταγιατικῶν
3203 416 3361 487 λῆψιν
3390 417 3450 472 οὐ
3486 419 3622 489 πρὸς
3656 419 3757 490 τὴν

499 535 681 575 rerum
720 502 1175 589 suppeditatione
1223 505 1501 569 fruantur.
1531 514 1798 568 Caeterum
1852 526 2075 581 percep-

500 613 664 667 tionis
709 612 899 666 modus
956 598 1319 677 sportularum
1377 616 1653 662 statuatur
1676 606 1782 671 his,
1834 620 1939 661 non
1978 618 2075 674 pro

500 702 806 774 quantitate
838 700 1187 772 przediorum,
1223 699 1303 754 vel
1343 708 1547 761 rerum,
1581 713 1702 767 quae
1753 698 2072 761 redduntur,

473 780 493 810 '
497 801 595 848 aut
620 792 997 856 restituuntur,
1029 790 1123 846 sed
1157 804 1256 861 pro
1290 788 1500 845 ratione
1550 789 1774 854 laboris,
1821 798 1874 845 et
1925 803 2074 843 mora

498 897 612 939 tum
640 884 919 953 temporis,
958 890 1069 935 tum
1107 880 1277 950 ipsius
1303 880 1532 935 itineris.
1558 877 1766 948 Quippe
1792 879 1862 943 si,
1920 878 2071 932 verbi

496 990 680 1039 causa,
712 974 879 1029 semel
905 972 1103 1028 missus
1141 972 1326 1027 decem
1355 970 1612 1025 librarum
1640 970 1962 1025 solutionem
1989 969 2072 1024 vel

499 1070 553 1123 in
582 1068 820 1139 prtediis,
858 1064 942 1120 vel
990 1061 1295 1119 aliis'rebus
1342 1072 1599 1133 procuret
1628 1079 1644 1129 ;
1670 1060 1871 1116 sufficit
1896 1060 1973 1127 ei,
2026 1061 2072 1116 si

497 1157 729 1213 solidum
761 1172 925 1211 unum
951 1155 1200 1224 accipiat.
1232 1153 1327 1208 Sin
1356 1162 1534 1208 autem
1566 1152 1749 1207 decies
1770 1150 2069 1222 profectus,

500 1251 698 1305 multas
735 1247 1012 1304 molestias
1060 1246 1303 1317 pertulit,
1341 1244 1719 1315 itinere.longo
1781 1242 2071 1309 confecto;

500 1356 839 1411 nequaquam
892 1342 993 1395 hoc
1020 1353 1306 1394 onerosum
1344 1347 1448 1405 est,
1471 1352 1594 1393 eum
1627 1336 1681 1392 in
1707 1337 1893 1407 viginti
1925 1350 2065 1407 qua-

502 1447 624 1489 tuor
682 1434 869 1489 solidis
947 1447 1113 1488 unnm
1177 1432 1408 1488 solidum
1480 1432 1743 1502 accipere.
1810 1430 1891 1486 Ad
1960 1432 2075 1485 inec

499 1535 699 1591 autem,
754 1541 874 1595 qua:
930 1527 996 1580 de
1043 1525 1146 1579 hoc
1198 1523 1409 1579 servari
1468 1526 1687 1590 debent,
1746 1523 2071 1587 definienda,

502 1619 641 1674 forte
695 1618 856 1687 longo
889 1630 1142 1672 sermone
1197 1630 1332 1687 opus
1360 1623 1523 1672 esset.
1550 1616 1654 1672 Sed
1683 1617 1937 1685 quoniam
1977 1616 2075 1686 ju-

500 1712 710 1766 dicibus
730 1712 857 1765 hinc
878 1710 1088 1763 lucrum
1114 1709 1299 1763 venire
1317 1709 1539 1762 omnino
1587 1707 1916 1776 prohibitum
1960 1712 2070 1770 est,

2177 512 2456 583 ποσότητα
2495 513 2605 565 τῶν
2646 511 3049 582 ἀποδιδομένων
3080 510 3382 580 κτημάτων
3420 510 3454 583 ἢ
3498 511 3759 580 πραγμά-

2177 621 2309 671 των,
2352 601 2490 659 ἀλλά
2534 603 2673 675 πρὸς
2711 604 2804 657 τὸν
2844 602 3017 656 κόπον
3056 602 3153 656 καὶ
3193 601 3292 673 τὴν
3332 601 3524 672 τριϐὴν
3564 601 3661 655 τοῦ
3704 619 3760 655 τε

2177 697 2371 768 χρόνου
2399 697 2618 765 καὶτῆς
2641 694 2971 767 ὁδοιπορίας.
3002 696 3066 750 Ei
3093 696 3203 767 γὰρ
3232 695 3393 765 λόγου
3419 696 3586 768 χάριν
3615 696 3761 762 ina:

2179 786 2455 857 πεμφθεὶς
2498 786 2631 840 δέκα
2674 786 2873 858 λιτρῶν
2908 787 3164 841 ἀπόδοσιν
3202 788 3501 859 ἐποιήσατο
3546 788 3762 857 κτημά-

2175 896 2284 932 των
2313 878 2346 943 ἥ
2378 880 2744 950 πραγμάτων,
2771 878 2830 932 ἓν
2854 880 3097 950 νόμισμα
3126 880 3392 950 λήψεσθαι
3422 880 3615 934 τοῦτον
3644 882 3762 934 ίκα-

2176 970 2266 1024 νὸν
2307 970 2571 1042 ὑπάρχει.
2613 970 2676 1026 El
2717 970 2774 1024 δὲ
2816 971 3041 1036 δεκάκις
3089 972 3340 1026 ἀπελθὼν
3387 972 3558 1029 πο).λά
3605 991 3763 1027 συνε-

2175 1061 2337 1133 τρίόη
2364 1062 2460 1134 τῆς
2486 1062 2799 1135 ὁδοιπορίας
2827 1065 3043 1136 μακρᾶς
3071 1063 3259 1133 οὔσης,
3286 1064 3471 1118 οὐκέτι
3498 1065 3763 1138 φορτικὸν

2175 1156 2235 1208 τὸ
2275 1157 2334 1210 ἐν
2372 1155 2704 1226 νομίσμασιν
2742 1156 2917 1210 είκοσι
2960 1156 3052 1210 καὶ
3097 1158 3392 1228 τέσσαρσιν
3426 1155 3767 1233 ῑνινόμισμα

2175 1248 2363 1303 λαϐεῖν
2404 1249 2593 1303 αὐτόν.
2627 1248 2949 1319 Ὀρίσασθαι
2997 1247 3099 1318 μὲν
3141 1248 3235 1301 οὖν
3274 1250 3345 1303 τὰ
3392 1248 3525 1319 περὶ
3569 1250 3765 1302 τούτου

2175 1336 2373 1392 πολλοῦ
2420 1339 2487 1392 ἂν
2526 1338 2611 1408 εἴη
2658 1337 2847 1405 λόγου.
2912 1336 3054 1392 Ἀλλ’
3079 1339 3200 1391 ἐπεὶ
3241 1340 3417 1392 ταῦτα
3454 1342 3537 1402 εἰς
3576 1340 3767 1411 κέρδος

2174 1432 2284 1486 τῶν
2315 1432 2520 1503 κριτῶν
2553 1429 2811 1499 ἔρχεσθαι
2843 1429 2988 1496 ἅπαξ
3020 1430 3395 1501 ἀπηγορεύθη,
3424 1432 3764 1507 πιστεύομεν

2175 1524 2353 1595 ἀγαθῇ
2386 1523 2572 1595 χάριτι
2597 1521 2810 1585 τούτοις
2841 1521 3145 1575 τυποῦσθαι
3175 1523 3311 1594 πρὸς
3340 1521 3634 1589 ἀναλογίαν
3660 1519 3757 1573 τοῦ

2174 1612 2349 1669 κόπου
2387 1612 2498 1666 τῶν
2549 1610 3024 1683 προελευσιμαίων
3065 1610 3165 1674 τάς
3201 1611 3313 1665 τῶν
3358 1611 3767 1679 ὲκταγιατικῶν

2176 1705 2451 1775 τιμήσεις.
2496 1702 2733 1773 Πλὴνοεί
2779 1704 2876 1775 μὲν
2920 1702 3188 1773 δυσχερής
3227 1720 3314 1766 τις
3361 1702 3618 1766 ὑπόθεσις
3663 1704 3764 1757 καὶ

501 1801 639 1855 bona
693 1800 797 1855 [ide
839 1797 1232 1854 committimus
1269 1797 1423 1868 ipsis,
1457 1806 1517 1853 ut
1556 1768 1653 1867 pro
1683 1796 1840 1852 modo
1873 1768 2077 1851 laboris

2180 1768 2444 1857 ἐπίκοπος
2476 1768 2739 1864 ἑποιρθείη
2760 1768 3153 1863 ξθεσπίζόμεν-
3174 1794 3303 1865 ἄχρι
3333 1793 3444 1846 τῶν
3478 1795 3649 1865 τριῶν
3681 1813 3771 1849 νο-

499 1904 710 1954 eorum,
763 1889 857 1959 qui
904 1889 1213 1954 mittuntur,
1264 1885 1638 1961 sportularum
1686 1887 2075 1943 aastimationes

502 1981 721 2036 faciant.
758 1981 1006 2036 Attamen
1042 1979 1088 2034 si
1125 1994 1289 2035 causa
1321 1980 1563 2049 quaedam
1591 1978 1795 2050 gravis,
1819 1990 1874 2035 et
1924 1964 2076 2034 iabo-

501 2073 649 2129 riosa
684 2087 807 2128 esse
856 2081 1135 2141 comperta
1180 2070 1363 2136 fuerit,
1391 2085 1563 2141 usque
1606 2071 1672 2126 ad
1713 2081 1822 2127 tres
1870 2070 2078 2130 solidos

503 2167 557 2222 in
588 2181 695 2221 una
759 2166 892 2220 libra
924 2165 1143 2220 nomine
1170 2163 1538 2234 sportularum
1573 2163 1716 2234 exigi
1742 2176 1905 2233 posse
1949 2179 2077 2219 san-

501 2261 719 2322 cimus;
754 2257 824 2312 ita
894 2266 1098 2320 tamen,
1135 2264 1194 2309 ut
1252 2254 1615 2326 sportularum
1686 2255 1962 2325 prastatio
1995 2256 2079 2309 vi-

501 2349 636 2421 ginti
684 2358 913 2421 quatuor
959 2348 1161 2404 solidos
1220 2362 1328 2402 non
1379 2346 1633 2413 excedat,
1688 2346 1817 2402 licet
1866 2346 2079 2404 exactio

508 2444 744 2497 maxime
772 2440 1041 2497 laboriosa
1099 2439 1192 2505 sit,
1228 2448 1282 2496 et
1309 2453 1429 2510 qua;
1475 2438 1776 2503 solvuntur,
1812 2454 2078 2495 summant

502 2544 717 2590 centum
744 2532 1003 2588 librarum
1046 2541 1324 2603 superent.
1366 2531 1423 2586 In
1458 2532 1653 2588 minori
1701 2546 1829 2587 vero
1866 2546 2077 2587 summa

505 2623 868 2694 permittimus
890 2621 1184 2692 iudicibus,
1216 2632 1275 2678 ut
1298 2621 1553 2678 salarium
1589 2636 1712 2677 cum
1750 2622 1935 2677 labore
1963 2630 2079 2675 truv

504 2717 683 2772 tinent
724 2759 740 2783 ,
790 2724 846 2775 et
908 2714 1313 2786 apparitoribus
1361 2714 1557 2770 itinera
1615 2713 1940 2770 facientibus
1994 2712 2079 2771 vel

503 2823 694 2873 unum,
753 2806 835 2862 vel
882 2809 1042 2875 duos,
1066 2806 1153 2862 vei
1193 2816 1305 2863 tres
1337 2806 1540 2862 solidos
1563 2848 1577 2873 ,
1606 2821 1704 2878 pro
1758 2803 2079 2861 difﬁcultate

504 2917 683 2957 causa
711 2900 1036 2957 concedant.
1071 2900 1244 2971 Atque
1275 2899 1389 2954 haec
1434 2898 1487 2953 in
1524 2898 1613 2963 iis,
1648 2897 1705 2953 in
1738 2896 1934 2969 quibus
1959 2898 2075 2968 ple—

505 3008 579 3048 no
625 2993 826 3048 solutio
852 2993 919 3047 de
964 2991 1164 3062 iudicis
1191 2990 1465 3046 sententia
1520 2990 1789 3060 sequitur.
1841 2989 1913 3045 At
1946 3004 2075 3061 pro-

2182 1883 2475 1954 μισμάτων
2509 1883 2612 1938 imi
2643 1887 2709 1956 τῇ
2750 1884 2910 1956 λίτρᾳ
2950 1885 3337 1953 ὲκταγιατικδν
3372 1886 3731 1942 ἀπαιτεῖσθαι
3754 1903 3770 1918 ’

2185 1974 2259 2044 μὴ
2317 1972 2760 2045 ὑπερϐαινούσης
2791 1974 2974 2044 μέντοι
3000 1975 3069 2029 τά
3098 1972 3177 2029 κδ’
3198 1976 3511 2047 νομίσματα
3540 1976 3642 2042 τῆς
3673 1974 3771 2031 τοῦ

2179 2064 2565 2135 ἔκταγιατικοῦ
2595 2066 2860 2138 παροχῆς,
2889 2067 2992 2121 κᾶν
3019 2066 3068 2119 εί
3094 2068 3161 2121 τὰ
3196 2068 3430 2139 μάλιστα
3462 2070 3496 2141 ἠ
3530 2071 3772 2143 εῖσπρα-
3807 2050 3811 2053 1

2182 2160 2263 2226 ξις
2298 2160 2639 2233 πολύμοχθος
2678 2164 2763 2235 εἴη
2802 2165 2896 2217 καὶ
2930 2162 2998 2218 τὰ
3033 2163 3397 2234 ἀποδιδόμενα
3435 2164 3580 2235 ὑπὲρ
3615 2168 3689 2219 τὰ
3728 2172 3770 2237 ρ’

2179 2254 2508 2323 τυγχάνουσι
2541 2254 2751 2325 λίτρας.
2790 2256 2876 2308 Ἐν
2910 2256 3093 2326 ἥττονι
3128 2256 3184 2309 δὲ
3218 2256 3481 2327 ποσότητι
3515 2259 3637 2320 τοῖς
3670 2259 3771 2321 τὰς

2180 2348 2394 2418 κρίσεις
2431 2348 2688 2418 λαχοῦσιν
2719 2349 2946 2419 ἐφίεμεν
2978 2349 3325 2419 σταθμᾶσθαι
3358 2352 3437 2421 τῷ
3480 2351 3640 2422 κόπῳ
3674 2353 3773 2422 τὴν

2179 2434 2367 2508 λῆψιν,
2406 2438 2550 2493 ὥστε
2576 2439 2688 2511 ῆὲν
2723 2440 2757 2511 ἢ
2789 2439 2884 2495 δύο
2916 2441 2950 2512 ἢ
2986 2445 3111 2512 τρία
3145 2443 3457 2513 νομίσματα
3492 2443 3636 2515 πρὸς
3672 2444 3772 2516 τὴν

2178 2533 2279 2600 τῆς
2308 2529 2617 2595 ὑποθέσεως
2642 2532 2960 2604 δυσχέρειαν
2984 2534 3342 2604 προσεοικέναι
3368 2539 3480 2598 τοῖς
3507 2536 3774 2607 προελευ-

2182 2622 2442 2691 σιμαίοις.
2483 2623 2592 2677 Καὶ
2635 2624 2840 2694 ταῦτα,
2881 2626 2940 2679 ἐν
2974 2620 3069 2690 οἷς
3112 2629 3146 2698 ἡ
3189 2628 3443 2693 ἀπόδοσις
3483 2629 3674 2682 τελεία
3718 2627 3775 2694 ἐξ

2178 2713 2511 2784 ἀποφάσεως
2564 2716 2940 2773 ἐπακολουθεῖ.
2978 2717 3101 2773 Ἐπὶ
3148 2719 3257 2792 γὰρ
3305 2724 3427 2784 ταῖς
3473 2719 3571 2774 ἐπὶ
3626 2724 3769 2792 νομῇ

2184 2805 2553 2875 παραδόσεσι,
2594 2808 2757 2878 μηδὲν
2790 2807 3022 2863 καθόλου
3044 2811 3181 2883 ὑπὲρ
3203 2812 3595 2881 ὲκταγιατικοῦ
3625 2830 3773 2883 παρ-

2185 2897 2407 2969 ἔχεσθαι
2482 2899 2798 2972 κελεύομεν.
2835 2901 2897 2954 Ei
2929 2901 2985 2955 δὲ
3020 2902 3167 2968 ἀπαξ
3198 2902 3234 2975 ἢ
3269 2903 3349 2967 δὶς
3384 2903 3412 2956 ό
3446 2903 3775 2975 προελευσι-

2182 2990 2341 3061 μαέος
2387 2991 2468 3053 είς
2507 2991 2597 3047 τὸν
2638 2994 2803 3046 τόπον
2845 2992 3093 3063 ἀφίκετο,
3141 2995 3217 3067 μὴ
3257 2995 3421 3049 πλέον
3463 2994 3561 3051 τοῦ
3604 2996 3771 3066 νομί-

505 3096 625 3157 pter
671 3086 1037 3142 immissiones
1074 3083 1130 3139 in
1178 3083 1602 3155 possessionem.
1655 3080 1790 3136 nihil
1842 3082 1895 3137 in
1954 3083 2077 3137 uni-

2181 3095 2407 3152 σματος,
2443 3084 2477 3154 ἢ
2516 3083 2577 3137 τὸ
2612 3085 2749 3139 πολὺ
2789 3084 2885 3138 δύο
2920 3086 3161 3143 δίδοσθαι
3200 3088 3370 3158 αὐτῷ,
3415 3088 3521 3142 κάν
3565 3088 3777 3160 πολλῆς

506 3190 718 3231 versum
750 3175 1113 3248 sportularum
1134 3173 1352 3229 nomine
1366 3172 1612 3244 praestari
1628 3170 1911 3242 iubemus.
1927 3173 2078 3241 Quod

2188 3174 2480 3243 ποσότητος
2512 3175 2600 3247 εἴη
2626 3177 2686 3231 τὸ
2711 3177 3115 3249 ἀποδιδόμενον.
3422 3187 3433 3193 ’

509 3268 554 3321 si
604 3269 798 3337 semel,
842 3278 937 3337 aut
962 3269 1046 3323 bis
1071 3264 1325 3324 ofﬁcialis
1354 3266 1640 3323 itineribus
1692 3266 1954 3321 faciendis
2004 3267 2308 3325 inserviens
2341 3269 2395 3323 in
2433 3282 2560 3325 eum
2621 3269 2800 3325 locum
2856 3271 3037 3337 iverit,
3087 3288 3193 3332 non
3227 3270 3459 3344 amplius
3503 3287 3613 3331 uno
3680 3288 3773 3331 so-

509 3358 641 3427 lido,
669 3360 751 3415 vel
779 3370 837 3416 ut
882 3359 1196 3432 plurimum,
1220 3359 1435 3416 duobus
1460 3369 1796 3424 numeretur,
1825 3359 1953 3415 licet
2003 3358 2081 3429 id,
2106 3363 2267 3432 quod
2295 3362 2547 3428 solvitur,
2575 3377 2783 3433 magnae
2807 3378 3034 3420 summa
3065 3365 3160 3422 sit.

1256 3483 1353 3540 lx.

510 3572 768 3648 Ejusdem
792 3577 1093 3648 constitutio
1116 3578 1179 3632 de
1226 3575 1306 3631 his

583 3731 692 3773 ίαν.

583 3811 693 3867 Lex
733 3808 896 3872 limis
924 3810 941 3841 ¹
984 3808 1247 3872 adversus
1274 3807 1598 3865 homicidam
1624 3808 1886 3876 decernit,
1912 3824 2035 3866 eum
2058 3824 2091 3863 e

514 3903 759 3959 sacrario
772 3899 1158 3979 absipigudum
1181 3913 1332 3959 asse.
1361 3897 1531 3970 Hujus
1552 3897 1686 3970 legis
1705 3898 1949 3970 vestigiis
1979 3909 2087 3955 tam

512 3996 755 4053 Romana
802 3994 903 4067 (9),
951 4008 1115 4066 quam
1171 4001 1351 4054 nostra
1384 3993 1482 4053 lex
1530 3992 1790 4050 insistens
1835 4006 2090 4065 expresse

514 4090 786 4144 mandat:
834 4096 892 4142 ut
941 4086 1221 4152 adulteris,
1268 4094 1324 4141 et
1352 4085 1620 4156 virginum
1664 4085 1995 4158 raptoribus,
2032 4095 2090 4144 et

511 4178 822 4249 ltomicidis,
876 4187 933 4233 et
957 4178 1186 4245 furibus,
1233 4191 1340 4248 quo
1392 4175 1724 4249 confugiant,
1765 4178 1943 4236 nullus
1989 4195 2088 4251 pro

510 4272 663 4343 ason
706 4272 793 4331 .sit
832 4268 1001 4326 locus.
1051 4264 1259 4341 Quippe
1288 4270 1605 4340 templorum
1645 4272 1910 4327 securitas
1948 4271 2082 4328 alre-

509 4365 614 4420 ctis
642 4362 863 4434 injuria,
887 4377 992 4417 non
1020 4362 1275 4433 iniuriam
1320 4358 1678 4419 inferentibus
1721 4372 1806 4418 est
1848 4362 2077 4421 tributa.

1406 3576 1423 3629 i
1450 3576 1617 3631 credes
1648 3584 1827 3644 sponte
1849 3576 2095 3630 commit-

583 3659 789 3714 ιιιηινῃι
822 3650 892 3702 ad
916 3646 1209 3703 Ecclesium
1232 3646 1579 3719 confugiunt;
1601 3656 1655 3700 ut
1688 3662 1790 3701 non
1807 3647 2095 3702 admittam
2136 3692 2137 3699 η

2128 3768 2135 3777 .
2253 3720 2409 3776 ὥστε
2431 3724 2653 3792 αὐτοὺς
2679 3723 2765 3795 μὴ
2794 3720 3102 3793 δέχεσθαι.

2860 3490 2943 3548 Θ¹.

2194 3578 2311 3635 Τοῦ
2357 3582 2543 3638 αὐτοῦ
2601 3583 2929 3652 νομοθεσία
3000 3578 3135 3650 περὶ
3173 3580 3297 3635 τῶν
3327 3580 3622 3647 ἑκουσίως
3665 3598 3773 3651 φο-

2257 3653 2560 3722 νευόντων
2608 3653 2711 3708 καὶ
2747 3652 2824 3721 τῇ
2861 3652 3194 3722 Ἐκκλησία
3240 3653 3773 3722 προσφευτόντω,

2269 3816 2334 3871 Ἦ
2368 3817 2461 3871 τοῦ
2499 3817 2747 3882 Μωσέως
2784 3816 3077 3888 νομοθεσία
3120 3815 3263 3870 κατὰ
3297 3815 3391 3869 τοῦ
3432 3814 3774 3887 ἀνδροφόνου

2184 3910 2582 3979 ἀποφαίνεται,
2616 3910 2699 3963 δτι
2739 3906 2805 3965 tu
2835 3908 2931 3967 τοῦ
2971 3908 3362 3981 θυσιαστηρίου
3396 3906 3541 3980 λήψῃ
3573 3908 3770 3967 αὐτόν.

2184 4000 2370 4071 Τούτῳ
2398 4001 2530 4071 γοῦν
2559 4003 2637 4075 τῷ
2665 4002 2816 4073 νόμῳ
2842 4001 2938 4057 καὶ
2965 4001 2995 4053 ό
3021 4001 3329 4072 Ῥωμαϊκὸς
3358 4000 3455 4055 καὶ
3485 4000 3771 4072 ἡμέτερος

2184 4092 2602 4148 κατακολουθῶν
2652 4092 2865 4163 τρανῶς
2918 4092 3264 4162 δγκελεύεται
3289 4110 3304 4127 ο
3374 4094 3615 4164 μοιχοῖς,
3674 4094 3773 4147 καὶ

2184 4183 2471 4255 παρθένων
2497 4184 2730 4255 ἀρπαξι,
2757 4186 2855 4240 καὶ⁵
2879 4184 3247 4256 ἀνδροφόνοις,
3271 4185 3576 4257 καὶ.φωρσὶ
3600 4186 3771 4238 τόπον

2185 4276 2409 4339 ἀσυλίας
2447 4278 2584 4348 πρὸς
2624 4277 2947 4350 καταφυγὴν
2992 4276 3087 4349 μὴ.
3112 4272 3288 4333 εῖναι⁸
3329 4280 3363 4346 ἠ
3405 4277 3513 4348 γὰρ
3553 4275 3619 4330 ὲκ
3655 4277 3772 4331 τῶν

2189 4368 2348 4439 ιερῶν
2370 4367 2644 4439 ἀσφάλεια
2665 4373 2778 4435 τοῖς
2805 4370 3211 4440 ἀδικουμένοις,
3234 4369 3356 4442 οὐχὶ
3380 4370 3491 4432 τοῖς
3516 4368 3770 4423 ἀδικοῦσι

510 4452 646 4518 Quia
682 4466 811 4507 vero
839 4449 974 4520 legis
1006 4449 1164 4520 hujus
1189 4461 1399 4515 auctor,
1448 4449 1682 4524 inclytus
1705 4451 1796 4509 ille
1818 4454 2078 4529 yrinceps

2187 4457 2405 4512 δίδοται.
2445 4457 2597 4512 Ἐπεὶ
2626 4459 2683 4513 δὲ
2712 4461 2739 4513 ό
2767 4459 2926 4514 τοῦτο
2954 4458 3320 4532 νομοθετήσας
3353 4460 3411 4513 ὲν
3443 4458 3769 4531 βασιλεῦσιν

510 4540 872 4606 Justinianns,
899 4541 991 4610 qui
1019 4539 1236 4607 Maioris
1252 4540 1504 4601 Ecclesia:
1537 4541 1630 4597 Dei
1663 4544 1921 4614 templum
1949 4543 2081 4600 illud

512 4633 829 4690 admirabile
862 4631 1119 4701 condidit,
1157 4635 1329 4688 eidem
1374 4648 1531 4690 sacro
1582 4634 1705 4691 fano
1738 4635 2077 4714 privilegium

510 4724 807 4793 concessit,
832 4734 891 4780 ut
909 4726 1043 4797 asyli
1072 4725 1245 4780 locum
1276 4726 1477 4780 habeat
1502 4742 1518 4779 :
1540 4726 1833 4782 verisimile
1854 4743 1959 4783 non
1995 4737 2079 4784 est

509 4832 634 4874 eum
655 4815 722 4874 ab
743 4831 803 4872 se
824 4818 1037 4873 decreta
1061 4816 1366 4873 rescindere
1387 4818 1620 4873 vicissim
1642 4818 1896 4876 voluisse.
1923 4819 2079 4876 Post-

510 4926 673 4982 quam
712 4911 856 4966 enim
919 4910 1238 4966 sancivisset
1276 4919 1335 4965 ut
1379 4908 1640 4966 adulteris
1677 4918 1733 4968 et
1789 4910 2079 4970 bomicidis

511 5015 564 5061 ct
593 5006 861 5077 virginum
886 5003 1189 5073 raptoribus
1218 5017 1315 5071 pro
1337 5002 1486 5074 asylo
1504 5004 1680 5060 nullus
1697 5012 1843 5059 esset
1884 5004 2037 5062 locus
2064 5044 2084 5071 ,

512 5098 644 5153 nihil
683 5098 808 5153 huic
857 5097 1141 5151 adversum
1174 5093 1427 5163 deinceps
1467 5095 1711 5164 protulit,
1754 5112 1876 5151 cum
1920 5097 2079 5163 dixit,

510 5190 819 5260 huiusmodi
863 5202 1121 5258 personas
1166 5187 1216 5241 in
1252 5188 1473 5244 condito
1516 5187 1584 5243 ab
1625 5203 1685 5244 se
1708 5187 1908 5258 templo
1941 5191 2078 5260 asyli

508 5281 688 5336 lorum
731 5281 967 5340 habere:
1000 5279 1093 5334 sed
1122 5278 1356 5333 arbitror
1377 5278 1646 5348 equidem,
1670 5276 1714 5335 si
1740 5280 1824 5348 pie
1852 5279 1994 5349 quis,
2023 5289 2079 5335 et

505 5370 756 5440 religiose
779 5384 997 5425 causam
1027 5368 1355 5440 propositam
1390 5368 1767 5434 considerans,
1801 5368 1970 5439 ipsam
1996 5368 2073 5424 ie-

506 5478 628 5533 gem
648 5466 926 5531 scriptam,
974 5470 1031 5516 et
1058 5460 1397 5519 sanctionem
1436 5462 1503 5518 de
1536 5462 1669 5533 asyli
1698 5461 1843 5531 jure,
1873 5461 2078 5533 disqui-

577 5557 591 5587 ι
631 5553 846 5611 Denter.
882 5570 996 5618 ιιι.

2186 4550 2427 4622 ἀοίδιμος
2459 4552 2830 4618 Ἱσυστινιανδς
2850 4595 2864 4620 ,
2897 4553 2925 4607 ό
2957 4553 3052 4607 καὶ
3079 4552 3174 4608 τὸν
3201 4552 3627 4625 πανθαύμαστον
3658 4552 3769 4624 τῆς

2187 4639 2282 4695 τοῦ
2330 4643 2464 4697 Θεοῦ
2494 4644 2754 4714 Μεγάλης
2799 4646 3131 4717 Ἐκκλησίας
3160 4645 3579 4708 κατασκευάσας
3607 4647 3763 4713 ναὸν,

2184 4734 2383 4789 δέδωκε
2400 4737 2694 4808 προνόμιον
2713 4737 2822 4810 (10)
2844 4738 2993 4810 αὐτῷ
3011 4738 3075 4811 δὴ
3100 4739 3177 4813 τῷ
3203 4741 3247 4791 is
3256 4739 3334 4810 ρῷ
3355 4738 3571 4810 τεμένει
3595 4740 3767 4792 τόπον

2185 4826 2417 4892 ἀσυλίας
2447 4830 2610 4898 ἔχειν,
2643 4830 2703 4884 οὐ
2735 4831 2953 4896 πάντως
2986 4831 3149 4896 αὐτὸς
3175 4832 3246 4885 τὰ
3279 4832 3474 4886 ἑαυτοῦ
3508 4831 3767 4902 560.1!)-

2184 4919 2291 4974 λων
2330 4921 2732 4993 ἀνατρέπεσθαι
2772 4923 3176 4994 παρεσκεύασε.
3213 4922 3603 4996 Νομοθετήσας
3645 4923 3767 4994 γὰρ

2185 5012 2536 5083 μοιχοῖς.κώ
2557 5014 2928 5087 ἀνδροφόνοις,
2946 5016 3040 5069 καὶ
3060 5013 3347 5087 παρθένων
3366 5015 3573 5084 ἀρπαξι
3592 5014 3764 5068 τόπον

2180 5102 2406 5167 ἀσυλίας
2442 5104 2517 5175 μὴ
2548 5098 2720 5173 εἶναι,
2752 5106 2909 5161 οὐδὲν
2935 5104 3179 5161 ἐναντίον
3209 5104 3439 5178 ὕστερον
3469 5106 3573 5177 ἔφη
3594 5147 3608 5171 ,
3642 5109 3761 5170 τοῖς

2177 5194 2439 5260 τοιούτοις
2481 5197 2796 5269 προσώποις
2832 5194 2973 5255 εἶναι
3011 5200 3177 5256 τόπον
3217 5200 3389 5256 εἰπὼν
3428 5200 3652 5263 ἀσυλίας
3698 5202 3761 5253 ἐν

2178 5285 2257 5356 τῷ
2295 5288 2425 5355 παρ’
2456 5288 2623 5344 αὐτοῦ
2654 5291 3167 5347 κατασκευασθέντι
3230 5290 3378 5363 ναῷο
3418 5291 3532 5345 ἀλλ’
3559 5286 3753 5359 οἶμαι,

2180 5377 2256 5441 ὡς
2292 5379 2343 5433 εί
2367 5398 2452 5446 τις
2486 5381 2589 5435 τῶν
2608 5381 2858 5444 εὐσεϐῶς
2887 5384 2981 5437 καὶ
3013 5384 3274 5455 φιλοθέως
3306 5381 3756 5437 ἐπισκοπούντων

2183 5465 2280 5537 τὴν
2307 5471 2674 5543 προκειμένην
2701 5471 2956 5530 ὑπόθεσιν
2982 5473 3146 5530 αὐτόν
3168 5490 3227 5529 τε
3252 5473 3342 5529 τὸν
3367 5471 3758 5545 γεγραμμένον

578 5675 663 5747 (0)
681 5673 876 5747 Νονοι.
900 5675 997 5747 l7,
1012 5688 1132 5744 cap.
1165 5673 1222 5747 7,
1247 5687 1368 5747 qua:
1390 5671 1511 5747 et_l.
1535 5671 1793 5747 _2_est,_C.
1834 5674 1898 5727 de
1925 5673 2104 5747 mund.
2142 5678 2289 5747 prin.

582 5742 693 5815 (10)
725 5745 881 5812 Quod
915 5741 1145 5801 habetur
1175 5742 1231 5799 in
1258 5742 1485 5800 Lcuncl.
1526 5741 1675 5798 JGR.
1711 5744 1752 5810 l,
1787 5758 1908 5814 pag.
1946 5742 2034 5800 72.
