4042 6344
251 329 358 396 θοι

1370 342 1741 404 novum
1776 326 2456 411 CONSTITUTIONES.

3412 349 3522 415 602

253 463 364 501 νων
379 446 610 505 οίκετῶν
629 448 851 520 διατιμή
860 465 1016 516 πως,
1036 448 1129 505 καὶ
1146 450 1325 506 αὐτῶν
1340 453 1827 527 ἐλευθερουμένων.

1950 462 2086 515 ient.
2118 458 2234 515 Non
2269 461 2417 516 enim
2465 468 2714 518 sanctum
2745 470 2853 530 est,
2886 476 3065 535 neque
3101 478 3262 536 regia:
3295 464 3517 532 mentis,

253 537 333 595 Οὐ
361 539 479 612 γὰρ
500 540 649 595 ὅσιον
669 540 789 596 οὐδὲ
831 538 1119 615 βασιλικῆς
1152 545 1416 616 προνοίας
1443 548 1584 614 ,ἀλλ’
1605 550 1712 603 οὐδ’
1736 550 1832 606 ἀν-

256 631 543 703 θρωπίνης
574 632 761 697 ἁπλῶς
793 633 1017 706 γνώμης
1050 637 1200 689 ἔστιν
1232 636 1404 704 ἄξιον,
1454 638 1700 705 ἐλεεινῶς
1739 639 1831 695 τοῦ

254 719 582 784 ἰκϐιοῦντος
607 721 718 775 τῶν
745 722 1103 793 ἀνθρωπίνων
1148 724 1543 796 ἁρπασθέντος,
1590 728 1722 798 μηδὲ
1755 728 1832 799 τῷ

250 810 347 873 τοῦ
404 810 671 867 δεσπότου
704 812 919 884 θανάτῳ
942 813 1035 867 τὸν
1076 815 1175 885 τῆς
1200 815 1443 881 δουλείας
1470 816 1833 892 διαρραγῆναι

252 907 366 968 τοῖς
390 904 709 961 δουλωθεῖσι
744 906 935 976 ζυγὸν,
965 908 1166 962 ἁλλ’ὲκ
1203 908 1300 979 τῆς
1328 909 1508 964 αὐτῶν
1547 914 1835 983 συμφορᾶς

230 998 348 1079 [xui
415 1002 545 1062 τοὺς
600 998 1073 1072 κληρονομοῦντας
1134 1004 1416 1068 συγγενεῖς
1468 1001 1567 1073 τὴν
1623 1004 1835 1061 ἑαυτῶν

254 1088 566 1161 θεραπείαν
613 1089 898 1162 ἐπιζητεῖν
928 1090 1024 1144 καὶ
1072 1091 1173 1161 τὴν
1224 1090 1503 1161 βασιλείαν
1529 1092 1608 1165 τῷ
1629 1096 1838 1167 ταμείῳ

254 1183 562 1254 προσόδους
589 1186 843 1239 ἐπινοεῖν.
880 1182 972 1240 Διδ
1001 1183 1066 1256 δὴ
1093 1184 1260 1239 πάλιν
1293 1185 1838 1259 ὲπαναλαμδάνοντές

219 1291 228 1305 ⁸
256 1293 480 1348 φαμενο
506 1278 559 1330 εί
579 1295 661 1341 τις
680 1278 961 1343 ἀδιάθετος
988 1278 1306 1349 τελευτήσει
1346 1283 1440 1334 καὶ
1486 1281 1689 1335 παίδων
1739 1282 1837 1353 οὐχ

255 1368 514 1423 ὑπόντων
540 1368 572 1439 ἢ
596 1370 645 1422 οί
674 1369 862 1424 τούτου
895 1372 1181 1439 συγγενεῖς
1207 1370 1238 1441 ἢ
1267 1372 1403 1444 μηδὲ
1433 1374 1639 1426 τούτων
1667 1374 1838 1429 ὅντων

251 1462 280 1514 ὁ
315 1459 583 1531 δημόσιος
613 1461 828 1513 καλοῖτο
867 1462 948 1525 είς
976 1461 1367 1533 κληρονομίαν,
1412 1464 1511 1533 τῆς
1562 1478 1838 1533 συγκεφα-

253 1550 598 1623 λαιουμένης
622 1551 874 1608 ἐντεῦθεν
896 1553 1116 1624 ἁπάσης
1140 1553 1496 1619 ὑποστάσεως
1532 1555 1593 1608 τὸ
1625 1558 1723 1627 μὲν
1759 1556 1838 1609 δίο

192 1669 202 1678 -
262 1658 464 1715 μοιρον
490 1645 568 1714 τῷ
603 1649 666 1699 ἐκ
697 1646 877 1715 νόμων
931 1646 1181 1720 διαδόχῳ,
1218 1652 1468 1719 συγγενεῖ
1498 1651 1657 1720 τυχὸν
1686 1650 1718 1722 ἢ
1746 1653 1840 1721 δηο

258 1736 464 1807 μοσίῳ,
493 1735 557 1790 τὸ
590 1736 647 1791 δδ
683 1736 866 1808 τρίτον
921 1738 1057 1809 ὑπὲρ
1090 1739 1362 1810 σωτηρίας
1408 1739 1500 1794 τοῦ
1542 1741 1842 1806 ἀδιαθέτως

255 1828 689 1897 τελευτήσαντος
732 1830 962 1885 ἀνείσθω
1015 1831 1171 1905 Θεῷ,
1227 1832 1327 1901 τῆς
1362 1832 1726 1905 διατιμήσεως
1778 1833 1837 1888 ὲν
1868 1815 1912 1877 Β

258 1922 474 1994 βεϐαίῳ
489 1922 598 1977 τῶν
622 1923 1092 1996 ἐλευθερουμένων
1120 1927 1346 1980 οἰκετῶν
1377 1926 1454 1999 τῷ
1505 1927 1843 1999 συγκληρουο

260 2015 410 2087 μένῳ
437 2017 598 2087 μέρει
625 2014 703 2085 τῷ
734 2016 852 2087 Θεῷ
885 2016 1373 2088 συλλογιζομένης.

328 2107 397 2179 β’.
434 2110 500 2171 El
532 2109 715 2181 μέντοι
741 2127 803 2179 γε
826 2111 902 2173 ὡς
930 2111 1075 2175 είκδς
1109 2111 1372 2182 συμβαίη,
1410 2114 1509 2185 τῆς
1530 2113 1840 2187 προσούσης

258 2202 337 2274 τῷ
371 2204 736 2274 ἁποιχομένῳ
769 2205 1092 2275 περιουσίας
1122 2205 1183 2259 τὸ
1215 2205 1515 2278 πλεῖστονῆ
1548 2209 1641 2261 καὶ
1655 2208 1713 2261 τὸ
1733 2211 1840 2264 πᾶν

252 2293 403 2353 εἶναι
424 2301 487 2352 ἐν
514 2297 839 2370 θεράπουσι.
867 2299 963 2351 καὶ
995 2297 1155 2352 τοῦτο
1176 2298 1409 2372 διορίσαι
1440 2300 1841 2371 φιλανθρώπως

262 2392 381 2465 ἃμα
401 2393 499 2446 καὶ
530 2390 833 2464 συμπαθῶς
854 2390 1114 2463 ᾠήθημεν
1139 2391 1271 2457 δεῖν,
1303 2391 1442 2447 ὥστε
1486 2394 1557 2464 μὴ
1584 2395 1711 2459 τοὺς
1743 2395 1842 2464 μὲν

258 2482 355 2543 τοῦ
403 2483 511 2554 τῆς
556 2483 801 2548 δουλείας
831 2484 1083 2539 ἀνεῖσθαι
1115 2483 1308 2554 ζυγοῦ,
1355 2486 1478 2551 τοὺς
1510 2486 1565 2540 δὲ
1596 2487 1843 2541 ἐνταλαι-

264 2577 573 2649 πωρεῖσθαι
611 2577 785 2648 τούτῳ
819 2577 912 2630 καὶ
965 2576 1403 2648 κατατρύχεσθαι
1425 2595 1439 2608 ο
1477 2578 1597 2633 ἀλλ’
1623 2578 1783 2643 ὅσους
1814 2580 1843 2634 ὁ

265 2670 502 2739 χαλεπός
553 2686 619 2723 τε
645 2669 741 2739 καὶ
799 2667 970 2741 βαρὺς
1005 2666 1107 2738 τῆς
1134 2668 1381 2732 δουλείας
1428 2670 1631 2725 ἐκάκου
1658 2686 1719 2723 τε
1750 2670 1845 2724 καὶ

266 2760 552 2818 κατωδύνα
583 2758 780 2828 κλοιὸς,
802 2760 1015 2824 τούτοις
1036 2758 1241 2815 ἅπασιν
1262 2762 1291 2815 ὀ
1314 2761 1503 2829 παρὼν
1521 2760 1680 2832 ήμῶν
1696 2761 1842 2816 ὲλευ-

264 2852 456 2925 θερίαν
504 2852 681 2918 διδοὺς
753 2850 1095 2922 εὐφραινέτω
1138 2850 1361 2923 θεσμὸς,
1420 2853 1515 2907 καὶ
1556 2853 1667 2906 τῶν
1721 2853 1845 2907 δου-

268 2946 433 3001 λικῶν
467 2946 724 3000 ἁπάντων
758 2942 978 3014 θεσμῶν
1013 2942 1213 3013 ὁμοίως
1236 2943 1521 2999 ἀπίτωσαν
1547 2944 1839 3015 ἐλεύθεροι.

331 3034 493 3090 Οὕτω
519 3035 627 3107 γὰρ
668 3050 761 3087 και
806 3037 919 3098 τοῖς
962 3034 1028 3087 ἐκ
1062 3035 1228 3107 νόμου
1270 3034 1351 3108 τῷ
1380 3035 1649 3106 ἀδιαθέτῳ
1703 3036 1835 3108 κλη-

270 3130 559 3201 ρουμένοις
589 3129 649 3184 τὸ
682 3127 801 3183 δέον
850 3129 1081 3200 συνορᾷν
1131 3128 1477 3201 βουλομένοις
1505 3131 1606 3185 οὐκ
1655 3129 1847 3203 ἐπιζήο
1873 3168 1917 3228 C

270 3242 414 3295 μιον,
447 3224 544 3277 καὶ
568 3222 682 3286 τοῖς
710 3222 952 3284 οίκέταις
986 3221 1081 3276 καὶ
1111 3224 1224 3286 τοῖς
1257 3222 1642 3293 ἀποιχομένοις
1670 3225 1845 3296 σωτήρ

271 3332 383 3388 pta,
446 3314 543 3369 καὶ
597 3314 716 3384 Θεῷ
759 3312 839 3385 τῷ
883 3315 977 3368 καὶ
1028 3315 1093 3369 lx
1144 3315 1394 3387 σμικρῶν
1439 3318 1704 3389 ἀφορμῶν
1750 3319 1881 3390 τὴν·

271 3406 552 3478 σωτηρίαν
584 3404 897 3475 ἀνθρώποις
925 3406 1300 3477 οἰκονομοῦντι
1332 3392 1401 3462 τὰ
1448 3410 1572 3463 ὅσια
1599 3411 1848 3482 ἀποπλη-

271 3500 546 3571 ρὼεομεν.
583 3499 693 3555 Καὶ
726 3497 918 3570 μηδεὶς
966 3497 1101 3568 πρὸς
1134 3496 1231 3552 τδν
1258 3501 1511 3571 παρόντα
1539 3504 1703 3574 νόμον
1751 3502 1846 3558 τοῦ

268 3590 634 3656 τελευτῶντος
688 3591 721 3662 ἢ
760 3589 1031 3660 συγγενὴς
1078 3591 1113 3663 ἦ
1149 3590 1402 3663 βασιλεὺς
1447 3594 1523 3657 ὡς
1570 3594 1662 3649 τοῦ
1715 3596 1849 3650 καθά»

269 3685 500 3757 ήκοντος
568 3683 1042 3755 ἀποστερούμενος
1091 3682 1578 3740 ἀποδυσπετιίτω·
1623 3686 1741 3739 ἀλλ’
1790 3687 1853 3739 ἐν

268 3779 346 3849 νῷ
375 3778 486 3843 πᾶς
535 3794 621 3842 τις
670 3775 846 3848 βαλὼν
895 3773 991 3831 καὶ
1040 3772 1255 3848 ἰδιώτης
1305 3778 1405 3831 καὶ
1458 3776 1732 3848 βασιλεὺς,
1775 3777 1851 3843 ὡς

173 3920 177 3925 .
272 3874 480 3941 ἅπασιν
515 3874 545 3927 δ
572 3871 802 3937 θάνατος
841 3874 1148 3946 ἀνθρώποις
1173 3873 1368 3945 ἄδηλον
1398 3873 1594 3944 ἐπίσης
1627 3875 1720 3927 καὶ
1750 3891 1848 3942 φο-

274 3968 436 4043 ϐερὸν
475 3969 572 4037 καὶ
616 3969 715 4023 οὐκ
756 3965 902 4021 ιστιν
928 3967 1077 4031 ὅπως
1124 3982 1207 4030 τις
1238 3966 1366 4038 περὶ
1391 3965 1485 4021 τοῦ
1512 3966 1697 4033 τέλους
1730 3967 1854 4038 βου.-

273 4062 539 4137 λεύσηται
579 4059 857 4131 ἀσφαλῶς,
905 4060 1061 4115 τόνδε
1102 4061 1195 4115 τὸν
1257 4062 1503 4133 παρόντα
1548 4063 1711 4135 νόμον
1756 4064 1853 4131 τῆς

275 4156 660 4229 ἀπαραιτήτου
693 4152 920 4227 πορείας
942 4153 1159 4224 ἐκείνης
1186 4152 1488 4223 λογιζᾶσθω
1509 4155 1850 4227 ἐφοδιαστὴν,

278 4248 373 4303 καὶ.
399 4248 477 4319 μὴ
511 4247 610 4319 τὴν
645 4246 846 4317 ἑτέρων
899 4248 1057 4314 μόνον
1098 4245 1285 4300 οὐσίαν
1311 4246 1506 4317 χανδὸν
1549 4247 1855 4316 ἐπειγέσθω

278 4343 573 4397 καταπιεῖν
593 4357 609 4374 ⁸
635 4338 1030 4411 προσεννοείτω
1059 4338 1141 4406 δὲ,
1165 4340 1248 4393 ὅτι
1277 4340 1373 4394 καὶ
1397 4339 1561 4393 αὐτὸν
1589 4341 1719 4404 ῐσως
1749 4342 1769 4412 (
1793 4339 1855 4394 τό

258 4430 338 4509 μτε
374 4428 579 4509 ἀθρόον
604 4434 715 4488 τῶν
746 4432 1126 4506 ἀνθρωπίνων)
1171 4434 1205 4505 ἠ
1258 4431 1351 4487 τοῦ
1384 4431 1611 4488 θανάτου
1651 4432 1855 4506 θερίσει

256 4488 263 4517 i

1936 552 2045 608 imo
2093 566 2269 621 neque
2327 553 2576 608 humana:
2624 555 2845 610 omnino
2894 557 3246 627 cogitationis
3273 557 3518 628 dignum,

1935 659 2056 697 cum
2108 644 2493 700 miserabiliter
2520 645 2809 703 defunctus
2870 647 3031 703 rebus
3084 648 3337 704 humanis
3396 665 3520 704 ere-

1934 747 2058 807 ptus
2090 736 2285 800 fuerit,
2326 752 2429 791 non
2458 738 2630 794 servis
2678 739 2923 808 abrumpi
2963 738 3168 794 domini
3215 742 3296 795 sui
3342 752 3522 796 morte

1934 827 2212 882 servitutis
2234 828 2448 898 iugum,
2480 814 2575 884 sed
2618 844 2685 883 ex
2726 844 2914 886 eorum
2954 829 3265 886 calamitate
3293 840 3517 887 vocatos

1937 924 2002 978 ad
2057 923 2422 980 liaeredltatem
2466 934 2727 995 cognatos
2777 940 2932 981 suam
2990 926 3280 981 utilitatem
3323 929 3518 996 esqui-

1936 1031 2077 1081 rere,
2108 1025 2162 1071 et
2188 1016 2387 1086 regiam
2439 1024 2760 1088 potestatem
2813 1018 3068 1073 thesauro
3112 1017 3326 1087 publico
3372 1019 3522 1074 velut
3604 1079 3611 1083 ,

1938 1108 2179 1163 redditus
2196 1109 2633 1180 assignareJdeo
2660 1110 2854 1166 iterum
2882 1122 3222 1166 resumeutes
3250 1112 3517 1169 dicimus:

1941 1201 1984 1255 si
2017 1201 2137 1270 quis
2164 1201 2453 1255 intestatus
2486 1200 2809 1263 decesserit.
2856 1212 2911 1256 et
2938 1200 3127 1256 liberis
3178 1202 3520 1269 absentibus,

1942 1293 2019 1347 vel
2036 1293 2150 1361 ejus
2171 1291 2406 1367 cognati,
2428 1292 2508 1349 vel
2534 1292 2680 1348 nullo
2696 1292 2906 1348 illorum
2929 1293 3243 1357 exsistente,
3269 1293 3521 1348 mrarium

1940 1387 2210 1457 publicum
2245 1396 2508 1443 vocentur
2537 1387 2603 1442 ad
2635 1386 3029 1452 haereditatem,
3088 1393 3200 1441 tota
3228 1384 3346 1453 ejus
3386 1385 3537 1441 subv.

1940 1479 2137 1535 stantia
2193 1480 2245 1533 in
2274 1493 2540 1534 summam
2588 1486 2798 1546 coacta,
2842 1477 2962 1534 duae
2982 1488 3165 1548 partes
3190 1477 3349 1548 legali
3393 1491 3521 1537 sue-

1941 1575 2167 1640 cessori,
2222 1584 2449 1643 cognato
2476 1588 2671 1643 nempe
2702 1573 2785 1629 vel
2834 1573 3029 1627 aerario
3059 1572 3300 1644 publico,
3361 1573 3520 1627 tertia

1940 1683 2068 1724 vero
2100 1670 2168 1723 ob
2199 1670 2423 1723 salutem
2475 1668 2592 1736 ejus
2624 1669 2715 1737 qui
2774 1667 3067 1721 intestatus
3100 1666 3349 1721 decessit
3411 1664 3522 1721 Deo

1942 1762 2288 1826 attribuatur,
2317 1760 2675 1816 mstimatione
2705 1759 2758 1815 in
2800 1759 2971 1814 solido
3029 1773 3310 1814 servorum
3347 1757 3518 1814 liber-

1940 1862 2055 1910 tate
2081 1854 2399 1909 donaturum
2432 1850 2567 1923 parti
2613 1850 2719 1906 Deo
2751 1850 3058 1907 obvenienti
3111 1851 3411 1921 assignata.

2012 2118 2069 2172 2.
2108 2114 2166 2173 Si
2197 2130 2349 2186 ergo,
2384 2125 2443 2171 ut
2471 2112 2770 2170 verisimile
2791 2120 2895 2178 est,
2929 2112 3132 2179 evenit,
3166 2120 3374 2182 partem
3395 2111 3524 2168 sub-

1942 2211 2211 2269 stantiaaa
2263 2207 2519 2267 defuncto
2568 2206 2839 2263 derelicta:
2890 2205 3150 2275 majorem
3209 2204 3291 2259 vel
3354 2203 3520 2259 etiam

1945 2307 2264 2361 totalitatem
2311 2305 2363 2358 in
2428 2301 2605 2359 servis
2635 2312 2910 2365 constare,
2962 2300 3013 2353 id
3047 2314 3263 2369 quoque
3331 2299 3523 2353 decer-

1943 2398 2176 2453 nendum
2210 2395 2443 2465 benigne
2468 2393 2629 2450 simul
2673 2401 2729 2448 et
2758 2391 3152 2463 compatienter
3190 2390 3522 2459 putavimus,

1946 2506 2054 2545 non
2106 2498 2163 2542 ut
2193 2488 2339 2542 aliia
2373 2486 2652 2543 servitutis
2674 2487 2804 2557 jngo
2848 2486 3179 2547 eximantur,
3238 2483 3327 2536 alii
3391 2496 3523 2537 vero

1945 2581 2043 2637 sub
2073 2580 2163 2634 illo
2194 2580 2391 2635 misere
2419 2579 2691 2655 patiantur
2714 2591 2768 2633 et
2786 2577 3119 2644 crucientur,
3150 2575 3245 2631 sed
3270 2584 3327 2629 ut
3350 2589 3524 2646 quan-

1947 2684 2029 2730 tos
2059 2677 2250 2729 durum
2284 2680 2338 2727 ct
2386 2686 2549 2744 grave
2576 2671 2850 2727 servitutis
2884 2668 3072 2740 jugum
3134 2668 3420 2738 torquebat
3467 2676 3524 2721 et

1945 2766 2177 2837 angebat
2205 2774 2238 2831 ,'
2289 2763 2372 2819 bis
2444 2762 2696 2821 omnibus
2738 2777 2979 2833 praesens
3035 2770 3278 2819 nostrum
3334 2759 3525 2816 dcere-

1948 2869 2059 2913 tum
2091 2857 2390 2913 libertatem
2428 2856 2641 2914 donans
2673 2856 2925 2926 gaudeat,
2957 2864 3013 2911 et
3037 2854 3091 2909 bi
3148 2853 3362 2909 cunctis
3401 2868 3523 2911 ser-

1948 2952 2143 3007 vilibus
2174 2951 2400 3007 vinculis
2426 2950 2677 3005 similiter
2703 2949 2915 3005 liberati
2940 2948 3196 3004 evadant.

2020 3045 2098 3101 ita
2122 3048 2264 3101 enim
2307 3054 2362 3101 et
2392 3045 2478 3102 his
2505 3045 2599 3116 qui
2643 3059 2708 3100 ex
2740 3044 2856 3114 lege
2890 3045 3147 3101 intestato
3199 3041 3521 3108 succedunt,

1950 3142 1994 3196 si
2015 3139 2156 3209 quod
2198 3140 2353 3195 decet
2382 3136 2731 3193 considerare
2762 3136 2967 3204 volunt,
2995 3136 3202 3192 nullum
3241 3137 3522 3196 damnum,

1950 3243 2005 3287 et
2030 3232 2203 3288 servis
2261 3240 2318 3286 et
2370 3226 2480 3285 vita
2514 3228 2785 3286 defunctis
2822 3227 3084 3293 salutem,
3127 3235 3183 3281 et
3210 3224 3319 3281 Deo
3343 3240 3373 3280 e
3400 3239 3528 3295 par-

1950 3328 2033 3380 vis
2071 3322 2351 3394 principiis
2380 3321 2607 3378 salutem
2644 3321 2951 3377 hominibus
2979 3319 3283 3390 disponenti
3328 3332 3524 3373 conse-

1950 3417 2246 3474 crationem
2270 3413 2430 3471 simul
2460 3413 2815 3470 conferimus.
2847 3412 2915 3467 Et
2965 3412 3144 3467 nullus
3176 3411 3243 3466 de
3269 3409 3523 3479 praesenti

1953 3507 2069 3578 lege
2099 3508 2214 3563 sive
2246 3504 2483 3561 defuncti
2514 3515 2797 3576 cognatus,
2839 3506 2954 3559 sive
2988 3517 3082 3558 rex
3113 3513 3370 3572 tanquam
3393 3516 3525 3572 pro-

1952 3600 2071 3674 prio
2105 3616 2204 3657 suo
2239 3602 2531 3659 destitutus
2583 3608 2879 3669 queratur;
2944 3596 3039 3652 sed
3076 3598 3128 3651 in
3168 3597 3350 3651 animo
3407 3595 3528 3665 qni-

1951 3712 2166 3767 cunque
2209 3704 2490 3765 reputans,
2520 3693 2635 3750 sive
2686 3693 2928 3764 privatus
2953 3692 3067 3747 sive
3100 3706 3219 3757 rex,
3274 3688 3527 3745 omnibus

1954 3803 2181 3845 mortem
2211 3786 2520 3844 hominibus
2555 3786 2817 3842 incertam
2851 3786 3052 3856 pariter
3072 3798 3195 3839 esse
3218 3798 3282 3838 ac
3316 3782 3530 3835 timen-

1952 3882 2098 3947 dant,
2134 3891 2189 3938 et
2232 3879 2365 3936 nulli
2394 3880 2561 3936 licere
2591 3888 2650 3935 ut
2681 3878 2747 3934 de
2776 3878 2880 3934 line
2910 3892 3010 3935 suo
3038 3874 3342 3932 certissime
3389 3889 3531 3943 pra:-

1954 3975 2151 4036 videat,
2180 3981 2499 4043 prasentem
2541 3972 2681 4029 hanc
2714 3970 2885 4041 legem
2917 3978 3171 4040 tanquam
3204 3966 3531 4023 inevitabilis

1955 4064 2113 4133 hujus
2167 4062 2383 4120 itineris
2429 4063 2691 4135 viaticum
2748 4062 3066 4131 arbitretur,
3100 4070 3152 4115 et
3178 4075 3251 4116 ne
3297 4059 3529 4114 aliorum

1955 4159 2131 4215 solum
2188 4155 2548 4213 substantiam
2572 4155 2740 4225 largis
2770 4147 3063 4211 haustibus
3100 4154 3321 4209 haurire
3378 4152 3532 4208 festi-

1955 4259 2080 4315 net;
2104 4249 2199 4304 sed
2233 4246 2493 4319 recogitet
2538 4261 2598 4302 se
2630 4246 2809 4315 ipsum
2842 4246 3046 4315 pariter
3064 4243 3210 4315 (talis
3236 4255 3317 4299 est
3339 4244 3532 4298 huma-

1954 4359 2147 4399 narum
2177 4358 2355 4398 rerum
2375 4341 2741 4397 inconstantia
2762 4341 2803 4410 ι)
2824 4341 3017 4397 mortis
3040 4339 3177 4395 falce
3205 4340 3530 4405 secandum,

1956 4446 2013 4492 et
2046 4451 2240 4506 magno
2290 4435 2393 4491 sibi
2428 4435 2538 4491 illic
2572 4434 2778 4490 auxilio
2810 4450 2946 4505 opus
2975 4433 3111 4499 fore,
3149 4443 3204 4488 et
3237 4434 3338 4487 nisi
3374 4432 3535 4501 hujus

260 4529 526 4611 spanqu
572 4528 667 4606 καὶ
711 4526 914 4597 πολλῆς
946 4526 1123 4579 ἐκεῖσε
1151 4524 1251 4596 τῆς
1286 4524 1537 4598 βοηθείας
1581 4524 1851 4598 δεήσεται,

1958 4526 2237 4597 praesentis
2266 4526 2399 4592 legis
2436 4525 2669 4595 gratiam
2715 4524 2950 4591 fruatur,
2985 4525 3189 4579 nullum
3214 4539 3273 4580 se
3299 4523 3411 4579 illic
3432 4524 3531 4579 ob-

281 4622 373 4676 καὶ
406 4624 456 4676 εί
492 4621 566 4692 μὴ
592 4603 692 4692 τῆς
723 4618 818 4674 τοῦ
852 4617 1121 4692 παρόντος
1144 4615 1315 4689 νόμου
1349 4617 1674 4672 ἀπολαύσειε
1699 4618 1862 4689 χάριε-

284 4732 397 4779 reg,
435 4712 559 4769 οὐδὲ
588 4712 687 4783 τῆς
726 4711 997 4783 τυχούσης
1044 4709 1159 4765 ἐκεῖ
1197 4709 1538 4778 ἑπιτεύξεται
1570 4710 1859 4782 παρακλή-

286 4824 423 4869 σεως
444 4823 458 4837 '
490 4806 551 4860 οὐ
577 4804 685 4876 γὰρ
716 4805 951 4877 σμικρὸν
979 4804 1056 4867 είς
1085 4804 1430 4875 παρηγορίαν
1473 4802 1551 4874 τῷ
1593 4802 1860 4857 ἐκόεὗιω-

287 4899 405 4951 uti-tt
454 4900 488 4968 ἡ
516 4898 923 4971 εὖπροαίρετος,
976 4894 1049 4960 ὡς
1078 4897 1145 4949 ἄν
1180 4912 1261 4959 τις
1308 4894 1441 4967 φαίη
1505 4894 1601 4949 καὶ
1652 4894 1861 4967 σμικρὰ

288 4987 425 5062 αὕτη
458 4987 638 5060 δωρεὰ
664 4988 739 5059 τῷ
770 4986 892 5060 Θεῷ
939 4988 1032 5043 καὶ
1062 4986 1429 5060 φιλανθρώπῳ
1458 4988 1724 5059 Asander},
1762 4991 1885 5041 ποί

288 5080 573 5152 λυτρόπως
620 5079 717 5151 τὴν
757 5080 917 5152 ἡμῶν
965 5080 1237 5150 σωτηρίαν
1282 5079 1345 5132 ἐκ
1386 5080 1622 5152 σμικρᾶς
1655 5081 1860 5134 οίκονο-

295 5172 486 5243 μοῦντι
510 5170 974 5243 φιλοτιμουμένης
998 5171 1342 5243 προφάσεως.
1385 5172 1573 5227 Ταῦτα
1614 5172 1690 5243 τῷ
1729 5190 1864 5244 stap-

292 5264 404 5316 όντι
433 5261 595 5331 ἡμῶν
625 5262 730 5325 πᾶς
764 5279 849 5326 τις
875 5261 1125 5316 ἐννοείτω
1144 5262 1488 5333 ἐντυγχάνων
1510 5262 1859 5335 θεσπίσματι,

294 5354 508 5407 καὶτὸν
538 5354 785 5426 παρόντα
828 5356 995 5426 νόμον
1039 5346 1152 5409 οἷόν
1184 5371 1307 5409 τινα
1340 5353 1532 5425 βοηθὸν
1581 5356 1673 5409 καὶ
1713 5356 1776 5410 τό
1800 5372 1863 5424 γε

297 5451 544 5517 κρεῖττον
577 5449 752 5503 εἰπεῖν
774 5448 876 5529 τῆς
910 5447 1105 5503 ἑαυτοῦ
1135 5447 1407 5520 ῥᾳθυμίας
1431 5447 1750 5522 διορθωτὴν,
1782 5445 1864 5513 οἷς

300 5540 546 5611 ἐνδημῶν
572 5541 651 5613 τῷ
681 5540 779 5613 βίῳ
806 5541 875 5594 τὰ
899 5541 997 5613 τῆς
1026 5542 1294 5614 ἑκδημίας
1320 5543 1382 5596 οὐ
1433 5542 1684 5612 λυσιτελῆ
1716 5542 1864 5615 αύτῷ

298 5633 523 5696 διέθετο,
557 5634 798 5706 δεχέσθω
828 5635 1103 5707 ἀσμένως,
1138 5636 1405 5708 σωτήριον
1436 5636 1512 5699 ῶς
1541 5654 1603 5704 γε
1643 5637 1866 5707 οἰόμεθα

301 5726 408 5789 τοῖς
431 5726 745 5794 τελευταίας
766 5729 1234 5800 χωρὶςτελευτῶσι
1265 5730 1593 5803 βουλήσεως,
1621 5733 1713 5785 καὶ
1745 5731 1864 5801 Θεῷ

303 5817 377 5890 τῷ
397 5821 607 5877 πάντων
627 5822 841 5895 βασιλεῖ
863 5826 962 5880 οὐκ
987 5826 1313 5898 ἀπόϐλητον,
1340 5824 1475 5881 ἀλλὰ
1500 5826 1591 5880 καὶ
1615 5828 1749 5897 αὐτῇ
1790 5827 1855 5897 τῇ

1940 4626 2233 4689 ,teuturum
2286 4633 2407 4674 esse
2450 4617 2704 4682 solatium
2741 4635 2755 4673 :
2794 4632 2899 4673 non
2928 4616 3075 4672 enim
3107 4632 3295 4688 parum
3326 4615 3394 4668 ad
3462 4615 3537 4670 le-

1959 4725 2152 4765 vamen
2193 4709 2403 4765 confert
2437 4709 2548 4764 vita
2598 4708 2851 4781 defuncto
2900 4710 3015 4765 haec
3067 4708 3223 4765 bonae
3282 4707 3535 4761 volunta-

1963 4805 2055 4870 tis,
2087 4814 2145 4860 ut
2181 4803 2407 4861 dicenda
2437 4813 2543 4872 est,
2580 4803 2661 4861 vel
2685 4804 2879 4875 exigua
2905 4804 3128 4872 oblatio,
3161 4803 3271 4859 Deo
3295 4803 3538 4874 benigno

1962 4913 2156 4968 nempe
2186 4897 2438 4963 Domino,
2502 4897 2686 4954 multis
2720 4899 2893 4954 modis
2925 4898 3156 4953 salutem
3209 4907 3450 4953 nostram
3504 4911 3537 4952 e

1963 4995 2145 5064 parvis
2174 4992 2553 5049 occasionibus
2584 4992 2919 5063 procuranti,
2950 4992 3176 5049 donata.
3238 4990 3363 5046 llaec
3413 4990 3534 5060 qui-

1963 5101 2175 5155 Cttuque
2206 5087 2458 5157 praesenti
2489 5087 2545 5141 in
2576 5098 2762 5143 nostro
2787 5088 3004 5141 decreto
3032 5086 3273 5141 invenire
3302 5091 3534 5152 reputet,

1964 5185 2019 5235 et
2051 5187 2377 5250 praesentem
2425 5178 2565 5233 hanc
2612 5179 2784 5248 legem
2822 5194 2918 5234 ceu
2944 5178 3213 5249 quoddam
3251 5176 3534 5242 auxilium,

1963 5280 2018 5327 et
2060 5280 2120 5325 ut
2180 5270 2370 5327 melius
2431 5271 2634 5337 dicam,
2685 5286 2797 5326 sum
2850 5271 3070 5327 desidia:
3126 5269 3536 5339 reparatricem,

1966 5364 2211 5434 quisquis
2274 5365 2327 5419 in
2381 5364 2489 5418 vita
2543 5364 2748 5433 degens
2804 5380 2923 5435 qua:
2970 5365 3054 5420 sui
3093 5364 3352 5418 transitus
3383 5372 3539 5416 erant

1967 5471 2072 5510 non
2106 5456 2396 5512 salubriter
2416 5456 2705 5527 disposuit,
2743 5466 2867 5511 enim
2899 5457 3093 5523 gaudio
3123 5453 3359 5522 excipiat
3384 5469 3397 5517 ;
3422 5460 3539 5505 tan-

1965 5565 2127 5620 quam
2159 5547 2453 5607 salutarem
2486 5565 2606 5605 cam
2639 5559 2951 5619 reputamus
2980 5548 3063 5603 his
3100 5547 3189 5616 qui
3225 5546 3428 5614 absque
3456 5542 3531 5598 ul-

1968 5644 2097 5697 tima
2151 5642 2427 5697 voluntate
2481 5640 2856 5703 decesserunt,
2892 5650 2946 5695 et
2998 5641 3108 5694 Deo
3155 5638 3536 5692 universorum

1970 5731 2078 5802 regi
2113 5746 2218 5786 non
2257 5730 2683 5799 despiciendam,
2714 5729 2808 5785 seti
2839 5729 3000 5782 etiam
3054 5727 3153 5797 ipsi
3210 5725 3407 5780 civium
3443 5739 3536 5778 so-

1967 5825 2150 5881 cictati
2218 5823 2589 5887 utilissimam,
2619 5832 2673 5878 ct
2726 5832 2969 5879 anostra
3004 5837 3120 5894 qua:
3166 5836 3232 5878 cx
3284 5818 3391 5875 Deo
3446 5826 3534 5873 est
