4046 6330
677 358 828 370 ο...-

686 528 1435 668 ΕΚΛΟΓΑΙ
1511 536 1907 664 ΠΕΡΙ
1982 534 2848 666 ΠΡΕΣΒΕΩΝ

184 358 1861 394 mw

1885 361 2849 391 Μ

2853 360 3394 393 παῖδες-..επις

1375 924 2142 1048 EXCERPTA

573 1190 879 1368 DE
1047 1158 2907 1375 LEGATIONIBUS

157 1491 232 1552 Et
272 1490 567 1568 Dexippo
612 1490 1023 1567 Atheniensi,
1076 1495 1369 1572 Eunapio
1410 1493 1744 1569 Sardiano,
1794 1496 1974 1558 Petro
2019 1494 2283 1570 patricio
2328 1502 2387 1557 et
2436 1495 2760 1575 magistro,
2812 1495 3027 1560 Prisco
3070 1492 3381 1577 SOphista,

469 1595 685 1657 Marco
727 1594 1297 1673 Pliilsdelphiensi,
1348 1596 1702 1658 Menandro
1735 1605 2113 1676 protectore,
2161 1598 2645 1679 TheOphylacto
2692 1599 3028 1663 Simocatta
3058 1648 3075 1674 ,

156 1719 285 1782 Post
328 1714 584 1783 Davidis
632 1720 965 1783 Hmschelt't‘
1007 1728 1063 1781 et
1104 1720 1387 1799 Philippi
1431 1708 1659 1784 Labori
1702 1740 1912 1796 curas,
1947 1724 2181 1783 Bonna!
2210 1741 2376 1781 anno
2434 1723 2591 1784 189.8
2624 1723 2792 1801 typis
2829 1721 3031 1784 denuo
3090 1725 3384 1787 mandata

1031 1844 1218 1905 opera
1263 1835 1317 1884 et
1364 1824 1574 1887 studio
1628 1827 1697 1888 Β.
1750 1828 1823 1890 G.
1867 1828 2207 1891 Nicbtthrii
2265 1822 2333 1890 C'.
2395 1827 2466 1888 Γ.

1720 2015 1790 2028 ...Δ

873 2143 1387 2239 ΡΒΞΕΡΑΤΙΩ
1443 2144 1937 2207 EDITOBUM
1994 2144 2618 2207 BONNENSIUM.

208 2306 489 2360 Parisinatn
533 2306 915 2363 historicorum
949 2306 1369 2377 Byzantinorum
1410 2307 1698 2363 editionem
1749 2323 1853 2362 non
1882 2323 1945 2361 eo
1980 2322 2157 2362 animo
2195 2310 2261 2360 ab
2295 2307 2447 2361 initio
2488 2306 2788 2362 institutam
2824 2320 2948 2365 esse
2981 2317 3041 2364 ut
3099 2308 3368 2377 integrum

150 2394 442 2459 teriptorum
480 2407 680 2460 corpus
722 2394 1197 2463 coettpleeteretur,
1234 2394 1491 2463 inspectis
1540 2394 1906 2447 voluminibus
1937 2406 2058 2460 qua}
2088 2400 2215 2444 ante
2245 2392 2450 2443 editum
2479 2404 2508 2443 ει
2541 2387 2796 2459 Philippo
2827 2390 3043 2447 Labbeo
3076 2390 3373 2459 protrcpti-

155 2492 241 2527 ron
267 2476 602 2544 prodierant,
641 2476 795 2530 facile
820 2485 1062 2545 apparet.
1094 2475 1344 2531 Labbens
1379 2488 1579 2541 autem,
1611 2487 1715 2530 tam
1755 2477 1994 2532 historia:
2019 2476 2331 2547 cognitione
2362 2490 2523 2542 quam
2573 2474 3105 2544 ingeniojudiciique
3140 2477 3376 2529 sanitate

150 2559 335 2627 egregie
370 2560 690 2625 instructus,
724 2559 888 2615 simul
910 2573 973 2614 ac
1008 2575 1127 2615 sese
1150 2561 1300 2630 operi
1332 2563 1679 2629 exsequendo
1710 2560 2237 2631 dederat,corporis,
2270 2560 2409 2628 quod
2445 2557 2698 2625 deinceps
2724 2559 2979 2628 paulatim
3009 2559 3199 2621 crevit,
3234 2559 3371 2611 ima-

146 2646 302 2710 ginem
341 2642 439 2699 sibi
480 2645 820 2710 informavit,
864 2646 1087 2713 ejusque
1128 2648 1445 2715 perﬁciendi
1499 2647 1795 2699 animosam
1834 2662 1981 2713 spem
2022 2645 2308 2712 concepit;
2341 2659 2443 2710 qua
2477 2642 2673 2699 ductus
2711 2644 2940 2698 indicem
2986 2643 3149 2696 futuri
3188 2652 3374 2713 synta-

145 2727 317 2793 gmatis
346 2730 666 2795 proposuit;
700 2728 946 2799 singulis,
973 2743 1092 2797 qua:
1130 2741 1255 2784 tunc
1279 2730 1493 2802 cognita
1527 2739 1701 2793 erant,
1728 2730 1945 2797 scriptis
1974 2730 2025 2782 in
2053 2744 2118 2783 eo
2150 2728 2323 2783 locum
2355 2740 2746 2795 numerumque
2772 2728 3086 2794 assignavit.

206 2806 428 2865 Primum
472 2814 525 2864 in
571 2816 673 2865 hoc
704 2814 885 2867 indice
916 2812 1189 2878 volumen,
1223 2826 1432 2868 servata
1462 2816 1600 2867 serie
1629 2828 1806 2865 rerum
1839 2826 2133 2880 gestarum,
2171 2813 2242 2864 ita
2273 2814 2647 2879 componebat,
2684 2822 2739 2862 ut
2770 2812 2887 2879 ejus
2921 2810 3143 2864 fundum
3173 2811 3375 2865 faceret

143 2892 330 2964 eclogas
352 2894 417 2951 de
447 2896 813 2967 legationibus
842 2913 870 2950 a
905 2894 1106 2951 Davide
1137 2894 1449 2954 limscltelio
1470 2901 1677 2962 editas;
1716 2901 1913 2968 quippe
1937 2914 2076 2967 quae,
2102 2913 2210 2950 uno
2232 2910 2458 2964 excepto
2488 2892 2800 2958 lienandro,
2833 2898 2899 2951 ad
2931 2905 3169 2962 tempora
3199 2894 3373 2949 Justi-

144 2975 287 3032 niauo
311 2981 631 3049 imperante,
666 2977 1033 3050 Procopioque
1057 2983 1339 3051 scriptore,
1381 2983 1686 3052 antiquiora
1724 2990 2033 3052 spectarent
2070 3000 2082 3036 :
2118 2980 2473 3036 Menandrum
2507 2991 2683 3036 autem
2716 2983 2782 3034 ab
2820 2994 2883 3036 eo
2910 2989 3127 3051 prOpter
3154 2984 3370 3035 easdem
3441 2991 3446 2996 ‘

144 3061 356 3118 rationes
388 3066 489 3119 hoc
516 3068 637 3119 loco
676 3074 940 3120 retentum
966 3080 1087 3119 esse
1114 3068 1370 3129 arbitror,
1401 3083 1519 3137 quae
1556 3071 1683 3123 mihi
1713 3083 1922 3141 quoque
1946 3083 2013 3121 ne
2042 3082 2164 3120 eum
2201 3067 2321 3120 inde
2350 3064 2681 3119 dimoverem
2710 3072 2996 3118 suaserunt
3023 3081 3037 3117 :
3069 3063 3276 3117 scilicet
3315 3073 3372 3117 ut

145 3147 293 3201 nimia
323 3149 615 3205 voluminis
648 3152 862 3204 exilitas
889 3151 1170 3205 vitaretur.
1199 3151 1291 3204 Cui
1328 3153 1505 3221 potius
1542 3160 1789 3224 augendo
1815 3168 1937 3207 cunt
1976 3166 2160 3203 curam
2195 3150 2501 3211 adhiberet,
2531 3147 2730 3201 factum
2777 3164 2893 3202 esse
2926 3162 3141 3211 censeo,
3170 3157 3227 3201 ut
3262 3163 3367 3224 non

143 3231 294 3288 solum
322 3234 561 3303 eclogas,
601 3248 736 3304 quas
766 3234 991 3290 Pliotius
1018 3250 1082 3289 ett
1121 3234 1505 3305 Olympiodoro
1536 3222 1886 3307 Candidaque
1923 3244 1976 3289 et
2009 3234 2343 3303 Theophane
2374 3232 2719 3307 conscripsit,
2748 3231 3146 3302 subjungerot;
3180 3222 3365 3286 verum

139 3328 367 3386 etrerpta
401 3333 622 3388 quoque
662 3319 1112 3374 Constantiniana
1165 3304 1232 3373 de
1274 3320 1631 3389 legationibus
1668 3338 1733 3377 ex
1770 3304 2200 3395 Tltenpbyltteto.
2244 3316 2369 3369 licet
2418 3304 2605 3371 eodem
2657 3328 2899 3386 tempore
2937 3318 3095 3387 hujus
3142 3316 3367 3373 historia

140 3395 321 3468 integra
349 3400 399 3455 in
428 3400 625 3455 eodem
655 3403 1021 3473 typographeo
1050 3402 1213 3471 prelis
1245 3403 1485 3469 subjecta
1518 3418 1693 3473 esset;
1726 3416 1847 3463 tum'
1873 3421 2003 3461 vero
2033 3402 2286 3475 Hesychii
2306 3404 2629 3469 opusculum
2659 3402 2727 3457 de
2756 3404 3055 3472 originibus
3088 3402 3327 3476 Byzantii
3354 3422 3366 3467 ;

140 3478 350 3555 denique
376 3500 408 3541 e
438 3486 613 3540 Suida
647 3486 869 3542 collecta
897 3500 1019 3555 quae
1043 3488 1109 3541 ad
1137 3487 1447 3543 universam
1477 3489 1763 3556 historiam
1782 3493 2159 3565 Byzantiuaut,
2188 3487 2458 3557 publicam
2491 3488 2696 3556 pariter
2723 3496 2885 3556 atque
2912 3488 3369 3551 ecclesiasticam,

140 3569 390 3635 pertinere
419 3573 759 3626 viderentur.
784 3570 991 3637 Quibus
1026 3571 1368 3641 compositis,
1394 3572 1629 3643 subiecit
1659 3577 2044 3633 diversissima:
2075 3572 2683 3628 iudolisannotatioues
2712 3572 2765 3624 in
2794 3571 3010 3639 eclogas
3040 3572 3108 3637 de
3146 3572 3371 3643 legatio-

142 3650 277 3707 nibus
308 3674 321 3708 :
360 3656 716 3711 admirandas
740 3655 955 3711 llenriei
995 3652 1211 3719 Valesii,
1239 3655 1339 3709 viri
1380 3671 1517 3725 pene
1555 3660 1871 3727 singularis,
1901 3670 1952 3715 et
1978 3658 2203 3714 stolidas
2229 3654 2581 3711 Cantoelari:
2607 3664 2718 3709 tum
2746 3655 2811 3709 ad
2844 3670 2906 3709 ea
2933 3668 3053 3725 qua:
3080 3672 3144 3711 ex
3171 3653 3368 3711 Photio

138 3735 387 3811 descripta
435 3750 593 3803 sunt,
634 3754 762 3795 suas
802 3742 970 3811 ipsius
1017 3742 1539 3810 commentationes;
1586 3745 1903 3813 prolixiores
1948 3745 2066 3799 illas
2107 3743 2322 3812 quidem
2356 3756 2517 3809 quam
2561 3739 2696 3794 satis
2740 3750 2903 3808 esset,
2945 3741 3037 3795 sed
3076 3741 3365 3793 admodum

140 3821 278 3877 utiles
318 3828 562 3881 «bona:
597 3822 771 3895 frugis
805 3826 990 3894 plenas
1022 3844 1037 3879 :
1076 3827 1341 3880 universae
1389 3837 1568 3881 autem
1611 3829 1911 3885 collectioni
1953 3827 2237 3899 prmmisil,
2281 3825 2429 3892 quod
2472 3822 2838 3891 Protrcpticon
2874 3822 3171 3892 inscripsit,
3216 3823 3369 3878 valde

140 3905 425 3964 festinatum
454 3909 820 3979 opusculum;
848 3923 974 3977 quo,
1026 3920 1223 3979 praeter
1244 3918 1601 3980 conspectum
1636 3916 1833 3982 operis,
1866 3913 1932 3967 de
1960 3928 2067 3982 quo
2090 3910 2342 3981 superius
2368 3907 2694 3967 mentionem
2732 3906 2859 3969 ieci,
2894 3908 3171 3978 catalogus
3204 3910 3368 3976 impe-

139 4002 353 4047 ratorum
398 3994 948 4065 patriarcharumque
1013 3995 1366 4060 continetur,-
1398 3996 1579 4051 addito
1612 3998 1787 4053 indice
1814 4000 1878 4053 ad
1914 3999 2220 4053 litterarum
2259 3994 2509 4075 ordinent
2548 3992 2830 4061 disposito,
2870 3995 2993 4061 quo‘
3015 3992 3193 4047 cuncti
3233 4010 3367 4046 euu~

140 4088 390 4135 morantur
420 4095 659 4151 quorum
692 4082 757 4135 ad
792 4080 932 4136 hanc
955 4081 1196 4137 historias
1223 4096 1432 4151 partem
1463 4086 1766 4152 spectantia
1796 4085 2020 4153 scripta.
2063 4090 2157 4136 aut
2189 4079 2381 4135 saltem
2417 4094 2604 4135 eorum
2643 4080 2900 4133 memoria
2932 4079 3199 4133 exstabat.

198 4162 297 4235 Ego
323 4180 470 4232 vero,
496 4181 625 4223 cum
656 4168 710 4220 in
749 4181 815 4222 eo
845 4182 931 4222 res
961 4175 1108 4224 esset
1130 4177 1187 4222 ut
1217 4168 1384 4223 editio
1417 4166 1721 4225 Bottneusis
1749 4170 1967 4236 eclogas
2001 4171 2067 4222 de
2094 4164 2457 4241 legationibus
2487 4164 2789 4228 exhiberet,
2825 4164 3093 4232 quomodo
3117 4164 3169 4216 in
3207 4170 3368 4216 caete—

142 4248 219 4309 ris.
259 4266 373 4319 qua:
412 4252 667 4308 Labbeus
701 4253 768 4308 iis
808 4254 1074 4321 adiunxit,
1112 4268 1361 4309 versarer
1409 4270 1514 4309 non
1557 4268 1750 4325 parum
1787 4251 2025 4309 haesitavi
2085 4246 2273 4318 Neque
2303 4248 2449 4302 enim
2482 4248 2767 4301 immemor
2802 4260 2924 4300 sum
2962 4246 3365 4315 promissionis,

140 4349 225 4401 qua
253 4334 517 4392 Weberus
542 4351 665 4392 sese
694 4336 986 4392 obstrinxit
1018 4352 1029 4387 :
1059 4337 1187 4392 nihil
1220 4353 1443 4405 prorsus
1463 4354 1531 4393 ex
1565 4340 1671 4400 bis,
1695 4354 1816 4409 qua:
1846 4340 1896 4390 in
1928 4336 2164 4391 editione
2198 4331 2447 4389 Parisina
2471 4332 2834 4395 continentur,
2865 4330 3125 4386 omissum
3156 4330 3219 4383 iri
3251 4346 3265 4383 ;
3296 4357 3368 4370 —--

140 4419 259 4483 quod
288 4423 506 4489 quidem
531 4420 758 4486 minime
782 4423 1052 4484 obstabat,
1086 4438 1151 4476 ne
1178 4410 1775 4492 llesychiiopuscnlum
1808 4421 2024 4491 aptiori,
2052 4418 2165 4473 imo
2197 4417 2417 4487 proprio
2447 4429 2544 4470 suo
2605 4414 2722 4469 loco
2753 4424 3121 4468 reservaretur
3147 4430 3160 4479 ;
3199 4428 3262 4466 ac
3300 4428 3368 4467 ne

139 4503 432 4560 omittendis
465 4505 685 4574 quidem
716 4508 988 4574 excerptis
1019 4520 1086 4560 ex
1119 4500 1548 4575 Theophylacto,
1579 4520 1813 4575 quarum
1851 4504 1993 4559 nulla
2030 4502 2252 4557 omnino
2291 4498 2500 4555 utilitas
2527 4507 2635 4563 est,
2667 4498 2769 4551 nisi
2808 4509 2868 4551 ut
2903 4497 3027 4552 inde
3081 4498 3245 4553 varia:
3291 4496 3368 4552 lc-

141 4587 327 4643 etiones
356 4590 423 4649 ad
452 4588 621 4643 crisin
656 4588 853 4658 integri
885 4591 1066 4657 operis
1100 4599 1373 4658 petantur.
1404 4591 1473 4644 Dc
1516 4590 1741 4658 reliquis
1775 4589 1828 4645 in
1866 4597 2156 4655 utramque
2205 4593 2413 4653 partem
2450 4581 2712 4650 disputari
2748 4589 2977 4650 poterat.
3019 4580 3271 4641 Atlanteo
3312 4581 3363 4633 in

144 4666 286 4726 Suida
317 4673 698 4742 perlustrando
721 4674 834 4727 sive
866 4672 1109 4728 Labbeus
1136 4664 1251 4728 sive
1291 4673 1449 4735 alius.
1477 4677 1561 4728 cui
1605 4674 1747 4730 hunc
1778 4672 2023 4729 laborem
2054 4669 2419 4735 demandavit,
2459 4668 2921 4739 negligentissime
2947 4674 3195 4721 versatus
3240 4674 3322 4719 est
3350 4684 3363 4731 ;

143 4767 207 4822 ut,
237 4761 278 4814 si
320 4777 508 4817 revera
542 4777 661 4832 quas
693 4759 769 4818 ibi
810 4761 877 4816 ad
919 4762 1198 4817 historiam
1225 4761 1580 4834 Byzantinam
1632 4758 1865 4828 reposita
1905 4763 2129 4820 exstant
2165 4754 2393 4810 collecta
2431 4752 2559 4807 dare
2602 4752 2767 4815 velis,
2820 4751 2975 4804 labor
3026 4750 3368 4804 adhibendus

141 4854 285 4909 esset,
312 4846 397 4901 cui
430 4845 790 4917 impertieudo
816 4847 918 4902 hoc
939 4848 1154 4919 quidem
1205 4856 1449 4917 tempore
1478 4864 1653 4919 neque
1685 4843 1811 4900 mihi
1834 4844 2003 4899 otium
2034 4851 2133 4895 est.
2157 4855 2331 4909 neque
2355 4838 2567 4902 amicis,
2592 4839 2682 4907 qui
2715 4852 2830 4891 mea
2864 4852 3029 4892 causa
3062 4837 3236 4919 etiam
3283 4836 3367 4890 in-

145 4941 331 4999 gratum
362 4934 645 5004 suscipere
673 4936 847 5003 parati
882 4918 1023 4987 sunt.
1062 4934 1136 4989 Ex
1172 4935 1258 4990 his
1287 4944 1464 4990 autem
1492 4918 1611 5004 qua:
1646 4929 1784 5001 apud
1812 4926 2091 4982 Labbeum
2121 4925 2350 4980 collecta
2376 4923 2629 4992 leguntur
2669 4938 2771 4975 non
2805 4935 2974 4989 pauca
3006 4918 3070 4972 ad
3101 4919 3361 4975 ecclesia-

146 5015 313 5072 sticam
345 5021 626 5073 historiam
652 5020 927 5088 pertinent
957 5034 969 5070 :
1005 5033 1035 5072 e
1060 5018 1279 5088 reliquis
1302 5033 1637 5089 quzecuuque
1668 5012 1887 5083 majoris
1910 5012 2167 5065 momenti
2190 5018 2315 5064 sunt
2337 5017 2429 5063 aut
2458 5007 2658 5063 diserte
2688 5008 2787 5061 sub
2838 5004 3065 5074 alicujus
3088 5020 3118 5058 e
3142 5004 3359 5089 seviris,

144 5112 345 5167 quorum
383 5102 641 5172 reliquias
664 5117 787 5158 cum
811 5104 1047 5157 maxime
1071 5102 1303 5166 edimus,
1324 5088 1559 5157 nomine
1591 5100 1908 5161 afferuntur,
1941 5106 2033 5149 aut
2062 5097 2125 5148 ad
2162 5109 2329 5148 unum
2354 5108 2415 5147 ex
2451 5093 2514 5145 iis
2548 5092 2653 5158 iam
2687 5093 2797 5158 diu,
2828 5091 3125 5161 praesertim
3167 5088 3363 5144 Valesii

146 5188 392 5250 acumine,
426 5190 596 5243 relata
632 5197 779 5255 sunt,
841 5198 1034 5241 caetera
1083 5188 1219 5242 levia
1257 5185 1367 5242 fere
1404 5187 1651 5239 videntur
1684 5203 1743 5240 ac
1794 5183 1942 5251 parvi
1983 5182 2163 5251 pretii.
2200 5178 2329 5245 Qum
2356 5178 2475 5233 eum
2510 5178 2579 5232 ita
2609 5178 2737 5242 sint,
2777 5178 2885 5240 illa,
2922 5190 3147 5246 quorum
3188 5176 3364 5243 primo

147 5266 245 5323 loco
274 5273 591 5327 mentionem
622 5272 745 5337 feci,
782 5286 1000 5342 prorsus
1025 5274 1293 5339 omittam,
1326 5288 1418 5337 ne,
1441 5275 1564 5327 dum
1603 5272 1881 5326 historiam
1919 5270 2341 5328 ecclesiasticam
2378 5269 2604 5338 attingo,
2636 5269 2686 5321 in
2720 5270 3043 5341 immensum
3076 5276 3361 5320 excrescat

146 5370 261 5425 θβιισ
294 5361 398 5425 iam
426 5378 523 5431 per
552 5376 611 5417 se
654 5362 815 5417 nimis
858 5362 1134 5430 amplum:
1170 5392 1236 5402 —-
1268 5378 1327 5417 ea
1367 5378 1490 5417 vero
1530 5378 1647 5431 qua:
1690 5363 1913 5416 Sttidam
1958 5377 2020 5416 ex
2063 5361 2184 5415 aliis
2224 5358 2792 5413 Constantinianarum
2839 5357 3142 5423 eclogarum
3191 5354 3358 5407 titulis

148 5445 418 5511 stunpsisse
450 5456 699 5516 apparet,
721 5462 860 5515 saepe
887 5450 1278 5510 emendatiora,
1313 5447 1535 5518 adjectis
1569 5464 1671 5501 non
1708 5449 1841 5518 adeo
1865 5448 2050 5516 paucis
2079 5444 2315 5513 ejusdem
2348 5442 2585 5513 generis,
2616 5442 2863 5511 suhjuuxi
2911 5441 3150 5509 reliquiis
3180 5442 3360 5491 unius-

148 5524 381 5596 cuiusque
415 5529 701 5597 scriptoris
737 5546 749 5582 :
786 5540 984 5585 cetera
1026 5546 1168 5585 nunc
1196 5532 1407 5599 quidem
1441 5547 1543 5585 non
1577 5535 1824 5593 exhibeo,
1858 5546 1961 5583 non
1995 5539 2170 5581 tamen
2196 5536 2252 5580 ut
2286 5526 2369 5578 illa
2408 5528 2457 5577 in
2487 5535 2799 5595 perpetuum
2834 5522 3138 5585 excludant,
3177 5522 3268 5574 sed
3299 5535 3362 5574 eo

150 5612 351 5665 consilio
386 5624 463 5679 ut,
509 5616 553 5670 si
597 5614 887 5684 aliquando
938 5614 1108 5667 otium
1153 5612 1317 5669 fuerit
1366 5614 1545 5669 Suidte
1587 5629 1843 5669 ηιριιιοειιε
1883 5613 2217 5675 ettcutieudi,
2266 5621 2391 5663 tunc
2434 5611 2611 5678 amplo
2660 5610 2998 5661 incremento
3039 5605 3357 5673 locupletato

149 5693 305 5751 otnnia
335 5698 495 5752 simul
535 5712 849 5767 proponam.
875 5727 944 5737 —-
970 5697 1279 5754 Cantoclari
1318 5701 1715 5763 annotatiOnes,
1748 5713 1867 5767 qum
1904 5698 2206 5750 versionem
2251 5692 2495 5747 Latinam
2529 5701 2797 5761 spectant,
2827 5690 3118 5757 aliquando
3142 5703 3359 5743 errores

152 5778 418 5847 corrigunt,
477 5796 607 5850 quos
648 5780 935 5838 Classcuus
983 5781 1230 5849 sustulit;
1284 5797 1667 5851 nonnunquam
1705 5783 1855 5837 novis
1900 5780 2018 5837 illos
2060 5778 2376 5843 cumulant;
2423 5794 2539 5846 qtuu
2573 5775 2637 5831 ad
2667 5776 2850 5831 Gt‘wcu
2885 5776 3211 5840 referuntur,
3251 5773 3365 5841 plc-
