4042 6344
527 294 635 362 607
1587 297 1986 362 EXCERPTA
2027 295 2125 356 DE
2162 288 2574 360 LEGATIONI
2586 292 2756 356 BUS.
3663 290 3765 359 608

535 426 761 482 rumque
790 426 912 469 cum
952 414 1251 471 incredibili
1283 415 1582 486 ignorantia
1616 415 1962 485 coniunctam
2006 409 2363 466 stoliditatem
2397 410 2696 477 exhibent:
2736 405 3038 481 οιῖίηεπιοάί
3079 408 3279 484 ﬂagitia
3321 426 3419 483 PI’O
3459 427 3579 470 mea
3616 425 3767 482 Parte

535 511 837 567 propagare
859 496 1012 554 nefas
1046 498 1242 557 habeo.
1287 499 1596 569 Aliquando
1619 498 1837 570 quidem
1872 499 1927 553 in
1961 496 2065 553 hoc
2100 492 2442 563 sterquilinio
2474 508 2562 549 res
2597 507 2708 547 non
2736 495 3169 550 contemnendas
3198 495 3485 565 invenias;
3522 498 3612 555 ubi
3640 499 3769 553 vitia

538 587 723 632 textus
757 578 1117 637 llmscbellani
1148 582 1490 652 ceniicieudo
1517 592 1709 638 sanata
1745 590 1838 638 aut
1877 591 2027 638 certe
2056 578 2412 648 probabiliter
2435 587 2637 632 tentata
2663 588 2791 632 sunt
2828 596 2842 633 :
2869 593 2988 649 quae
3014 578 3285 638 hominem
3317 582 3539 636 absurdi
3572 584 3770 652 ingenii

537 663 881 732 excogitasse
909 682 1068 723 nemo
1096 668 1200 723 sibi
1232 666 1585 734 persuadebit
1613 683 1628 720 :
1666 680 1877 731 verum,
1908 664 2214 732 cuicunque
2243 660 2453 717 auctori
2491 661 2593 718 ista
2629 663 2915 729 debentur,
2945 680 3132 719 eorum
3168 665 3431 721 rationem
3467 667 3520 720 in
3552 667 3775 723 scboliis

537 745 748 801 criticis
787 747 858 801 ita
890 749 1051 805 habui
1080 760 1137 805 ιιι
1164 750 1492 806 Cautoclaro
1522 764 1619 820 pro
1659 749 1731 804 iis
1760 737 2019 803 honorem
2053 743 2392 801 exhiberem.
2424 774 2494 787 --
2539 742 2817 804 Labbeum
2846 748 3097 819 equidem
3129 749 3353 805 minime
3399 764 3598 820 sperno
3629 768 3643 801 :
3678 752 3773 807 sed

535 830 627 898 qui
659 829 773 898 rius
799 830 1176 905 Protrepticon
1204 834 1408 905 iamdiu
1438 832 1698 889 oblivioni
1726 831 1983 887 traditum
2016 831 2211 885 iterum
2242 830 2293 884 in
2333 829 2612 884 hominum
2643 832 2893 887 notitiam
2926 829 3182 900 proferet,
3213 834 3258 888 is
3290 831 3475 901 gloriae
3502 831 3604 889 viri
3638 835 3780 889 male

536 912 784 969 consulet
809 931 827 972 :
854 918 988 973 adeo
1010 933 1225 984 manca,
1255 906 1492 987 persaepe
1523 925 1706 973 autem
1730 928 1979 971 errorum
2007 912 2183 985 plena,
2221 925 2352 969 sunt
2378 928 2497 982 quae
2521 915 2590 970 de
2612 915 2970 986 scriptoribus
3004 916 3164 985 huius
3199 917 3438 972 historia:
3469 918 3678 984 tradit,
3704 918 3777 972 ita

539 1004 597 1049 ut
622 997 707 1051 vi-x
740 997 836 1052 illo
865 1013 979 1055 arvo
1006 999 1139 1055 ferri
1174 1000 1469 1071 potuerint,
1501 1009 1626 1068 post
1664 998 1971 1055 Fabricium
2008 1010 2168 1051 nemo
2202 994 2363 1051 ierat.
2390 994 2782 1063 lmperatorum
2810 994 3213 1065 cbronologiam
3257 1011 3401 1051 nunc
3431 996 3513 1053 vel
3563 998 3718 1063 pueri
3750 1011 3781 1053 c

535 1078 687 1135 libris
706 1084 907 1152 ubique
924 1084 1100 1141 obviis
1120 1095 1304 1154 petere
1322 1091 1591 1154 poterunt,
1606 1084 1796 1140 saltem
1822 1096 1927 1138 non
1947 1081 2125 1137 minus
2152 1091 2465 1135 accuratam
2489 1098 2505 1146 ;
2526 1081 2593 1134 de
2636 1080 2987 1149 patriarchis,
3004 1081 3049 1137 si
3075 1082 3161 1137 cui
3190 1095 3436 1151 quaerere
3460 1082 3615 1148 libet,
3639 1081 3781 1151 apud

535 1161 889 1233 Bandurium,
923 1169 1077 1238 cujus
1125 1179 1409 1241 syntagma
1448 1169 1502 1224 in
1547 1167 1652 1223 hoc
1690 1179 1920 1236 corpore
1944 1164 2201 1220 exhibere
2224 1179 2331 1218 non
2375 1163 2730 1235 negligemus,
2758 1162 3001 1232 pleniora
3028 1164 3483 1232 accuratioraque
3518 1165 3782 1224 inveniet.

615 1258 745 1316 Haec
766 1264 1066 1320 omittendo
1102 1267 1435 1336 emptoribus
1471 1278 1539 1321 eo
1564 1264 1737 1334 magis
1762 1262 2148 1319 consulendum
2176 1272 2295 1317 erat
2330 1263 2473 1332 quod
2502 1262 2670 1318 editio
2706 1272 2891 1318 nostra
2945 1261 3139 1331 amplis
3169 1263 3579 1319 accessionibus
3618 1272 3782 1320 atirta

539 1357 644 1402 est.
678 1346 888 1405 Etenim
919 1351 985 1407 ad
1026 1351 1347 1419 Dexippum,
1382 1350 1681 1418 Eunapium
1718 1357 1772 1404 et
1809 1347 2161 1402 Menandrum
2204 1357 2460 1412 excerpta
2494 1347 2559 1400 de
2591 1349 2878 1401 sententiis
2912 1348 3199 1412 addebam,
3224 1362 3344 1417 qua:
3370 1363 3400 1401 e
3426 1349 3787 1417 palimpsesto

547 1429 808 1485 Vaticano
833 1433 1002 1488 edidit
1030 1434 1105 1490 ill.
1134 1434 1335 1490 Maius:
1362 1444 1474 1489 tum
1509 1434 1832 1505 fragmenta,
1862 1448 1893 1489 e
1922 1430 2086 1487 Suida
2115 1430 2247 1497 fere,
2285 1440 2373 1484 aut
2394 1430 2504 1497 jam
2532 1430 2782 1495 collecta,
2818 1440 2908 1483 aut
2940 1432 3133 1486 saltem
3166 1432 3399 1486 indicata
3439 1451 3453 1487 :
3478 1431 3702 1495 deinde,
3731 1445 3787 1487 ut

543 1509 828 1570 Fabricius
857 1516 968 1571 ﬁeri
996 1518 1181 1586 iussit,
1216 1518 1431 1589 eclogas
1462 1532 1492 1571 e
1520 1518 1778 1573 Nonnoso
1800 1517 1876 1587 (α)
1901 1532 1916 1582 ;
1941 1528 2103 1583 porro
2135 1512 2487 1584 panegyricos
2518 1511 2790 1568 Anastasii
2826 1528 2857 1567 a
2885 1512 3145 1584 Procopio
3175 1522 3229 1569 et
3256 1511 3538 1570 Prisciano
3568 1514 3790 1581 dictos;

544 1598 777 1669 denique
803 1601 1055 1667 indicem,
1090 1617 1155 1657 ex
1183 1603 1431 1657 instituto
1459 1601 1601 1673 quod
1633 1602 1684 1657 in
1711 1601 1942 1672 Agathia
1964 1598 2175 1654 edendo
2204 1604 2424 1652 secutus
2449 1610 2589 1659 sum,
2619 1596 2909 1667 duplicem.
3412 1604 3416 1607 ‘

612 1683 733 1740 Jam
778 1701 907 1743 vero
943 1704 1103 1758 quam
1138 1690 1397 1760 praeclara
1431 1689 1543 1747 sint
1572 1705 1693 1762 quae
1723 1692 1777 1745 in
1817 1690 2009 1745 borum
2064 1685 2364 1741 sevirorum
2409 1684 2653 1753 reliquiis
2683 1685 2750 1739 ad
2786 1686 3031 1742 historia:
3074 1686 3436 1756 cognitionem
3487 1688 3791 1758 pertinent,

548 1780 750 1826 norunt
778 1774 1007 1831 lectores
1029 1772 1259 1829 Gibboni
1290 1778 1312 1831 ':
1348 1789 1521 1846 neque
1547 1789 1675 1830 vero
1716 1774 2005 1847 quisquam
2038 1772 2154 1827 sani
2200 1769 2393 1838 iudicii
2435 1772 2519 1824 vir
2546 1771 2692 1826 adeo
2721 1771 2876 1826 unice
2906 1770 3101 1829 Atticis
3131 1772 3486 1827 delectabitur
3518 1780 3597 1838 ut,
3630 1775 3791 1827 verbi

546 1855 745 1924 gratia,
776 1853 947 1911 Prisci
994 1858 1357 1914 narrationem
1397 1857 1465 1913 de
1514 1858 1781 1928 legatione
1813 1857 1880 1913 ad
1916 1854 2136 1910 Attilam
2179 1853 2441 1913 fastidiat.
2498 1856 2679 1927 Itaque
2722 1856 3051 1926 scriptorum
3100 1856 3321 1912 honoris
3370 1872 3576 1921 causa,
3624 1856 3797 1912 simul

546 1947 727 1993 autem
749 1940 975 1995 ornandi
1003 1942 1203 2011 operis,
1228 1942 1318 1998 cui
1354 1955 1551 1999 nomen
1581 1955 1760 1998 meum
1800 1940 2128 2012 praescripsi,
2160 1939 2488 2009 quaerebam,
2512 1940 2663 1997 sicui
2705 1939 2903 1996 illustri
2940 1942 2993 1996 in
3019 1955 3077 1995 re
3104 1941 3292 1996 critica
3332 1942 3526 1997 artiﬁci
3562 1956 3799 2009 persuao

547 2020 676 2076 dere
708 2038 940 2091 possent,
967 2033 1027 2079 ut
1070 2026 1189 2095 eius
1226 2026 1417 2095 primae
1456 2026 1627 2096 partis
1672 2026 2020 2081 recensendas
2049 2027 2348 2095 susciperet
2387 2024 2640 2078 cilicium.
2668 2020 2823 2080 Tunc
2856 2024 3038 2078 subito
3078 2027 3243 2080 menti
3285 2026 3610 2082 occurrebat
3647 2024 3795 2081 Bck-

546 2102 736 2168 kerus,
768 2098 872 2161 non
904 2107 1083 2164 minus
1121 2117 1341 2181 propter
1367 2109 1662 2165 amicitiam
1693 2124 1798 2179 qua
1832 2118 2098 2171 tenemur,
2130 2124 2293 2179 quam
2320 2118 2541 2178 propter
2577 2108 2792 2163 ttnicam
2821 2109 2926 2163 vim
2961 2118 3123 2178 atque
3151 2108 3511 2175 celeritatem,
3534 2124 3709 2180 quam
3741 2110 3795 2162 in

549 2190 898 2245 recensendis
927 2190 1234 2247 Graecorum
1260 2194 1415 2250 libris
1436 2208 1558 2250 cum
1585 2193 1909 2249 eruditionis
1944 2194 2248 2264 ingeniique
2279 2194 2486 2249 lumine
2508 2194 2852 2265 coniunctam
2885 2195 3123 2249 exhibet.
3159 2198 3236 2250 Ac
3258 2204 3407 2250 certe
3431 2196 3480 2248 ei
3515 2194 3665 2249 laudi
3689 2209 3795 2262 qua

548 2268 849 2331 Politianus
880 2273 1081 2331 lectum
1116 2278 1375 2343 pictorem
1396 2288 1620 2344 ornat,'t
1660 2279 1786 2336 Plus
1815 2281 2086 2334 nemiuem
2118 2278 2357 2349 potuisse
2378 2277 2600 2347 pingere
2634 2292 2732 2332 nec
2765 2276 2979 2341 melius,
3014 2298 3032 2327 ι
3062 2289 3247 2344 parem
3272 2278 3491 2332 omnino
3520 2276 3576 2331 in
3601 2286 3798 2331 nostro

550 2357 858 2413 litterarum
887 2376 1083 2431 genere
1110 2360 1350 2419 Bekkcro
1376 2364 1717 2420 tribuendam
1740 2379 1885 2431 esse,
1909 2379 2089 2427 nemo,
2115 2362 2301 2427 credo,
2333 2361 2591 2431 ambiget.
2620 2358 2823 2431 Rogavi
2848 2375 2970 2415 eum
3011 2362 3191 2430 igitur,
3225 2360 3319 2415 sed
3348 2360 3565 2425 timide;
3592 2362 3802 2430 quippe

557 2454 665 2496 non
703 2442 920 2499 nescius
944 2459 1068 2501 eum
1114 2448 1381 2505 hactenus
1417 2448 1633 2503 nonnisi
1674 2448 1885 2505 collatis
1926 2448 2204 2504 cmiicibus
2245 2446 2492 2501 innixum
2527 2446 2695 2502 libros
2731 2447 3096 2501 recensendos
3143 2449 3447 2515 suscepisse
3483 2462 3497 2505 :
3528 2456 3584 2499 at
3617 2448 3677 2500 in
3716 2447 3802 2502 bis

554 2522 889 2596 legationum
920 2532 1191 2601 eyxcerplis
1231 2532 1482 2588 codicum
1514 2533 1818 2588 subsidium
1853 2533 2045 2587 aderat
2079 2530 2323 2586 nullum:
2359 2548 2485 2587 nam
2520 2531 2897 2587 Monacenscm
2931 2533 2998 2585 ab
3038 2528 3342 2587 Hmschelio
3375 2533 3803 2591 accuratissime

554 2609 885 2680 exsoriptum
930 2628 1053 2670 esse
1081 2623 1317 2682 constat,
1347 2612 1593 2671 Vaticani
1622 2624 1803 2671 autem
1832 2616 1996 2671 variat
2036 2615 2293 2670 lectiones
2332 2615 2400 2670 ab
2446 2610 2524 2668 ill.
2558 2613 2698 2670 Maio
2742 2616 2965 2682 prolatae
3009 2628 3147 2684 pene
3189 2613 3495 2678 absolutum
3530 2630 3657 2669 cum
3708 2614 3803 2673 illo

554 2705 878 2769 consensum
923 2697 1192 2765 probant:
1220 2714 1395 2770 neque
1427 2696 1568 2754 ullus
1591 2710 1786 2770 praeter
1818 2702 1935 2763 hos,
1986 2698 2201 2753 sublato
2220 2714 2288 2755 ex
2316 2700 2601 2754 hominum
2650 2700 2844 2753 notitia
2880 2696 3196 2765 Schottano,
3234 2711 3518 2768 superesse
3550 2698 3795 2753 videtur.

556 2771 686 2843 Sed,
704 2780 847 2846 quod
869 2781 1081 2849 quidem
1105 2798 1471 2853 speraveram,
1492 2781 1708 2839 deﬂexit
1735 2781 2007 2838 Bt-kkcrus
2037 2798 2155 2838 mea
2184 2796 2345 2838 causa
2376 2785 2442 2838 de
2478 2798 2625 2839 more
2650 2797 2787 2851 suo;
2817 2782 3165 2854 acceptisque
3202 2781 3596 2837 Ilmscheliante
3627 2780 3804 2837 Maia-

556 2872 750 2930 meque
802 2864 1097 2919 editionum
1143 2866 1426 2942 exemplis,
1449 2881 1683 2936 quorum
1705 2866 1934 2937 margini
1961 2866 2300 2933 coniecturas
2342 2868 2472 2922 mihi
2506 2878 2685 2931 natas,
2710 2864 3019 2938 Valesiique
3060 2867 3465 2923 emendationes
3511 2867 3805 2935 ascripse~

556 2957 700 3010 ram,
732 2946 848 3015 ipse
893 2951 1164 3007 universis
1208 2953 1360 3008 hisce
1399 2949 1657 3022 reliquiis
1688 2950 2040 3006 emendandis
2078 2966 2140 3006 se
2184 2953 2352 3007 dedit.
2388 2951 2454 3006 Et
2495 2953 2638 3022 quod
2683 2952 2752 3006 ad
2790 2953 2911 3007 illas
2939 2954 3156 3022 quidem
3198 2953 3415 3017 attinet,
3463 2951 3806 3009 Parisiensis

557 3027 814 3086 editionis
837 3034 1136 3103 exemplar,
1170 3034 1499 3105 Maianzeque
1537 3034 1845 3105 eclogarum
1872 3036 1941 3089 de
1981 3038 2288 3105 sententiis,
2332 3038 2582 3109 plurimis
2621 3037 2757 3093 locis
2796 3044 3068 3104 correcta,
3111 3036 3356 3103 remisit;
3391 3051 3581 3092 verum
3619 3036 3703 3092 ita
3747 3043 3809 3091 ut

566 3112 794 3170 arbitrio
822 3131 944 3172 meo
977 3118 1307 3189 relinqueret
1329 3122 1375 3175 si
1402 3120 1531 3190 quid
1556 3121 1755 3176 addere
1785 3127 1880 3173 aut
1916 3129 2128 3176 mutare
2153 3120 2371 3176 vellem.
2403 3120 2522 3189 Quo
2548 3120 2799 3190 equidem
2836 3122 2907 3173 ita
2938 3136 3069 3175 usus
3094 3135 3236 3185 sum,
3264 3129 3320 3174 ut
3361 3120 3626 3189 plurimas
3662 3135 3808 3191 prc-

562 3201 755 3257 sertim
782 3201 1007 3260 Bekkeri
1033 3210 1440 3266 emendi-tiones
1467 3224 1590 3280 quae
1621 3208 1944 3265 certissim
1967 3208 2285 3266 viderentur
2331 3211 2386 3265 in
2425 3209 2669 3265 ordinem
2703 3208 2970 3264 sermonis
3010 3206 3266 3263 inferrem
3296 3224 3311 3262 :
3342 3207 3600 3261 adderem
3630 3207 3808 3263 etiam

563 3286 791 3342 subinde
813 3304 934 3358 quae
961 3292 1156 3347 iterato
1184 3295 1437 3348 examine
1470 3295 1521 3347 in
1554 3303 1788 3347 mentem
1827 3292 1961 3347 mihi
1992 3294 2242 3349 venirent
2273 3308 2289 3348 :
2321 3307 2386 3347 ex
2415 3294 2499 3348 his
2525 3301 2708 3348 autem
2738 3307 2855 3362 quae
2882 3310 2908 3344 a
2941 3305 3026 3345 me
3048 3292 3318 3363 proposita
3344 3288 3611 3355 Bekkero,
3642 3290 3811 3360 cuius

564 3372 876 3428 auctoritati
897 3374 951 3428 in
972 3376 1239 3432 sermonis
1263 3377 1570 3450 cognitione
1592 3379 1793 3441 omnia,
1824 3378 1954 3433 mihi
1986 3377 2120 3433 nihil
2154 3378 2266 3433 fere
2298 3378 2498 3443 tribuo,
2528 3374 2867 3448 displicuisse
2900 3378 3168 3439 videbam,
3193 3375 3325 3429 nihil
3357 3375 3569 3438 reduxi,
3602 3386 3813 3444 praeter

566 3468 825 3525 perquam
848 3474 1019 3529 pauca
1044 3476 1166 3530 quae
1188 3477 1258 3520 ex
1286 3463 1513 3518 historia
1552 3462 2129 3533 diiudicandacssent.
2160 3462 2342 3534 Usque
2378 3465 2515 3517 adeo
2542 3474 2720 3517 autem
2751 3460 2994 3517 Bckkcro
3032 3460 3255 3531 obsequi
3292 3474 3531 3516 mearum
3560 3465 3815 3529 partium

562 3553 685 3593 esse
708 3540 860 3608 duxi,
888 3550 966 3608 ut,
995 3544 1208 3601 etiamsi
1237 3546 1466 3602 subinde
1494 3548 1810 3616 suspicabar
1829 3548 2157 3619 scriptorum
2186 3551 2363 3618 potius
2391 3547 2783 3619 vitia,quorum
2820 3560 3001 3604 sermo
3036 3545 3223 3601 saeculi
3252 3546 3334 3599 sui
3366 3543 3486 3599 labe
3509 3553 3817 3600 contactus

567 3629 736 3686 esset,
766 3637 927 3692 quam
961 3625 1266 3680 scribarum
1298 3626 1596 3696 sphalmata
1620 3628 1764 3694 tolli,
1789 3629 2072 3701 impudens
2099 3635 2282 3689 tamen
2315 3632 2446 3688 mihi
2478 3633 2625 3689 visus
2648 3645 2848 3696 essem,
2880 3631 2925 3685 si
2959 3641 3147 3686 contra
3174 3644 3335 3699 quam
3374 3628 3465 3684 ille
3490 3629 3815 3702 statuisset,

564 3701 894 3763 deciderem.
921 3708 1001 3764 Ad
1030 3710 1133 3767 hoc
1162 3728 1332 3783 genus
1366 3713 1494 3767 illud
1530 3715 1785 3783 pertinet,
1817 3722 1876 3775 ut
1898 3714 2143 3784 exempla
2177 3716 2472 3785 proferam,
2504 3716 2647 3787 quod
2681 3730 2821 3787 saepe
2853 3731 2956 3787 pro
2994 3715 3195 3769 aoristo
3233 3714 3406 3783 primo
3439 3712 3695 3767 futurum
3729 3701 3816 3770 re-

564 3792 737 3859 ponit,
763 3802 877 3863 aut,
920 3797 1014 3853 ubi
1047 3802 1188 3868 apud
1229 3800 1499 3867 Priscum,
1554 3801 1845 3871 ualebunt,
1893 3801 2272 3867 Menandrum,
2330 3801 2595 3857 articulus
2636 3799 3002 3863 desideratur,
3050 3812 3211 3866 quem
3259 3806 3408 3852 certe
3457 3811 3562 3850 non
3624 3799 3818 3853 minus

566 3876 795 3957 rationis
846 3896 1007 3951 quam
1059 3900 1206 3940 sane
1249 3886 1656 3942 consuetudinis
1690 3886 1835 3957 leges
1880 3887 2146 3957 ﬂagitant,
2181 3902 2304 3943 eum
2354 3884 2568 3948 inserit,
2598 3884 2683 3940 vel
2720 3899 2881 3941 casus
2926 3884 3174 3952 obliquos
3220 3883 3598 3951 pronominum
3634 3882 3732 3936 ὅδε
3763 3890 3816 3937 el

561 3948 720 4023 οὗτος
756 3948 877 4017 cum
926 3963 1117 4020 iisdem
1143 3970 1235 4037 qui
1273 3983 1303 4023 a
1331 3968 1538 4023 τοιόσδε
1562 3978 1617 4024 et
1651 3948 1890 4033 τοιῦῠτος
1938 3948 2149 4027 formari

2221 3987 2264 4036 r,
2303 3979 2494 4025 mutat.
2540 3948 3072 4039 Chrenographiam,
3113 3948 3279 4038 quain
3317 3966 3483 4022 editio
3520 3976 3725 4022 nostra
3760 3966 3817 4022 il

566 4044 813 4113 margine
850 4048 1091 4117 exhibet,
1119 4053 1184 4107 ad
1212 4063 1467 4123 excerpta
1493 4054 1562 4110 de
1581 4054 1942 4124 legationibus
1978 4069 2083 4110 non
2115 4054 2216 4127 levi
2245 4053 2430 4111 labore
2451 4055 2853 4110 stabiliveram.
2907 4060 2910 4063 ‘

634 4135 731 4193 liis
750 4142 981 4208 peractis
1005 4148 1291 4213 typotbetze
1321 4162 1454 4217 opus
1470 4149 1611 4203 tradi
1638 4156 1869 4219 poterat,
1901 4148 2001 4203 nisi
2031 4162 2257 4205 exosum
2281 4146 2544 4205 versionis
2576 4146 2782 4204 Latinae
2809 4161 2948 4204 onus
2976 4147 3334 4204 incumberet.
3362 4145 3516 4215 Quod
3546 4160 3675 4203 cum
3718 4150 3819 4208 de-

563 4220 767 4293 pellere
794 4240 899 4279 non
944 4227 1157 4297 liceret,
1197 4229 1674 4298 Cantociara'nam,
1721 4247 1826 4304 qua
1866 4233 2105 4304 peiorem
2146 4235 2345 4289 nullam
2374 4235 2426 4289 in
2458 4236 2713 4289 universo
2753 4234 2854 4287 hoc
2883 4233 3190 4288 litterarum
3236 4246 3447 4303 genere
3480 4232 3721 4290 inveniri
3756 4235 3811 4291 in

569 4307 760 4377 vulgus
790 4319 977 4366 notum
1004 4323 1121 4381 est,
1150 4317 1270 4371 sine
1295 4319 1476 4386 operis
1499 4318 1763 4373 dedecore
1785 4319 2044 4374 intactam
2072 4321 2278 4376 servari
2306 4335 2411 4376 non
2444 4331 2601 4391 posse
2634 4316 2928 4388 apparebat
2964 4335 2978 4372 :
3012 4331 3198 4371 verum
3227 4316 3319 4387 qui
3351 4329 3411 4371 se
3435 4317 3649 4387 ingrato
3678 4330 3815 4374 cor-

569 4392 778 4462 rigendi
815 4396 987 4454 labori
1016 4398 1188 4466 daret,
1225 4402 1564 4458 inveniebam
1588 4403 1861 4458 neminem
1888 4421 1902 4463 :
1939 4405 2049 4458 nisi
2078 4403 2362 4467 Classem,
2392 4416 2707 4470 quanquam
2736 4400 3008 4455 continuis
3042 4397 3489 4466 occupationibus
3514 4398 3814 4468 implicito,

565 4477 759 4545 pictas,
789 4493 897 4548 qua
925 4496 1011 4537 me
1036 4486 1278 4551 parentis
1308 4486 1427 4542 loco
1453 4486 1600 4550 colit,
1634 4490 2011 4556 persuasisset.
2036 4486 2091 4543 In
2119 4502 2230 4555 quo
2260 4486 2479 4555 negetio
2512 4492 2771 4556 quantum
2804 4484 2947 4539 taedii
2972 4480 3401 4538 exhauriendum
3432 4482 3617 4544 fuerit,
3642 4498 3817 4541 nemo

567 4559 672 4613 nisi
707 4574 961 4630 expertus
999 4565 1182 4623 animo
1211 4569 1520 4639 concipiet:
1555 4568 1683 4625 illud
1709 4580 1889 4625 autem
1927 4572 2369 4627 molestissimum
2406 4577 2544 4635 erat,
2578 4568 2720 4640 quod
2751 4568 2982 4623 sublatis
3024 4567 3326 4622 innumeris
3349 4565 3497 4622 vitiis
3526 4576 3717 4623 tamen
3755 4570 3814 4624 id

568 4644 739 4698 solum
767 4648 951 4714 perlici
1000 4662 1205 4721 poterat
1233 4665 1346 4707 uta
1373 4652 1689 4710 fcedissimis
1724 4652 1973 4709 sordibus
1998 4654 2323 4711 liberaretur
2351 4654 2525 4710 oratio
2558 4671 2573 4709 :
2610 4652 2660 4708 id
2695 4654 2941 4716 minime,
2980 4663 3039 4707 ut
3068 4650 3294 4721 pulchra
3329 4652 3504 4718 ﬁeret,
3536 4661 3813 4723 grataque

569 4727 892 4797 legentibus.
932 4731 1074 4789 Idem
1096 4735 1386 4791 Classenus
1414 4751 1568 4791 meus
1599 4737 1907 4807 complures
1939 4738 2196 4807 preclare
2226 4739 2558 4810 excogitatas
2586 4739 2995 4794 emendationes
3027 4736 3424 4805 suppeditavit;
3461 4736 3806 4807 singulorum

567 4816 895 4880 scriptorum
929 4818 1166 4889 reliquiis
1189 4830 1505 4890 argumenta
1534 4822 1760 4885 addidit,
1787 4822 2275 4893 chronographiam
2312 4822 2580 4893 excerptis
2611 4821 2674 4875 de
2702 4822 2988 4876 sententiis
3020 4835 3085 4875 cx
3117 4820 3359 4891 Eunapio
3383 4832 3437 4875 et
3460 4818 3762 4875 Menandro
3793 4838 3807 4887 ;

569 4897 901 4967 iudicesque,
938 4902 988 4957 in
1019 4917 1156 4973 quos
1190 4904 1532 4960 utilissimum
1569 4906 1807 4961 laborem
1837 4907 2151 4977 insumpsit,
2188 4906 2455 4972 coniecit;
2488 4918 2544 4961 ut
2583 4907 2787 4961 leviora
2833 4904 2937 4959 alia
2973 4904 3240 4969 omittam,
3279 4919 3397 4973 quae
3424 4905 3477 4959 in
3516 4903 3619 4959 hoc
3652 4904 3813 4961 volu-

568 4996 694 5038 men
722 4987 971 5041 contulit.
1000 4988 1129 5055 Qutc
1154 4989 1517 5046 consideranti
1557 4989 1839 5063 apparebit
1866 4989 2023 5059 longe
2049 4991 2487 5059 operosissimum
2519 4989 2635 5059 eius
2659 4991 2710 5043 in
2736 5002 2801 5044 eo
2828 4988 3075 5043 ornando
3114 4987 3279 5043 fuisse
3307 4987 3560 5043 laborem.

644 5094 902 5163 Superest
936 5106 994 5151 ut
1023 5098 1089 5155 de
1126 5100 1462 5173 panegyricis
1502 5100 1786 5157 Anastasio
1835 5101 2023 5164 dictis,
2060 5113 2201 5170 quos
2246 5110 2518 5171 postremo
2556 5101 2675 5156 loco
2713 5098 2908 5172 adieci,
2948 5114 3065 5168 quae
3095 5099 3199 5156 huc
3237 5099 3511 5169 pertinent
3552 5100 3805 5156 doceam.

568 5177 827 5236 Oratione
848 5181 1093 5254 Procopii
1120 5184 1298 5241 ϐληθῇ
1319 5187 1393 5257 (ι)
1427 5186 1647 5256 reliquis
1682 5186 2047 5242 monumentis
2076 5198 2196 5253 ante
2228 5185 2314 5241 hic
2346 5185 2564 5240 collecta
2589 5194 2805 5240 exstant
2825 5183 3187 5254 adiungenda,
3212 5184 3545 5239 eruditorum
3575 5185 3809 5252 gratiam

577 5280 663 5319 me
689 5264 953 5321 meruisse
980 5280 1124 5323 certe
1152 5272 1286 5333 scio,
1312 5271 1401 5342 qui
1430 5287 1547 5326 eam
1577 5271 1743 5326 semel
1771 5280 1979 5325 tantum
2006 5271 2057 5325 in
2086 5269 2396 5326 Villoisonis
2430 5271 2814 5325 anecdotorum
2845 5269 3164 5324 collectione
3188 5269 3388 5324 editam
3410 5281 3533 5322 esse
3561 5279 3764 5322 norunt
3794 5286 3808 5321 :

570 5359 767 5416 quotus
802 5351 944 5405 enim
976 5352 1205 5424 quisque
1256 5356 1307 5408 in
1342 5354 1628 5411 Germania
1669 5354 1811 5409 illam
1844 5355 2131 5424 possidet?
2164 5353 2279 5410 lies
2310 5370 2470 5425 opera
2502 5355 2554 5407 in
2594 5353 2736 5408 illius
2770 5352 3093 5421 repetitione
3135 5366 3241 5405 non
3286 5350 3494 5421 longius
3535 5352 3807 5420 prooessit

572 5444 736 5500 quam
766 5442 825 5487 ut
862 5436 1093 5493 subinde
1118 5439 1319 5494 codicis
1349 5440 1637 5496 lectionem
1665 5455 1698 5495 a
1727 5441 1845 5497 viro
1874 5441 2089 5512 egregio
2124 5440 2415 5496 Villoisone
2447 5437 2787 5493 immutatam
2819 5451 3132 5492 revocat-em
3163 5452 3177 5488 :
3213 5437 3461 5491 versione
3496 5437 3685 5499 latina,
3722 5451 3812 5488 ar-

633 5574 707 5637 (α)
730 5576 976 5645 Escende
1004 5578 1361 5645 desententiis
1386 5582 1621 5643 Dexippi,
1645 5577 1856 5645 Eunapii
1881 5584 1937 5631 et
1959 5579 2237 5639 Menandri,
2264 5580 2460 5642 eclogas
2482 5590 2509 5628 e
2532 5576 2781 5638 Nonnoso,
2815 5576 3092 5640 fragmenta
3136 5589 3201 5630 ex
3226 5574 3393 5637 Suida,
3414 5581 3472 5628 ut
3492 5576 3556 5628 ab
3581 5576 3815 5631 instituto

573 5652 605 5689 ιι
624 5646 743 5701 utro
761 5637 1224 5701 aiio-immisimus.
1252 5644 1389 5692 Eon.
1408 5637 1555 5695 Pari.

634 5699 704 5769 (ὁ)
730 5702 897 5755 Exstat
920 5699 1049 5769 apud
1073 5718 1161 5755 nos
1188 5708 1320 5755 inter
1339 5718 1491 5769 opera
1516 5704 1670 5768 ipsius
1693 5705 1939 5770 ProcOpii,
1967 5706 2087 5757 toni
2108 5704 2367 5756 LXXXVII
2386 5711 2527 5767 parte
2548 5717 2619 5764 ut,
2640 5704 2733 5755 col.
2761 5700 2906 5755 2793.
2922 5699 2999 5752 In.
