4042 6344
287 285 396 351 609
1678 285 1886 348 Pii/EF

1988 285 2094 348 '10.
3425 282 3530 349 619

290 400 662 465 gumentoque
691 407 807 448 eam
859 392 1114 448 instruxit
1139 407 1169 447 a
1195 408 1280 449 me
1312 401 1530 465 rogatus
1559 391 1753 446 Franc.
1788 393 2048 457 ltitterus,
2081 391 2220 451 Phil.
2261 393 2323 449 ι).
2359 393 2448 464 qui
2485 392 2793 464 nuperrime
2821 406 3042 462 operam
3076 406 3226 447 suam
3262 393 3327 446 ad
3358 397 3530 463 expli-

285 481 490 534 candas
521 477 575 533 in
609 480 706 533 hac
735 479 1038 534 litterarum
1071 481 1420 534 universitate
1461 479 1777 548 disciplinas
1824 476 2176 547 philologicas
2203 476 2442 545 profiteri
2478 478 2690 532 statuit.
2730 475 2969 532 Editoris
2995 477 3378 530 annmationies
3404 492 3526 545 qua:

284 564 350 619 ad
381 564 723 630 explicandas
756 576 844 619 res
878 562 1150 618 Anastasii
1181 575 1386 619 tantum
1420 563 1725 628 conferunt,
1763 570 1820 614 ut
1851 562 1930 615 vel
1959 561 2024 614 ad
2060 559 2312 614 Latinum
2346 561 2735 630 Panegyricum
2776 561 3239 628 interpretandum
3271 565 3532 628 quintam-

288 647 455 701 modo
483 643 733 701 sufﬁcere
755 646 988 716 possint,
1042 648 1154 713 fere
1185 648 1426 717 integras
1464 646 1655 715 repetii
1685 659 1698 700 :
1731 661 1838 716 quo
1864 645 2094 699 consilio
2133 645 2305 700 honos
2338 646 2568 700 habetur
2600 646 2849 699 manibus
2892 641 3195 698 Villoisonis
3226 659 3241 694 :
3279 659 3453 711 neque
3480 644 3530 695 ei

287 732 510 785 aliunde
540 731 646 784 ulla
687 733 938 785 obstabat
967 731 1128 796 ratio,
1153 733 1440 787 exstinctis
1474 731 1674 786 dudum
1707 738 1765 785 et
1796 729 2067 798 scriptore
2093 738 2147 782 et
2180 727 2616 797 bibliopolarum,
2640 740 2867 795 quorum
2905 725 3216 796 sumptibus
3254 726 3529 778 Anecdota

285 822 436 875 edita
463 829 608 885 sunt,
636 818 877 890 negatio.
908 817 1110 872 Contra
1136 829 1317 873 autem
1353 819 1574 874 minime
1596 818 1761 873 licere
1784 818 1958 872 visum
1989 822 2068 868 est
2097 813 2161 884 in
2195 829 2326 868 mere
2355 814 2608 868 editionis
2634 821 3013 867 ornamentum
3045 821 3383 873 convertere,
3412 823 3533 878 quite

284 905 366 959 ill.
396 903 568 957 Maius
589 903 656 956 ad
683 902 919 971 eclogas,
956 912 1049 955 aut
1085 901 1398 968 Endlicher,
1445 917 1498 956 v.
1530 902 1624 968 cl.,
1663 901 1727 956 ad
1767 901 2146 974 pagegyricnm
2185 901 2474 967 Prisciani,
2503 916 2683 970 quem,
2721 900 2815 954 diu
2845 916 2873 953 a
2910 897 3194 977 philologis
3232 899 3530 967 expetitum

282 1003 411 1041 cum
469 988 519 1041 in
566 986 889 1040 bibliotheca
952 987 1195 1042 Caesarea
1262 985 1663 1040 Vindobonensi
1721 1001 2005 1055 superesse
2051 988 2401 1053 innotuisset,
2469 1001 2612 1040 anno
2660 982 2933 1054 prurterito
2985 984 3174 1048 edidit,
3234 984 3306 1037 ita
3363 997 3536 1036 anno-

284 1073 422 1124 tavit
443 1080 499 1124 ut
521 1068 652 1123 nihil
672 1070 814 1139 quod
833 1071 952 1125 addi
982 1072 1152 1140 possit
1175 1070 1296 1126 aliis
1317 1070 1666 1139 relinqueret.
1687 1067 1868 1138 ipsum
1896 1070 2234 1140 grammatici
2272 1084 2488 1124 carmen
2515 1068 2870 1123 Bobiensibus
2902 1066 3227 1122 membranis
3244 1067 3451 1120 erudite
3480 1074 3536 1119 et

283 1155 571 1222 di'igenter
600 1157 887 1222 scriptum,
929 1155 997 1209 ab
1028 1157 1237 1210 editore
1267 1157 1401 1210 adeo
1428 1164 1682 1208 accurate
1710 1168 2023 1223 expressum
2060 1163 2165 1218 est,
2197 1162 2256 1206 ut
2285 1154 2374 1207 vix
2406 1153 2548 1208 ullus
2577 1151 3046 1208 emendationibus
3081 1153 3132 1204 in
3161 1166 3224 1206 eo
3255 1151 3404 1204 locus
3437 1151 3527 1205 sit.

361 1238 694 1293 Parisiensis
726 1239 893 1292 editio
923 1241 1069 1293 circa
1100 1254 1388 1308 operarum
1423 1251 1636 1292 errores
1659 1238 1849 1291 eadem
1877 1238 2138 1307 flagitiosa
2165 1237 2486 1306 negligentia
2515 1245 2697 1290 curata
2725 1246 2808 1289 est
2838 1250 2944 1304 qua
2975 1235 3194 1302 reliqua:
3225 1243 3344 1302 post
3391 1236 3532 1287 (Jan-

284 1332 632 1388 tacuzenum,
659 1331 943 1394 antequam
974 1323 1210 1393 Cangius
1235 1323 1420 1391 operis
1448 1337 1633 1376 curam
1668 1322 1720 1374 in
1749 1335 1808 1376 se
1839 1321 2173 1389 susciperet;
2205 1319 2378 1372 inutili
2413 1328 2469 1371 et
2499 1317 2673 1372 fallaci
2709 1329 2954 1388 typorum
2987 1317 3272 1386 splendore
3302 1327 3529 1370 ornatae.

286 1407 604 1477 Sphalmata
637 1405 796 1474 hujus
822 1408 1037 1476 generis
1065 1422 1165 1475 ope
1195 1406 1586 1462 Hoascheliana
1615 1403 1932 1461 sustulimus
1964 1404 2223 1472 plurima;
2255 1403 2527 1468 restituto,
2559 1412 2615 1455 ut
2642 1403 2708 1456 de
2745 1401 3042 1455 minoribus
3075 1409 3278 1455 taceam
3300 1440 3315 1459 .
3365 1415 3525 1454 versu

284 1493 503 1562 integro
532 1493 620 1561 qui
649 1490 962 1557 exciderat;
1001 1491 1095 1547 sed
1133 1494 1198 1546 de
1227 1492 1310 1546 his
1342 1490 1656 1561 singulatim
1689 1502 1910 1543 monere
1956 1485 2230 1540 Bekkerus
2271 1487 2460 1538 vetuit.
2494 1485 2823 1553 Ubicunque
2847 1483 3010 1553 igitur
3035 1483 3299 1550 ejusmodi
3334 1483 3534 1537 mentio

285 1576 616 1639 invenietur,
647 1574 698 1627 id
728 1584 950 1644 prepter
981 1575 1305 1645 peculiarem
1340 1573 1630 1644 quamdam
1661 1573 1922 1627 rationem
1943 1569 2142 1624 factum
2163 1578 2266 1630 est,
2288 1583 2406 1637 qua:
2427 1578 2602 1621 tamen
2627 1567 2853 1622 fortasse
2876 1582 2979 1620 non
3001 1567 3532 1634 semper'apparebit.

363 1661 498 1727 Quae
515 1659 714 1714 Suidas
733 1659 968 1714 servavit
991 1672 1096 1712 non
1114 1659 1291 1728 attigit
1308 1656 1602 1723 Bekkerus;
1620 1656 1673 1710 in
1694 1657 1779 1710 his
1795 1669 2010 1724 quoque
2027 1652 2278 1708 nonnulla
2299 1651 2533 1705 correxi.
2554 1649 2803 1704 Photium
2825 1651 2965 1714 dedi,
2983 1663 3084 1704 uta
3101 1650 3337 1705 Bekkero
3356 1649 3533 1704 editus

282 1759 396 1814 est;
417 1747 519 1801 nisi
541 1744 684 1814 quod
711 1744 762 1798 in
794 1742 952 1798 rebus
965 1757 1082 1812 quae
1098 1757 1161 1798 ex
1186 1744 1408 1798 historia
1439 1743 1693 1813 pendent,
1715 1742 1896 1795 varias
1913 1736 2135 1800 Labbei,
2159 1735 2324 1789 semel
2349 1743 2528 1788 autem
2557 1734 2637 1788 vel
2662 1734 2742 1787 bis
2766 1746 2913 1788 meas
2937 1735 3105 1802 ipsius
3127 1735 3533 1790 emcndatioues

288 1832 592 1901 receperint
626 1846 639 1881 :
673 1828 854 1899 plures
884 1828 1118 1884 fortasse
1147 1827 1294 1884 locos
1337 1836 1661 1892 tentaturus,
1689 1825 1794 1882 nisi
1833 1823 1966 1879 mihi
2013 1831 2294 1877 constaret
2320 1822 2573 1876 Photium
2622 1823 2674 1876 in
2720 1823 3024 1879 scribendis
3055 1824 3360 1879 nominibus
3393 1838 3534 1892 saepe

281 1931 527 1981 errasse;
549 1930 576 1967 a
609 1913 807 1985 quibus
836 1912 1176 1983 corrigendis
1205 1912 1399 1968 editori
1430 1912 1808 1967 abstinendum
1836 1910 2255 1973 est.Versiones,
2279 1909 2424 1966 Porti
2450 1926 2553 1964 non
2576 1924 2736 1980 sirpe,
2763 1910 2973 1967 Schotti
2994 1928 3264 1982 nunquam
3296 1914 3533 1967 correxi.

361 2000 441 2053 Ex
478 1999 563 2053 his
581 1996 796 2067 cognita
811 1996 1081 2051 editorum
1114 2010 1301 2067 opera,
1322 1996 1410 2049 vix
1439 2011 1574 2063 Opus
1603 2004 1684 2051 est
1711 1996 2360 2067 explieare,qu:ecunque
2394 2000 2445 2052 in
2470 1998 2689 2053 scboliis
2719 1999 2926 2054 criticis
2957 2000 3146 2053 litteris
3167 1998 3232 2054 Β.
3255 2012 3309 2054 ct
3332 1999 3402 2053 Ν.
3422 2001 3534 2054 dis-

286 2085 634 2152 tinguuntur,
686 2082 1094 2135 emendationes
1136 2094 1262 2135 esse
1291 2079 1743 2150 quaaBekkerum,
1763 2095 1956 2151 meque
1978 2084 2212 2138 habeant
2244 2092 2487 2137 auctores
2511 2083 2861 2139 :Classenum
2888 2085 3083 2153 quibus
3109 2086 3225 2138 duae
3246 2085 3431 2138 littera:
3449 2071 3539 2138 Cf.

284 2171 491 2225 additae
508 2176 652 2222 sunt.
675 2165 956 2236 Vulgatam
981 2164 1170 2236 (vulg.)
1185 2179 1306 2219 eam
1325 2165 1433 2221 dixi
1471 2166 1756 2221 lectionem
1783 2181 1904 2236 qua:
1924 2167 1990 2222 ab
2009 2166 2387 2222 Hmscheliana
2405 2166 2641 2220 editione
2670 2181 2763 2236 per
2785 2165 3083 2220 Parisinam
3105 2167 3533 2235 atqueVeuetam

288 2264 589 2327 propagata
622 2262 724 2306 est.
747 2251 968 2316 Quoties
990 2249 1121 2303 nihil
1151 2258 1346 2317 praeter
1377 2249 1504 2304 illud
1529 2253 1666 2320 vutg.
1689 2253 1754 2306 ad
1779 2253 2034 2321 rejeCtam
2067 2250 2349 2306 lectionem
2414 2251 2730 2316 ascribitur,
2749 2253 2852 2305 hoc
2871 2250 3261 2319 significamus:
3288 2252 3539 2305 emenda-

289 2342 528 2401 tionem,
563 2337 676 2390 sive
701 2333 976 2389 Bekkerus
1004 2348 1124 2390 eam
1149 2349 1178 2388 a
1203 2348 1290 2389 me
1319 2335 1615 2390 invenisset
1647 2339 2001 2406 propositam,
2020 2338 2135 2390 sive
2152 2352 2269 2390 eam
2299 2338 2603 2404 concipere,
2626 2347 2680 2388 ut
2704 2349 2849 2404 smpe
2891 2336 2985 2400 sit,
3008 2334 3209 2389 oblitus
3233 2350 3430 2398 essem,
3466 2337 3537 2389 ita

291 2420 643 2477 manifestam
675 2419 844 2472 videri
867 2429 924 2473 ut
941 2420 1010 2474 ab
1035 2432 1361 2488 unoquoque
1380 2434 1486 2475 non
1510 2420 1797 2476 admodum
1818 2422 2091 2475 incurioso
2108 2430 2200 2473 aut
2221 2418 2437 2474 indocto
2457 2418 2686 2472 inveniri
2711 2419 2948 2473 deberet.
2972 2418 3136 2488 Signa
3163 2416 3541 2487 fet",antiquo

292 2521 448 2560 more
479 2505 717 2571 reducto,
744 2503 965 2574 apposui
998 2517 1105 2574 quo
1137 2502 1428 2559 indicarem
1455 2504 1630 2560 locum
1653 2519 1985 2572 corruptum,
2012 2503 2097 2557 cui
2120 2502 2382 2557 medendo
2417 2501 2746 2571 probabilem
2782 2502 3143 2570 conjecturam
3169 2501 3404 2556 viderem
3427 2502 3545 2555 nul-

293 2588 426 2650 lam,
461 2601 563 2639 non
593 2586 881 2656 typothette
912 2584 1038 2639 vitio
1054 2582 1319 2650 laborare,
1349 2585 1444 2649 sed
1476 2586 1632 2654 plane
1653 2585 1726 2638 ita
1753 2586 1821 2640 ab
1848 2584 2153 2641 Hceschelio
2170 2586 2370 2639 editum
2392 2599 2532 2640 esse.
2553 2585 2628 2638 Ac
2653 2594 2776 2638 sunt
2799 2593 2945 2639 certe
2969 2584 3118 2652 plura
3151 2597 3312 2651 quam
3346 2583 3537 2638 vellem

291 2676 413 2730 loca
445 2674 612 2729 etiam
649 2675 700 2726 in
743 2673 824 2728 bis
854 2671 1214 2741 ecIOgis,qua-
1243 2672 1420 2726 editor
1441 2690 1468 2724 a
1491 2671 1707 2727 licentia
1731 2675 1970 2743 mutandi
1999 2673 2206 2728 alienus
2237 2684 2293 2727 ut
2323 2686 2446 2727 sunt
2476 2674 2732 2728 mendosa
2771 2673 3074 2743 relinquere
3111 2673 3341 2742 cogitur,
3400 2673 3534 2726 illud

292 2768 480 2813 tamen
517 2774 642 2814 vere
670 2759 966 2828 praedicare
1000 2771 1218 2825 possum
1250 2756 1354 2810 hac
1389 2757 1627 2811 editione
1653 2757 1954 2825 perfectum
1988 2774 2110 2815 esse
2139 2769 2195 2813 ut
2222 2759 2539 2826 utilissimae,
2581 2772 2882 2828 magnaque
2913 2772 2978 2811 ex
3014 2765 3166 2825 parte
3199 2760 3541 2828 egregiorum

288 2845 625 2913 scriptorum
659 2842 920 2912 reliquiae,
944 2856 1064 2910 quze
1097 2840 1329 2896 antehae
1349 2839 1402 2895 in
1434 2839 1662 2910 singulis
1689 2843 1898 2914 paginis
1924 2849 2206 2901 innumera
2234 2846 2486 2910 vhiorutn
2507 2829 2851 2900 multitudine
2883 2847 3125 2913 legentes
3150 2845 3542 2915 impediebant,

287 2927 399 2996 jam
451 2928 610 2997 longe
645 2927 879 2982 maxima
918 2941 982 2981 ex
1023 2939 1176 2996 parte
1213 2924 1401 2982 faciles
1431 2930 1704 2983 evaserint
1750 2939 1913 3000 atque
1965 2941 2164 3000 aperta:
2211 2933 2278 2986 ad
2313 2930 2743 3002 intelligendum.
2788 2931 2923 2990 Cum
2983 2931 3168 3002 igitur,
3203 2946 3322 3001 qua:
3358 2931 3543 2986 hacte-

292 3027 401 3067 nus
435 3012 680 3082 neglecta
713 3010 987 3082 jaeebant,
1015 3013 1135 3066 sine
1174 3010 1339 3065 dubio
1372 3010 1539 3066 multo
1573 3012 1818 3083 pluribus
1851 3029 2016 3086 quam
2050 3025 2210 3069 antea
2257 3015 2631 3080 innotescent,
2661 3014 2840 3070 oblata
2883 3024 2965 3069 est
2995 3016 3229 3077 occasio,
3260 3017 3536 3083 praeclaris

295 3097 536 3166 ingeniis
568 3095 707 3149 haud
748 3094 990 3166 indigna,
1034 3094 1122 3149 ubi
1159 3093 1240 3148 vis
1272 3093 1549 3149 divinandi
1585 3112 1645 3151 se
1677 3111 1930 3154 exerceat
1958 3110 2012 3156 et
2040 3101 2177 3155 bene
2199 3109 2374 3170 coepta
2409 3099 2621 3170 longius
2642 3101 2926 3170 producat.
2957 3097 3034 3153 Ex
3068 3100 3541 3156 emendationibus

294 3197 438 3252 quas
471 3182 798 3249 recepimus,
841 3179 1022 3234 multm
1053 3178 1424 3233 lltzeschelium
1469 3181 1670 3236 habent
1710 3195 2009 3247 auctorem,
2056 3180 2107 3238 in
2154 3185 2398 3253 margine
2434 3184 2687 3238 editionis
2733 3185 2850 3254 ejus
2883 3182 3170 3253 proposita:
3204 3203 3218 3239 :
3248 3200 3403 3254 quas,
3433 3187 3550 3242 sive

295 3268 464 3324 nobis
495 3267 855 3335 probarentur
896 3265 1008 3318 sive
1039 3264 1238 3329 minus,
1279 3265 1559 3332 designavi
1597 3265 1735 3332 sigla
1777 3264 1850 3318 11.
1883 3267 2030 3323 Idem
2070 3266 2408 3322 licescbelius
2436 3267 2524 3322 ubi
2555 3268 2823 3338 geminum
2862 3268 3105 3322 codicem
3151 3269 3459 3335 adhibebat,
3497 3281 3553 3324 et

296 3351 518 3407 Schotti
561 3358 614 3404 et
643 3347 983 3411 Bavaricnm,
1009 3347 1224 3416 quoties
1261 3345 1316 3400 hi
1367 3348 1506 3402 inter
1551 3362 1609 3402 se
1651 3349 1944 3415 variarent,
1974 3350 2342 3405 diversitatem
2393 3350 2577 3404 itidem
2621 3351 2672 3404 in
2723 3351 2966 3421 margine
3007 3351 3285 3415 indicavit,
3327 3353 3549 3418 prmtixa

293 3435 436 3503 sigla
473 3433 549 3490 af.
579 3430 687 3487 Has
720 3429 1008 3486 varietates
1042 3447 1148 3500 mg.
1187 3429 1261 3486 Η.
1288 3429 1567 3500 designavi
1600 3452 1614 3483 ;
1643 3446 1742 3498 pro
1774 3447 1883 3502 quo
1921 3449 2034 3487 ear.
2074 3431 2149 3486 Η.
2180 3430 2421 3488 scribere
2449 3443 2602 3488 certe
2632 3434 3005 3501 praestitisset;
3034 3439 3218 3488 verum
3253 3437 3303 3488 in
3351 3450 3407 3491 re
3442 3447 3548 3490 tam

294 3519 402 3573 levi
460 3515 938 3584 reprehensionem
997 3514 1083 3568 vix
1138 3523 1342 3568 metuo.
1382 3511 1611 3568 Gravius
1650 3523 1733 3568 est
1777 3517 1918 3583 quod
1959 3516 2250 3585 aliquando
2303 3515 2392 3568 ubi
2443 3515 2691 3584 plagulas
2729 3516 3000 3586 inspicere
3040 3516 3360 3573 domesticis
3406 3520 3552 3575 curis

295 3601 598 3673 impeditus
637 3597 846 3656 fueram
886 3615 995 3667 mg.
1038 3595 1110 3651 Η.
1160 3597 1400 3668 ponitur,
1434 3613 1554 3652 cum
1601 3607 1780 3652 tamen
1821 3599 2130 3671 conjectura
2173 3599 2499 3672 designanda
2539 3610 2707 3658 essm.

370 3681 560 3742 Scrib.
591 3685 788 3740 Bonnze
810 3693 978 3754 postr.
1002 3680 1144 3737 Non.
1171 3679 1290 3736 Oct.
1326 3680 1758 3737 MDCCCXXIX.

309 3824 3547 3851 ww

907 3928 1010 3990 DE
1050 3927 1494 3993 HISTORICIS
1535 3929 1865 4004 QUORUM
1902 3929 2295 4004 RELIQUl/E
2348 3932 2478 3993 HIC
2529 3930 2958 3996 PRODEUNT.

1905 4078 1976 4093 un-

376 4142 678 4201 PUBLlUS
725 4139 1122 4198 HERENNIUS
1175 4139 1512 4200 DEXIPPUS
1548 4143 1648 4215 (l),
1698 4144 1892 4202 Ptole-'
1914 4153 1962 4211 Α
1989 4147 2168 4213 classi,
2197 4146 2281 4202 cui
2303 4144 2620 4202 Cleodamus
2649 4157 2898 4217 praterat,
2936 4147 3558 4216 coujunctus,ultionem

303 4241 428 4295 mari
467 4238 501 4292 f.
541 4239 641 4308 (‘2),
692 4233 1235 4307 Atheniensis,‘Pago
1276 4234 1612 4304 Hermensis,
1655 4253 1684 4293 e
1715 4240 1883 4308 Cery-

299 4348 431 4388 cuni
469 4342 631 4402 gente
667 4330 763 4402 (5),
789 4345 1033 4385 summos
1061 4329 1116 4385 in
1153 4327 1374 4383 civitate
1405 4330 1638 4384 honores
1657 4331 1884 4399 adeptus

300 4438 412 4494 est,
442 4442 534 4481 rex
581 4432 792 4479 creatus
838 4431 1000 4493 atque
1033 4419 1239 4477 archon
1280 4435 1612 4492 eponymus;
1647 4422 1886 4490 splendi-

301 4522 488 4588 deque
533 4515 872 4588 agonothctte
915 4527 1143 4570 munere
1199 4511 1580 4568 Panathenaeis
1629 4511 1882 4580 functus;

302 4613 490 4668 clarus
530 4621 712 4665 orator
755 4617 914 4680 atque
950 4607 1304 4664 historiarum
1351 4609 1616 4678 scriptor;
1669 4618 1888 4678 propter

303 4723 449 4778 quas
478 4704 711 4760 fortunae
756 4702 917 4760 simul
954 4714 1115 4772 atque
1171 4702 1450 4757 industria:
1493 4703 1645 4757 dotes
1693 4711 1888 4757 statuas

305 4801 522 4856 honore
551 4807 773 4853 ornatus
803 4807 906 4861 est,
948 4796 1102 4865 cujus
1137 4796 1284 4851 basis
1328 4810 1449 4851 cum
1495 4795 1648 4851 titulo
1685 4806 1886 4851 exstat.

305 4896 422 4951 Sed
478 4894 637 4964 longe
695 4891 1090 4961 praiclariorem
1152 4889 1580 4961 saeculorumque
1626 4889 1886 4944 memoria

307 4989 538 5058 dignum
571 4988 825 5040 honorem
869 4984 970 5040 sibi
997 4987 1331 5054 comparavit
1375 4999 1481 5052 quo
1511 4993 1774 5051 tempore,
1806 4979 1888 5037 ef-

308 5080 451 5134 fusis
484 5079 538 5132 in
570 5078 833 5132 Graeciam
866 5092 960 5146 per
1005 5074 1351 5145 Propontidis
1381 5075 1616 5131 claustra
1646 5073 1886 5141 Herulis,

311 5177 604 5244 captisque
633 5171 878 5234 Athenis,
927 5171 1073 5226 cives
1111 5184 1295 5226 secum
1329 5169 1381 5224 in
1413 5169 1585 5225 saltus
1621 5168 1792 5224 invios
1820 5184 1889 5224 ex

313 5267 472 5322 urbis
509 5265 666 5320 clade
713 5262 967 5334 profugos
1021 5261 1396 5328 confirmavit;
1441 5260 1676 5331 bellique
1713 5259 1781 5316 ab
1822 5261 1889 5316 iis

311 5356 427 5412 dux
466 5353 816 5417 constitutus,
845 5354 1082 5408 advectae
1115 5354 1166 5407 in
1196 5353 1389 5407 Atticae
1432 5367 1582 5407 oram
1632 5351 1890 5409 Romana:

315 5544 328 5553 O
391 5471 472 5539 (1)
513 5467 718 5523 Nomen
757 5469 1028 5539 integrum
1063 5468 1286 5524 exhibet
1336 5468 1503 5526 inscr.
1551 5467 1656 5523 580
1731 5482 1885 5537 corp.

337 5557 491 5595 nscr.
519 5556 679 5595 (rate.

316 5557 491 5596 inscr.
519 5555 679 5626 graec.
795 5610 807 5624 ι
874 5611 886 5622 _
1270 5611 1283 5624 ο

394 5613 472 5681 ('2)
515 5614 607 5666 hic
643 5620 975 5681 inscriptio:
1025 5624 1149 5664 nam
1189 5609 1386 5668 Surdas
1407 5624 1450 5667 s-
1494 5624 1544 5665 ν.
1591 5608 1885 5679 Δέξιππος,

318 5680 618 5749 Dexippum
663 5689 870 5749 patrem
900 5680 973 5733 illi
1009 5681 1221 5737 tribuit.

392 5697 618 5749 :xippum
731 5697 870 5733 trem
900 5697 973 5733 ult
1009 5697 1183 5735 trtnun

392 5753 474 5825 (3)
506 5752 618 5809 Vid.
647 5697 883 5809 recolit.
911 5753 997 5806 ad.
1021 5751 1183 5806 lusu.

1985 4241 2050 4295 de
2080 4239 2334 4294 Barbaris
2365 4239 2601 4309 aliquam
2654 4244 2906 4310 sumpsit,
2962 4243 3135 4298 tribus
3197 4242 3435 4297 millibus
3491 4258 3559 4296 ex

1985 4333 2226 4401 ipsorum
2278 4348 2511 4389 numero
2565 4348 2660 4407 per
2713 4335 3052 4392 occasionem
3100 4334 3403 4390 interfectis
3457 4337 3557 4407 (Δ).

1984 4425 2102 4491 Quo
2133 4426 2277 4481 facto
2307 4427 2390 4480 vir
2415 4426 2649 4481 exiiuius
2693 4437 2816 4497 post
2851 4427 3176 4498 quingentos
3201 4444 3370 4483 annos
3393 4429 3561 4482 Athe-

1985 4520 2202 4574 nienses
2224 4518 2394 4572 armis
2419 4518 2668 4574 desuetos
2714 4521 2780 4574 ad
2817 4535 2928 4575 rem
2963 4520 3302 4590 gloriamque
3356 4520 3556 4573 milita-

1985 4627 2100 4666 rem
2149 4610 2422 4666 revocavit
2453 4631 2470 4668 :
2503 4609 2869 4667 Mithridatico
2915 4616 3060 4668 enim
3116 4613 3256 4669 bello
3299 4629 3405 4668 non
3461 4629 3556 4667 sua

1988 4717 2162 4774 neque
2204 4711 2398 4773 sponte
2430 4718 2582 4759 arma
2633 4717 2880 4761 moverat
2931 4705 3120 4761 infelix
3157 4707 3372 4764 civitas.
3417 4709 3555 4763 Cum

1989 4796 2154 4866 igitur
2187 4799 2252 4851 de
2284 4795 2387 4851 hac
2416 4795 2644 4867 Dexippi
2689 4798 2859 4869 gloria
2906 4799 3091 4855 titulus
3135 4807 3326 4856 statuas
3376 4803 3556 4868 sileat,

1987 4887 2252 4942 creditum
2299 4890 2566 4959 estprius
2608 4893 2837 4960 positam
2882 4905 3004 4947 esse
3051 4907 3212 4962 quam
3265 4894 3408 4947 illam
3443 4897 3561 4950 adi-

1987 4982 2287 5051 pisceretur
2315 4995 2338 5035 τ
2381 4982 2468 5036 cui
2522 4984 2764 5052 opinioni
2815 4982 2976 5040 facile
3010 4987 3349 5050 accederem,
3391 4987 3435 5042 si
3479 4989 3561 5040 hi-

1988 5076 2153 5132 storia
2196 5074 2318 5143 aevi,
2349 5093 2371 5128 σ
2404 5089 2568 5145 quam
2619 5078 2814 5148 partim
2866 5094 2932 5133 ex
2961 5077 3133 5145 libris,
3170 5079 3365 5148 partim
3397 5093 3427 5133 e
3452 5081 3559 5134 vita

1992 5168 2256 5235 hauserit,
2297 5186 2316 5219 ι
2357 5177 2416 5224 ut
2456 5168 2787 5239 epigramma
2841 5170 3120 5240 praedicat,
3163 5171 3375 5226 diversa
3438 5187 3562 5226 esse

1988 5268 2170 5329 posset
2197 5260 2265 5315 ab
2299 5260 2391 5316 illa
2419 5262 2598 5316 omnis
2645 5262 2766 5328 aevi,
2807 5261 2960 5331 cujus
3005 5261 3250 5315 notitiam
3278 5276 3343 5315 ex
3383 5261 3563 5316 Euna-

1988 5353 2078 5422 pio
2101 5362 2156 5408 et
2181 5351 2376 5410 Photio
2405 5353 2688 5410 habemus.
2715 5351 2790 5407 Ea
2823 5353 2878 5407 in
2907 5352 3082 5424 primo
3110 5351 3317 5408 Claudii
3347 5353 3562 5408 Gothici

2067 5471 2146 5542 μ)
2189 5468 2337 5524 llanc
2361 5469 2438 5523 rei
2471 5477 2635 5542 gest;
2659 5469 2878 5532 seriem,
2908 5465 3177 5534 paululum
3201 5467 3293 5542 _ab
3344 5466 3435 5542 illa
3481 5468 3566 5542 (ῃ-

1996 5536 2234 5606 versam,
2297 5553 2460 5609 quam
2516 5538 2794 5593 Gibbouus
2840 5551 3112 5609 nunquam
3168 5536 3287 5591 sine
3341 5538 3564 5609 honoris

1996 5607 2328 5681 prchatione'
2344 5609 2708 5681 nominandus
2745 5607 3093 5681 excogitavit,
3148 5622 3292 5681 nunc
3324 5608 3561 5681 demum,

1996 5678 2264 5802 editis!ab
2322 5679 2398 5735 ill.
2431 5679 2573 5736 Maio
2610 5678 2883 5749 excerptis
2929 5679 2994 5735 de
3041 5678 3326 5737 sententiis
3360 5679 3564 5733 consti-

1998 5760 2146 5802 tuere
2198 5760 2320 5802 scet.

1998 5760 2146 5808 tuere
2178 5760 2320 5807 tscet.
