4050 6330
534 385 638 455 6H

1566 386 1962 450 EXCERPTA
2003 387 2101 450 DE
2140 387 2726 455 LEGATIONIBUS.

3674 382 3771 446 612

536 504 671 570 Aug.
698 513 837 554 anno
859 496 1164 563 desinebat;
1191 496 1524 553 Athenarum
1548 508 1727 554 autem
1746 500 1948 554 cladem
1970 500 2108 571 Syn-
2140 506 2191 565 Α
2218 515 2411 571 capere
2443 504 2709 569 potuisset
2741 499 3122 569 breviloquens
3170 492 3439 553 annalium
3485 498 3645 563 ratio,
3682 502 3768 565 qui

531 595 727 659 celius,
758 592 848 661 qui
885 590 983 645 hoc
1032 590 1255 659 Dexippi
1300 606 1435 659 opus
1486 590 1716 662 legebat,
1743 594 1840 647 sub
1869 590 2111 648 Gallieno

532 684 824 754 contigisse
856 682 1018 737 refert
1051 699 1065 737 :
1103 698 1273 753 neque
1321 684 1364 737 si
1409 698 1525 737 eam
1572 700 1693 738 cum
1725 686 2108 742 continuatore

531 775 720 831 Dionis
750 776 851 847 (5),
890 790 1048 845 quem
1081 778 1319 831 Zonaras
1372 777 1640 845 sequitur,
1674 777 1890 831 biennio
1934 780 2110 833 serius

528 870 796 924 accidisse
827 876 1152 934 statuamus,
1180 880 1239 924 ut
1284 870 1375 924 illo
1428 870 1546 939 ipso
1580 868 1787 924 Claudii
1820 884 1965 925 anno
1996 871 2109 939 pri-

530 974 623 1016 mo
676 959 783 1015 269
846 960 1124 1024 acciderit,
1166 960 1452 1015 dillicultas
1502 962 1863 1030 expediretur.
1911 961 1985 1015 Ita
2016 971 2109 1015 aut

529 1050 838 1122 fingendum
882 1054 987 1108 erit
1041 1056 1276 1122 priorem
1346 1054 1618 1108 exstitisse
1676 1055 1989 1119 editionem,
2042 1056 2108 1109 de

526 1160 634 1215 qua
695 1159 853 1198 nemo
902 1145 1197 1215 quidquam
1260 1146 1501 1213 tradidit,
1548 1157 1641 1199 aut
1678 1147 2106 1214 concedendum,

527 1232 718 1289 laevam
760 1236 1038 1291 hominum
1073 1237 1125 1291 in
1148 1237 1445 1292 honoribus
1505 1238 1840 1292 :estimandis
1872 1250 2105 1293 mentem

527 1342 680 1393 eum,
715 1343 824 1397 quo
853 1331 919 1382 ad
954 1330 1214 1399 majorum
1241 1330 1464 1397 gloriam
1495 1331 1671 1385 elatus
1696 1339 1797 1396 est,
1826 1341 2106 1401 prepterea

536 1420 854 1489 neglexisse,
888 1422 1035 1489 quia,
1082 1422 1432 1475 tumultuarie
1490 1438 1517 1475 a
1565 1432 1889 1492 congregata
1929 1423 2112 1477 multi-

535 1512 721 1566 tudine
743 1511 993 1576 collatus,
1038 1511 1241 1565 nullum
1278 1514 1331 1566 in
1371 1513 1524 1567 lastis
1548 1514 1771 1567 urbanis
1811 1513 1987 1569 locum
2013 1513 2108 1568 ha-

530 1601 681 1655 beret
739 1620 752 1656 :
818 1603 1072 1659 librorum
1143 1604 1343 1657 fumant
1413 1603 1697 1669 extulisse,
1750 1618 1837 1659 res
1891 1602 2107 1659 fortiter

528 1701 711 1761 gestas
760 1694 974 1749 silentio
1030 1696 1441 1750 transmisisse:
1467 1724 1536 1737 -—-
1563 1711 1699 1762 rem,
1733 1704 1952 1767 propter
1989 1698 2108 1767 ejus

527 1785 628 1838 revi
679 1787 1018 1853 pravitatem,
1043 1787 1200 1857 plane
1228 1803 1329 1841 non
1358 1789 1755 1845 incredibilem.

2213 595 2325 648 fere
2346 592 2575 662 singulis
2606 594 2757 647 libris
2771 592 3025 648 sarculum
3041 587 3569 658 comprehendebant
3590 607 3605 653 ;
3639 592 3771 643 unde

2213 686 2516 741 Trebellius
2579 685 2750 741 Pollio
2808 684 2921 756 (ιο)
2976 683 3271 753 Dexippum
3328 689 3503 737 omnia
3560 682 3772 735 breviter

2211 788 2535 847 persecutum
2569 796 2699 842 esse,
2740 780 2975 847 scripsit.

2280 869 2367 924 lll.
2402 868 2509 925 Has
2558 871 2737 938 igitur
2788 869 2998 940 eclogas
3047 870 3110 923 de
3141 868 3493 939 legationibus
3532 866 3599 919 ad
3636 868 3776 920 Σκυ-

2212 961 2347 1017 θικὰ
2375 964 2649 1032 pertinere
2680 960 2790 1030 jam
2829 961 3048 1017 Vossius
3082 959 3352 1031 perspexit
3374 959 3509 1031 (ll),
3567 960 3775 1013 cadem-

2210 1068 2315 1124 que
2340 1069 2526 1107 earum
2563 1053 2699 1106 ratio
2741 1062 2823 1106 est
2869 1068 3004 1120 quas
3059 1067 3120 1105 ex
3174 1049 3331 1103 titulo
3386 1048 3453 1104 de
3497 1046 3776 1101 sententiis

2211 1141 2381 1195 edidit
2417 1141 2486 1193 ill.
2517 1141 2707 1194 Maius.
2741 1140 3021 1203 Σκυθικά,
3055 1141 3115 1192 de
3144 1137 3275 1191 bello
3296 1136 3537 1207 Scythico
3573 1147 3776 1190 vertere

2210 1235 2499 1298 debebam;
2538 1234 2788 1303 quoniam
2825 1233 2953 1286 illud
2984 1232 3316 1300 intelligiturI
3345 1232 3484 1300 quod
3505 1270 3519 1293 ,
3547 1237 3775 1298 ceptum

2208 1329 2312 1385 sub
2362 1329 2546 1393 Decio,
2605 1342 2774 1396 usque
2846 1328 2910 1379 ad
2964 1325 3241 1379 Aureliani
3290 1340 3475 1394 pacem
3543 1323 3772 1377 duravit.

2208 1423 2386 1492 Atque
2412 1422 2499 1476 hic
2523 1420 2742 1490 quidem
2772 1419 2961 1473 leviter
2986 1419 3135 1473 circa
3175 1419 3343 1471 verba
3387 1416 3569 1485 lapsus
3626 1430 3773 1480 sum;

2210 1511 2263 1568 in
2289 1528 2359 1569 eo
2386 1527 2577 1567 vereor
2629 1526 2698 1566 ne
2741 1511 2961 1580 gravius
3014 1509 3333 1574 erraverim,
3393 1507 3536 1576 qttod
3590 1521 3711 1575 quae
3747 1521 3775 1560 a

2207 1619 2261 1676 p.
2293 1604 2386 1665 29,
2424 1605 2457 1657 Ι.
2486 1604 2583 1669 20,
2619 1600 2684 1658 ad
2716 1618 2766 1670 ι).
2800 1602 2892 1669 Ξϐ,
2925 1602 2961 1657 l.
3000 1604 3057 1665 4,
3092 1602 3378 1665 habentur,
3409 1600 3654 1668 Dexippo
3681 1598 3774 1666 ipsi

2211 1698 2530 1760 tribuerem,
2562 1696 2715 1763 quasi
2746 1697 3050 1750 orationem
3079 1698 3145 1749 ad
3172 1696 3321 1750 cives
3355 1709 3480 1749 suos
3514 1694 3774 1757 habitam,

2208 1789 2299 1860 qui
2325 1790 2616 1843 temerario
2648 1789 2875 1843 consilio
2902 1788 3070 1842 muris
3095 1788 3277 1857 egredi
3318 1796 3371 1840 et
3397 1802 3517 1841 eum
3538 1787 3777 1840 hostibus

610 1878 787 1932 Vitam
840 1894 1012 1948 usque
1064 1880 1129 1932 ad
1189 1877 1349 1933 Probi
1407 1878 1765 1949 principatum
1830 1876 2099 1948 perduxit,
2133 1867 2175 1923 Β
2201 1873 2490 1952 conﬂigere
2518 1891 2795 1950 cuperent.
2815 1881 2927 1937 Non
2947 1880 3285 1935 attendcram
3313 1879 3387 1935 ill.
3413 1878 3542 1932 Maii
3570 1878 3755 1947 opinio

529 1986 657 2027 cum
676 1970 786 2038 jam
810 1970 910 2025 sub
947 1969 1232 2027 Valeriano
1263 1970 1546 2026 elaruisset
1575 1972 1671 2042 (6).

603 2066 829 2136 Dexlppi
856 2078 1042 2135 opera,
1069 2080 1190 2130 qua
1213 2064 1279 2119 ad
1303 2064 1585 2119 historiam
1607 2065 1970 2135 pertinebant,
2003 2064 2105 2121 tria

527 2160 659 2229 legit
704 2158 931 2213 Pltotius
959 2158 1037 2229 (7)
1068 2175 1083 2223 ;
1114 2156 1180 2211 de
1209 2159 1405 2228 quibus
1439 2158 1663 2228 singulis
1703 2159 1965 2228 agendum
1996 2169 2099 2215 est.

596 2251 639 2305 Ι.
675 2249 756 2304 Τὰ
789 2250 928 2321 μετὰ
971 2248 1344 2321 Ἀλέξανδρον,
1385 2249 1538 2306 libris
1585 2261 1816 2318 quatuor
1851 2266 2102 2321 compre-

527 2343 731 2409 hensa;
763 2357 828 2396 ex
872 2341 1067 2411 quibus
1110 2341 1449 2395 notissimam
1479 2344 1840 2411 satrapiarum
1879 2344 2103 2399 divisio-

527 2450 650 2491 item
684 2435 882 2489 recitat
934 2432 1186 2501 Photius;
1240 2433 1673 2504 scriptoremque
1703 2436 1754 2489 in
1792 2438 2101 2491 universum

523 2544 648 2585 cum
682 2528 915 2583 Arriano
952 2526 1265 2583 consentire
1290 2527 1463 2581 docet.
1501 2526 1583 2580 Ad
1630 2530 1770 2582 hanc
1798 2526 2105 2583 Macedon‘iv

524 2638 647 2678 cam
677 2618 960 2675 historiam
980 2617 1263 2674 referenda
1291 2634 1413 2674 esse
1441 2634 1561 2689 quae
1587 2620 1665 2674 ill.
1695 2620 1866 2675 Maius
1884 2622 2100 2677 iuventa

525 2713 581 2767 in
629 2712 834 2768 codicis
868 2710 1202 2783 palimpsesti
1259 2712 1473 2782 paginis
1529 2712 1618 2777 8|,
1670 2711 1762 2778 82,
1794 2713 1921 2779 100,
1978 2714 2099 2779 Nl,

524 2804 694 2860 edidit
724 2820 833 2859 uno
865 2804 1033 2858 verbo
1075 2803 1349 2858 monuisse
1389 2803 1455 2856 ad
1498 2805 1833 2872 probandum
1864 2805 2060 2862 snﬂicit
2087 2826 2099 2840 ο

524 2894 791 2967 siquidem
818 2894 994 2951 oratio
1021 2892 1327 2966 Hyperidis,
1360 2896 1474 2949 sive
1500 2907 1777 2967 assumpta
1807 2899 1923 2953 sive
1954 2900 2101 2967 ﬁcta,

523 2986 647 3041 belli
678 2986 915 3043 Lamiaci
944 2996 1155 3055 tempus
1175 2995 1405 3056 spectat.
1436 2987 1586 3041 Dicet
1620 2982 1850 3044 fertasse
1880 2990 2099 3060 aliquis,

524 3095 553 3133 a
588 3078 860 3146 Romana,
901 3092 1007 3133 non
1053 3075 1237 3133 dicam
1286 3077 1587 3150 Byzantina
1624 3079 1875 3145 historia,
1925 3082 2099 3137 aliena

2206 1983 2327 2029 nem
2386 1975 2521 2046 (l2).
2564 1975 2843 2043 epistolam
2892 1988 3053 2029 esse:
3088 1973 3173 2027 cui
3207 1980 3266 2026 ut
3313 1971 3514 2041 aliquid
3556 1970 3626 2025 de
3667 1984 3778 2025 meo

2204 2063 2473 2135 sdjieiam,
2506 2066 2701 2131 dicam,
2738 2079 2767 2117 a
2803 2064 3119 2133 magistratu
3153 2063 3395 2118 Romano
3446 2062 3673 2117 missam
3703 2061 3779 2117 vi-

2202 2155 2351 2225 deri;
2409 2158 2517 2212 imo
2563 2156 2631 2211 ab
2675 2155 2791 2225 ipso
2843 2153 3073 2209 fortasse
3127 2154 3475 2222 imperatore,
3555 2168 3683 2207 eum
3725 2165 3780 2207 se

2204 2263 2325 2303 cum
2382 2249 2552 2317 copiis
2596 2263 2720 2302 mox
2748 2246 3058 2301 adiuturum
3109 2246 3363 2298 nuntiare
3415 2244 3490 2313 (p.
3525 2243 3618 2307 i5,
3658 2241 3691 2295 l.
3718 2243 3778 2297 17

2207 2341 2385 2413 seqq.)
2440 2341 2741 2410 lectamque
2775 2355 2899 2396 esse
2931 2340 2981 2392 in
3020 2339 3285 2394 concione
3328 2338 3401 2406 (p.
3439 2338 3530 2401 ἒξ,
3589 2339 3629 2390 l.
3670 2336 3774 2405 18).

2205 2418 2411 2499 Deliis,
2442 2434 2489 2488 si
2524 2433 2663 2488 forte
2686 2433 2977 2502 aliquando
3024 2422 3227 2485 codicis
3270 2431 3461 2500 pagina
3505 2429 3611 2484 324
3666 2430 3775 2498 ple-

2205 2528 2381 2582 niuse
2411 2526 2573 2581 litura
2629 2527 2745 2580 erui
2797 2526 3052 2594 potuerit,
3107 2524 3313 2591 liquido
3363 2522 3778 2578 constabit:ac

2202 2631 2335 2676 tunc
2369 2620 2599 2675 fortasse
2630 2619 2913 2685 expeditur
2938 2620 3003 2673 de
3036 2633 3143 2686 quo
3169 2619 3384 2672 tandem
3431 2617 3638 2688 oppido
3661 2616 3777 2686 qui-

2205 2714 2413 2784 hosque
2447 2712 2655 2769 civibus
2693 2728 2871 2767 sermo
2898 2714 2989 2767 sit.
3015 2710 3168 2767 Nune
3212 2713 3265 2765 in
3296 2712 3345 2765 id
3379 2712 3650 2765 sententia
3698 2712 3776 2765 io-

2205 2807 2371 2861 cliuat
2400 2814 2457 2860 ut
2484 2807 2599 2861 haec
2634 2808 2699 2859 ad
2733 2806 2967 2875 primum
2995 2803 3294 2859 Gothorum
3349 2806 3645 2858 adventum
3681 2803 3777 2856 sub

2207 2900 2367 2955 Decio
2394 2900 2664 2970 pertinere
2687 2898 2935 2965 credam,
2963 2899 3120 2968 cujus
3151 2914 3341 2953 nomen
3379 2899 3431 2953 in
3469 2900 3773 2956 oblitterata

2206 2993 2293 3047 illa
2328 2991 2520 3063 pagina
2555 2990 2919 3061 conspicitur;
2945 2991 2997 3046 id
3021 2990 3166 3061 quod
3190 3005 3253 3046 eo
3284 2991 3598 3047 conﬁrmari
3636 2994 3778 3046 vide—

2204 3093 2292 3139 tur
2349 3083 2494 3154 quod
2546 3083 2611 3137 de
2665 3083 2823 3138 rebus
2879 3086 2943 3139 ad
2993 3085 3291 3154 Nicopolim
3349 3083 3551 3139 Moesia:
3609 3087 3777 3158 gesds

524 3182 633 3225 non
672 3170 926 3227 debuisse
956 3167 1269 3226 collectioni
1320 3181 1519 3226 nostrae
1556 3171 1725 3237 inseri
1758 3188 1773 3226 :
1802 3174 1943 3243 quod
1977 3176 2099 3245 qui-
2126 3215 2171 3276 Ο
2208 3178 2412 3232 mentio
2436 3176 2673 3245 injicitur
2699 3176 2774 3249 (p.
2806 3178 2897 3242 '25,
2922 3178 2955 3234 l.
2985 3178 3079 3245 2‘2,
3114 3178 3186 3234 cf.
3221 3177 3527 3251 Syncellum
3566 3195 3620 3248 p.
3655 3181 3773 3243 705,

522 3267 645 3320 dem
685 3261 887 3319 factum
918 3266 1157 3336 primum
1193 3264 1335 3320 mole
1376 3266 1566 3345 exigua
1598 3267 1790 3345 horum
1828 3267 2100 3340 fragmen-

523 3367 700 3412 torum
729 3356 1038 3423 defendam,
1068 3344 1668 3427 qumpe‘rparvumsibi
1698 3360 1876 3416 locum
1913 3376 2025 3432 post
2038 3379 2102 3417 u-

526 3450 682 3517 lant;
720 3462 843 3503 cum
872 3462 1081 3525 “tamen
1127 3446 1208 3500 vel
1243 3448 1361 3502 ideo
1395 3434 1537 3519 quod
1574 3450 1863 3521 Hyperidis
1906 3470 2099 3508 nomen

523 3564 635 3619 pra:
684 3534 742 3604 se
792 3548 974 3604 lerunt
1010 3546 1412 3619 pltilologorum
1479 3549 1735 3604 notitiam
1790 3554 2098 3611 merentur;

522 3644 777 3712 denique,
837 3642 887 3698 si
933 3641 1095 3697 aliter
1152 3642 1391 3698 {acerem
1451 3628 1933 3712 reprehensionem
1990 3651 2098 3691 non

520 3734 869 3803 effugissem;
905 3747 1030 3787 cum
1086 3732 1138 3786 in
1190 3732 1426 3788 editione
1454 3730 1699 3788 Romana
1726 3730 1939 3787 catenis
1981 3745 2101 3799 qua:

520 3842 551 3882 e
584 3827 823 3896 Dexippo
849 3835 1142 3896 supersunt
1176 3824 1475 3881 adhaerent.
1512 3824 1631 3892 Quo
1649 3825 1792 3879 enim
1825 3823 1981 3878 modo
2013 3824 2098 3889 iis,

518 3918 613 3988 qui
645 3931 766 3972 eam
796 3932 903 3997 non
938 3915 1218 3991 vidissent,
1256 3926 1513 3973 constare
1544 3926 1729 3987 posset
1766 3930 1851 3970 me
1879 3930 1983 3970 non
2022 3926 2099 3970 te-

521 4026 670 4067 mere
697 4010 1009 4066 indicasse?
1463 4068 1467 4071 Α

590 4101 655 4158 ll.
710 4102 987 4174 Χρονικὴν
1040 4102 1306 4173 ιστορίαν,
1365 4104 1482 4159 sive
1527 4100 1748 4157 annales
1788 4099 1886 4172 (8),
1936 4116 2095 4169 quam

506 4192 744 4252 'Photius
777 4196 1040 4266 σύντομον
1066 4197 1340 4267 ἱστορικόν
1389 4204 1563 4262 vocat,
1597 4210 1693 4265 per
1726 4193 2092 4267 Olympiadas,

520 4292 955 4360 archontumqne
991 4301 1048 4346 et
1084 4292 1367 4347 consutam
1410 4293 1582 4347 fastos
1619 4292 1687 4345 ab
1726 4293 1964 4346 historiae
1990 4293 2095 4347 ini-

521 4383 633 4447 tiis,
659 4382 880 4436 omissis
926 4391 1101 4437 tamen
1141 4382 1405 4438 fabulosis
1450 4360 1788 4453 primordiis,
1831 4397 2000 4453 usque
2027 4386 2093 4440 ad

516 4475 723 4531 Claudii
747 4474 964 4533 Gothici
992 4492 1190 4532 annum
1223 4479 1457 4549 primum
1506 4476 1761 4543 deducti,
1812 4479 2090 4553 praecipua

2206 3270 2239 3323 l.
2268 3269 2376 3337 12).
2427 3264 2579 3335 Quod
2611 3272 2655 3325 si
2687 3270 2759 3324 ita
2793 3271 2884 3337 sit,
2915 3270 3392 3343 Philippopolitaui
3424 3272 3637 3331 fuerint
3679 3291 3777 3346 op-

2205 3359 2383 3430 pidani
2414 3376 2443 3413 a
2470 3360 2725 3416 Barbaris
2748 3364 3121 3419 circumsessi.
3153 3362 3269 3419 Non
3294 3372 3475 3422 tamen
3505 3366 3775 3423 silendum

2203 3462 2285 3506 est
2320 3453 2482 3506 etiam
2508 3454 2607 3508 sub
2632 3454 2854 3508 Claudio
2884 3458 3021 3525 Aug.
3054 3456 3121 3510 ad
3167 3456 3465 3525 Nicopolim
3514 3473 3778 3529 prospere

2203 3543 2466 3599 adversus
2499 3542 2769 3601 Barbaros
2812 3553 3109 3617 pugnatum
3150 3548 3437 3617 esse(l3);
3489 3565 3600 3618 quo
3645 3560 3778 3605 tem-

2203 3646 2355 3702 pore,
2403 3643 2664 3703 quantum
2691 3635 2745 3691 in
2770 3646 2916 3690 tanta
2959 3640 3331 3693 narrationum
3365 3642 3779 3709 perturbatione

2202 3724 2380 3794 colligi
2404 3734 2601 3797 potest,
2634 3722 3023 3788 Thessalonica
3053 3744 3240 3787 eorum
3280 3731 3535 3801 impetum
3557 3733 3778 3792 fortiter

2202 3819 2486 3874 sustinuit.

2268 3909 2585 3968 Oratinsem
2614 3914 2866 3989 Dexippi,
2891 3917 3285 3990 scribendique
3316 3936 3506 3991 genus,
3566 3923 3776 3993 ingenti

2201 4005 2360 4059 laude
2392 4003 2553 4062 el'l'ert
2583 4007 2829 4073 Pbotius,
2866 4024 2930 4064 eo
2972 4027 3141 4081 usque
3163 4005 3220 4066 ut
3260 4010 3614 4084 Thucydidem
3658 4033 3776 4086 per-

2198 4097 2378 4165 spicue
2412 4096 2704 4168 loquentem
2738 4100 2912 4166 dicat;
2961 4117 3080 4175 qua:
3122 4105 3254 4158 mira
3293 4117 3374 4159 est
3415 4107 3511 4161 viri
3542 4109 3777 4178 pruden-

2186 4183 2270 4244 'tis
2318 4207 2345 4243 α
2391 4206 2522 4247 vero
2562 4193 2850 4250 aberratio.
2888 4193 3056 4253 Nemo
3105 4198 3248 4253 enim
3286 4200 3337 4253 in
3377 4216 3441 4255 eo
3476 4202 3770 4272 quidquam

2202 4291 2403 4352 praeter
2434 4284 2648 4337 inanem
2679 4286 2965 4355 degeneris
3017 4288 3113 4343 azvi
3171 4289 3445 4345 rhetorem
3491 4302 3768 4363 agnoscet,

2198 4382 2255 4428 ut
2288 4374 2486 4429 mirum
2520 4374 2591 4430 sit
2628 4378 2717 4443 qui
2753 4386 2859 4431 tam
2910 4379 3134 4447 puerilia
3180 4391 3438 4448 sectetur,
3488 4383 3634 4438 inter
3685 4399 3770 4439 res

2196 4466 2394 4522 arduas
2428 4470 2686 4535 positum,
2724 4484 2911 4539 magna
2937 4475 3188 4539 gessisse.

516 4567 661 4621 circa
724 4578 1032 4639 temporum
1090 4571 1356 4624 rationem
1408 4583 1537 4622 cura
1590 4569 1848 4625 adhibita.
1876 4562 2170 4629 ﬂorum!)
2267 4561 2397 4626 ουκ
2447 4565 2515 4617 de
2568 4562 2807 4635 Dexippo
2852 4574 3070 4621 exstant
3127 4566 3433 4622 testimonia
3488 4574 3767 4641 sequentia

516 4660 868 4717 duodeeituus
894 4660 1030 4717 liber
1074 4677 1104 4715 a
1149 4660 1427 4730 Stephano
1465 4662 1898 4733 ethulcographo
1949 4664 2087 4717 cita-

496 4763 602 4831 .tur
619 4750 718 4823 (9);
745 4752 837 4809 ubi
863 4751 1183 4809 ilerulorum
1211 4754 1416 4810 mentio
1439 4756 1745 4813 certissime
1771 4759 2088 4825 comprobat

512 4846 689 4901 locum
718 4845 807 4902 ‘de
840 4861 951 4915 quo
1003 4847 1182 4917 agitur
1236 4862 1342 4902 non
1388 4847 1623 4903 multum
1675 4848 1742 4904 ab
1772 4851 1952 4918 operis
1984 4849 2090 4904 line

514 4937 750 4992 abfuisse
780 4951 799 4990 :
825 4944 1039 4993 constat
1096 4938 1260 5007 igitur
1312 4939 1632 5011 scripturam
1676 4942 1758 4995 his
1806 4942 2086 4997 duodecim

517 5042 541 5078 ε
573 5025 781 5080 chartis
812 5039 975 5081 omne
1025 5040 1200 5082 aevum
1226 5026 1569 5097 explicuisse.
1612 5049 1632 5082 ι
1675 5030 1750 5085 Ex
1804 5031 1951 5086 hisce
1991 5046 2083 5085 an-

513 5115 724 5171 nalibus
758 5113 1072 5186 Syncellum
1102 5133 1439 5190 quaecunque
1474 5137 1504 5176 e
1538 5122 1775 5193 Dexippo
1811 5124 1971 5178 habet
1994 5139 2111 5193 pe-;

514 5207 665 5263 tiisse
729 5209 1107 5274 arbitror;at
1167 5210 1619 5268 Constantiniana
1670 5225 1921 5283 excerpta
1979 5209 2085 5270 illis

514 5313 733 5367 prorsus
762 5300 936 5355 aliena
968 5314 1091 5356 sunt
1126 5321 1139 5359 :
1179 5319 1355 5374 neque
1388 5307 1529 5361 enim
1553 5308 1792 5377 prolixus
1811 5308 2087 5363 orationes

510 5541 668 5671 ιλ(ιὲ
692 5542 985 5671 ξὶθεῗρὶοεὶε
1024 5562 1158 5616 quas
1199 5550 1272 5605 ill.
1327 5549 1494 5606 Maius
1534 5549 1700 5606 edidit
1734 5570 1745 5605 :
1788 5553 1908 5607 coll.
1960 5552 2080 5610 Vat.

561 5629 668 5761 ’(g).
692 5629 974 5761 2l‘i‘t'turiapius
1002 5688 1109 5742 vita
1137 5688 1423 5761 Porphyrii
1461 5692 1513 5747 in
1552 5693 1589 5748 Γ.

580 5754 661 5824 (7)
694 5754 823 5811 Cod.
849 5754 939 5812 82.
1243 5754 1307 5795 'i'

584 5825 661 5899 (8)
698 5826 995 5899 Eunapius,
1026 5843 1081 5901 p.
1112 5829 1205 5897 58,
1226 5830 1262 5885 l.
1295 5829 1348 5886 5.
1370 5830 1537 5903 Idem,
1566 5834 1672 5890 vita
1704 5833 1929 5905 Porph.,
1957 5833 1996 5893 l.
2036 5832 2075 5891 ι.

2193 4652 2308 4708 fere
2340 4663 2464 4708 sunt
2498 4669 2512 4707 :

2269 4747 2565 4806 INSCRIPTIO
2595 4748 2650 4804 in
2681 4766 2895 4821 corpore
2931 4748 3159 4806 Backkii
3197 4767 3251 4806 n.
3284 4753 3407 4811 580.
3482 4753 3491 4757 ’

2267 4842 2427 4897 Κατὰ
2486 4844 2547 4897 τὸ
2578 4843 2911 4915 ἐπερώτημα
2938 4845 3039 4915 τῆς
3072 4845 3131 4910 ἐξ
3181 4845 3388 4918 ’Δρεὶου
3424 4848 3597 4915 πάγου
3645 4849 3769 4920 βουο

2197 4936 2299 5009 λῆς
2357 4936 2454 4992 καὶ
2502 4938 2605 5009 τῆς
2670 4937 2869 5008 βουλῆς
2914 4938 3135 5010 trva
3186 4939 3281 4993 xui.
3310 4940 3401 5014 τοῦ
3434 4943 3604 5014 δήμου
3659 4943 3765 4995 τῶν

2189 5028 2515 5099 Ἀθηναίων,
2571 5030 2663 5084 τὸν
2690 5030 2935 5103 ἄρξαντα
2961 5032 3058 5103 τὴν
3118 5030 3211 5085 τοῦ
3269 5031 3534 5102 βασιλέως
3568 5034 3630 5087 ἐν
3670 5032 3765 5087 Θε-

2196 5122 2484 5192 σμοθέταις
2524 5120 2831 5195 animum.
2852 5123 3101 5194 ﬁpEavva‘
3120 5124 3218 5196 τὴν
3239 5126 3523 5198 ἐπώνυμον
3558 5130 3759 5201 ἀρχὴν,

2194 5218 2288 5270 καὶ
2326 5218 2921 5287 πανηγυριαρχὴσαντσ.
2971 5218 3068 5269 καὶ
3113 5219 3597 5289 ἀγωνοθετήσαντα
3654 5222 3763 5275 τῶν

2199 5307 2452 5380 μεγάλων
2507 5309 2926 5380 Παναθηναίων,
2963 5310 3172 5367 οἴκοθεν
3203 5313 3358 5383 ἱερέα
3388 5313 3629 5383 παναγῆ,
3662 5314 3762 5368 [Mc

2260 5556 2343 5629 (9)
2378 5556 2443 5629 S.
2471 5573 2519 5612 ν.
2563 5560 2831 5629 Ἐλουροι.

2265 5628 2378 5695 (l0)
2409 5628 2672 5684 Gortliati.
2701 5629 2755 5682 Ξ.

2264 5697 2377 5770 (ll)
2412 5700 2486 5770 De
2520 5700 2710 5770 histor.
2749 5699 2950 5770 Graec”
2979 5715 3033 5770 p.
3061 5700 3188 5756 242.

2257 5769 2370 5840 (te)
2411 5768 2565 5840 [rash
2590 5771 2677 5840 ad.
2708 5770 2829 5840 coll.
2870 5768 3042 5825 Vatic.
3069 5772 3134 5835 ll,
3177 5788 3230 5840 p.
3262 5788 3444 5831 xxvm.

2258 5841 2280 5909 ί
2288 5838 2371 5908 15)
2410 5836 2642 5895 Trebell.
2670 5839 2858 5907 Pollio,
2884 5840 3072 5897 Claud.
3105 5836 3189 5897 12.
