4048 6338
241 202 365 273 βιτ

1666 206 2089 270 ΡΒίΕΕΑΤῐΟ.

3406 205 3514 266 618

252 316 579 389 dignitatem
607 315 781 388 patris
809 313 1121 379 obtinebat;
1141 330 1265 372 mox
1294 316 1839 392 comeslargitionum
1867 325 1918 384 Α
1945 319 2127 390 petita:
2156 317 2356 390 eclogze
2385 318 2439 375 in
2483 327 2712 390 utroque
2734 319 2894 376 titulo
2925 319 2992 376 de
3029 317 3392 386 legationibus
3416 331 3516 373 ex-

251 409 439 464 faetus
483 419 650 480 atque
693 423 747 462 a.
791 406 917 476 576,
975 409 1043 466 ad
1085 407 1283 466 Persas
1335 411 1538 468 missus
1587 411 1832 482 cst(27).

247 499 632 557 Christianum
683 500 855 556 fuisse
909 491 1129 556 Petrum
1183 502 1349 558 dubio
1398 512 1550 558 caret
1583 520 1600 558 :
1637 504 1837 573 quippe

248 595 348 663 qui
389 596 444 649 in
475 593 748 664 legatione
775 591 993 648 Persica
1025 601 1083 647 ttt
1106 593 1344 649 natalem
1392 594 1593 650 Christi
1626 594 1834 651 Domini

246 685 731 756 Epiphaniamqne
769 685 1090 751 celebraret.
1148 686 1453 742 substiterit
1493 686 1629 758 (28),
1674 695 1838 756 atque

244 793 381 834 cum
419 777 614 850 Vigilio
642 779 789 850 Papa
827 779 894 835 de
924 779 1084 834 rebus
1116 793 1238 851 qua:
1284 779 1352 837 ad
1384 781 1636 852 dogmata
1666 780 1836 850 perti-

244 879 392 926 nent
428 871 619 940 egerit.

325 960 441 1018 Hie
469 961 673 1018 Petrus
698 961 839 1016 inter
883 974 1092 1017 ceteros
1136 959 1441 1016 incredibili
1479 961 1707 1030 quadam
1736 961 1837 1020 Ilo-

246 1055 367 1110 ruit
392 1054 554 1110 laude
583 1063 640 1109 et
673 1053 842 1124 gloria
879 1052 1078 1123 :eujus
1110 1053 1186 1108 rei
1220 1054 1522 1109 testimonia
1561 1053 1697 1109 infra
1740 1069 1838 1125 po-

245 1147 362 1202 sui.
391 1144 600 1200 Praeter
630 1143 1020 1212 eloquentiam,
1064 1152 1226 1213 atque
1267 1145 1481 1198 unicam
1513 1143 1567 1199 in
1614 1160 1839 1214 persua-

227 1219 441 1293 dendo
475 1236 603 1299 vim,
634 1248 899 1289 summam
934 1233 988 1287 in
1017 1233 1178 1289 rebus
1196 1233 1494 1290 tractandis
1535 1234 1834 1301 solertiam,

247 1329 607 1400 diligentiam
647 1326 996 1392 indefessam,
1028 1325 1204 1394 legum
1225 1326 1584 1396 cognitionem
1618 1342 1841 1384 accura-

249 1419 558 1484 tissimam,
625 1417 982 1475 eruditionem
1032 1403 1397 1486 amnigenam,
1450 1417 1500 1474 ei
1559 1419 1834 1485 tribuunt;

248 1524 372 1568 tum
409 1528 542 1568 vero
568 1527 838 1567 amomum
885 1513 1180 1582 ingenium,
1223 1515 1516 1583 mitemque
1543 1513 1784 1567 animum
1821 1532 1834 1567 :

245 1605 300 1660 in
325 1620 447 1676 quo
484 1619 606 1660 eum
633 1604 794 1660 unico
842 1604 996 1675 cujus
1043 1604 1204 1659 verba
1233 1604 1299 1659 ad
1337 1618 1436 1660 nos
1475 1613 1838 1674 pervenerunt

1943 418 2087 467 stant
2115 426 2131 465 :
2175 426 2406 481 quarum
2451 413 2627 482 prima
2662 412 2726 465 ad
2755 410 3040 481 imperium
3069 397 3294 475 Tiberii,
3326 410 3516 466 ultima

1942 504 2010 560 ad
2039 520 2130 560 res
2167 519 2196 558 a
2219 502 2464 570 “Iuliano,
2491 504 2667 560 adhuc
2693 505 2932 572 Caesare,
2962 506 3064 561 sub
3085 505 3343 574 auspiciis
3371 504 3515 560 Con-

1945 594 2130 650 stantii
2156 594 2210 649 in
2257 593 2428 650 Gallia
2478 605 2657 664 gestas
2710 595 2964 664 pertinet.
3028 593 3183 661 Quod
3209 593 3254 651 si
3287 594 3514 650 ulterius

1943 697 2260 756 progressus
2288 693 2452 748 esset,
2489 686 2535 740 is
2565 684 2660 754 qui
2683 686 2900 754 eclogas
2938 685 3175 741 confecit
3201 702 3309 741 non
3339 687 3514 758 magis

1947 776 2001 830 in
2028 775 2191 831 Petro
2230 791 2394 846 quam
2441 777 2494 832 in
2539 777 2751 832 caeteris
2795 777 3042 832 ultimam
3081 778 3263 848 operis
3307 788 3514 850 partem

1946 867 2294 940 neglexisset.
2360 867 2546 938 Itaque
2591 883 2713 924 eum
2748 871 2908 925 linem
2955 869 3149 926 fecisse
3199 872 3289 925 ubi
3326 870 3516 926 Euna-

1943 961 2066 1031 pius
2095 976 2183 1017 res
2210 961 2366 1032 plene
2384 975 2611 1016 narrare
2635 961 2930 1032 incipiebat
2957 977 3063 1017 non
3092 962 3299 1019 dubito.
3317 960 3517 1018 Verum

1945 1050 2000 1105 in
2031 1065 2141 1120 quo
2177 1061 2418 1122 tempore
2444 1050 2689 1107 historia:
2728 1065 2843 1107 suae
2884 1052 3098 1108 initium
3147 1052 3516 1118 consuluerit,

1943 1153 2007 1195 ea
2039 1141 2264 1210 quaestio
2292 1155 2398 1195 non
2420 1155 2575 1212 aeque
2615 1150 2767 1196 certe
2799 1142 3042 1212 expediri
3070 1149 3250 1212 potest
3277 1154 3294 1196 :
3330 1157 3520 1214 regum

1948 1242 2125 1288 tamen
2173 1233 2441 1303 liberique
2476 1233 2658 1305 populi
2701 1232 2932 1290 Romani
2963 1244 3202 1306 tempora
3250 1243 3519 1292 tractasse

1944 1339 2052 1379 non
2112 1325 2468 1392 crediderim;
2505 1341 2626 1379 cum
2677 1335 2898 1397 propter
2937 1327 3247 1394 eclogarum
3291 1343 3357 1383 ex
3391 1329 3520 1383 uni-

1943 1427 2103 1469 verso
2144 1414 2249 1470 hoc
2296 1426 2540 1486 tempore
2586 1415 2878 1483 defectum,
2907 1427 3019 1472 tum
3057 1418 3184 1487 quia
3213 1433 3321 1473 non
3359 1419 3520 1475 video

1944 1504 2074 1574 quid
2116 1505 2390 1562 hominem
2437 1506 2796 1578 Byzantinum
2842 1509 3119 1578 impellere
3166 1512 3402 1581 potuerit
3449 1513 3520 1567 ad

1943 1594 2226 1649 scribenda
2273 1611 2415 1666 qum,
2452 1605 2512 1652 ut
2556 1598 2788 1668 quisque
2835 1598 3099 1668 prolixius
3149 1613 3243 1656 aut
3301 1602 3521 1659 brevius

244 1698 633 1754 obtrectatore
653 1696 766 1766 (29)
795 1696 868 1750 ita
900 1697 1170 1752 consentit
1202 1696 1346 1750 Petri
1395 1696 1568 1752 cliens
1599 1693 1840 1752 Joannes
1871 1735 1914 1789 Β
1947 1696 2479 1789 ηδττθιεῇίιυωτθτθι
2503 1727 2521 1754 ο
2571 1692 2728 1761 νυιεο
2781 1691 3217 1748 illveniebanlur.
3265 1692 3380 1749 Non
3435 1705 3522 1751 ta-

246 1788 468 1860 Lydns,
525 1800 583 1843 ut
627 1788 731 1842 hoc
803 1797 951 1842 certe
1004 1797 1214 1842 constet
1270 1787 1589 1842 benevolum
1642 1786 1837 1856 fuisse,

248 1881 604 1948 liberumque
633 1881 698 1934 ab
721 1880 870 1934 omni
904 1880 1235 1949 arrogantia.
1263 1878 1441 1933 Etiam
1457 1887 1582 1950 post
1607 1888 1837 1934 mortem

247 1985 279 2023 ε
302 1969 552 2040 Corippo
596 1967 718 2021 boni
760 1970 1082 2038 cognomine
1131 1968 1426 2039 insignitur
1455 1968 1593 2040 (50),
1622 1977 1682 2023 ut
1708 1968 1838 2025 olim

253 2064 376 2118 Rex
414 2064 622 2117 Ancus.
653 2063 781 2128 Quae
820 2070 998 2116 tamen
1033 2060 1261 2116 virtutes
1305 2077 1410 2116 non
1453 2063 1673 2117 obstant
1707 2078 1843 2132 quo-

249 2155 446 2209 minus
481 2168 610 2210 vere
644 2153 938 2222 Procopius
980 2154 1027 2207 ei
1057 2154 1386 2223 exprobrare
1415 2155 1649 2224 potuerit
1692 2154 1842 2208 fura-

247 2244 545 2302 eissitnum
577 2245 768 2311 fuisse,
807 2257 969 2316 atque
1008 2245 1317 2315 inexplebili
1347 2245 1658 2300 divitiarum
1687 2246 1841 2315 cupi-

250 2338 436 2392 ditate
485 2336 766 2393 incensum
794 2335 907 2409 (5|)
939 2335 1209 2391 :avaritia
1256 2336 1400 2391 enim
1445 2337 1584 2407 apud
1607 2337 1844 2394 Orientis

252 2430 516 2499 pepulos,
571 2430 637 2483 ad
684 2431 1000 2486 servitutem
1050 2427 1350 2499 prolapsos,
1387 2443 1626 2499 persaepe
1677 2429 1841 2483 etiam

253 2523 508 2577 virorum
545 2523 764 2576 minime
793 2522 1052 2578 malorum
1079 2521 1285 2577 animos
1317 2521 1525 2575 invadit
1565 2538 1578 2574 :
1611 2537 1839 2590 quormn

250 2614 486 2670 bonitas
536 2627 603 2670 eo
656 2624 868 2670 tantum
912 2615 1106 2680 elucet,
1157 2613 1300 2684 quod
1330 2627 1504 2684 neque
1550 2613 1846 2669 crudeliter

255 2715 428 2776 agunt
456 2719 800 2761 nummorum
838 2719 1022 2772 causa,
1060 2718 1234 2774 neque
1262 2702 1354 2774 jus
1386 2703 1626 2760 violant:
1659 2704 1848 2774 quales

254 2808 390 2853 sunt
413 2796 530 2852 fere
557 2798 602 2852 si
636 2797 729 2866 qui
763 2797 904 2852 inter
929 2797 1136 2877 Tttreas
1175 2796 1277 2852 viri
1305 2796 1430 2852 boni
1477 2796 1750 2852 dicuntur.
1789 2797 1847 2850 In

255 2906 372 2961 quo
422 2903 621 2961 genere
655 2889 861 2944 illustre
905 2888 1212 2958 exemplum
1259 2897 1380 2944 erat
1413 2889 1675 2944 memoria
1730 2901 1847 2943 mea

255 2978 668 3036 Mohammedes
690 2992 877 3054 senex,
908 2977 1136 3049 Algeria:
1160 2985 1399 3040 satrapa.
1435 2975 1578 3030 Nihil
1602 2976 1702 3031 hoc
1737 2977 1849 3031 viro

257 3073 476 3136 mitius,
498 3069 720 3139 ejusque
750 3071 854 3126 fide
884 3071 1002 3124 data
1021 3069 1154 3125 nihil
1182 3069 1422 3126 sanctius
1449 3086 1463 3123 :
1493 3079 1549 3123 at
1574 3069 1714 3123 idem
1741 3085 1844 3125 non
1874 3088 1919 3148 ρ
1952 3093 2073 3133 esse

257 3167 442 3224 solum
467 3165 567 3220 nisi
593 3181 778 3235 pacem
808 3166 874 3221 ab
891 3179 957 3221 eo
970 3164 1314 3230 redemisses,
1336 3165 1615 3236 piraticam
1630 3176 1850 3220 exerce-

260 3261 393 3324 bat;
429 3258 761 3329 violataque,
795 3259 914 3312 sine
944 3272 1041 3311 sua
1072 3257 1250 3328 culpa,
1272 3272 1426 3328 pace,
1454 3259 1699 3324 gavisum
1729 3271 1850 3312 esse

261 3350 472 3415 credo;
510 3364 692 3403 vermn
718 3351 879 3403 etiam
907 3348 1152 3419 quotidie
1199 3363 1296 3418 per
1337 3363 1621 3420 vesperam
1670 3347 1850 3402 aureis

262 3441 626 3498 numerandis
652 3457 712 3497 se
737 3442 1059 3497 delectabat.
1089 3439 1433 3497 Prtedivitem
1482 3450 1631 3498 certe
1681 3439 1851 3496 fuisse

261 3537 491 3591 Petrum
535 3534 660 3588 inde
715 3534 1040 3603 colligimus,
1085 3535 1228 3606 quod
1277 3533 1453 3588 insula
1499 3531 1765 3598 Acenitis,
1797 3532 1848 3585 in

260 3644 372 3699 qua
414 3627 557 3683 cotis
583 3626 779 3683 fodinae
830 3630 1249 3694 exercebantur,
1302 3627 1513 3696 integra
1550 3641 1648 3696 pro
1683 3624 1850 3679 fundo

261 3721 335 3776 ad
365 3735 491 3774 eum
533 3719 840 3791 pertinebat
874 3719 1009 3793 ('52).
1057 3720 1256 3776 Eadem
1308 3718 1590 3773 servitutis
1634 3715 1848 3770 miseria

265 3814 420 3868 virus
447 3813 696 3883 quamvis
753 3811 923 3867 bonos
969 3802 1364 3880 immanissima
1407 3809 1665 3883 principis
1700 3808 1848 3878 jussu

266 3923 368 3977 pro
395 3904 638 3960 numinis
672 3904 912 3960 oraculis
958 3905 1182 3974 exsequi
1216 3905 1382 3975 cogit,
1422 3903 1579 3974 quasi
1609 3901 1739 3957 nihil
1764 3917 1851 3956 ar-

271 3998 441 4052 bitrio
483 4011 582 4051 suo
612 3995 863 4051 relictum
885 3997 957 4051 sit
992 4011 1007 4049 :
1045 3997 1228 4067 itaque
1269 4009 1583 4051 asseverare
1620 4009 1726 4050 non
1752 4009 1849 4047 au-

270 4091 458 4145 derem
516 4088 842 4144 calumniam
888 4103 1009 4143 esse
1064 4086 1312 4156 Procopii
1349 4085 1624 4142 narrantis
1674 4084 1852 4140 Theo-

275 4183 551 4238 dahadmn
581 4198 611 4239 a
636 4183 797 4240 Petro
817 4182 883 4238 ad
907 4179 1312 4238 Amalasunthae
1345 4194 1532 4235 necem
1569 4178 1848 4233 incitatum

275 4292 396 4333 esse
427 4278 582 4349 (53):
623 4278 722 4333 nisi
766 4291 928 4334 causa
984 4290 1148 4347 quam
1207 4273 1368 4329 affert
1420 4289 1519 4328 cur
1568 4271 1849 4328 Thcodora

279 4369 506 4427 exitium
531 4369 767 4424 infelicis
791 4369 990 4440 regina
1018 4366 1326 4423 machinata
1341 4375 1486 4420 esset
1516 4374 1624 4419 tam
1659 4379 1849 4434 parum

278 4462 553 4516 credibilis
591 4461 754 4526 foret,
787 4474 843 4514 ut
879 4464 979 4517 hoc
1021 4475 1241 4529 quoque
1286 4460 1489 4514 crimen
1548 4457 1850 4513 maledictis

279 4571 490 4610 vesana:
513 4556 860 4624 impudentia:
887 4555 1159 4611 aceenseri
1196 4566 1355 4624 posse
1382 4552 1670 4609 confidam.

345 4649 511 4704 Petro
555 4648 798 4705 Patricio
849 4646 1048 4703 Suidas
1105 4645 1344 4718 ἱστορίας
1409 4644 1595 4701 tribuit
1641 4659 1657 4699 :
1707 4643 1848 4698 unde

369 4808 462 4883 27)
491 4807 626 4883 Yide
656 4806 1035 4883 Valesiumad
1062 4823 1115 4876 p.
1144 4804 1270 4883 3I9,
1388 4805 1478 4860 ed.
1712 4872 1761 4883 Π
1802 4874 1812 4883 _

370 4872 464 4950 28)
493 4879 626 4933 Ibid.
662 4890 716 4946 p.
748 4880 872 4950 594,
892 4872 1157 4950 2i,se'q.,_
1181 4879 1268 4946 qui
1300 4878 1482 4950 locus,
1506 4877 1572 4930 ab
1608 4874 1682 4929 ill.
1712 4872 1852 4950 Maio

279 4943 714 5020 animadversus,
769 4948 1003 5005 Fabricii
1051 4943 1403 5020 diligentiam
1457 4946 1687 5020 fugerat
1747 4943 1855 4998 Sed

280 5036 479 5076 nomen
512 5018 658 5074 Petri
697 5022 763 5073 ad
813 5035 922 5076 rem
949 5014 1283 5088 probandam
1336 5014 1547 5088 parum:
1581 5014 1850 5088 efﬁceret:

281 5091 523 5146 Joannes
562 5090 704 5144 enim
734 5090 912 5164 Lydus
939 5086 1025 5164 vix
1061 5089 1281 5164 nomine
1320 5086 1476 5164 tenus
1513 5086 1855 5164 Christianus

280 5165 412 5226 fuit;
447 5177 624 5231 neque
651 5177 716 5216 eo
746 5155 916 5231 magis
962 5160 1200 5216 Joannes
1243 5158 1492 5231 Stobaeus
1527 5172 1546 5231 A:
1585 5155 1842 5231 Iacobum

283 5226 799 5306 medicummatione
811 5226 1092 5306 A'cltivum,
1109 5245 1372 5306 paganum
1394 5229 1645 5306 religione
1659 5226 1843 5306 fuisgf,

283 5304 482 5358 diserte
513 5313 702 5356 narrat
742 5294 1087 5358 Marcellinus
1111 5294 1164 5355 in
1181 5294 1398 5354 illtrott.
1446 5294 1566 5354 sub.
1617 5314 1668 5350 a.
1712 5294 1842 5349 462.

352 5373 465 5441 (‘29)
522 5371 820 5444 Pt'oeopius
854 5374 1118 5444 Anecdot.
1167 5370 1238 5424 2i
1263 5410 1278 5435 ,
1325 5386 1380 5441 p.
1425 5370 1536 5425 70:
1569 5369 1750 5439 11ρᾶος
1781 5361 1850 5436 ἦν

286 5448 378 5498 ut
404 5447 479 5506 ὡς
512 5443 712 5513 ἥκιστα
734 5443 896 5512 ὑδρίζ
901 5461 980 5496 ειν
1003 5443 1177 5504 εἰδώς.

351 5514 463 5586 (50)
486 5511 755 5586 Cur-ippus
772 5511 863 5586 De
885 5514 1035 5569 laud.
1065 5513 1208 5569 Just.
1239 5511 1278 5571 I.
1297 5511 1387 5570 24.

359 5582 466 5655 (5|)
506 5582 737 5653 Procnp.
769 5585 802 5638 I.
833 5582 872 5640 I.

357 5651 466 5728 (⁸52)
505 5651 828 5711 Hermolaus
853 5659 905 5710 in
930 5654 1172 5710 Ethnicis
1187 5653 1446 5725 Stephani
1468 5670 1512 5710 s.
1544 5651 1854 5710 v.‘Ar.6vat.

608 5755 884 5816 Ρλτιοι.
930 5753 1048 5815 Gn.
1102 5752 1322 5817 CXIII.

1944 1792 2066 1833 men
2094 1792 2124 1832 a
2175 1775 2396 1834 Tiberio
2425 1779 2711 1850 incepisse,
2755 1812 2827 1822 ——-
2871 1783 2924 1838 id
2968 1785 3112 1854 quod
3141 1799 3238 1853 per
3277 1800 3340 1840 se
3369 1770 3545 1840 omni.

1941 1881 2153 1924 careret
2172 1869 2572 1940 probabilitate,
2603 1904 2674 1919 -ρ
2695 1875 2788 1931 sed
2805 1875 2919 1943 jam
2940 1876 3010 1931 de
3034 1876 3296 1947 Augusto,
3322 1879 3520 1933 trium-

1939 1962 2257 2034 viratusque
2290 1974 2534 2036 tempore
2560 1969 2756 2038 egisse,
2788 1970 3024 2040 probant
3059 1968 3360 2042 fragmenta
3395 1987 3518 2043 qua:

1942 2057 2190 2114 inlibello
2217 2057 2572 2129 Seguieriano
2595 2063 2660 2117 de
2685 2063 2898 2131 syntaxi
2931 2063 3110 2118 inveni
3141 2064 3279 2134 (δι).
3329 2063 3406 2119 Ex
3432 2065 3521 2122 his

1940 2149 2169 2204 altermn
2203 2153 2343 2220 apud
2391 2152 2616 2208 Dionem
2656 2152 2902 2209 Cassium
2927 2155 3117 2210 iisdem
3149 2171 3316 2226 prope
3343 2157 3523 2214 verbis

1941 2243 2140 2311 legitur
2161 2243 2294 2314 (55),
2326 2243 2468 2313 quod
2495 2245 2562 2301 de
2595 2245 2665 2301 fr.
2691 2246 2745 2311 4,
2776 2247 2830 2316 5,
2854 2262 2908 2318 p.
2931 2248 3057 2313 I25,
3087 2250 3174 2305 ed.
3207 2250 3290 2318 Β..
3323 2251 3520 2308 collata

1943 2338 2102 2408 legat.
2155 2335 2268 2401 LII,
2330 2351 2385 2407 p.
2418 2337 2519 2392 401
2583 2338 2784 2404 Ursini,
2835 2343 3145 2398 observavit
3202 2343 3453 2400 Valesius
3501 2361 3516 2399 :

1945 2427 2088 2482 unde
2137 2428 2456 2496 conjectura
2497 2439 2643 2486 certa
2697 2433 2873 2488 oritur
2927 2433 3149 2491 Petrum
3195 2437 3325 2491 nihil
3373 2438 3521 2493 aliud

1944 2535 2107 2588 quam
2139 2519 2328 2576 Dionis
2358 2522 2684 2578 breviarium
2728 2526 3034 2582 confecisse
3064 2537 3334 2598 quatenus
3362 2529 3522 2598 hujus

1945 2611 2173 2668 historia
2199 2623 2430 2681 pateret.
2455 2614 2573 2670 Iam
2602 2631 2727 2672 vero
2749 2631 2870 2672 cum
2912 2621 3258 2677 continuator
3302 2621 3520 2686 Dionis,

1945 2704 2100 2772 cujus
2131 2707 2347 2776 eclogas
2375 2707 2452 2761 ill.
2483 2706 2654 2764 Maius
2679 2710 2730 2764 in
2765 2711 2918 2766 titulo
2948 2712 3016 2768 de
3049 2713 3337 2770 sententiis
3370 2713 3522 2770 inve-

1949 2799 2050 2864 nit,
2081 2809 2341 2869 quantum
2378 2801 2552 2870 spatia
2581 2802 2756 2857 metiri
2789 2803 2936 2869 licet,
2967 2795 3077 2858 non
3117 2805 3346 2860 multum
3379 2806 3520 2861 infra

1946 2891 2363 2949 Constantinum
2407 2894 2478 2948 Μ.
2509 2894 2877 2963 descenderit,
2924 2912 3028 2952 non
3083 2900 3370 2954 temeraria
3420 2901 3522 2955 ha-

1951 2985 2235 3042 riolatione
2263 2987 2395 3042 mihi
2423 2985 2667 3058 persuasi
2696 3001 2818 3042 eum
2855 3003 2961 3044 non
2994 2988 3268 3045 diversum
3297 3005 3327 3045 a
3359 2991 3522 3047 Petro

2129 3095 2144 3132 :
2200 3079 2267 3133 ad
2326 3095 2487 3150 quam
2538 3079 2860 3135 firmandam
2918 3081 3160 3138 nonnihil
3219 3081 3532 3151 accederet,

1951 3171 1996 3221 si
2031 3169 2371 3238 exploratum
2422 3179 2568 3226 esset
2631 3172 3020 3240 imperatorum
3072 3176 3294 3230 nomina
3324 3177 3521 3246 quibus

1952 3260 2054 3314 ista
2087 3262 2229 3331 apud
2285 3261 2482 3323 Maium
2531 3278 2629 3332 pro
2698 3264 2967 3321 lemmatis
3012 3265 3420 3339 distinguuntur
3461 3270 3518 3324 in

1951 3353 2137 3408 codice
2167 3354 2247 3410 sic
2277 3355 2449 3424 posita
2480 3368 2614 3411 esse.
2649 3374 2662 3412 :
2707 3372 2831 3413 nam
2875 3359 3065 3415 eadem
3096 3363 3306 3419 ratione
3339 3379 3524 3436 gram-

1953 3446 2182 3500 maticus
2223 3446 2316 3500 ille
2358 3447 2450 3517 qui
2505 3449 2573 3503 de
2615 3451 2829 3520 syntaxi
2887 3451 3124 3522 Scripsit,
3186 3454 3333 3510 Petri
3387 3471 3526 3526 opus

1955 3536 2009 3589 in
2050 3544 2230 3606 partes
2265 3537 2578 3594 distinctum
2612 3540 2818 3595 invenit
2857 3558 2874 3596 :
2922 3556 3072 3600 certe
3112 3560 3217 3600 non
3262 3545 3522 3601 librorum

1953 3628 2220 3696 numeris;
2253 3644 2409 3701 quos,
2441 3641 2495 3686 ut
2528 3646 2742 3701 semper
2769 3633 2924 3698 alias,
2956 3637 3242 3705 posuisset.

2026 3719 2294 3776 Prreterea
2336 3723 2477 3778 idem
2509 3724 2705 3779 Suidas
2756 3725 2916 3782 Petro
2946 3742 3078 3798 Opus
3111 3731 3251 3798 Περὶ
3297 3734 3526 3786 πολιτι-

1953 3810 2511 3882 κῆςκαταστάσεως
2548 3817 2772 3874 ascribit
2814 3836 2826 3874 :
2878 3824 3020 3890 quod
3075 3821 3153 3876 ill.
3197 3820 3367 3878 Maius
3405 3824 3523 3880 illos

1954 3905 2207 3976 anonymi
2239 3906 2518 3976 scriptoris
2547 3909 2614 3964 de
2637 3925 2694 3966 re
2727 3912 2937 3980 publica
2976 3912 3220 3985 dialogos
3247 3930 3367 3974 esse
3390 3933 3524 3973 eon-

1948 3996 2090 4065 jicit,
2125 4014 2352 4068 quorum
2384 3997 2608 4058 Photius
2639 4003 2759 4058 cod.
2797 4003 2865 4058 37
2897 4004 3161 4073 meminit,
3198 4009 3308 4077 ipse
3339 4015 3520 4067 autem

1956 4105 1986 4144 e
2036 4090 2386 4160 palimpsesto
2446 4092 2706 4148 Vaticano
2768 4095 2942 4167 ampla
2996 4096 3166 4153 edidit
3222 4100 3522 4172 fragmenta

1955 4181 2099 4250 Περὶ
2154 4180 2475 4251 πολιτικῆς
2525 4181 2862 4253 ἐπιστήμης
2925 4184 3205 4257 inscripta.
3261 4185 3519 4258 Equidem

1955 4273 2324 4343 inscriptionis
2361 4274 2728 4329 diversitatem
2793 4277 3063 4344 omittam,
3104 4293 3277 4350 neque
3315 4282 3523 4352 negabo

1955 4364 2118 4421 Petro
2148 4365 2359 4436 placere
2386 4367 2623 4437 potuisse
2645 4375 2701 4423 ut
2728 4367 2894 4424 libros
2919 4369 3037 4426 sine
3058 4371 3274 4428 nomine
3298 4373 3518 4430 ederet:

1957 4466 2195 4512 attamen
2243 4460 2329 4512 vix
2374 4459 2632 4515 credibile
2664 4458 2878 4515 videtur
2908 4476 3020 4516 rem
3068 4461 3246 4518 Suida:
3278 4479 3522 4536 compor-

1959 4559 2067 4605 tam
2119 4552 2279 4607 docto
2316 4552 2639 4622 curiosoque
2687 4549 2881 4609 Photio
2923 4569 3026 4610 non
3075 4555 3397 4622 innotuisse;
3429 4569 3523 4612 aut

1956 4650 2170 4708 contra,
2218 4641 2443 4697 Suidam
2485 4642 2547 4698 si"
2628 4642 2700 4725 tio
2747 4647 3031 4701 transiisse
3076 4645 3203 4701 illud
3247 4661 3382 4717 opus
3415 4663 3522 4719 quo

2025 4799 2136 4870 (aa)
2169 4798 2372 4854 Anecd.
2404 4801 2491 4863 ιδ,
2537 4815 2590 4870 p.
2613 4799 2702 4856 47.

2024 4873 2133 4941 (3i;-
2179 4870 2252 4923 Ea
2287 4872 2456 4941 posita
2490 4882 2616 4926 sttnt
2648 4871 2808 4936 infra,
2835 4873 2944 4930 col.
2985 4874 3112 4929 673.

2025 4927 2141 5016 (‘55)
2175 4927 2364 5016 PetFus
2395 4958 2441 5016 :_
2460 4943 2704 5016 i'Arre't'Eei
2736 4927 2861 5010 coici
2880 4927 3208 5013 ’βὸυλὲύέαἷς
3262 4946 3520 5016 ἰκδημιίν

1955 5013 2062 5079 ἔξω
2103 5011 2356 5086 Ἰταλίαςτ
2409 5011 2506 5086 Dio
2542 5011 2769 5086 LIIBM,
2815 5011 3032 5086 tta-695,
3058 5018 3147 5079 54,
3180 5019 3268 5072 ed.
3310 5011 3522 5074 [ιζ-Καὶ

1956 5086 2301 5170 προσαπεῖπε
2320 5080 2380 5206 gl.
2400 5084 2495 5138 καὶ
2517 5083 2653 5153 πρὸς
2676 5080 2900 5154 dmissa}
2922 5089 3186 5151 πᾶσιῗτοῖς
3205 5087 3520 5158 βουλεύουσι

1957 5172 2028 5206 wn
2051 5155 2176 5206 ὲκδη
2189 5155 2307 5206 αεῖν
2349 5154 2422 5206 εω
2442 5157 2542 5206 τῆς
2569 5154 2821 5206 Ἰταλίαε.
2842 5158 2994 5206 Hunc
3016 5159 3188 5206 locum
3210 5159 3517 5206 adiumento

1956 5154 2028 5226 μὴ
2051 5155 2307 5227 ἐκδημεῖν
2321 5154 2422 5218 ἔξω
2442 5157 2542 5225 τῆς
2569 5154 2821 5219 Ἰταλίας.
2842 5158 2994 5213 Hune
3015 5159 3188 5212 locum
3205 5154 3517 5227 adjttmento

1956 5207 2148 5281 una.
2166 5207 3522 5299 nauata":3magis;'ssi‘a';'a'quasnam:

1957 5305 2175 5366 gmento
2191 5297 2499 5365 respondet,
2517 5296 2620 5352 nisi
2635 5312 2765 5352 casu
2785 5297 3015 5364 oblatus,
3034 5296 3176 5352 haud
3191 5297 3345 5353 facile
3369 5299 3520 5354 inve-

1960 5369 2154 5422 nietur.
2174 5366 2380 5432 Quotus
2407 5369 2549 5422 enim
2568 5368 2795 5437 quisque
2812 5368 2948 5425 adeo
2965 5368 3287 5430 indefessus,
3304 5370 3522 5439 0tioque

1960 5439 2255 5492 instructus
2285 5447 2391 5502 est,
2435 5448 2492 5491 ut
2531 5447 2763 5506 quatuor
2803 5439 3063 5494 vocalmla
3100 5455 3195 5508 per
3234 5447 3311 5494 tot
3357 5439 3522 5495 libros

1959 5522 2204 5576 qttzerere
2237 5508 2537 5579 sustineat?
2561 5523 2680 5561 cum
2703 5523 2768 5561 ne
2791 5508 2917 5564 illud
2943 5509 3157 5579 quidem
3177 5517 3383 5563 constet
3400 5526 3524 5564 cer-

1965 5587 2076 5631 tmn
2127 5592 2248 5632 esse
2290 5578 2510 5632 Antonii
2553 5593 2747 5632 nomen
2794 5595 2900 5634 non
2947 5578 3134 5634 errore
3163 5582 3394 5648 positum
3429 5596 3524 5644 pro

1965 5648 2246 5704 Antonini.
2287 5649 2458 5705 Verbo
2493 5650 2705 5703 ouidem
2733 5649 2998 5704 Θωπεύειν
3030 5664 3175 5718 saepe
3208 5652 3373 5704 utitur
3405 5650 3521 5705 Dio.

3118 5746 3195 5806 ΞΟ
