4048 6338
260 315 367 381 625

1655 314 2074 378 PREFATIO.

3398 315 3512 382 696

259 431 315 484 in
328 427 616 497 iuventute
633 426 809 498 legum
823 427 1003 484 studio
1027 441 1150 483 sese
1177 426 1398 483 dederat
1429 446 1441 483 :
1466 425 1558 482 sed
1578 428 1834 498 quoniam
1861 427 1912 490 Α
1941 428 2078 483 dicat
2109 443 2233 483 eum
2264 428 2583 486 cohortibus
2620 429 2889 501 praeuriis
2920 431 3266 502 imperatoris
3302 435 3508 504 ascrip-

259 537 291 576 a
351 521 752 577 causidicorum
815 535 1041 576 munere
1097 519 1315 574 animus
1365 520 1712 586 abhorrebat,
1764 521 1834 574 ad

257 613 544 685 segnitiem
580 613 853 684 delapsus,
893 613 948 668 in
991 613 1144 668 circo
1178 611 1587 682 factionumque
1628 611 1832 667 lurori-

257 706 361 761 bus
387 705 774 776 patrimonium
793 705 1010 774 eﬂ‘udit;
1059 707 1278 762 tandem
1333 721 1484 770 vero,
1509 706 1833 761 necessitate

260 797 326 852 ad
356 797 581 853 mcliora
609 798 944 868 compulsus,
988 813 1114 854 cum
1146 813 1176 852 a
1204 796 1467 854 Mauricio
1505 797 1832 867 imperatore

256 889 532 945 litteratos
568 888 816 945 homines
857 889 1158 960 splendidis
1193 890 1434 961 pmmiis
1459 889 1645 945 ornari
1679 889 1832 945 vide-

260 991 452 1048 ret,se
484 982 537 1036 in
575 983 678 1038 hoc
706 997 904 1053 genere
939 983 1177 1055 experiri
1208 983 1418 1040 statuit.
1448 983 1633 1053 Itaque
1656 982 1832 1049 histoo

253 1075 392 1130 riam
433 1075 678 1144 Agatliia:
723 1068 1042 1132 continuare
1077 1075 1187 1132 sibi
1229 1075 1508 1147 proposuit
1539 1091 1554 1130 :
1585 1075 1728 1146 quod
1763 1074 1834 1131 ab

252 1167 496 1221 adventu
555 1167 966 1238 Cotrigurorum
1030 1168 1352 1225 Ilunnorum
1401 1169 1457 1225 in
1515 1167 1829 1234 Thraciam,

251 1273 395 1328 quos
425 1257 721 1314 Belisarius
755 1260 1052 1330 repressit,
1094 1275 1344 1331 annoque
1386 1260 1492 1316 558
1549 1275 1719 1330 usque
1760 1261 1828 1317 ad

252 1365 547 1406 excessum
596 1351 799 1406 Tiberii
834 1351 990 1422 imp.,
1025 1368 1073 1407 a.
1110 1353 1236 1417 582,
1278 1350 1524 1422 perfecit.
1561 1352 1634 1406 De
1665 1352 1829 1407 rebus

252 1443 384 1498 anni
411 1442 518 1499 575
550 1442 660 1514 (48)
699 1444 893 1516 agebat
943 1445 1080 1500 libro
1115 1459 1234 1501 vttt.
1268 1444 1597 1500 Protectoris
1628 1457 1830 1512 cogno-

249 1548 401 1601 men,
433 1549 544 1607 quo
567 1534 635 1589 ab
663 1533 862 1590 illustri
895 1545 1052 1608 poeta
1078 1535 1259 1591 Attico
1286 1535 1711 1607 discriminatur,
1746 1535 1826 1591 in-

1938 528 2050 572 tum
2074 518 2242 574 fuisse
2270 519 2386 590 (d9)
2411 536 2425 576 :
2450 534 2571 591 qua:
2595 529 2774 576 tamen
2807 520 2898 577 illo
2925 537 3044 577 arvo
3073 538 3224 594 aeque
3253 524 3513 590 aescho;

1937 611 2054 665 larii
2090 611 2270 674 ﬁctam
2311 612 2686 668 tantummodo
2725 613 3053 669 exercebant
3089 615 3336 670 militiam
3369 616 3504 686 (50).

1934 702 1992 757 In
2023 703 2294 759 scribendi
2325 719 2526 773 genere
2557 719 2780 775 prorsus
2804 706 2962 762 simia
2997 706 3241 778 Agathiae
3273 719 3394 777 est;
3435 711 3508 764 ri-

1935 795 2146 851 dendus
2169 796 2382 865 quoties
2401 795 2794 852 sententiarum
2819 798 3070 855 acumine
3091 809 3186 854 aut
3213 800 3505 855 verborum

1934 885 2202 957 elegantia
2231 901 2291 941 se
2322 897 2602 942 ostentare
2630 887 2821 957 cupit:
2854 897 3226 945 verumtamen
3259 891 3311 944 in
3343 890 3506 948 rebus

1930 981 2102 1052 gestis
2153 979 2452 1037 referendis
2497 981 2676 1048 bonus,
2717 988 2941 1051 auctor;
2993 983 3143 1040 circa
3180 983 3506 1056 populorum

1932 1088 2133 1139 mores,
2165 1081 2543 1146 terrarumque
2584 1073 3005 1146 longinquarum
3030 1076 3219 1139 situm,
3253 1087 3307 1132 et
3342 1090 3506 1146 pere-

1933 1168 2258 1241 grinantium
2285 1168 2480 1223 itinera
2498 1167 2786 1224 admodum
2807 1169 3057 1226 curiosus
3079 1179 3133 1225 et
3157 1170 3258 1225 lide
3279 1169 3501 1240 dignus.

1937 1259 2188 1332 Ejusdem
2242 1257 2482 1334 Agathige
2525 1259 2847 1324 imitatione,
2897 1262 3063 1317 etiam
3111 1261 3504 1332 epigrammata

1939 1364 2262 1421 componere
2311 1350 2573 1405 tentavit;
2611 1349 2741 1418 Qtne
2789 1365 2955 1421 supra
3011 1351 3076 1405 de
3123 1351 3246 1421 ejus
3298 1352 3508 1422 origine

1935 1449 2103 1510 atque
2139 1440 2425 1511 iuventute
2469 1439 2602 1506 dixi,
2649 1455 2711 1493 ea
2755 1439 2939 1495 omnia
2980 1439 3097 1511 ipse
3144 1442 3198 1496 in
3239 1442 3508 1512 pt'ommlo

1935 1533 2176 1604 historiae
2207 1530 2520 1598 tradiderat,
2552 1531 2696 1603 quod
2725 1529 2924 1588 Suidas
2951 1532 3206 1588 servavit.

1837 1745 1906 1766 Ὗ

323 1854 720 1927 Excerptorum
754 1858 820 1914 de
860 1857 1244 1931 legationibus,
1271 1873 1391 1930 quae
1411 1859 1798 1932 grammaticis,
1831 1859 2027 1930 quibus
2059 1857 2135 1914 rei
2169 1869 2298 1914 cura
2322 1871 2351 1910 a
2375 1852 2735 1913 Constantino
2759 1852 3224 1927 Porphyrogenito
3251 1852 3503 1908 mandata

245 1954 357 2008 est,
397 1945 535 2014 Περὶ
579 1946 917 2015 πρέσϐεων,
947 1962 1056 2002 non
1081 1947 1220 2016 Περὶ
1258 1947 1613 2017 πρεσϐειῶν,
1646 1949 1830 2005 inscril

1934 1964 1943 2002 ι
1971 1946 2193 2018 placuit,
2231 1944 2499 2000 rationem
2530 1944 2830 2013 explicare,
2868 1957 3045 2014 neque
3071 1941 3306 1998 alienum
3338 1941 3437 1996 erit
3474 1958 3505 1995 a

249 2035 524 2101 protentio
554 2034 712 2105 hujus
748 2035 1059 2103 voluminis,
1095 2035 1248 2105 cujus
1279 2052 1404 2107 pars
1446 2037 1604 2108 longe
1632 2039 1866 2094 maxima
1912 2053 1980 2094 ex
2041 2035 2148 2091 illis
2187 2042 2401 2092 constat
2433 2051 2447 2088 :
2481 2047 2658 2105 neque
2687 2032 2952 2099 otiosum;
2981 2044 3143 2100 cum,
3173 2029 3361 2087 nescio
3393 2046 3507 2104 quo

248 2137 406 2186 casu,
442 2138 472 2174 a
505 2123 741 2187 nemine,
771 2137 1033 2194 quantum
1067 2126 1198 2182 mihi
1215 2126 1446 2196 quidem
1471 2127 1724 2190 innotuit,
1757 2128 1912 2197 plene
1943 2130 2230 2195 perspecta
2253 2124 2358 2180 sit.

323 2209 434 2264 Ista
465 2221 717 2280 excerpta
741 2213 907 2268 edidit
937 2212 1279 2272 Hteschelius
1304 2228 1336 2269 e
1356 2213 1566 2269 duobus
1597 2213 1877 2270 codicibus
1908 2231 1922 2269 :
1950 2212 2183 2280 Schotti,
2211 2227 2373 2283 quem
2399 2225 2544 2266 nunc
2575 2208 2773 2266 nullibi
2799 2223 3117 2280 comparere
3149 2209 3264 2266 dixi
3296 2223 3504 2281 supra;

249 2307 308 2352 et
338 2297 629 2366 anatico,
655 2316 813 2370 quem
842 2302 1067 2357 Boicum.
1091 2310 1267 2362 vocat.
1291 2302 1380 2372 qui
1403 2301 1456 2357 in
1486 2303 1800 2360 Monacensi
1824 2301 2156 2358 bibliotheca
2180 2301 2328 2374 regia
2359 2307 2561 2364 exstat,
2597 2314 2626 2355 a
2661 2299 3186 2370 Schweighaeusero,
3217 2315 3270 2357 ν.
3301 2298 3397 2365 cl.,
3435 2298 3508 2354 ad

249 2385 562 2456 Appianum
599 2387 990 2459 Polybiumque
1033 2388 1312 2445 adhibitus
1342 2407 1358 2444 :
1389 2403 1579 2444 eorum
1609 2399 1790 2444 autem
1829 2389 1944 2445 haec
1977 2389 2208 2446 invicem
2240 2389 2381 2445 ratio
2421 2398 2562 2451 erat,
2601 2396 2663 2443 ut
2699 2389 3036 2444 Schottanus
3076 2386 3296 2458 quidem
3319 2385 3506 2443 omnia

250 2474 738 2543 complecteretur,
771 2492 799 2530 a
838 2475 1098 2531 Bavaricu
1132 2475 1399 2545 przel'atio,
1434 2485 1598 2547 atque
1628 2477 1716 2531 illa
1739 2476 1996 2532 abessent
2028 2491 2149 2546 qua:
2186 2475 2369 2533 editor
2397 2484 2610 2530 tantum
2642 2488 2672 2529 e
2718 2474 2933 2530 Schotti
2960 2474 3150 2530 codice
3184 2488 3243 2530 se
3267 2473 3418 2540 dare,
3450 2474 3506 2528 in

249 2562 486 2618 elencho
517 2578 677 2634 quem
703 2571 822 2634 post
855 2565 1250 2623 dedicationem
1284 2565 1483 2633 posuit,
1508 2564 1811 2634 proﬁtetur.
1843 2563 1984 2620 Sunt
2006 2575 2190 2620 autem
2212 2562 2305 2620 illa
2337 2579 2447 2619 non
2474 2563 2974 2620 additamcntorum
3008 2562 3151 2628 loco,
3180 2570 3238 2616 ut
3259 2561 3512 2617 codicem

249 2651 580 2708 Bavaricntu
615 2649 821 2706 librarii
846 2651 1050 2707 desidia
1080 2660 1162 2707 tot
1192 2652 1442 2722 capitulis
1467 2652 1774 2707 mutilatum
1803 2652 1972 2708 fuisse
1995 2654 2218 2708 credere
2243 2652 2444 2724 possis,
2470 2667 2660 2708 verum
2685 2652 2752 2708 ab
2782 2651 2867 2708 his
2897 2666 3019 2720 qua:
3042 2650 3129 2706 ille
3153 2649 3318 2706 habet
3344 2665 3508 2718 sepa-

247 2745 397 2816 rata,
435 2738 734 2805 eodemque
763 2736 952 2792 ordine
976 2753 1006 2790 a
1036 2735 1157 2791 libri
1198 2736 1352 2791 initio
1389 2736 1456 2791 ad
1496 2736 1614 2803 ejus
1647 2739 1812 2792 linem
1851 2741 2305 2816 progrediuntur;
2331 2751 2495 2811 atque
2526 2742 2628 2797 huc
2656 2741 2802 2796 inter
2835 2754 2900 2796 se
2917 2739 3171 2795 dili‘erunt
3192 2739 3357 2810 quod,
3385 2754 3508 2810 quas

247 2818 304 2879 ³η
337 2824 603 2880 Bavatico
634 2834 889 2892 exstant,
928 2826 996 2882 de
1026 2826 1384 2899 legationibus
1417 2825 1488 2882 ad
1523 2827 1795 2896 Romanos
1826 2831 2012 2885 missis
2040 2838 2240 2900 agunt,
2275 2843 2394 2898 quas
2424 2828 2492 2884 ab
2523 2828 2614 2886 illo
2647 2828 2886 2893 absunt,
2915 2828 2982 2884 de
3013 2828 3082 2883 iis
3112 2843 3248 2898 quas
3272 2825 3507 2883 Romani

248 2914 314 2968 ad
347 2913 622 2969 Barbaros
657 2913 943 2970 miserunt.
966 2915 1307 2986 Quapropter
1338 2915 1507 2969 codex
1538 2915 1628 2970 ille
1658 2915 1830 2983 Περὶε

1936 2921 2129 2973 σσεων
2161 2917 2352 2972 ἐθνῶν
2371 2916 2483 2988 (vel
2519 2916 2792 2986 ἐθνικῶν)
2840 2916 2997 2986 πρὸς
3044 2915 3373 2985 Ῥωμαίους
3412 2915 3496 2969 inv

246 3001 516 3055 scribitur
547 3001 681 3072 (5t).
715 3001 960 3072 praefatio
1001 3013 1182 3058 autem
1219 3018 1340 3071 quae
1365 3002 1458 3057 illa
1479 3002 1835 3074 respicitquat
1865 3004 2076 3062 Schotti
2101 3007 2267 3061 codex
2304 3005 2453 3062 solus
2490 3005 2741 3075 praebuit,
2770 3007 2991 3061 titulum
3023 3004 3240 3071 XXVII,
3273 3004 3502 3074 ejusque

247 3090 533 3145 rubricam
565 3090 700 3160 Περὶ
726 3090 1032 3160 πρέσϐεων
1066 3092 1364 3162 Ῥωμαίων
1389 3090 1539 3160 πρὸς
1575 3093 1830 3160 ἐθνικούς

1934 3092 2091 3148 hibet
2121 3111 2134 3148 :
2169 3103 2332 3164 atque
2361 3093 2414 3147 in
2438 3091 2688 3158 elencho,
2711 3092 2800 3163 qui
2824 3094 2873 3149 ei
2903 3093 3208 3162 subjicitur,
3235 3092 3304 3148 de
3358 3093 3502 3148 sevi-

248 3178 326 3234 ris
352 3193 387 3233 e
425 3194 657 3249 quorum
696 3178 848 3234 libris
879 3179 1092 3249 eclogas
1136 3179 1204 3234 de
1246 3179 1606 3250 legationibus
1634 3178 2198 3248 Ilmscheliusedidit,
2237 3179 2440 3235 omittit
2471 3179 2776 3252 Dexippum
2799 3192 2852 3237 et
2895 3181 3226 3254 Eunapium.
3273 3180 3501 3239 Scilicet.

243 3282 311 3322 es
355 3267 445 3321 his
471 3267 603 3322 nihil
639 3267 690 3321 in
729 3278 931 3322 Ionium
963 3268 1272 3339 eclogarum
1312 3269 1377 3323 de
1408 3267 1767 3339 legationibus
1791 3270 2162 3325 Romanorum
2191 3268 2258 3324 ad
2291 3277 2481 3339 gentes
2507 3268 2718 3328 illatum
2749 3280 2889 3339 erat.

318 3355 423 3410 llis
453 3357 716 3426 expOsitis
745 3372 850 3411 non
874 3371 1011 3427 opus
1042 3357 1148 3412 erit
1173 3355 1420 3426 pluribus
1448 3357 1629 3414 verbis
1658 3357 1913 3428 probare,
1941 3359 2215 3428 geminum
2244 3357 2410 3414 fuisse
2437 3357 2747 3431 eclogarum
2774 3360 2842 3415 de
2872 3359 3231 3431 legationibus
3258 3359 3503 3424 titulum,

247 3458 490 3514 quorum
523 3443 680 3509 alter,
738 3441 929 3501 XXVII
967 3459 998 3503 e
1037 3457 1389 3500 numerorum
1421 3444 1634 3511 ordine,
1677 3445 1886 3517 integer
1918 3463 2040 3502 cum
2070 3446 2388 3517 pra-titione
2410 3454 2607 3511 exstat,
2646 3447 2871 3504 alterius
2917 3449 3165 3518 praelatio
3191 3450 3364 3513 abest,
3395 3465 3505 3518 qua

248 3533 459 3588 amissa
486 3536 606 3600 eius
644 3548 905 3592 numerus
930 3533 1252 3604 ignoratur;
1287 3548 1449 3603 quem
1479 3544 1656 3589 tamen
1692 3543 1784 3588 aut
1815 3532 1987 3590 XXVI
2016 3545 2112 3590 aut
2158 3531 2378 3590 XXVIII
2414 3536 2582 3591 fuisse
2607 3536 2746 3591 ratio
2770 3536 2849 3592 rei
2871 3537 3009 3608 cogit
3046 3556 3060 3593 :
3101 3536 3355 3606 denique,
3383 3553 3533 3612 quas

245 3638 315 3677 ex
343 3633 582 3694 utroque
607 3630 899 3692 supersunt
928 3621 984 3678 in
1011 3623 1309 3678 Schottano
1342 3622 1528 3680 codice
1572 3622 1862 3694 conjuncta
1887 3623 2182 3680 exstitisse.
2206 3622 2325 3680 Iam
2357 3639 2483 3680 vero
2515 3624 2845 3694 perspicitur
2870 3639 2978 3693 qua
3011 3625 3223 3678 ratione
3251 3625 3505 3679 evenerit

247 3721 308 3766 ut
338 3711 509 3765 etiam
537 3711 589 3764 in
629 3709 940 3782 Polybianis
973 3711 1220 3783 plurima:
1263 3711 1462 3783 ecloga:
1499 3725 1563 3766 ex
1604 3725 1792 3767 earum
1841 3727 2068 3768 numero
2114 3727 2250 3782 quas
2283 3711 2513 3768 Ursinus
2555 3712 2728 3768 edidit
2760 3728 2788 3766 a
2833 3711 3094 3767 Bavarico
3127 3710 3306 3766 absint
3331 3710 3445 3783 (52)
3481 3730 3495 3765 :

245 3800 439 3870 agitur
477 3799 624 3854 enim
664 3799 733 3854 ibi
771 3798 839 3855 de
871 3798 1231 3872 legationibus
1269 3815 1406 3870 quas
1436 3799 1666 3855 Romani
1713 3800 1972 3858 miserant
1988 3819 2010 3864 _:
2045 3802 2313 3872 idemque,
2343 3802 2388 3858 si
2429 3802 2551 3871 quis
2593 3801 2660 3857 de
2694 3800 2881 3856 Dionis
2920 3800 3260 3872 Appianique
3299 3799 3508 3870 eclogis

244 3897 486 3960 quaret,
517 3886 755 3944 inveniat
783 3901 1006 3944 necesse
1035 3896 1136 3942 est.
1173 3888 1359 3957 Itaque
1388 3903 1420 3943 a
1453 3887 1880 3958 reprehensione
1920 3889 2182 3946 liberatur
2234 3905 2478 3947 summus
2520 3890 2892 3955 Casaubonus,
2923 3892 3037 3960 qui,
3069 3906 3193 3944 cum
3226 3890 3279 3942 in
3307 3889 3519 3954 biblio:

247 3979 417 4031 theca
449 3973 661 4030 Thuani
700 3977 936 4046 primum
965 3976 1154 4032 harum
1184 3975 1490 4048 eclogarum
1515 3983 1722 4032 tomum
1749 3985 1971 4035 exstare
1994 3980 2278 4042 scriberet,
2305 3993 2412 4049 quo
2444 3987 2627 4034 tamen
2655 3993 2842 4034 earum
2869 3995 2990 4049 quae
3015 3993 3045 4033 e
3069 3976 3292 4049 Polybio
3313 3977 3501 4047 petitae

247 4066 370 4119 sint
399 4063 620 4118 nonnisi
653 4079 781 4134 pars
813 4065 1184 4125 contineretur
1209 4064 1351 4136 (55),
1388 4065 1614 4122 minime
1657 4065 1895 4124 errabat.
1920 4067 1992 4123 Ac
2026 4067 2138 4122 ﬁeri
2170 4077 2352 4138 potest.
2378 4075 2436 4122 ut
2486 4081 2613 4122 cum
2639 4066 2734 4123 alii
2761 4065 3128 4122 Theodosium
3156 4066 3248 4118 τὸν
3273 4064 3498 4136 μικρόν,

254 4153 498 4209 Ursinus
529 4163 708 4220 autem
752 4153 1014 4208 Joannem
1048 4153 1727 4224 Constantinopolitannm,
1762 4154 1904 4209 hanc
1939 4152 2310 4208 collectionem
2350 4150 2708 4206 concinnasse
2758 4149 3106 4215 tradiderint,
3138 4148 3280 4202 illius
3329 4147 3499 4202 labori

249 4244 564 4315 legationes
608 4243 675 4298 ad
709 4243 1002 4303 Romanos,
1046 4242 1206 4313 huius
1239 4243 1428 4298 titulus
1458 4241 1648 4299 XXVII
1703 4243 1756 4298 in
1804 4240 2079 4298 codicibus
2122 4241 2360 4295 tributus
2390 4239 2481 4294 sit.
2530 4236 2739 4315 Vereor
2770 4248 2952 4293 tamen
2986 4253 3054 4292 ne
3086 4236 3154 4293 de
3189 4235 3506 4292 Theodosio

252 4314 350 4388 iilo
391 4346 547 4388 error
585 4332 686 4397 sit,
717 4347 841 4390 cum
878 4331 1154 4394 Θεοδόσιος
1181 4331 1208 4383 6
1242 4331 1439 4402 μικρός
1467 4329 1675 4387 Graecis
1700 4327 2013 4402 Bynntinis
2044 4326 2406 4384 Theodosium
2457 4314 2718 4381 Minorem
2780 4324 3164 4396 imperatorem
3196 4321 3496 4393 signiticet.

326 4441 405 4500 Ut
438 4444 616 4498 omnis
655 4443 706 4496 iu
749 4451 1023 4513 posterum
1054 4443 1272 4508 errandi
1311 4443 1526 4500 occasio
1557 4441 1799 4512 tollatur,
1837 4453 2123 4522 utramque
2144 4438 2544 4506 collectionem,
2576 4454 2674 4510 per
2698 4437 2941 4510 singulos
2967 4445 3220 4500 auctores
3241 4434 3500 4499 divisam,

248 4547 361 4594 suo
393 4531 655 4602 inscripto
685 4529 864 4598 titulo,
903 4531 1149 4587 distinxi.
1422 4541 1424 4544 '

333 4644 528 4715 Itaque
559 4658 663 4700 non
704 4653 843 4709 tres,
874 4646 966 4700 sed
999 4654 1234 4714 quatuor
1260 4661 1293 4700 e
1321 4641 1670 4703 collectaneis
1698 4641 2040 4699 Cotmtantini
2075 4640 2523 4712 Porphyrogeniti
2554 4638 2825 4698 habemus
2859 4637 3068 4703 titulos,
3098 4646 3383 4708 postquam
3418 4632 3496 4686 ill.

254 4732 461 4796 Maius,
493 4731 549 4786 In
579 4730 755 4787 lucem
777 4730 986 4802 prolata
1012 4731 1245 4794 maxima
1270 4732 1412 4788 tituli
1434 4731 1502 4787 de
1516 4730 1801 4789 sententiis
1823 4739 2001 4806 parte.
2026 4730 2423 4790 immortalibus
2452 4729 2566 4787 suis
2587 4728 2656 4786 de
2679 4741 2738 4785 re
2760 4727 3025 4784 litteraria
3051 4725 3264 4801 publica
3289 4721 3500 4778 meritis

254 4820 542 4876 tumulum
570 4818 791 4890 adjecit.

330 5010 446 5078 (48)
491 5009 744 5074 Ilenand,
778 5025 835 5081 p.
867 5009 991 5073 597,
1025 5011 1095 5067 ΞΟ
1125 5012 1176 5067 in
1210 5012 1328 5080 ejus
1360 5011 1445 5065 ed.
1465 5010 1747 5072 Brissouii.
1997 5010 2114 5152 (Si;
2156 5010 2464 5082 Schweigb.
2493 5009 2645 5081 prail'.
2670 5011 2800 5066 adt.
2831 5009 2872 5066 ll
2903 5009 3132 5092 Polybii,
3166 5026 3216 5080 p.
3250 5026 3338 5065 xvi

332 5081 449 5150 (49)
486 5081 555 5152 V.
583 5078 929 5152 Heinecciutn
956 5097 1005 5152 s.
1038 5097 1087 5136 v.
1129 5079 1479 5140 Protectores.
2001 5083 2092 5142 t5!
2158 5084 2354 5152 Earum
2374 5097 2653 5138 recensum
2675 5083 2877 5152 prebet
2899 5081 3208 5152 Seliwetgh.
3243 5099 3294 5152 p.
3328 5098 3338 5134 ι

332 5081 449 5155 (ψ)
485 5081 555 5155 _V.
583 5078 929 5155 Heinecciutn
956 5097 1010 5155 s.
1036 5097 1087 5155 ξι.
1129 5078 1479 5155 Protectores.
2001 5078 2113 5155 (ξε)
2155 5084 2354 5155 Earum
2374 5078 2653 5138 recensum
2675 5083 2877 5155 prebet
2899 5078 3208 5154 Seli'weigh.
3243 5099 3294 5153 p.
3328 5096 3491 5137 xxrtt.

324 5149 440 5225 (50)
483 5150 712 5226 Procop.
751 5149 948 5209 Anecd.
985 5151 1074 5220 24,
1107 5169 1163 5225 p.
1194 5152 1284 5210 7I.
1999 5149 2114 5231 (55)
2152 5150 2354 5232 lbitl.p.
2380 5168 2520 5216 xw.
