4050 6330
207 239 312 316 tes
916 280 920 284 ~
1609 252 2025 322 vaesano.
2598 274 2603 279 ·
3349 248 3467 330 63s

212 370 546 442 proximum,
580 370 628 423 in
661 370 903 438 partibus
933 370 1242 442 reipublicze
1270 371 1639 442 gubernandis
1662 385 1951 445 quaereret,
1997 378 2453 446 tibi,‘CarJinalis
2484 380 3245 446 eminentissime,summam
3275 394 3465 435 rerum:

209 457 501 530 permisit:
534 458 602 513 ex
627 470 735 529 quo
766 460 909 516 enim
949 476 1134 515 curam
1168 461 1379 531 imperii
1409 462 1600 518 Gallici
1640 478 1848 525 summa
1895 466 2198 539 principum
2242 471 2607 527 consensione
2652 468 2986 534 sustinuisti,
3031 469 3206 540 palam
3252 468 3464 525 factum

214 558 319 613 est,
342 546 487 601 Deus
524 547 793 603 bellorum
825 562 936 603 rem
957 547 1221 605 Gallicam
1250 550 1389 605 tueri
1416 566 1480 605 ac
1502 567 1691 623 regere
1722 570 1735 607 :
1763 563 1818 610 et
1862 565 1914 609 te
1942 548 2058 611 non
2079 560 2236 614 modo
2257 559 2326 615 de
2358 559 2509 630 regni
2542 560 2742 615 finibus
2780 557 3038 624 tutandis,
3066 559 3158 614 sed
3193 560 3355 612 etiam
3392 559 3457 612 de

212 634 546 705 proferendo
587 635 737 706 plura
782 645 876 700 aut
909 637 1115 709 majora
1156 637 1209 700 in
1253 638 1373 701 dies
1399 639 1692 701 destinare.
1742 640 1848 703 Sed
1885 659 2059 715 neque
2100 646 2225 703 belli
2261 663 2389 704 cura
2436 656 2583 706 terra
2618 649 2866 719 marique
2904 644 3150 704 animum
3196 647 3462 702 invictum

212 725 411 789 obruit,
436 740 548 781 nec
590 726 1013 796 cogitationibus
1045 728 1151 782 tuis
1195 728 1263 784 de
1306 728 1502 789 litteris
1527 733 1888 801 propagandis
1912 734 2114 791 obstat.
2150 735 2275 793 Haec
2315 739 2466 809 pacis
2500 748 2820 793 ornamenta
2857 737 3042 792 colunt
3081 736 3246 792 etiam
3276 736 3365 806 qui
3397 750 3457 790 se

213 813 335 869 belli
369 812 564 884 gloria
602 814 955 871 devoverant.
1001 813 1155 872 Licet
1178 815 1323 873 enim
1357 817 1498 877 faina
1536 833 1793 886 prospera
1828 819 2078 878 laudibus
2110 839 2205 880 eos
2245 826 2301 881 in
2324 826 2523 882 cmlum
2568 824 2793 891 efferat,
2827 825 3084 880 diuturna
3121 832 3299 879 tamen
3336 840 3467 879 esse

212 916 315 957 non
341 910 549 971 potest,
579 903 682 958 nisi
714 904 825 959 sint
846 904 938 975 qui
966 918 1164 959 nomen
1195 918 1385 960 eorum
1414 905 1719 975 posteritati
1748 911 2148 967 commendent.
2187 913 2323 970 llinc
2353 929 2504 985 spem
2552 915 2914 971 certissimam
2952 922 3326 983 conceperant
3363 913 3468 982 qui-

212 990 525 1063 p'rincipum
559 986 951 1063 indulgentiam
981 992 1204 1068 ingenio
1240 1007 1543 1062 merentur,
1594 1004 1649 1052 te
1681 995 1974 1053 Maecenate
2011 1013 2117 1054 non
2146 1000 2428 1058 defuturos
2455 1003 2672 1060 eximiis
2716 1003 2978 1058 doctrinm
3020 1002 3189 1067 viros,
3229 1016 3471 1071 quorum.

216 1080 394 1134 studio
426 1097 539 1136 non
573 1090 822 1138 senescet
847 1080 1114 1138 claritudo
1140 1097 1363 1153 operum
1386 1090 1625 1140 tuorum.
1655 1082 1789 1140 Esse
1812 1096 1991 1142 autem
2020 1087 2202 1157 plures
2224 1090 2434 1160 publice
2461 1103 2679 1161 quoque
2702 1090 2927 1146 interest
2955 1107 2969 1144 :
2995 1105 3093 1144 nec
3113 1090 3260 1143 enim
3289 1090 3469 1143 virtu-

215 1168 356 1222 tibus
398 1169 506 1224 tuis
549 1172 872 1226 enarrandis
911 1171 1017 1227 nisi
1051 1171 1232 1240 plures
1271 1170 1605 1230 suﬂ'eccriut.
1643 1172 1904 1243 Equidem
1949 1176 2051 1231 hoc
2079 1193 2247 1231 unum
2286 1177 2485 1245 diram,
2529 1177 2730 1232 nullum
2786 1178 3047 1234 hactenus
3093 1175 3296 1245 majore
3333 1177 3474 1241 fide”

212 1254 522 1312 constantia
555 1264 610 1312 et
634 1258 924 1326 prudentia
955 1259 1104 1329 regni
1137 1258 1443 1314 ministrum
1470 1260 1682 1329 egisse;
1717 1270 1775 1314 ut
1798 1277 1988 1319 omnes
2022 1264 2190 1333 gloria
2225 1265 2307 1321 vel
2344 1280 2609 1335 atquasse,
2647 1265 2730 1319 vel
2761 1268 3067 1321 excessisse
3105 1266 3253 1319 vides
3268 1267 3338 1320 ris
3363 1282 3377 1317 :
3406 1276 3464 1320 et

215 1352 269 1396 ut
289 1344 538 1412 epistolae
565 1346 945 1416 compendium
969 1345 1183 1412 faciam,
1217 1356 1410 1400 natura
1440 1347 1567 1415 quid
1596 1345 1809 1401 edicere
1835 1362 2015 1419 posset
2044 1352 2277 1423 experiri
2308 1355 2556 1422 cupiens,
2593 1354 2643 1407 in
2689 1363 2740 1408 te
2764 1393 2778 1419 ,
2807 1352 3461 1408 Cardinalis.eminentis-

213 1432 368 1498 sime,
411 1432 613 1504 gloria:
646 1435 958 1499 materiam,
990 1449 1155 1505 quam
1187 1433 1487 1503 quaerebat,
1523 1434 1753 1489 invenit.
1798 1433 1966 1488 Deum
2012 1452 2266 1498 veneror,
2308 1447 2364 1489 ut
2401 1452 2660 1508 prospere
2699 1453 2915 1508 semper
2962 1453 3051 1493 res
3094 1438 3189 1493 tibi
3243 1437 3467 1500 cedant.

214 1535 505 1590 seramque
554 1521 1010 1576 immortalitatem
1057 1536 1269 1591 precor,
1304 1531 1366 1576 ut
1404 1522 1513 1577 tam
1562 1523 1719 1587 felix,
1763 1539 1924 1592 quam
1961 1524 2212 1578 diuturna
2257 1525 2367 1580 vita
2404 1526 2509 1591 sit;
2542 1539 2703 1594 quam
2734 1526 2780 1580 si
2814 1541 2879 1580 ex
2910 1526 3169 1582 bonorum
3218 1526 3481 1580 omnium

216 1619 341 1663 voto
370 1608 465 1663 tibi
502 1607 650 1664 Deus
684 1608 992 1677 indulserit,
1023 1624 1232 1679 pacem,
1255 1625 1417 1679 quam
1446 1611 1690 1679 pertinax
1719 1611 1900 1665 odium
1930 1612 1985 1667 in
2014 1611 2197 1667 Gallos
2230 1622 2483 1668 moratur
2502 1653 2518 1677 ,
2554 1612 2639 1669 vel
2680 1614 2901 1686 optimis
2930 1614 3340 1671 'conditionibus
3365 1629 3470 1683 pa-

220 1697 380 1762 rabis,
416 1696 501 1751 vel
548 1696 924 1753 saluberrimis
965 1698 1207 1753 consiliis
1240 1699 1345 1754 tuis
1386 1696 1609 1764 edicies,
1652 1707 1707 1753 ut
1741 1699 1973 1755 hostium
2008 1700 2379 1757 internecione
2411 1702 2570 1770 justas
2610 1702 2707 1759 ira
2756 1711 3094 1772 parentetur.
3133 1703 3206 1758 Da
3248 1705 3460 1757 veniam

220 1787 357 1849 quod
398 1784 693 1842 laboriosis
730 1787 1176 1854 occupationibus
1221 1787 1328 1842 tuis
1397 1788 1544 1841 abuti
1582 1787 1779 1843 videar.
1810 1787 1929 1843 Non
1966 1798 2186 1859 possunt
2224 1798 2405 1844 tamen
2451 1790 2580 1845 mihi
2617 1798 2942 1861 temperare,
2990 1793 3117 1860 quin
3152 1792 3349 1861 gratias
3377 1791 3463 1844 hic

220 1874 311 1927 tibi
341 1889 521 1943 agam,
562 1875 703 1943 quod
746 1873 990 1930 offerenti
1013 1874 1319 1931 Cedrenutn
1350 1884 1403 1930 et
1432 1874 1674 1931 Nicctam
1704 1885 1811 1930 tam
1838 1876 2127 1947 benignum
2170 1884 2220 1930 te
2248 1877 2376 1931 mihi
2408 1876 2742 1942 exhibueris,
2769 1886 2825 1929 ut
2857 1878 3277 1949 magnitudinem
3316 1888 3461 1930 tuam

217 1962 463 2016 vinceres
502 1980 515 2016 :
546 1963 874 2032 etquoniam
909 1963 1069 2018 aliter
1099 1962 1302 2018 referre
1331 1979 1436 2018 non
1469 1980 1705 2035 possum,
1738 1964 1793 2021 in
1815 1964 2180 2022 testimonium
2214 1965 2420 2020 devotae
2464 1965 2562 2020 tibi
2600 1966 2802 2021 mentis
2854 1966 2956 2021 hoc
2976 1962 3117 2037 opus
3147 1968 3450 2035 qualecun-

218 2065 320 2124 que
342 2060 446 2116 cst,
483 2050 696 2106 nomini
724 2059 816 2122 tuo
833 2050 1028 2109 dedico
1054 2066 1443 2124 consecroque.

2310 2142 2621 2199 Eminentia:
2650 2141 2776 2200 Tua:
2804 2144 3168 2200 devotissimus
3288 2219 3292 2223 η

2342 2308 2345 2309 ν
2446 2231 2693 2289 Canows
2732 2232 2972 2288 ANNIBM.
3002 2229 3392 2287 FAllllUTUS.

240 2407 3464 2435 W

1445 2584 1723 2667 LABBEI
1766 2584 2223 2650 PREFATIO.

1791 2754 1866 2771 ’-

776 2864 1073 2929 Historia:
1105 2865 1832 2951 ConstantinOpolitanze
1872 2862 2147 2928 curiosis
2187 2858 2672 2943 indagatoribus
2722 2857 2785 2921 S.
2837 2857 2904 2920 P.

287 3010 643 3083 Byzantinam
685 3008 971 3066 historiam
999 3008 1348 3068 multitudine
1376 3025 1561 3067 rerum
1592 3006 1895 3065 mirabilem
1917 3046 1935 3076 ,
1962 3005 2226 3065 varietate
2260 3003 2559 3076 jucundam
2579 3042 2596 3069 ,
2628 2999 2987 3059 diuturnitate
3019 2995 3281 3077 temporis
3304 3009 3462 3066 spec-

233 3089 445 3159 tabilem
474 3117 540 3158 ac
571 3103 740 3159 veteri
771 3102 1028 3161 Romana
1056 3112 1267 3160 tantum
1313 3110 1419 3160 neu
1462 3115 1649 3175 parem
1669 3118 1688 3167 ;~
1724 3109 1788 3158 ut
1816 3106 2003 3153 amant
2032 3094 2325 3166 coluntque
2372 3090 2605 3150 studiosi
2648 3104 2864 3158 omnes.
2906 3086 2981 3142 ίῑδ
3008 3085 3213 3175 imm-93
3261 3085 3463 3156 (ιυίδιιε

222 3189 314 3247 illa
340 3193 675 3257 continetur,
705 3192 858 3249 avide
882 3193 1126 3250 ambiunt
1148 3172 1554 3266 exoptantque“
1574 3189 1683 3248 Sed
1718 3188 1920 3245 frustra
1945 3182 2264 3254 jamdudum
2299 3180 2421 3237 illos
2460 3178 2613 3235 vacui
2648 3176 2765 3234 fere
2797 3190 2987 3266 omnes
3006 3172 3458 3266 bibliothecarum

227 3275 379 3334 foruli
406 3288 750 3351 exspectant.
781 3281 916 3336 Cum
938 3280 1080 3337 enim
1110 3262 1339 3337 maxima
1366 3262 1491 3353 pars
1526 3279 1788 3336 nobilium
1810 3276 2023 3333 illorum
2060 3273 2449 3330 historicorum
2484 3284 2609 3327 cum
2645 3266 2829 3323 blattis
2861 3262 3057 3353 adhuc
3080 3265 3350 3353 lineisque
3376 3262 3465 3318 lu.-

226 3369 482 3424 etetur‘in
513 3368 736 3442 pulvere
761 3378 815 3427 et
838 3370 949 3427 situ
984 3351 1480 3441 manuscriptorum
1511 3368 1759 3427 codicum
1786 3385 1800 3435 ;
1831 3365 1926 3439 qui
1957 3377 2085 3421 vero
2120 3362 2384 3417 hactenus
2421 3357 2683 3430 publicati
2704 3363 2855 3422 sunt,
2886 3351 3198 3442 velLatine
3227 3360 3458 3442 tantum,

226 3454 303 3511 rel
339 3440 537 3513 Grece
578 3466 788 3513 tantum
818 3460 1192 3529 apparuerint,
1235 3440 1291 3515 et
1319 3461 1364 3515 si
1412 3460 1504 3531 qui
1528 3457 1726 3515 Graece
1754 3456 1912 3512 simul
1947 3466 2013 3509 ac
2050 3450 2240 3507 Latine
2266 3449 2449 3505 excusi
2490 3456 2644 3521 sunt,
2682 3444 2890 3517 dispari
2926 3440 3217 3531 admodum
3263 3440 3459 3504 forma,

225 3542 542 3601 charactere
574 3544 851 3612 dissimili,
898 3545 1126 3604 diversis
1166 3530 1480 3617 dissitisque
1510 3562 1538 3601 a
1582 3561 1643 3602 se
1679 3544 1907 3601 invicem
1944 3540 2079 3597 locis
2110 3537 2553 3609 temporibusque
2595 3533 2933 3606 prodierint;
2976 3530 3103 3585 inde
3131 3530 3334 3586 factum
3378 3538 3465 3584 est

228 3647 417 3705 magno
452 3632 762 3691 litterarum
794 3628 1158 3703 incommodo,
1184 3636 1360 3692 dicam
1387 3644 1441 3693 et
1470 3636 1834 3691 litteratorum
1861 3630 2085 3693 damno,
2122 3628 2178 3683 in
2209 3634 2361 3682 tanta
2395 3623 2648 3697 penuria,
2676 3635 2905 3698 quaeque
2934 3619 3173 3705 indidem
3203 3628 3320 3675 orta
3355 3626 3462 3685 cst,

229 3721 408 3777 talium
441 3723 710 3780 mercium
744 3725 976 3780 caritate
1002 3724 1253 3791 maxima,
1286 3731 1350 3779 ut
1380 3722 1572 3780 beatus
1601 3722 1688 3781 ille
1718 3720 1914 3778 merito
1936 3715 2246 3778 censendus
2286 3716 2379 3777 sit.
2417 3730 2525 3771 non
2550 3712 2647 3785 qui
2666 3726 2877 3777 omnes,
2908 3710 3003 3766 sed
3031 3710 3124 3783 qui
3153 3722 3316 3779 quam
3341 3706 3466 3779 plu-

230 3808 406 3877 rimos,
435 3826 645 3882 eosque
672 3809 945 3869 dsiormes
983 3829 1047 3870 ac
1081 3826 1322 3878 mancos,
1350 3814 1542 3883 quovis
1578 3811 1756 3884 pretio
1792 3822 2111 3879 summaque
2149 3805 2423 3877 diligentia
2458 3801 2693 3877 potuerit
2722 3800 2823 3856 sibi
2864 3804 3197 3869 cumptra're.
3226 3796 3356 3851 Eam
3395 3797 3465 3850 ob

208 3911 438 3954 causam
471 3900 765 3971 pluresque
789 3901 948 3968 alias,
976 3916 1109 3973 quas
1134 3901 1311 3973 quivis
1336 3901 1495 3957 facile
1522 3900 1791 3972 conjicere
1814 3899 2037 3970 poterit,
2065 3910 2189 3952 cum
2218 3893 2381 3964 regiis
2414 3893 2558 3964 typis
2586 3889 2888 3961 eademque
2918 3888 3145 3945 omnino
3168 3886 3464 3941 voluminis

212 3986 395 4044 forma
433 4004 652 4055 omnes,
689 3996 957 4061 quotquot
988 3992 1196 4063 uspiam
1228 3992 1469 4064 gentium
1501 3990 1763 4046 hactenus
1794 3987 1924 4045 editi
1969 3990 2119 4050 sunt,
2151 3995 2205 4038 et
2246 3984 2302 4038 in
2333 3979 2681 4038 bibliothecis
2718 3977 2994 4043 Vaticana,
3035 3975 3226 4047 Regia,
3256 3974 3465 4064 Barbe-

232 4078 360 4145 rius,
386 4078 685 4147 Statarina,
716 4080 1089 4151 Seguieriana,
1120 4063 1462 4146 Memmiana,
1486 4080 1731 4148 Tliuana,
1760 4079 2017 4142 Pnteana,
2044 4072 2355 4137 Pet-aviaria,
2389 4069 2612 4141 Collegii
2641 4066 2968 4124 Parisieusis
2990 4065 3278 4123 Societatis
3304 4063 3474 4149 .lesu,_

232 4166 456 4241 aliisque
490 4184 650 4240 quam
683 4169 933 4241 plurimis
963 4171 1190 4242 privatis
1224 4172 1560 4242 publicisque
1600 4166 1791 4227 nostro
1816 4167 2215 4231 doctorumque
2250 4161 2494 4215 virorum
2524 4156 2703 4213 studio
2732 4154 2961 4226 reperiri
3006 4162 3324 4225 potuerunt,
3356 4165 3464 4221 pu-

232 4255 417 4313 blicatn
463 4258 515 4313 in
552 4258 726 4313 lucem
761 4257 1014 4315 emittere
1050 4259 1472 4323 decreverimus,
1506 4259 1768 4330 nobisque
1799 4255 2056 4326 quaedam
2102 4251 2395 4305 etiamnum
2443 4245 2622 4302 desint
2664 4245 2731 4300 ad
2768 4242 3064 4330 perfectam
3103 4242 3361 4311 miniique
3393 4254 3462 4297 ex

234 4344 718 4415 parte‘absolutam
754 4345 1064 4417 Byzantina:
1094 4346 1328 4403 historiae
1368 4329 1693 4413 editionem,
1727 4359 1906 4415 Operae
1944 4340 2174 4412 pretium
2208 4337 2379 4390 visum
2423 4333 2525 4389 fuit
2555 4332 2775 4388 brevem
2817 4329 3029 4387 consilii
3069 4330 3243 4385 nostri
3296 4336 3462 4399 atque

234 4444 524 4505 apparatus
548 4432 841 4490 indiculum
876 4444 1076 4500 texere,
1104 4449 1280 4507 neque
1300 4444 1509 4491 tantum
1536 4434 1819 4506 Excerptis
1842 4430 2192 4503 legationum,
2224 4433 2469 4483 veterum
2500 4420 2885 4478 historicorum
2914 4418 3150 4491 Eclogis,
3172 4417 3459 4487 Tthpby-

236 4522 350 4578 lacti
376 4524 693 4580 Simocatta:
714 4522 1067 4595 historiarum
1093 4524 1244 4579 libris
1272 4536 1411 4591 octo,
1443 4540 1507 4580 ac
1530 4521 1838 4595 Nicephori,
1873 4512 2459 4583 Constantinopolitani
2488 4509 2834 4583 patriarchae,
2868 4509 3139 4565 breviario
3189 4507 3463 4563 Chronico

236 4610 364 4681 (quae
395 4610 579 4667 omnia
621 4625 727 4666 uno
760 4609 921 4668 simul
960 4592 1235 4668 volumine
1262 4620 1573 4682 compacta,
1605 4592 1680 4667 ac
1704 4611 1875 4666 variis
1905 4605 2241 4663 eruditorum
2274 4603 2516 4657 virorum
2562 4599 3010 4656 annotationibus
3058 4596 3461 4653 observationi-

236 4699 435 4769 busque
468 4699 539 4756 de
570 4715 710 4755 novo
739 4699 1030 4767 illustrata,
1061 4700 1220 4757 modo
1261 4701 1530 4770 prodeunt
1564 4700 1620 4757 in
1658 4700 1982 4771 publicum),
2016 4697 2181 4754 veluti
2221 4694 2489 4769 galeatum
2520 4692 2808 4765 quemdam
2843 4691 3129 4765 Bmlogum
3160 4689 3460 4760 pr:clig~~rc,

236 4786 326 4843 sed
353 4789 518 4844 etiam
553 4788 782 4845 seorsim
807 4787 1048 4860 vulgare,
1080 4802 1143 4843 ac
1183 4789 1538 4858 undequaque
1580 4804 1677 4860 per
1711 4790 2017 4845 universam
2049 4787 2286 4840 maxime
2312 4783 2580 4853 Europam
2607 4782 2905 4864 orbemque
2938 4778 3311 4834 Christianum
3344 4776 3459 4831 dis-

241 4890 483 4948 pergere,
513 4884 574 4932 ut
617 4878 707 4948 qui
740 4875 797 4932 in
822 4874 1028 4933 dissitis
1056 4889 1088 4931 a
1120 4875 1291 4931 Gallia
1330 4876 1507 4948 regnis
1529 4876 1860 4945 remotisque
1893 4877 2189 4948 provinciis
2224 4876 2489 4940 habitant,
2519 4888 2694 4945 neque
2735 4872 2907 4929 facile
2925 4886 3013 4928 res
3044 4880 3259 4926 nostras
3294 4885 3462 4923 cona-

239 4969 422 5036 tusque
461 4964 665 5022 rescire
691 4972 940 5037 possunt,
970 4963 1076 5020 hoc
1107 4963 1275 5018 veluti
1311 4963 1438 5020 dato
1474 4963 1631 5036 signo
1663 4966 1996 5038 intelligant,
2024 4980 2161 5033 quos
2186 4965 2252 5022 ad
2283 4965 2425 5022 hanc
2454 4979 2625 5032 usque
2658 4963 2800 5019 diem
2835 4960 3457 5031 Constantinopolitanae

242 5053 470 5111 historias
519 5055 815 5125 scriptores
867 5052 1143 5125 Luparaeis
1192 5052 1600 5110 characteribus
1644 5053 1997 5122 ediderimus,
2046 5070 2183 5127 quos
2228 5044 2328 5110 sub
2369 5057 2534 5125 praelo
2576 5052 2892 5113 habeamus,
2938 5064 3183 5121 quosque
3229 5046 3461 5118 propitio

240 5143 482 5215 Numine,
513 5155 565 5203 ct
591 5146 957 5217 aspirantibus
989 5145 1173 5204 favore
1208 5160 1307 5201 suo
1324 5156 1485 5216 atque
1514 5146 1853 5201 humanitate
1879 5144 2036 5202 bonis
2058 5144 2332 5209 omnibus,
2362 5142 2616 5199 omissuri
2648 5141 2902 5208 deinceps
2928 5138 3118 5194 simus.
3145 5136 3457 5206 Agitedum,

242 5235 334 5291 viri
350 5252 447 5306 per
472 5236 659 5293 orbem
691 5235 1244 5292 universumlitterati
1274 5234 1686 5304 litterarumque
1719 5242 1965 5289 amantes
1989 5247 2053 5287 ac
2082 5231 2285 5303 gloriae,
2317 5230 2614 5301 expromite
2645 5227 2905 5299 quidquid
2937 5226 3080 5297 apud
3114 5241 3206 5279 vos
3244 5226 3368 5279 latet
3401 5222 3458 5277 ἐν

242 5325 564 5396 “trinitate,
585 5324 821 5382 exeutite
837 5324 1046 5396 pluteos
1063 5323 1533 5388 bibliothecarum,
1552 5322 1780 5392 angulos
1801 5310 2140 5390 scrutainini,
2164 5337 2363 5377 musaea
2383 5319 2806 5404 circumspicito,
2832 5320 3036 5374 amicos
3060 5317 3463 5385 familiaresque

246 5423 447 5472 vestros
472 5422 708 5481 monete,
730 5421 942 5485 urgete,
972 5412 1227 5486 impellite
1264 5428 1280 5467 :
1311 5419 1366 5468 et
1393 5412 1438 5467 si
1472 5411 1611 5468 forte
1637 5411 1767 5483 quid
1790 5412 1859 5468 ad
1889 5412 2195 5467 institutum
2228 5420 2472 5465 nostrum
2501 5408 2967 5464 accommodatum
2997 5407 3138 5461 nacti
3172 5407 3326 5466 estis,
3364 5416 3459 5459 aut

244 5501 433 5560 mittite
472 5504 637 5570 illico,
673 5506 721 5561 si
756 5512 865 5560 tam
909 5517 1180 5575 propensa
1225 5503 1277 5557 in
1310 5501 1463 5557 vobis
1494 5500 1786 5557 eillorescit
1828 5501 2137 5557 humanitas
2165 5513 2230 5555 ac
2261 5500 2326 5553 de
2364 5496 2561 5553 litteris
2597 5496 2731 5551 bene
2767 5494 3011 5549 mercedi
3059 5494 3331 5555 voluntas,
3369 5502 3465 5545 aut

245 5591 423 5648 saltem
460 5590 681 5665 scriptis
714 5592 770 5650 in
801 5593 946 5650 hanc
981 5593 1171 5648 urbem
1193 5590 1395 5648 litteris
1426 5591 1491 5644 ad
1532 5588 1910 5646 Sebastianum
1951 5587 2233 5658 Cramoisy
2254 5628 2269 5654 ,
2301 5584 2847 5656 arcililypog’t‘aphlllll
2886 5582 3089 5653 regium
3124 5590 3177 5635 ct
3214 5591 3461 5651 typogm-

244 5680 372 5746 ltitia:
393 5684 558 5753 regize
580 5693 908 5751 curatorem,
931 5684 1135 5739 aliosve
1156 5682 1309 5737 vobis
1333 5689 1489 5736 notos
1509 5695 1572 5734 ac
1605 5678 1920 5742 familiares,
1950 5678 2165 5736 consilii
2192 5676 2354 5733 vestri
2382 5674 2828 5744 liberalitatisque
2851 5674 3114 5729 rationem
3138 5671 3460 5742 signiﬁcato.

248 5767 344 5827 lloc
366 5772 510 5830 enim
549 5787 842 5847 possumus
879 5772 1147 5838 polliceri,
1179 5770 1313 5827 tanti
1346 5766 1591 5826 beneﬁcii
1629 5765 2005 5838 benefactique
2046 5762 2386 5831 memoriam,
2415 5762 2578 5833 regiis
2627 5762 2764 5832 typis
2805 5772 3149 5832 expressam,
3191 5765 3302 5815 toto
3329 5757 3461 5815 orbe
