4050 6330
619 226 723 294 631
1638 233 2036 298 EXCERPTA
2075 235 2173 302 DE
2210 238 2218 298 ἲ

2234 232 2590 298 μΕῧΑΤΙΟΝ
2600 235 2798 300 IBUS.
3744 243 3833 312 633

621 326 970 416 vulgandam,
1002 352 1056 401 et
1093 344 1236 417 apud
1262 355 1512 418 posteros
1543 362 1737 404 omnes
1765 350 1960 420 quovis
1995 364 2270 408 marmore
2315 357 2474 421 atque
2503 366 2612 408 ante
2654 351 2946 423 perennius
2974 350 3316 410 duraturam.
3350 352 3536 426 Neque
3567 357 3701 413 enim
3729 377 3836 431 per-

623 431 908 489 mittemus
942 447 1207 503 unquam,
1238 442 1299 489 ut
1334 434 1499 491 ullius
1527 451 1722 492 nomen
1751 437 2007 493 oblivioni
2041 439 2214 504 detur,
2248 433 2674 510 qui-laudabiles
2706 451 2939 498 conatus
2960 451 3202 510 nostros,
3229 443 3435 514 tetique
3456 446 3838 517 reipublicalit-

621 519 834 577 terariae
855 522 1294 594 perhonoriﬁcus
1323 523 1482 595 juxta
1522 537 1585 581 ac
1606 526 1876 584 salutares
1911 540 2236 598 promovere
2265 526 2348 587 vel
2383 525 2577 583 leviter
2607 529 2921 584 tentatet-it.
2952 527 3160 586 Valete.

616 634 1293 782 Μὲὲῗίἰξῃῗαῆιῑοωω,
1322 652 1353 695 e
1387 637 1616 710 collegio
1643 638 2069 698 Claromontano
2097 637 2386 695 Societatis
2426 637 2590 707 Jesu,
2619 637 2874 697 Calendis
2897 637 3179 699 Ja-nuariis
3213 641 3346 698 anni
3380 657 3504 700 aerae
3542 644 3836 706 Christiana

2321 835 2568 893 Omnium
2604 853 2781 892 seri-us
2820 837 2873 893 in
2897 839 3106 895 Christo
3146 842 3644 914 obsequentissimi:

2561 947 2843 1010 PHILIPPUS
2863 949 3087 1010 LABBE
3121 953 3247 1015 Soc.
3279 952 3425 1013 Iesu.

1593 1295 2036 1364 DEDICATIO
2075 1298 2488 1364 EDlTlONlS
2533 1299 2906 1367 VENETE.

1119 1594 1421 1680 Philippo
1451 1602 1526 1678 ν,
1570 1590 2024 1684 Hispaniarum
2069 1601 2230 1685 regi,
2276 1601 2604 1668 catholica
2633 1600 2972 1684 religionis
3004 1600 3335 1666 assertori.

675 1757 734 1817 Si
779 1758 925 1833 quod
965 1772 1100 1834 opus
1129 1760 1455 1820 litterarium
1491 1770 1596 1826 est,
1627 1759 1876 1832 Philippe
1912 1775 2007 1817 rex
2047 1763 2305 1832 maxime,
2356 1763 2503 1834 quod
2536 1762 2702 1834 regiis
2747 1761 3009 1836 auspiciis
3055 1761 3279 1832 dignum
3322 1757 3600 1825 videatur,
3641 1773 3738 1814 una
3767 1766 3838 1816 est

602 1843 835 1900 historia
867 1842 1189 1918 Byzantina,
1217 1860 1340 1916 qua
1390 1844 1759 1916 magnitudine
1789 1844 1948 1900 molis
1980 1852 2036 1900 et
2063 1859 2248 1904 rerum
2276 1852 2598 1924 praestantia
2642 1867 2748 1910 non
2794 1852 2954 1918 liber,
3002 1850 3096 1907 sed
3137 1849 3469 1905 bibliotheca
3505 1847 3614 1903 dici
3655 1855 3835 1918 potest.

601 1927 792 2004 Itaque
821 1946 989 1990 nemo.
1004 1932 1312 2001 mirabitur,
1345 1947 1453 1999 me,
1489 1934 1580 2003 qui
1611 1946 1723 1988 rem
1762 1941 1966 1987 tantam
1997 1934 2302 2004 aggredior,
2341 1946 2603 2008 quantam
2633 1952 2703 1993 ne
2735 1937 2865 2006 ipsa
2896 1937 3114 2008 quidem
3148 1937 3216 1992 ad
3247 1935 3392 1990 hunc
3426 1935 3572 1990 diem
3601 1941 3831 2006 typogra—

563 2077 567 2082 .
602 2019 838 2090 phorum
866 2021 1160 2079 societates
1182 2021 1344 2093 longe
1370 2020 1655 2077 ditissima:
1682 2034 1829 2076 ausa
1855 2027 2001 2085 sunt,
2045 2023 2267 2080 conatui
2296 2039 2480 2095 parem
2515 2023 2781 2092 quaesisse
2812 2023 3110 2094 auspicem.
3150 2023 3340 2079 Sentio
3382 2024 3664 2080 enimvero
3692 2023 3834 2093 regiae

599 2114 908 2184 maiestatis
938 2113 1315 2172 celsitudinem
1344 2133 1359 2184 ;
1388 2113 1484 2170 sed
1505 2121 1748 2169 nontam
1775 2129 1862 2170 me
1893 2112 1981 2168 illa
2003 2112 2262 2176 deterret,
2293 2127 2457 2181 quam
2475 2111 2808 2182 indulgentia
2835 2111 3027 2180 allicit,
3051 2126 3173 2182 quae
3203 2125 3432 2181 magnos
3461 2125 3616 2182 reges
3640 2124 3833 2178 semper

600 2204 862 2258 cotttitata
889 2210 990 2260 est.
1021 2201 1341 2274 Quicunque
1389 2213 1577 2259 autem
1607 2217 1708 2272 ego
1740 2202 1867 2270 sim,
1887 2215 2001 2258 non
2032 2214 2126 2257 me
2149 2200 2389 2270 quidem,
2422 2198 2518 2256 sed
2552 2213 2807 2272 magnam
2835 2200 2979 2256 hanc
3025 2200 3362 2270 scriptorum
3384 2198 3827 2253 nobilissimorum

599 2298 874 2346 catervam
908 2299 1157 2360 spectare
1184 2293 1379 2357 debes;
1412 2305 1533 2361 qua:
1558 2290 1710 2356 olim,
1745 2302 1869 2345 cum
1893 2288 2126 2359 primum
2155 2287 2416 2360 prodiret,
2449 2286 2713 2345 Ludovici
2739 2285 2943 2360 Magni,
2973 2288 3057 2343 avi
3086 2289 3184 2354 tui,
3209 2287 3464 2359 praesidio
3486 2287 3713 2342 ilelicitet'
3731 2301 3833 2350 usa,

598 2393 746 2436 nunc
772 2393 839 2435 eo
862 2378 1095 2444 sublato,
1120 2378 1214 2448 qui
1240 2394 1400 2450 supra
1435 2379 1823 2434 mortalitatem
1858 2378 2070 2448 positus
2093 2376 2400 2443 videbatur,
2436 2377 2505 2434 ad
2544 2384 2823 2448 nepotem,
2851 2384 3124 2430 tantarum
3149 2378 3408 2430 virtutum
3447 2376 3731 2438 baredem,
3753 2389 3834 2429 sua

597 2473 727 2524 vota
749 2467 1037 2524 convertit.
1070 2467 1110 2521 Α
1141 2464 1305 2522 Gallo.
1325 2480 1488 2538 porro
1517 2467 1582 2520 ad
1612 2464 1915 2538 Hispanum
1955 2465 2153 2522 transit
2189 2468 2459 2523 fortunam
2492 2467 2913 2538 ampliﬁcatura,
2942 2480 3054 2522 non
3085 2473 3379 2520 mutatura.
3416 2467 3498 2520 'l‘u
3525 2465 3668 2520 enim
3698 2465 3738 2518 is
3765 2478 3832 2528 es,

597 2556 694 2627 qui
724 2555 859 2613 duas
889 2555 986 2612 bas
1017 2552 1428 2612 ﬂorentissimas
1458 2554 1707 2611 nationes
1738 2554 1923 2622 gloriae
1954 2557 2306 2612 contentione
2332 2556 2543 2627 jamdiu
2584 2565 2886 2621 certantes,
2917 2563 3005 2619 et,
3027 2555 3170 2626 quod
3205 2556 3585 2623 consequitur,
3623 2549 3836 2622 ingeniis

599 2644 902 2714 studiisque
929 2643 1191 2712 dispares,
1228 2641 1531 2699 incredibili
1575 2644 1808 2712 quadam
1839 2657 1903 2698 ac
1933 2657 2102 2712 prope
2138 2644 2321 2699 divina
2358 2645 2645 2716 prudentia
2677 2645 3017 2708 conciliasti;
3049 2655 3106 2698 et
3137 2645 3190 2698 in
3231 2652 3310 2697 tot
3339 2642 3616 2711 tantisque
3647 2639 3831 2711 longis-

614 2734 738 2787 simi
770 2747 834 2788 ac
869 2731 1314 2803 periculosissimi
1341 2729 1469 2787 belli
1514 2729 1980 2786 vicissitudinibus
2015 2730 2268 2800 eil'ecisti,
2296 2743 2355 2788 ut
2393 2748 2491 2789 nec
2526 2732 2666 2787 Galli
2711 2733 2816 2788 nisi
2851 2733 2915 2787 de
2944 2730 3220 2803 Hispanis,
3266 2745 3364 2784 nec
3400 2729 3625 2799 Hispani
3653 2726 3750 2782 nisi
3775 2726 3832 2782 de

599 2821 770 2878 Gallis
808 2819 1029 2877 solliciti
1057 2829 1264 2876 essent.
1293 2817 1449 2875 Nunc
1487 2817 1654 2874 rebus.
1673 2818 1755 2873 vel
1783 2817 2133 2889 compositis,
2157 2819 2242 2875 vel
2284 2835 2425 2891 pene
2466 2821 2807 2890 compositis,
2841 2829 2896 2879 et
2917 2819 3241 2877 immutabili
3282 2831 3414 2888 pace
3453 2815 3832 2886 tirmatis,quitl

598 2916 684 2964 est
713 2908 1000 2979 reliquum,
1029 2908 1132 2964 nisi
1163 2894 1223 2963 ut
1248 2915 1395 2962 artes
1427 2921 1489 2963 ac
1524 2906 1839 2980 disciplinas
1868 2904 1934 2961 ad
1961 2907 2284 2977 populorum
2331 2919 2544 2965 tuorum
2580 2912 2898 2967 felicitatem
2923 2910 3283 2983 promoveas?
3319 2906 3506 2977 chno
3548 2914 3656 2960 tam
3683 2905 3824 2972 longe

596 2997 815 3068 lateque
843 2997 961 3054 iuso
987 3011 1258 3071 nunquam
1281 2995 1509 3053 deerunt
1536 3010 1667 3067 opes
1693 3015 1704 3050 :
1732 2997 1848 3062 sed,
1875 2997 2016 3068 quod
2043 3012 2174 3067 opes
2201 2999 2346 3068 ipsas
2388 3014 2579 3069 regere
2603 3007 2786 3071 potest
2805 3009 2860 3055 et
2881 3000 2948 3056 ad
2973 2996 3196 3052 humani
3227 2995 3442 3065 generis
3470 3009 3622 3048 usum
3648 3006 3832 3047 accom-

595 3086 844 3152 modare,
867 3096 1070 3144 rectum
1095 3087 1160 3142 de
1189 3085 1350 3143 rebus
1372 3085 1628 3141 omnibus
1650 3087 1942 3156 judicium,
1967 3101 1998 3140 a
2019 3085 2324 3142 litterarum
2355 3086 2553 3145 studiis
2580 3088 2853 3157 proficisci
2877 3088 3060 3151 debet,
3093 3086 3393 3140 litterarum
3428 3084 3609 3138 studia
3633 3098 3658 3135 a
3687 3081 3830 3136 libro-

595 3191 720 3232 rum
760 3187 814 3233 et
847 3176 1191 3235 librariorum
1237 3176 1423 3230 tutela.
1470 3174 1644 3230 Debes
1682 3174 1787 3230 hoc
1824 3174 2021 3230 divina
2063 3175 2442 3245 providentiae,
2487 3192 2609 3248 qua:
2644 3179 2864 3231 domum
2911 3186 3059 3232 tuam
3109 3189 3272 3245 supra
3336 3173 3580 3244 reliquos
3625 3171 3828 3239 Europa

598 3265 877 3338 principes
916 3264 1276 3337 pulcherrima
1325 3263 1478 3334 prole
1527 3263 1810 3319 fortunare
1849 3263 2061 3332 voluit;
2105 3273 2162 3320 ut
2193 3264 2304 3333 jam
2337 3281 2442 3319 non
2483 3266 2646 3320 modo
2679 3264 2921 3335 ilispano
2967 3278 3134 3335 regno
3177 3264 3227 3318 in
3259 3276 3436 3318 seram
3470 3261 3825 3333 posteritatem

598 3355 894 3414 suﬂ'ectura
921 3355 1205 3422 videatur,
1239 3355 1338 3411 sed
1374 3354 1603 3410 aliarum
1640 3368 1856 3427 quoque
1895 3356 2296 3426 provinciarum
2331 3368 2484 3423 spem
2526 3362 2583 3408 et
2616 3352 3077 3424 exspectationem
3119 3358 3480 3405 commoveat.
3528 3346 3645 3405 Non
3692 3356 3826 3417 potes

595 3442 807 3515 ingenti
842 3443 968 3500 huic
1012 3443 1102 3500 Dei
1135 3452 1250 3514 opt.
1297 3457 1442 3499 max.
1480 3442 1745 3500 beneﬁcio
1779 3443 1960 3515 aptius
1999 3444 2349 3515 respondere,
2393 3457 2557 3514 quam
2600 3443 2644 3498 si
2686 3454 2738 3498 tu
2773 3456 3010 3513 quoque,
3042 3438 3300 3509 exemplo
3337 3439 3477 3508 ejus,
3523 3435 3820 3492 mortalibus

597 3527 947 3598 benefacies;
977 3532 1030 3591 in
1059 3547 1232 3602 eoque
1265 3532 1500 3588 maxime
1527 3532 1836 3588 benefacias
1863 3574 1877 3598 ,
1911 3532 1964 3587 in
1990 3547 2096 3603 quo
2123 3541 2402 3603 appareat,
2433 3539 2765 3601 quantopere
2790 3530 3139 3599 privatorum.
3164 3525 3414 3583 tenuitati
3472 3525 3621 3596 regis
3651 3521 3824 3592 ampli-

600 3620 735 3677 tudo
786 3620 1080 3693 precellat.
1113 3623 1216 3677 Ars
1245 3622 1358 3677 haec
1387 3631 1598 3688 noetra,
1629 3620 2004 3692 philosophiae,
2039 3620 2342 3691 theologia),
2375 3620 2515 3693 sacri
2571 3619 2857 3688 civilisque
2881 3617 3023 3688 juris
3067 3617 3339 3685 totiusque
3374 3614 3653 3684 sapientia:
3681 3609 3825 3665 admi«

600 3710 801 3776 nistra,
828 3709 1052 3780 privatis
1079 3710 1274 3780 opibus
1297 3718 1354 3765 et
1389 3708 1632 3768 consiliis
1657 3718 1803 3766 stare
1833 3711 2022 3781 nequit
2049 3727 2064 3764 :
2097 3723 2195 3765 nec
2225 3724 2353 3765 vero
2375 3677 2474 3780 ego
2509 3716 2616 3761 tam
2645 3705 2835 3776 ingens
2863 3719 2996 3774 opus
3024 3719 3243 3760 movere
3275 3718 3439 3759 ausus
3467 3715 3669 3763 essent,
3695 3700 3733 3755 si
3766 3698 3822 3753 de

597 3813 686 3854 mc
718 3799 1093 3855 tantummodo
1124 3800 1470 3871 cogitassem.
1499 3798 1556 3854 in
1590 3799 1954 3856 humanarum
1993 3815 2172 3854 rerum
2200 3798 2414 3869 fastigia
2440 3795 2627 3852 oculos
2655 3805 2996 3864 montemque
3025 3793 3235 3864 conjeci
3263 3809 3279 3859 ;
3304 3799 3358 3847 et
3391 3791 3536 3861 quod
3569 3793 3620 3847 in
3647 3788 3822 3861 prim‘s

599 3887 733 3944 mibi
766 3887 1081 3959 praefulgere
1110 3886 1284 3943 visum
1320 3895 1426 3955 est,
1459 3901 1525 3943 eo
1561 3895 1826 3960 tanquam
1872 3886 2074 3952 sidere,
2105 3886 2253 3958 quod
2295 3885 2533 3942 faustum
2573 3881 3020 3952 iortunatumque
3066 3890 3248 3947 esset,
3289 3881 3467 3936 moliri
3505 3879 3665 3950 cmpi.
3697 3876 3823 3930 Ades

599 3974 769 4046 igitur
811 3975 1014 4033 homini
1053 3973 1137 4048 (ut
1173 3983 1421 4032 veterum
1457 3971 1819 4045 Hispanorum
1861 3988 2012 4030 more
2045 3973 2258 4047 loquar)
2298 3975 2497 4029 devoto
2535 3971 2749 4028 numini
2790 3971 3171 4041 maiestatique
3232 3978 3375 4040 tute;
3403 3968 3818 4038 indttstriamqne

598 4076 777 4122 meam
799 4064 854 4123 in
889 4079 948 4125 re
978 4073 1086 4124 tam
1109 4064 1263 4143 gravi
1293 4071 1613 4138 occupatam
1643 4064 1794 4136 regio
1826 4062 2048 4122 nomine
2072 4071 2212 4135 tege,
2233 4060 2475 4132 auspicio
2503 4059 2645 4128 fove,
2670 4060 2924 4132 praesidio
2952 4069 3219 4116 sustenta.

1990 4195 2442 4254 Banruonoatssus
2472 4192 2833 4261 JAVARlNA,
2871 4191 3265 4265 Typographus
3287 4190 3548 4251 Venetus.
