4048 6338
524 211 634 281 647
1470 257 1474 263 ς
1700 203 2104 274 EXCERPTA
2138 208 2188 271 E
2228 207 2566 272 DEXIPPO
3665 207 3771 275 518

528 329 729 396 quibus
793 337 900 379 nou
952 321 1090 379 levia
1142 319 1448 388 commoda,
1488 321 1581 378 sed
1632 322 1912 380 laboribus
1946 321 2105 394 longe

2210 321 2299 395 τοῦ
2352 317 2537 394 φόϐου
2565 321 2874 393 σύγκειται,
2927 321 3078 387 ὅπως
3130 319 3199 376 ἃν
3244 319 3308 376 τδ
3351 321 3611 393 σφέτερον
3658 323 3775 388 δέος

526 418 732 488 majora
785 423 1189 486 comparantur.
1239 412 1372 469 Nam
1400 414 1590 486 vulgus
1626 423 1867 470 vestrum
1922 429 2100 485 neque

2210 413 2639 486 ὲπηλυγάζησθε.
2668 416 2772 468 Ἦν
2786 414 2838 467 τί
2857 413 2940 467 δεῖ
2964 411 3286 486 προσίεσθαι
3309 413 3376 483 δέ,
3395 413 3573 479 καλῶς
3596 415 3773 486 ὑπάρ-

524 506 772 578 corporis
817 521 989 576 neque
1020 505 1186 561 animi
1235 505 1443 562 viribus
1484 505 1672 578 pollet.
1708 504 1900 560 Inclusi
1949 504 2096 560 enim

2210 522 2291 576 χον
2333 504 2671 577 πανταχόθεν
2701 503 3140 558 ἀποκλεισθεῐσιν
3167 504 3299 574 ὑμῖν
3336 503 3438 574 τῆς
3462 503 3646 558 οἶκαδε
3688 520 3779 557 ποθ

524 599 669 654 inter
706 595 1026 654 Rhodanum
1071 607 1127 654 et
1174 607 1393 654 nostros
1431 598 1566 654 lines
1601 597 1980 654 alimentorum
2013 610 2101 666 pe-

2210 596 2354 667 ρείας
2365 597 2459 651 καὶ
2478 591 2590 651 οἷον
2617 596 2750 651 είσω
2776 595 2961 650 πυλῶν
2992 594 3424 667 ἀπειλημμένοις
3454 595 3695 667 χρῆσθαι
3719 592 3777 651 εὖ

526 691 684 745 nuria
713 690 941 760 aliisque
985 688 1347 744 incommodis
1395 690 1670 757 laborans,
1715 687 1902 744 multis
1939 685 2100 743 malis

2210 704 2257 742 rs
2294 689 2389 743 καὶ
2434 689 2536 761 μὴ,
2565 688 2714 754 ὅπως
2750 689 2816 744 ἂν
2847 688 3063 761 ἔχωμεν
3106 686 3243 758 πρὸς
3275 688 3419 759 ὑμᾶς
3446 687 3723 753 διανοίας;
3754 705 3774 739 ι

520 782 632 836 hoc
683 783 803 851 ipso
837 789 1078 852 tempore
1123 781 1411 850 premitur,
1463 782 1583 837 aliis
1626 798 1751 836 mox
1795 789 2092 853 premetur.

2212 779 2340 834 Ἐπὶ
2369 778 2580 844 τούτοις
2610 779 2882 850 λεχθεῖσιν
2911 781 2976 834 ἐκ
3004 777 3100 833 τοῦ
3127 777 3393 849 βασιλέως
3430 778 3784 847 κατεπλάγη-

527 873 784 929 Fractum
834 882 890 928 et
951 872 1313 940 debilitatum,
1346 873 1473 944 quia
1534 875 1653 930 sine
1691 872 2099 929 intermissione

2210 871 2304 927 σάν
2347 889 2409 927 τε
2451 872 2782 943 Ἰουθοῦγγοι
2805 889 2823 905 ο
2873 872 2969 927 καὶΙ
3018 871 3094 936 ὡς
3141 870 3298 925 οὐδὲν
3348 870 3534 934 αὐτοῖς
3560 869 3707 923 κατὰ
3736 868 3782 902 ⁸⁸

526 965 766 1032 laborat,
796 967 973 1020 minus
997 966 1159 1020 audet
1190 976 1246 1020 et
1270 965 1514 1022 timidius
1535 974 1635 1021 est.
1667 964 1850 1035 Itaque
1885 964 2100 1020 diutur-

2210 963 2303 1029 τὰς
2358 961 2576 1027 ἐλπίδας
2628 962 2968 1033 ἐπράττετο,
3031 960 3315 1024 παντελῶς
3371 960 3483 1014 τῶν
3537 959 3786 1013 σπονδῶν

529 1058 700 1114 nioris
718 1065 835 1112 tum
857 1057 1025 1112 studii
1049 1066 1162 1112 tum
1184 1041 1367 1127 operas
1381 1058 1622 1111 nescium
1652 1071 1774 1110 sese
1803 1054 1957 1110 nobis
1983 1056 2102 1110 sine

2210 1053 2513 1125 ἀπογνώσει
2541 1053 2788 1128 ἐχόμενοι
2810 1053 2962 1126 παρὰ
2992 1053 3123 1120 τοὺς
3157 1052 3456 1126 σφετέρους
3486 1051 3792 1122 ἀπεχώρηο

529 1149 724 1220 ρτωίὶο
760 1149 1017 1220 praebebit
1038 1157 1283 1220 paratum
1299 1150 1506 1216 subire,
1526 1147 1786 1219 quidquid
1810 1146 1874 1201 de
1907 1161 1971 1201 co
1991 1154 2099 1200 sta-
2205 1161 2328 1208 σαν.
3341 1161 3346 1164 ·

531 1255 684 1301 tuere
730 1245 1060 1301 voluerimus
1101 1262 1117 1301 :
1159 1260 1226 1301 ex
1264 1259 1372 1315 quo
1423 1259 1613 1300 omnes
1670 1251 1868 1298 vestra:
1906 1256 1995 1299 res
2043 1243 2100 1297 in
2139 1251 2388 1314 apertum
2419 1243 2714 1302 discrimen
2749 1245 3108 1303 adducuntur.
3158 1244 3293 1303 Tota
3365 1256 3546 1304 autem
3607 1255 3786 1303 vestra

528 1336 680 1408 pacis
716 1338 902 1408 petitio
930 1336 1064 1392 nihil
1096 1346 1181 1392 est
1213 1336 1314 1392 nisi
1369 1337 1626 1392 decorum
1680 1335 1888 1391 timoris
1939 1344 2280 1406 praetextum,
2363 1351 2473 1408 quo
2530 1346 2734 1394 metum
2803 1349 3044 1396 vestrum
3099 1347 3280 1411 tegere
3331 1342 3550 1411 cupitis.
3613 1344 3785 1408 Quam

530 1444 631 1484 cur
658 1430 1026 1502 accipiamus,
1064 1429 1194 1485 data
1225 1429 1383 1485 nobis
1415 1428 1704 1486 occasione
1740 1442 1838 1484 vos
1871 1428 2108 1497 undique
2141 1429 2209 1483 ab
2239 1428 2414 1484 reditu
2437 1429 2688 1486 exclusos
2743 1439 2798 1485 et
2828 1433 2987 1502 quasi
3054 1432 3198 1488 intra
3242 1432 3479 1488 claustra
3514 1432 3786 1489 coercitos

537 1521 642 1591 12
681 1526 816 1578 bene
844 1535 940 1579 aut
988 1522 1128 1578 male
1171 1523 1425 1588 habendi,
1477 1530 1749 1591 utcunque
1794 1520 1949 1576 nobis
2000 1535 2099 1591 pro
2135 1521 2302 1575 animi
2338 1523 2511 1577 nostri
2540 1536 2668 1592 erga
2721 1539 2822 1580 vos
2856 1523 3056 1580 affectu
3123 1525 3443 1581 videbitur?
3478 1546 3498 1579 ι
3553 1525 3654 1582 liis
3719 1527 3788 1581 ab

531 1617 863 1688 imperatore
882 1615 1062 1684 dictis,
1117 1614 1375 1686 Iuthungi
1402 1616 1559 1672 valde
1622 1625 1748 1672 sunt
1786 1616 2136 1682 consternati,
2177 1629 2409 1686 cumque
2449 1617 2671 1675 minime
2720 1619 3018 1691 negotium,
3085 1629 3148 1675 ut
3194 1631 3570 1690 speraverant,
3601 1620 3788 1685 conio.

529 1713 751 1777 cissent,
779 1714 873 1767 sed
892 1712 1117 1768 omnino
1150 1709 1373 1766 Rnderis
1402 1707 1665 1780 repulsam
1720 1708 1994 1773 tulissent,
2028 1707 2096 1761 ad
2137 1723 2232 1762 sua
2261 1708 2560 1765 redierunt.

601 1807 657 1862 3.
700 1804 787 1876 (Α.
815 1805 882 1860 C.
911 1804 1040 1872 ΞΠ,
1069 1803 1255 1858 Aurel.
1286 1803 1330 1858 I.
1373 1803 1453 1873 2.)
1480 1801 1593 1859 Sub
1616 1802 1904 1857 Aureliano
1957 1799 2107 1857 Van-

2286 1800 2354 1872 β’.
2387 1800 2511 1856 ὀτι
2536 1803 2628 1856 ἐπὶ
2652 1804 2992 1876 Δύρηλιανοῢ
3038 1806 3085 1859 οί
3119 1807 3380 1880 Βανδῆλοι
3410 1808 3554 1863 κατὰ
3587 1809 3787 1880 κράτος

529 1896 639 1953 dali
667 1913 699 1951 a
738 1895 1000 1950 Romanis
1029 1895 1148 1950 acie
1183 1894 1422 1965 superati
1460 1901 1606 1948 sunt.
1657 1890 1844 1962 Itaque
1875 1891 2100 1959 legatio-

527 2003 656 2046 nem
688 1988 756 2044 ad
790 1987 1065 2043 Romanos
1099 1989 1480 2051 decreverunt,
1513 1999 1634 2056 qua:
1689 1986 1755 2039 de
1789 1984 1928 2040 bello
1953 1984 2102 2053 paci-

531 2081 786 2138 Ilcatioue
835 2077 1328 2147 finiendae-ageret.
1377 2073 1598 2130 Etcum
1638 2073 1808 2128 multa
1854 2075 1996 2129 inter
2045 2086 2104 2128 se

530 2175 828 2243 imperator
863 2178 922 2223 et
969 2167 1188 2223 barbari
1232 2165 1616 2222 disseruissent
1668 2205 1683 2229 ,
1739 2163 1974 2219 solutum
2021 2170 2104 2218 est

527 2263 892 2335 colloquium.
932 2257 1200 2316 Postridie
1225 2257 1513 2313 multitudo
1542 2256 1772 2311 militum
1829 2255 2103 2310 Romano-

531 2370 652 2414 rum
682 2368 875 2411 rursus
926 2352 1198 2418 convenit,
1237 2359 1439 2407 etcum
1473 2362 1567 2404 eos
1594 2349 1888 2418 imperator
1934 2346 2104 2401 inter-

523 2451 802 2518 rogasset,
847 2443 975 2514 quid
999 2443 1108 2496 illis
1153 2441 1415 2511 optimum
1460 2453 1582 2494 csse
1620 2437 1932 2502 videretur,
1980 2449 2100 2490 cum

2203 1890 2530 1961 ἡττηθέντες
2577 1895 2728 1967 παρὰ
2775 1895 3063 1967 Ῥωμαίων
3123 1897 3420 1967 πρεσϐείαν
3457 1899 3788 1970 ἐποιήσαντο

2205 1981 2342 2053 πρὸς
2379 1983 2688 2054 Ῥωμαίους
2741 1987 2874 2058 περὶ
2904 1987 3202 2051 διαλύσεως
3234 1987 3476 2060 πολέμου
3529 1988 3626 2044 καὶ
3653 2008 3787 2062 συμ-

2205 2075 2437 2142 ϐάσεως.
2500 2078 2608 2131 Καὶ
2652 2079 2822 2134 πολλὰ
2854 2081 3169 2151 ἀναμεταξὺ
3213 2082 3481 2136 εἰπόντων
3517 2083 3788 2155 ἀλλήλων,

2201 2169 2297 2222 τοῦ
2323 2186 2385 2223 τε
2420 2168 2684 2240 βασιλέως
2734 2173 2828 2225 καὶ
2858 2172 2967 2229 τῶν
3020 2173 3330 2244 βαρϐάρων,
3357 2173 3581 2245 διελύθη
3623 2175 3724 2245 μὶν
3759 2175 3786 2227 ό

2205 2261 2480 2331 σύλλογος,
2510 2265 2577 2335 τῇ
2601 2263 2660 2316 δέ
2687 2265 2949 2337 ὑστεραίᾳ
2972 2265 3034 2318 τό
3062 2283 3121 2319 τε
3148 2266 3352 2336 πλῆθος
3376 2267 3482 2320 τῶν
3497 2265 3785 2338 Ῥωμαίων

2207 2354 2557 2425 στρατιωτῶν
2577 2355 2733 2420 αὖθις
2759 2355 3052 2429 ἡθροίσθη,
3076 2357 3170 2412 καὶ
3204 2358 3467 2427 ἐρομένου
3499 2355 3783 2428 βασιλέως,

2204 2449 2232 2502 ὅ
2265 2447 2318 2501 τί
2361 2464 2515 2517 σφισι
2557 2449 2688 2520 περὶ
2720 2449 2829 2503 τῶν
2862 2450 3149 2521 παρόντων
3177 2449 3314 2520 λῷον
3344 2450 3388 2481 ⁸⁸
3423 2445 3564 2502 εἶναι
3621 2449 3784 2511 δοκεῖ,

530 2544 831 2595 statuerent
857 2542 1182 2609 praesentem
1213 2533 1630 2605 prosperitatem
1655 2528 1792 2584 tueri
1814 2537 1871 2584 et
1897 2540 2102 2595 rerum,

2210 2539 2483 2611 κρίνοντες
2514 2540 2614 2612 τὴν
2640 2540 2896 2613 εὐτυχίαν
2923 2541 3024 2611 τὴν
3064 2541 3423 2612 ὑπάρχουσαν
3472 2540 3784 2612 προμηθείᾳ

531 2632 730 2705 quibus
783 2629 1130 2701 potiebantur
1159 2664 1177 2693 ,
1225 2623 1467 2680 fruitioni
1523 2619 1757 2692 prospici
1808 2625 2101 2690 oportere,

2210 2634 2304 2705 τῆς
2334 2633 2475 2706 ὑπὲρ
2508 2633 2619 2686 τῶν
2661 2632 2830 2688 ὅντων
2887 2634 3190 2704 ἀσφαλείας
3238 2633 3636 2698 διασώσασθαι,
3693 2633 3784 2686 καὶ

531 2738 686 2783 suam
726 2722 792 2778 de
830 2736 892 2777 ca
925 2735 984 2775 re
1017 2719 1347 2774 voluntatem
1381 2728 1516 2770 voce
1560 2712 2007 2783 signiﬁcaverunt
2049 2718 2107 2765 et

2210 2728 2305 2800 βοῇ
2336 2727 2398 2780 τὸ
2439 2726 2765 2799 βουλόμενον
2816 2727 3204 2799 σημαίνοντες,
3235 2727 3560 2799 σύμπαντες
3602 2729 3660 2791 ἐς
3692 2726 3784 2797 τὴν

529 2814 769 2873 universi
812 2815 865 2869 in
913 2812 1239 2868 sententiam
1295 2806 1515 2863 ﬁniendi
1553 2805 1679 2860 belli
1716 2805 1952 2859 iverunt.
1993 2799 2106 2860 Sic

2210 2799 2506 2874 κατάλυσιν
2536 2820 2631 2873 τοῦ
2656 2819 2902 2891 πολέμου
2928 2818 3235 2891 ἐχώρησαν.
3270 2819 3380 2875 Καὶ
3401 2819 3512 2874 οἵδε
3562 2821 3661 2890 μὲν
3686 2813 3783 2873 ὦδε

532 2910 702 2982 igitur
774 2909 917 2963 inter
977 2905 1101 2960 illos
1154 2901 1432 2960 convenit.
1471 2897 1682 2972 _Itaque
1737 2894 2106 2953 Bariiarorunt

2210 2911 2623 2983 συνηνέχθησαν
2660 2912 2859 2984 γνώμῃ
2878 2928 2892 2944 ⁸
2924 2913 2973 2966 oi
3001 2912 3058 2966 δέ
3082 2912 3189 2967 τῶν
3218 2913 3522 2984 Βαρϐάρων
3549 2913 3786 2984 βασιλεῖς

529 3001 687 3074 τθεεε
736 3008 792 3057 ει
842 2997 1116 3072 Ρτίηοίρθε
1164 3001 1454 3059 venerum!
1508 2999 1648 3046 θιυι
1677 2989 1782 3045 mis
1810 2996 1930 3045 θτδί
1971 3002 2111 3060 Ρη·
2207 3007 2305 3060 καὶ
2354 3005 2639 3077 ἄρχοντες,
2671 3005 2896 3076 ἥκοντες
2924 3004 3116 3060 καθότι
3154 3006 3309 3073 σφίσι
3363 3006 3783 3077 προειρημένον,

531 3103 770 3165 ceptum,
794 3107 861 3148 ex
908 3091 1022 3147 suis
1063 3089 1281 3145 obsides
1336 3087 1427 3158 qui
1475 3100 1580 3142 non
1615 3085 1668 3140 in
1701 3081 1954 3141 secundis
1984 3096 2107 3152 par-

2210 3099 2396 3154 ἔδοσαν
2419 3099 2661 3170 ὁμήρους
2680 3099 2828 3170 σφῶν
2846 3098 3048 3160 αὐτῶν.
3072 3097 3132 3151 οὐ
3160 3098 3228 3154 τὰ
3253 3097 3484 3170 δεύτερα
3513 3078 3784 3167 ἀξιώσεως

533 3163 675 3242 tibus
714 3184 944 3240 fortunae
994 3194 1052 3239 et
1115 3181 1395 3256 dignitatis
1441 3179 1737 3244 haerebant,
1793 3177 2104 3244 dederunt;

2211 3192 2305 3244 καὶ
2329 3163 2624 3263 τύχηθ’-Οἵ
2662 3163 2862 3261 τεγὰρ
2883 3189 3124 3261 βασιλεῖς
3159 3191 3286 3256 τοὺς
3311 3163 3508 3256 παῖδας
3541 3163 3783 3263 ἑκάτεροι

532 3289 764 3347 uterque
806 3277 949 3334 enim
990 3290 1084 3330 rex
1143 3281 1198 3329 et
1240 3272 1470 3344 proximi
1507 3271 1772 3342 dignitate
1818 3283 1926 3324 una
1982 3282 2105 3323 cum

2210 3280 2447 3335 διδόασιν
2477 3282 2536 3344 ἐς
2573 3281 2671 3352 τὴν
2701 3281 2989 3354 ὁμηρείαν,
3016 3282 3388 3348 ἐνδοιάσαντες
3419 3284 3466 3316 ⁸³
3491 3284 3664 3350 οὐδὲν,
3697 3283 3784 3337 καὶ

532 3371 666 3441 ipsis
688 3370 804 3425 sine
845 3383 994 3424 mora
1029 3367 1168 3423 Illios
1223 3380 1350 3420 suos
1383 3378 1481 3434 pro
1527 3363 1814 3420 obsidibus
1866 3360 2106 3417 tradide-

532 3468 680 3518 runt.
715 3459 810 3514 His
845 3457 1052 3529 legibus
1086 3457 1154 3512 ad
1191 3465 1346 3527 pacta
1375 3465 1432 3510 et
1478 3457 1862 3509 conventiones
1887 3460 2107 3508 ventum

531 3562 642 3619 est,
678 3562 735 3607 et
782 3550 983 3606 fmdera
1044 3557 1170 3606 sunt
1199 3549 1368 3604 inita:
1415 3546 1639 3602 Vandali
1687 3543 1950 3600 Romanis
2001 3542 2108 3599 duo

535 3643 683 3699 mille
701 3641 917 3712 equites
941 3640 1261 3697 auxiliarios
1299 3652 1365 3694 ex
1404 3637 1608 3694 findere
1663 3635 2106 3707 suppeditabant,

532 3752 764 3810 quorum
792 3733 1036 3792 nonnulli
1065 3749 1132 3789 ex
1157 3741 1267 3788 tota
1301 3730 1574 3788 exercitus
1621 3727 1971 3784 multitudine
2008 3728 2108 3782 de-

532 3832 658 3888 lecti
709 3837 763 3888 et
800 3831 855 3884 in
909 3827 1033 3884 belli
1088 3827 1405 3882 societatem
1455 3822 1701 3895 ascripti,
1753 3821 1844 3876 alii
1887 3829 2111 3892 sponta-

534 3939 692 3981 ncam
745 3922 991 3978 militiam
1038 3919 1332 3976 subeuntes
1381 3917 1600 3972 nomina
1640 3915 1926 3969 dederunt.
1960 3909 2108 3966 Reli-

2210 3367 2389 3441 ἐτεροι
2435 3371 2553 3440 ἅμα
2593 3371 2781 3436 αὐτοῖς
2812 3371 2873 3425 οὐ
2911 3371 3058 3443 μάλα
3092 3372 3283 3444 πόρρω
3328 3371 3633 3438 ἀξιώσεως.
3681 3375 3783 3429 Καὶ

2211 3464 2304 3515 ἐπὶ
2356 3463 2570 3527 τούτοις
2631 3462 2920 3534 ἐχώρησαν
2967 3480 3028 3516 τε
3095 3465 3232 3533 πρὸς
3258 3464 3554 3535 σύμϐασιν,
3599 3465 3691 3519 καὶ
3731 3466 3783 3517 ai

2212 3555 2436 3610 σπονδαὶ
2480 3555 2748 3625 ἐγένοντο.
2782 3557 3132 3628 Συνεμάχουν
3182 3557 3240 3610 δέ
3276 3558 3386 3611 ἀπὸ
3442 3557 3611 3628 τῆσδε
3652 3559 3777 3612 Ῥω·

2215 3646 2394 3716 μαίοις
2416 3647 2462 3678 ⁸³
2491 3647 2775 3718 Βανδὴλων
2803 3649 2988 3713 ίππεῖς
3018 3651 3097 3712 είς
3122 3648 3438 3720 δισχιλίους,
3457 3651 3507 3704 oi
3533 3649 3634 3722 μὲν
3649 3664 3783 3713 τινες

2210 3740 2417 3810 αἱρετοὶ
2447 3742 2512 3793 ἐκ
2557 3739 2652 3792 τοῦ
2681 3740 2920 3808 πλήθους
2974 3743 3032 3806 ἐς
3060 3741 3159 3813 τὴν
3195 3741 3517 3813 συμμαχίαν
3560 3741 3780 3795 καταλε‹

2210 3833 2452 3904 χθέντες,
2482 3833 2530 3885 oi
2556 3833 2612 3886 δέ
2647 3832 2742 3885 καὶ
2769 3832 3042 3897 ἐθέλοντες
3071 3833 3318 3887 ἑκούσιον
3351 3835 3616 3905 στρατιὰν
3657 3834 3780 3886 6m-

2208 3927 2543 3997 Buo'ttavm“.
2590 3925 2648 3980 '0
2683 3926 2739 3980 δέ
2764 3926 2952 3989 λοιπὸς
2981 3925 3268 3997 Βανδήλων
3302 3925 3490 3998 ὅμιλος
3523 3925 3612 3981 ἐπ’
3639 3923 3778 3978 οἷκον

532 4031 675 4089 quus
699 4012 1063 4070 Vandalorum
1119 4010 1437 4076 exercitus,
1491 4008 1673 4063 salvus
1725 4014 1780 4062 et
1825 4002 2107 4060 incolumis

2210 4018 2517 4088 ἐκομίζετο,
2547 4017 2883 4089 παρέχοντος
2923 4017 3020 4071 τοῦ
3053 4017 3342 4088 Ῥωμαίων
3370 4019 3633 4088 ἄρχοντος
3658 4016 3778 4084 ἁγο-

532 4116 905 4172 conservatus,
961 4105 1328 4160 Romanorum
1393 4101 1724 4170 imperatore
1753 4099 1874 4153 vitae
1915 4110 2109 4153 neces-

534 4205 678 4258 saria
709 4215 880 4271 usque
901 4197 970 4255 ad
1020 4197 1215 4254 Istrum
1251 4195 1320 4252 iis
1350 4194 1643 4266 praebente,
1676 4192 1894 4246 domum
1927 4191 2108 4247 rediit.

531 4297 642 4356 Sed
700 4294 1011 4364 quicunque
1043 4291 1112 4345 ab
1151 4288 1392 4345 exercitu
1423 4286 1634 4341 violatis
1659 4284 1976 4350 lmderibus,
2039 4283 2108 4338 ad

531 4383 884 4459 praedandum
919 4395 975 4439 et
1030 4382 1248 4453 rapinas
1290 4379 1566 4435 faciendas
1621 4377 1835 4446 longius
1867 4389 2113 4432 excesse-

539 4487 684 4541 runt,
707 4491 896 4533 omnes
924 4490 957 4530 a
980 4474 1116 4530 duce
1142 4482 1448 4530 exterarum
1488 4471 1764 4541 copiarqu
1802 4469 1985 4538 (erant
2008 4481 2106 4522 au—

538 4577 643 4624 tem
674 4582 776 4623 non
817 4568 997 4623 minus
1051 4581 1214 4638 quam
1254 4563 1555 4636 quingenti)
1603 4571 1728 4618 sunt
1778 4561 1902 4616 euasi
1935 4570 1991 4615 et
2018 4576 2108 4630 pe-

540 4662 753 4733 rempti.
795 4658 858 4714 Hi
893 4661 1034 4715 enim
1074 4657 1253 4731 specie
1278 4656 1552 4722 amicitiae,
1585 4654 1776 4711 ﬁducia
1809 4653 1957 4725 pacis
1984 4667 2108 4708 cum

541 4754 797 4807 Romanis
824 4750 982 4807 facta
1025 4751 1175 4817 elati,
1215 4750 1361 4806 nullo
1381 4756 1600 4806 servato
1631 4748 1841 4813 ordine,
1873 4747 2028 4802 venia
2077 4761 2109 4802 a

537 4862 635 4899 suo
658 4845 795 4900 duce
829 4845 1143 4913 impetrata,
1196 4843 1252 4899 in
1287 4843 1596 4912 repentinas
1637 4841 1899 4912 quasdam
1929 4840 2112 4896 incur-

539 4941 721 4994 siones
752 4947 1044 5008 eruperant
1084 4945 1140 4991 et
1177 4949 1282 4991 non
1310 4950 1483 5006 pauca
1515 4935 1790 5003 regionum
1822 4933 1957 5000 loca,
2003 4948 2109 5003 qua

537 5035 640 5087 iter
701 5033 1021 5098 habuerant,
1053 5038 1397 5086 vastaverant
1445 5037 1502 5084 et
1537 5027 1746 5084 damnis
1775 5026 2107 5099 ,aﬂeceraut.

537 5123 606 5178 At
652 5122 757 5188 ille,
805 5125 897 5193 qui
924 5133 1134 5179 tantum
1167 5122 1378 5178 facinus
1428 5121 1665 5188 admisit,
1694 5131 1779 5177 est
1819 5123 1888 5177 ab
1921 5133 2110 5176 eorum

540 5235 662 5292 rege
683 5219 881 5287 iaculis
908 5218 1210 5274 confectus.
1235 5216 1448 5286 Reliqui
1481 5215 1845 5272 Vandalorum
1872 5214 2110 5287 separati

541 5317 729 5368 domos
783 5324 910 5367 suas
956 5313 1314 5383 repetierunt.
1348 5309 1715 5366 Romanorum
1768 5325 1896 5366 vero
1937 5310 2110 5381 impe-

2216 4111 2314 4182 ρὰν
2347 4111 2470 4162 ἐστε
2498 4111 2591 4163 ἐπὶ
2621 4111 2711 4162 τὸν
2744 4110 2981 4180 Ἵστρον.
3031 4111 3143 4163 Καὶ
3177 4113 3238 4162 τὸ
3272 4109 3370 4179 μέν
3415 4109 3661 4163 πλεῖστον
3693 4108 3779 4161 αὺ-

2210 4204 2307 4257 τοῦ
2341 4202 2550 4265 ἀπαθὲς
2575 4202 2807 4273 διεσώθη
2829 4218 2843 4232 ο
2882 4203 2996 4256 ὅσοι
3029 4201 3087 4256 δὲ
3139 4201 3455 4274 παραϐάσει
3487 4201 3598 4256 τῶν
3623 4219 3774 4256 σπονο

2211 4295 2318 4349 δῶν
2359 4297 2452 4348 ἐπὶ
2511 4295 2660 4358 λείας
2697 4293 2962 4366 συλλογὴν
2990 4293 3240 4364 ἀφθόνως
3273 4295 3774 4367 ὰπεσκεδὰσθησαν.

2213 4387 2558 4461 ἀνῃρέθησαν
2589 4387 2907 4458 σύμπαντες
2939 4385 3046 4439 ύπδ
3067 4386 3161 4440 τοῦ
3198 4385 3467 4458 ἡγεμόνος
3493 4387 3608 4440 τῶν
3652 4386 3777 4452 ξενι-

2215 4481 2326 4534 κῶν
2349 4480 2746 4553 στρατοπέδων,
2767 4479 2829 4532 ού
2864 4478 3048 4549 μείους
3074 4478 3359 4550 γενόμενοι
3395 4477 3772 4533 πεντακοσίων.

2214 4571 2314 4629 Οἷα
2343 4577 2388 4609 ⁵⁸
2438 4575 2547 4646 γὰρ
2596 4574 2662 4647 δὴ
2703 4574 2792 4628 διὰ
2822 4574 3005 4644 φιλίας
3038 4574 3141 4643 τῆς
3172 4574 3355 4646 χώρας
3408 4576 3776 4648 πορευόμενοι,

2216 4666 2310 4720 καὶ
2342 4666 2532 4738 θάρσει
2565 4666 2664 4736 τῆς
2695 4665 2996 4737 γενομένης
3033 4665 3169 4738 πρὸς
3209 4666 3514 4735 Ῥωμαίους
3570 4669 3775 4738 εἰρήνης

2213 4755 2566 4826 ἐπαρθέντες,
2595 4755 2696 4825 τῆς
2728 4754 2910 4825 πάσης
2940 4753 3146 4818 τάξεως
3185 4753 3607 4824 προεξαίροντες
3648 4748 3775 4806 κατὰ

2216 4865 2369 4911 τινας
2394 4839 2695 4918 αίφνιδῖους
2716 4844 3021 4916 ἐπιδρομὰς
3066 4844 3437 4915 προσέϐαλλον
3463 4843 3657 4916 γνώμῃ
3688 4839 3771 4895 τοῦ

2211 4942 2495 5014 ἄρχοντος,
2543 4941 2635 4994 καὶ
2663 4940 2764 4992 οὐκ
2809 4939 2968 5009 ὀλίγα
3010 4938 3114 5008 τῆς
3165 4937 3352 5008 χώρας
3388 4937 3770 5010 ἐκακούργουν.

2211 5036 2324 5090 Καὶ
2352 5035 2414 5088 ab
2447 5035 2610 5106 ἔργον
2640 5033 2796 5088 τοῦτο
2813 5034 2903 5087 τὸν
2942 5033 3319 5106 ἐργασάμενον
3349 5031 3499 5100 παρὰ
3528 5031 3608 5104 τῷ
3637 5031 3771 5103 βασι-

2214 5128 2298 5180 λεῖ
2332 5125 2818 5196 κατατοξευθῆναι.
2853 5126 2919 5179 Οί
2941 5125 2996 5179 δέ
3037 5125 3218 5178 λοιποὶ
3244 5124 3531 5193 Βανδήλων
3579 5125 3771 5177 διεσκε-

2213 5221 2489 5292 δάσθησαν
2543 5219 2637 5273 καὶ
2663 5220 3040 5291 ἀπενόστησαν
3088 5219 3177 5271 ἐπ’
3206 5218 3379 5274 οἴκου.
3431 5217 3689 5280 Βασιλεὺς
3720 5211 3769 5266 δὲ

2225 5316 2515 5385 Ῥωμαίων
2540 5313 2639 5386 τὴν
2671 5313 2932 5385 πλείστην
2975 5312 3259 5385 δυνάμεως
3285 5313 3385 5379 τῆς
3418 5311 3650 5382 πεζικῆς
3683 5303 3767 5359 καὶ

1817 5426 1902 5483 VA
1913 5427 2051 5484 RIIE
2087 5429 2375 5485 LECTION
2385 5430 2485 5484 ES.

613 5526 658 5558 δ’
683 5525 747 5594 ἦν
780 5523 833 5576 τί
873 5525 953 5577 δεῖ
992 5525 1311 5596 προσίεσθαι
1356 5525 1441 5592 8.,

542 5595 846 5668 δυνάσαντες
865 5598 1009 5668 vulg.

544 5669 630 5734 IL,
681 5671 726 5720 οί
767 5667 908 5739 tulg.

1487 5527 1552 5598 ἦν
1590 5541 1642 5577 τι
1688 5525 1752 5595 δὴ
1787 5522 2267 5598 προσίεσθενυιε.

1086 5600 1129 5632 ⁸³
1180 5600 1469 5668 Ῥωμαίοις
1511 5595 1600 5664 IL,
1641 5598 1929 5668 Ῥωμαίων
1968 5595 2127 5650 codd.

2357 5525 2402 5554 so
2435 5523 2581 5598 rata
2605 5524 2728 5578 Ἄδα,
2856 5523 2944 5598 -ιι
2976 5519 3214 5598 λῷον-8,,
3240 5519 3388 5574 λαῶν
3414 5518 3559 5598 vulg.
3696 5515 3772 5598 ly-

2241 5596 2286 5626 "
2326 5595 2675 5667 ὑποδυόμενοι
2718 5595 2805 5650 ed.
2856 5594 2948 5660 IL,
2993 5589 3350 5664 ἀποδυόμενοι
3391 5592 3552 5646 codd.
3624 5589 3762 5638 "aia
