4048 6338
515 315 621 381 7.35

1536 312 1931 373 EXCERPI‘A
1970 313 2075 373 Ex
2113 312 2385 375 musco
2424 284 2790 378 Immone

3654 318 3760 384 736

518 431 613 485 sed
635 429 788 491 olim.
822 427 964 484 fame
996 442 1090 497 per
1112 440 1299 482 eorum
1335 426 1608 499 regionem
1631 439 1934 500 grassante,
1966 442 2086 505 cum

2200 428 2290 498 τῆς
2324 429 2622 501 Σκυθικῆς,
2645 428 2767 485 οὐδὲ
2805 427 3041 495 Οθννους
3069 430 3331 501 ἀπείρους
3360 429 3460 501 τῆς
3486 431 3608 487 ὀδοῦ
3635 432 3767 486 ταύ-

515 519 749 575 Romani
781 528 997 589 prepter
1024 516 1243 580 bellum,
1298 517 1439 586 quod
1471 530 1598 572 tunc
1648 519 1904 587 temporis
1936 534 2090 590 gere-

517 614 671 678 bant,
720 612 941 666 minime
993 626 1112 665 cum
1163 610 1268 665 illis
1316 611 1502 680 proelio
1558 612 1936 675 decertarent,
1994 614 2093 665 hac

517 702 800 772 irrupisse,
830 711 883 757 et
915 703 981 756 ad
1002 700 1187 757 Medos
1210 714 1381 768 usque
1410 700 1662 757 Bazicum
1697 714 1751 757 et
1782 702 2091 768 Cursicum,

516 793 686 847 duces
729 794 1007 864 ipsorum,
1057 807 1088 849 e
1127 793 1291 864 regiis
1327 792 1545 865 Scythis
1585 795 1880 860 oriundos,
1929 811 2094 863 pene-

520 894 715 953 trasse,
744 884 835 955 qui
865 894 1050 954 postea
1082 899 1203 939 cum
1238 901 1429 956 magna
1456 887 1731 941 hominum
1756 886 2098 943 multitudine

518 975 750 1031 Romam
785 976 851 1030 ad
887 976 1313 1032 contrahendam
1345 991 1618 1031 armorum
1648 978 1966 1033 societatem
2001 990 2098 1033 ve-

518 1068 745 1124 nissent.
804 1066 913 1125 Hos
942 1083 1213 1133 narrasse,
1237 1083 1336 1139 per
1373 1069 1662 1138 quamdam
1711 1069 1980 1126 desertam
2009 1083 2096 1125 re-

520 1160 736 1230 gionem
760 1159 864 1216 illis
888 1162 990 1215 iter
1020 1160 1208 1226 fuisse,
1240 1170 1296 1215 et
1321 1162 1563 1230 paludem
1599 1161 1899 1232 traiecisse,
1932 1178 2095 1232 quam

521 1248 785 1307 Romulus
804 1251 1149 1307 existimabat
1174 1267 1295 1308 esse
1335 1250 1673 1308 Maaotidem:
1701 1252 1915 1321 deinde,
1942 1253 2099 1322 quin-

521 1344 694 1397 decim
736 1343 929 1399 diebus
954 1344 1175 1413 elapsis,
1230 1359 1327 1414 per
1369 1353 1579 1399 montes
1626 1343 1911 1414 quosdam,
1963 1360 2098 1415 quos

517 1444 890 1501 superassent,
942 1435 995 1488 in
1038 1434 1264 1489 Mediam
1327 1434 1691 1491 descendisse.
1753 1433 1836 1490 ibi
1885 1439 2096 1507 praedas

519 1527 808 1597 agentibus
857 1535 912 1581 et
962 1526 1375 1581 excursionibus
1404 1541 1563 1596 agros
1607 1528 1943 1582 vastantibus
1966 1526 2098 1583 Per-

517 1619 686 1675 sicum
734 1634 924 1689 agmen
982 1619 1370 1689 superveniens
1423 1618 1542 1674 telis
1592 1632 1719 1673 aera
1777 1620 2091 1687 replevisse.

516 1708 701 1781 Itaque
730 1712 1060 1766 imminentis
1098 1711 1322 1782 periculi
1367 1718 1509 1766 metu
1558 1720 1706 1768 retro
1746 1712 2097 1777 abscessisse,

402 1868 405 1873 η
517 1812 567 1857 et
604 1819 700 1873 per
731 1815 941 1859 montes
970 1817 1265 1875 regressus,
1296 1802 1588 1873 pauxillum
1616 1804 1807 1873 praedae
1829 1804 2093 1874 abegisse.

515 1895 760 1967 Magnam
789 1898 931 1951 enim
956 1908 1163 1968 partem
1198 1897 1379 1952 Medos
1406 1898 1701 1953 extorsisse
1734 1917 1749 1955 :
1803 1898 1947 1967 ipsos
1996 1915 2095 1953 au-

519 1997 651 2054 tem,
682 1998 741 2044 ut
768 1990 1206 2060 persequentium
1238 1990 1472 2043 hostium
1507 1988 1765 2058 impetum
1799 1990 2093 2057 evitarent,

515 2079 587 2145 ad
620 2078 779 2135 aliam
812 2079 955 2135 viam
990 2077 1293 2135 deﬂexisse.
1336 2078 1402 2135 Et
1443 2093 1539 2151 per
1576 2080 1718 2147 loca,
1739 2080 1830 2135 ubi
1856 2096 1921 2137 ex
1944 2090 2096 2149 petra

520 2172 792 2227 maritima
832 2172 1049 2227 ﬂamma
1080 2172 1259 2236 ardet,
1286 2171 1433 2227 illinc
1465 2172 1756 2243 profectos,
1885 2174 2094 2229 dierum

523 2263 799 2327 itinerein
838 2264 993 2320 sedes
1023 2278 1151 2321 suas
1187 2264 1504 2323 revertisse.
1550 2264 1726 2335 Atque
1749 2281 1815 2319 ex
1851 2280 1917 2321 eo
1962 2268 2096 2323 satis

521 2354 743 2421 vidisse,
773 2370 877 2411 non
905 2370 1100 2427 magno
1126 2356 1412 2412 intervallo
1442 2357 1718 2429 Scythiam
1749 2374 1779 2412 ιι
1811 2358 1983 2415 Medis
2012 2360 2094 2415 di-

517 2458 685 2503 stare.
724 2444 1087 2513 Quamobrem
1126 2447 1173 2504 si
1201 2448 1423 2504 Attilam
1456 2448 1652 2518 cupido
1681 2451 1887 2518 ceperit
1914 2450 2098 2507 Medos

518 2540 825 2607 invadendi,
862 2556 965 2596 non
998 2541 1221 2597 multum
1251 2556 1428 2612 operm
1448 2550 1502 2598 et
1532 2542 1735 2598 laboris
1767 2543 1822 2597 in
1869 2558 1989 2598 eam
2015 2545 2097 2598 in-

516 2634 794 2688 vasionem
822 2632 931 2705 65
980 2644 1449 2705 consumpturum,
1481 2649 1656 2704 neque
1694 2635 1905 2705 magnis
1936 2635 2095 2691 itine-

519 2726 676 2783 ribus
700 2724 1050 2797 defatigatum
1097 2727 1189 2793 iri,
1229 2738 1290 2782 ut
1315 2726 1518 2795 Medos,
1550 2727 1782 2785 Parthos
1820 2739 1875 2785 et
1904 2729 2096 2786 Persas

442 2826 454 2839 '
517 2819 817 2887 adoriatur,
864 2829 920 2877 et
958 2828 1116 2892 cogat
1160 2820 1349 2877 tributi
1393 2819 1619 2877 illationi
1652 2837 1713 2879 se
1754 2822 2093 2878 submittere.

517 2908 725 2965 Adesse
768 2910 913 2966 enim
960 2910 1037 2966 illi
1089 2926 1315 2982 magnas
1355 2911 1559 2981 copias,
1614 2927 1751 2984 quas
1783 2913 1927 2969 nulla
1968 2925 2099 2983 gens

518 3003 788 3058 sustinere
828 3003 1018 3075 possit.
1056 3002 1221 3060 Nobis
1268 3020 1395 3060 vero
1442 3006 1777 3074 optantibus,
1824 3014 1884 3060 ut
1916 3003 2099 3059 Persis

523 3107 677 3149 arma
712 3093 959 3162 inferret,
985 3105 1041 3150 et
1070 3110 1100 3150 a
1134 3097 1289 3151 nobis
1324 3096 1376 3149 in
1410 3095 1531 3153 illos
1562 3097 1685 3157 belli
1721 3097 1914 3153 molem
1943 3111 2098 3153 aver-
2126 3125 2169 3185 ο

524 3195 706 3242 teret:
775 3206 795 3239 ι
831 3188 1127 3243 Verendum
1173 3197 1279 3253 est,
1333 3189 1505 3259 inquit
1545 3188 1969 3255 Constantioius,
2007 3203 2095 3255 ne.

522 3276 707 3333 Persis
733 3278 888 3335 facile
916 3281 1162 3344 devictis,
1197 3294 1302 3335 non
1325 3279 1435 3351 iam
1474 3278 1703 3350 amplius
1740 3282 1972 3345 amicus,
2006 3281 2099 3335 sed

523 3369 774 3426 dominus
805 3371 857 3426 in
892 3387 989 3428 nos
1018 3383 1336 3428 revertatur.
1382 3390 1404 3426 ι
1464 3371 1621 3428 Nunc
1651 3374 1793 3429 enim
1831 3387 1965 3427 auro
2004 3386 2101 3428 ac—

523 3473 683 3533 cepto
722 3479 822 3534 pro
857 3466 1118 3536 dignitate
1171 3480 1295 3520 eum
1332 3474 1645 3520 contentum
1692 3479 1832 3520 esse.
1873 3465 2025 3530 Quod
2054 3464 2101 3519 si

522 3551 731 3622 Medos,
776 3555 1008 3612 Parthos
1047 3566 1101 3612 et
1134 3558 1331 3613 Persas
1378 3557 1670 3622 domuerit,
1712 3558 1933 3611 minime
1975 3571 2099 3611 eum

525 3647 890 3703 Romanorum
920 3664 950 3703 a
973 3664 1071 3704 suo
1094 3650 1397 3721 seiunctum
1419 3665 1645 3720 regnum
1670 3664 1978 3720 passurum,
2006 3648 2101 3705 sed

524 3752 619 3792 eos
645 3739 929 3795 manifesto
958 3754 1146 3795 servos
1186 3757 1319 3796 suos
1347 3743 1726 3813 |reputantem,
1762 3740 1945 3809 gravia
1996 3739 2103 3795 illis

524 3838 581 3884 et
613 3830 969 3886 intolerabilia
1005 3832 1392 3900 imperaturum
1421 3846 1561 3887 esse.
1617 3831 1865 3903 Dignitas
1895 3842 2100 3897 autem,

524 3918 679 3988 cujus
712 3922 1041 3976 mentionem
1087 3920 1495 3976 Conslantiolus
1545 3922 1697 3984 fecit.
1743 3932 1864 3977 erat
1897 3923 2105 3977 Roma-

528 4023 723 4063 norum
748 4012 1081 4065 exercituum
1110 4012 1285 4075 ducis,
1331 4026 1491 4080 quam
1520 4012 1715 4067 Attilas
1757 4014 1825 4067 ab
1865 4014 2103 4083 impera-

528 4108 646 4155 tore
667 4110 970 4171 acceperat,
1003 4111 1059 4157 et
1098 4104 1363 4166 stipendia
1392 4104 1533 4171 ejus,
1582 4106 1675 4171 qui
1702 4106 1976 4159 exercitus
2017 4120 2106 4160 re-

527 4193 707 4264 gebat,
749 4196 911 4249 missa
937 4194 1038 4249 sibi
1083 4210 1188 4249 non
1238 4196 1543 4250 recusabat.
1608 4194 1870 4251 lnnuebat
1920 4196 2102 4266 igitur,

527 4284 770 4348 Attilam,
811 4283 999 4351 Medis,
1028 4286 1245 4341 Parthis
1273 4296 1327 4342 et
1351 4284 1532 4342 Persis
1564 4288 1827 4352 subactis,
1871 4288 1975 4343 hoc
2006 4303 2106 4343 no-

535 4390 681 4437 men,
706 4388 811 4444 quo
836 4376 1095 4431 Romanis
1121 4375 1269 4431 illum
1296 4390 1489 4431 vocare
1519 4376 1666 4432 lubet
1685 4389 1740 4433 et
1764 4379 2101 4448 dignitatem,

2193 540 2291 593 της
2328 520 2490 588 εἶναι,
2514 523 2649 580 ἀλλά
2690 524 2857 579 πάλαι
2898 523 2959 586 ὶς
2995 522 3163 593 αὐτὴν
3214 522 3632 591 ἐμϐεϐληκέναι,
3692 524 3767 576 λιο

2199 615 2299 685 μοῦ
2323 632 2386 667 τε
2418 614 2517 684 τὴν
2551 614 2735 685 χώραν
2769 614 3164 687 κρατήσαντος,
3214 615 3311 667 καὶ
3357 613 3640 681 Ῥωμαίων
3680 615 3768 667 διὰ

2195 705 2286 757 τὸν
2322 704 2443 757 τότε
2474 707 2868 775 συνιστάμενον
2915 707 3150 774 πόλεμον
3206 706 3280 773 μὴ
3334 704 3765 772 συμϐαλλόντων.

2194 798 2635 867 Παρεληλυθέναι
2678 800 2736 852 δὲ
2784 801 2841 862 ἐς
2873 799 2972 868 τὴν
3013 798 3213 868 Μήδων
3239 797 3330 849 τόν
3372 814 3429 849 τε
3480 797 3652 865 Βασίχ
3682 800 3773 851 καὶ

2196 888 2442 959 Κουρσὶχ
2488 890 2613 953 τοὺς
2672 888 2900 958 ὕστερον
2934 888 2989 950 ἐς
3042 888 3140 956 τὴν
3184 885 3402 955 Ῥώμην
3449 885 3773 956 ἐληλυθότας

2194 982 2277 1043 είς
2303 981 2629 1052 ὁμαιχμίαν,
2672 981 2871 1051 ἄνδρας
2924 978 3033 1031 τῶν
3083 978 3371 1048 βασιλείων
3405 976 3628 1029 Σκυθῶν
3683 976 3773 1031 καὶ

2198 1073 2393 1127 πολλοῦ
2420 1072 2662 1145 πλήθους
2718 1072 3006 1144 ἄρχοντας.
3066 1070 3173 1123 Καὶ
3203 1071 3329 1132 τοὺς
3381 1068 3774 1139 διαϐεϐηκότας

2196 1164 2398 1233 λέγειν,
2423 1163 2499 1228 ὡς
2528 1163 2731 1235 ἔρημον
2754 1162 3091 1225 ἐπελθόντες,
3116 1161 3301 1233 χώραν
3328 1164 3418 1213 καὶ
3439 1162 3638 1232 λίμνην
3666 1163 3777 1217 τινὰ

2198 1235 2622 1325 περαιωθέντες,
2676 1252 2743 1325 ἢν
2797 1256 2825 1308 6
2867 1253 3143 1322 Ῥωμύλος
3189 1252 3287 1321 τὴν
3342 1253 3588 1306 Μαιῶτιν
3640 1249 3778 1307 εἶναι

2198 1345 2358 1418 ᾤετο,
2390 1349 2552 1401 πέντε
2578 1345 2675 1401 καὶ
2706 1345 2839 1400 δέκα
2871 1344 3277 1414 διαγενομένων
3306 1346 3529 1416 ἡμερῶν
3563 1345 3668 1416 ὅρη
3698 1361 3777 1398 τι-

2199 1441 2267 1496 νὰ
2295 1438 2633 1509 ὑπερϐάντες
2657 1439 2715 1501 ἐς
2747 1437 2846 1510 τὴν
2892 1438 3140 1508 Μηδικὴν
3180 1436 3456 1492 ἐσέϐαλον.
3510 1439 3781 1509 Ληῖζομέ-

2201 1547 2312 1594 νοις
2350 1528 2409 1583 δὲ
2436 1530 2534 1585 καὶ
2561 1528 2661 1602 τὴν
2692 1528 2799 1600 γῆν
2854 1528 3254 1600 κατατρέχουσι
3282 1528 3486 1600 πλῆθος
3510 1528 3780 1599 Περσικὸν

2198 1621 2429 1677 ἀπελθὸν
2457 1620 2549 1676 τὸν
2574 1617 2725 1690 σφῶν
2747 1619 3145 1691 ὑπερκείμενον
3178 1620 3318 1689 ἀέρα
3348 1620 3555 1688 πλῆσαι
3587 1619 3778 1690 βελῶν,

2201 1714 2341 1769 ὥστε
2364 1713 2504 1782 σφᾶς
2528 1694 2637 1766 δέει
2653 1710 2747 1765 τοῦ
2774 1709 3134 1780 κατασχόντος
3152 1707 3400 1763 κινδύνου
3425 1710 3781 1780 ἀναχωρῆσαι

2204 1809 2285 1871 εἰς
2308 1806 2549 1860 τούπίσω
2588 1805 2682 1859 καὶ
2710 1803 2780 1857 τά
2804 1804 2907 1875 ὅρη
2946 1802 3285 1867 ὑπεξελθεῖν.
3316 1802 3510 1872 ὀλίγην
3550 1802 3782 1869 ἄγοντας

2202 1897 2456 1968 λείαν·ὴ
2519 1897 2627 1967 γὰρ
2677 1896 2903 1969 πλείστη
2940 1895 3047 1950 ὑπὸ
3097 1894 3204 1953 τῶν
3258 1896 3456 1967 Μήδων
3508 1894 3783 1966 ἀφῄρητο.

2202 1988 2647 2059 Εὐλαὸουμένους
2673 1988 2731 2042 δὲ
2755 1988 2855 2059 τὴν
2884 1986 2994 2041 τῶν
3048 1987 3326 2059 πολεμίων
3368 1987 3555 2052 δίωξιν
3594 1987 3785 2058 ἑτέραν

2202 2082 2478 2153 τραπῆναι
2502 2080 2640 2146 ὁδὸν,
2675 2080 2771 2133 καὶ
2809 2079 2947 2150 μετά
2978 2080 3080 2152 τὴν
3108 2082 3174 2136 ἐκ
3201 2080 3300 2151 τῆς
3330 2078 3785 2159 ,ὑφάλουπέτρας

2201 2174 2613 2245 ἀναφερομένην
2638 2173 2683 2205 ⁸⁸
2709 2171 2882 2244 φλόγα
2912 2173 3121 2227 ἐκεῖθεν
3159 2172 3618 2246 πορευθέντας...
3653 2173 3784 2242 ἠμε-

2205 2266 2316 2339 ρῶν
2346 2266 2463 2319 ὁδὸν
2509 2268 2566 2328 ὲς
2616 2264 2687 2319 τὰ
2735 2264 2912 2319 οἰκεῖα
2946 2265 3265 2333 ἀφικέσθαι,
3322 2270 3418 2320 καὶ
3460 2265 3694 2336 γνῶναι,
3726 2265 3783 2317 οὐ

2204 2356 2382 2428 πολλῷ
2410 2357 2741 2427 διαστήματι
2763 2357 2873 2410 τῶν
2902 2357 3103 2428 Μήδων
3132 2358 3429 2426 ἀφεστάναι
3454 2359 3557 2430 τὴν
3578 2360 3623 2393 ⁸⁷
3652 2359 3783 2413 Σκυ-

2204 2448 2387 2515 θικήν.
2440 2448 2544 2501 Τὸν
2578 2446 2671 2501 οὖν
2716 2447 2978 2518 ’Δττήλαν
3003 2447 3089 2502 tn‘
3137 2448 3305 2521 αὐτὴν
3335 2450 3377 2482 ⁸⁸
3434 2450 3575 2504 ξέναι
3604 2449 3785 2521 βουλό-

2206 2558 2364 2611 μενον
2391 2542 2451 2595 ού
2481 2542 2741 2610 πονήσειν
2781 2541 2971 2607 πολλὰ,
2994 2540 3119 2595 οὔτε
3154 2542 3370 2612 μακρὰν
3396 2542 3624 2596 ἀνύσειν
3647 2541 3781 2603 δδδν,

2204 2634 2342 2689 ὥστε
2376 2636 2473 2688 καὶ⁸
2530 2634 2747 2704 Μήδους
2782 2634 2877 2687 καὶ
2923 2635 3174 2706 Πάρθους
3225 2636 3317 2689 καὶ¹
3356 2635 3579 2706 Πέρσας
3610 2652 3789 2708 παρα·

2204 2725 2499 2797 στήσεσθαι
2546 2726 2590 2757 ⁸⁵
2628 2726 2725 2778 καὶ
2758 2725 3094 2794 ἀναγκάσειν
3146 2726 3319 2779 ἐλθεῖν
3364 2726 3422 2789 ις
3465 2726 3641 2797 φόρου
3678 2727 3786 2780 ἀπ-

2203 2818 2426 2890 αγωγήν
2454 2834 2470 2851 ·
2501 2820 2755 2888 παρεῖναι
2794 2816 2903 2888 γάρ
2931 2816 3079 2888 αὐτῷ
3110 2820 3349 2889 μάχιμον
3408 2818 3674 2888 δύναμιν,
3717 2817 3785 2890 ῆν

2203 2910 2355 2979 οὐδέν
2401 2909 2554 2974 ἔθνος
2593 2910 2983 2981 ύποστήσεται.
3052 2910 3239 2982 Ἣμῶν
3268 2910 3324 2964 δὲ
3372 2910 3519 2967 κατά
3561 2910 3786 2982 Περσῶν

2207 3000 2379 3054 ἐλθεῖν
2408 3000 2574 3054 αὑτὸν
2621 3000 3013 3073 ὲπευξαμένων
3040 3003 3139 3063 καὶ
3185 3003 3272 3056 ἐπ’
3301 3001 3547 3067 ἐκείνους
3592 3001 3785 3072 τρέψαι

2204 3092 2295 3147 τὸν
2318 3092 2575 3162 πόλεμον,
2596 3093 2625 3146 ὁ
2643 3091 3268 3169 Κωνσταντίολοςεέλιγι
3296 3092 3530 3148 δεδιέναι
3558 3095 3634 3165 μή
3659 3108 3785 3148 ποτε

2202 3186 2299 3239 καὶ
2329 3184 2546 3257 Πέρσας
2577 3186 2776 3255 ῥᾳδίως
2810 3184 3303 3256 παραστησάμενος
3336 3186 3460 3239 ἀντὶ
3486 3184 3652 3255 φίλου
3703 3184 3783 3237 διο

2203 3274 2407 3346 σπὸτης
2431 3272 2715 3344 δπανήξει.
2739 3272 2852 3328 Νῦν
2882 3274 2980 3344 μὲν
3004 3272 3113 3346 γάρ
3133 3274 3197 3328 τὸ
3223 3274 3443 3348 χρυσίον
3460 3272 3782 3343 κομίζεσθαι

2204 3367 2332 3437 παρ’
2368 3365 2547 3420 αὐτῶν
2580 3366 2625 3399 ’⁸
2654 3370 2754 3436 τῆς
2793 3368 2949 3434 ἀξίας
2989 3369 3157 3423 ἕνεκα
3184 3384 3201 3400 ·
3232 3370 3281 3422 εί
3308 3367 3366 3422 δὲ
3392 3368 3489 3421 καὶ
3536 3365 3788 3438 Πάρθους

2203 3462 2297 3512 καὶ
2326 3460 2541 3530 Μήδους
2576 3462 2669 3513 καὶ
2698 3461 2913 3532 Πέρσας
2948 3462 3381 3532 παραστήσοιτο,
3427 3461 3619 3513 οὐκέτι
3658 3460 3786 3513 Ῥωο

2205 3550 2382 3620 μαίων
2430 3551 2722 3616 ἀνέξεσθαι
2752 3552 2853 3623 τὴν
2913 3552 3080 3607 αὑτοῦ
3128 3552 3534 3623 νοσφιζομένων
3590 3552 3784 3623 ἀρχὴν.

2202 3644 2339 3699 ἀλλά
2371 3641 2712 3713 θεράποντας
2773 3644 3088 3715 περιφανῶς
3133 3643 3484 3715 ἡγησάμενον
3536 3642 3789 3714 χαλεπώ-

2201 3750 2335 3803 τερα
2358 3734 2638 3800 ἐπιτάξειν
2671 3734 2765 3787 καὶ
2793 3733 2894 3788 ούκ
2919 3733 3121 3787 ἀνεκτά
3153 3733 3382 3796 ἐκείνοις
3412 3735 3785 3803 ἐπιτάγματα.

2201 3822 2311 3881 Ἦν
2331 3826 2389 3880 δὲ
2419 3828 2568 3895 ἀξία,
2594 3821 2664 3899 ἦς
2696 3828 2725 3879 ὁ
2756 3826 3193 3888 Κωνσταντίολος
3212 3826 3562 3897 ἐπεμνήσθη,
3592 3841 3786 3896 στρατ-

2203 3920 2339 3989 ηγοῦ
2402 3918 2691 3990 Ῥωμαίων
2716 3910 2750 3981 ,’
2791 3913 2861 3990 ἦς
2911 3918 3071 3989 χάριν
3103 3919 3131 3969 ό
3161 3917 3423 3987 Ἀττήλας
3448 3919 3603 3986 παρά
3642 3916 3788 3985 βασι-

2203 4011 2338 4074 λέως
2386 4010 2628 4065 ὲδέδεκτο
2678 4009 2775 4064 τοῦ
2801 4010 2846 4042 ⁷⁸
2870 4011 2982 4071 τοῖς
3015 4011 3341 4079 στρατηγοῖς
3378 4008 3785 4078 χορηγουμένου

2203 4106 2301 4169 τὰς
2350 4103 2629 4171 συντάξεις
2661 4103 3067 4174 ἐκπέμπεσθαι.
3113 4102 3336 4171 Ἔλεγεν
3360 4097 3453 4156 οὖν
3490 4104 3636 4172 μετά
3664 4101 3786 4171 Μή-

2175 4201 2325 4263 λδους
2352 4200 2447 4252 καὶ
2476 4198 2725 4270 Πάρθους
2754 4198 2849 4251 καὶ
2878 4196 3097 4265 Πέρσας
3143 4196 3303 4249 τοῦτο
3330 4194 3623 4265 τδοδνομα,
3654 4196 3786 4265 ὅπερ

2205 4288 2369 4341 αὑτὸν
2402 4286 2682 4357 βούλονται
2734 4284 2996 4353 Ῥωμαῖοι
3055 4282 3263 4347 καλεῖν,
3315 4283 3410 4336 καὶ
3461 4282 3565 4352 τὴν
3612 4280 3783 4347 ἀξίαν,

2207 4370 2241 4450 ᾗ
2264 4375 2427 4429 αὐτὸν
2446 4374 2799 4444 τετιμηκέναι
2815 4372 3150 4441 νομίζουσιν,
3174 4371 3615 4441 ἀποσεισάμενον
3631 4372 3787 4437 ἀναγ-

534 4483 695 4537 quam
727 4467 799 4521 illi
828 4468 1132 4522 ornamenti
1163 4467 1281 4524 loco
1306 4483 1428 4524 esse
1470 4470 1806 4533 existimant,
1847 4470 2099 4541 repudia-

2207 4467 2397 4521 κάσιιν
2422 4466 2467 4497 ⁷³
2531 4464 2672 4534 σφᾶς
2701 4464 2825 4518 ἀντὶ
2879 4464 3191 4535 στρατηγοῦ
3244 4463 3475 4535 βασιλέα
3513 4479 3786 4533 προσαγο-

537 4567 740 4620 turum,
765 4567 821 4611 et
849 4572 947 4627 pro
975 4558 1113 4612 duce
1141 4567 1453 4613 coacturum
1486 4574 1580 4615 eos
1616 4574 1676 4615 se
1704 4575 1885 4631 regem
1921 4560 2099 4629 appel-

2209 4558 2407 4630 ρεύειν.
2444 4556 2584 4629 Ἤδη
2617 4556 2726 4627 γὰρ
2757 4562 2853 4609 καὶ
2883 4555 3287 4625 χαλεπαίνοντα
3307 4558 3501 4622 εἰπεῖν,
3537 4555 3617 4619 ὡς
3644 4553 3785 4609 ὲκεί-

538 4650 671 4704 lare.
707 4647 827 4705 Jam
861 4658 972 4704 tum
1000 4649 1142 4704 enim
1174 4650 1484 4721 indignatus
1514 4651 1745 4719 dicebat,
1780 4651 1888 4707 illis
1919 4666 2099 4707 servos

2208 4668 2284 4723 νῳ
2317 4649 2416 4721 μὲν
2468 4651 2520 4703 oi
2545 4648 2709 4702 αὐτοῦ
2758 4646 3091 4718 θεράποντές
3142 4649 3249 4701 είσι
3286 4649 3610 4718 στρατηγοὶ,
3645 4644 3787 4717 αὐτῷ

537 4753 658 4795 esse
685 4741 1019 4797 exercituum
1050 4742 1234 4805 duces,
1283 4742 1387 4797 sibi
1423 4757 1552 4796 vero
1592 4744 1733 4799 viros
1765 4744 2099 4813 imperatori-

2206 4738 2267 4796 δὲ
2298 4742 2348 4795 oi
2376 4742 2486 4802 τοῖς
2508 4740 2552 4805 ’ἲ
2580 4738 2923 4809 βασιλεύουσι
2976 4736 2991 4756 ⁹
3014 4738 3288 4809 Ρωμαίων
3316 4740 3596 4809 ὁμότιμοι.
3632 4739 3787 4791 Ἐσεο

542 4830 644 4886 bus
676 4828 935 4887 Romanis
964 4832 1226 4903 dignitate
1254 4848 1431 4904 pares.
1472 4834 1539 4888 Et
1566 4835 1713 4889 brevi
1756 4835 1972 4903 quidem
2005 4835 2099 4889 sibi

2214 4832 2340 4889 σθαι
2377 4832 2436 4885 δὲ
2475 4833 2575 4895 οὐκ
2604 4832 2683 4893 είς
2730 4829 2950 4901 μακράν
2984 4830 3084 4901 τῆς
3150 4830 3430 4902 παρούσης
3456 4829 3611 4902 αὐτῷ
3638 4829 3790 4884 δυνά-

542 4924 798 4991 potentia:
831 4925 1195 4981 accessionem
1238 4924 1377 4990 fore,
1430 4925 1571 4992 quod
1617 4934 1671 4980 et
1715 4926 1870 4992 deus,
1921 4924 2099 4981 Martis

2216 4943 2359 4996 μεως
2388 4924 2615 4996 αὔξησιν
2645 4938 2657 4953 ·
2689 4924 2977 4995 σημαίνειν
3002 4923 3049 4955 ⁷⁵
3084 4924 3180 4978 καὶ
3204 4924 3248 4957 ⁷⁵
3270 4923 3430 4977 τοῦτο
3458 4924 3553 4977 τὸν
3580 4923 3710 4978 Θεὸν
3733 4922 3789 4976 τὸ

545 5028 680 5069 ense
710 5014 762 5069 in
791 5014 964 5070 lucem
995 5025 1289 5085 protracto,
1324 5018 1677 5085 portenderit.
1720 5015 1821 5071 Hie
1861 5028 2099 5086 tauquan

2212 5018 2306 5073 τοῦ
2342 5016 2539 5090 Ἄρεος
2571 5016 2924 5087 ἀναφήναντα
2958 5015 3131 5084 ξίφος,
3196 5017 3333 5088 ὅπερ
3383 5016 3441 5071 δν
3495 5016 3647 5086 ἱερὸν
3704 5014 3790 5069 καὶ

550 5120 705 5161 sacer
737 5116 792 5161 et
815 5108 917 5163 deo
943 5106 1207 5163 bellorum
1241 5108 1451 5179 praesidi
1483 5110 1782 5173 dedicatus,
1828 5125 1858 5163 a
1889 5108 2099 5178 Scytha-

2216 5108 2369 5179 παρὰ
2395 5108 2503 5162 τῶν
2533 5107 2817 5161 Σκυθικῶν
2860 5108 3127 5179 βασιλέων
3150 5107 3479 5180 τιμώμενον,
3508 5103 3603 5162 οἷα
3629 5108 3692 5178 δὴ
3716 5105 3789 5176 τῷ

552 5213 671 5253 rum
703 5199 923 5270 regibus
943 5198 1068 5254 olim
1112 5198 1416 5267 colebatur,
1456 5210 1510 5254 et
1544 5201 1727 5255 multis
1753 5201 1981 5269 {sacculis
2010 5216 2099 5255 nor

2215 5201 2397 5271 ἑφόρῳ
2444 5199 2555 5253 τῶν
2602 5199 2855 5269 πολέμων
2912 5200 3293 5271 ἀνακείμενον,
3341 5203 3401 5254 ἐν
3449 5202 3564 5264 τοῖς
3629 5199 3788 5254 πάλαι

552 5289 725 5358 visus,
752 5290 906 5347 bovis
930 5291 1231 5347 ministerio
1266 5291 1440 5346 fuerat
1472 5302 1595 5345 tunc
1628 5293 1882 5361 temporis
1908 5302 2092 5345 erutus

2216 5291 2579 5359 ἀφανισθῆναι
2604 5290 2839 5361 χρόνοις,
2864 5286 2984 5345 εἶτα
3037 5291 3128 5345 διὰ
3174 5291 3295 5363 βοὸς
3326 5290 3642 5365 εὑρεθῆναι.

1848 5421 2083 5480 ΥΑΒΙΔΕ
2120 5422 2526 5480 LECTlONES.

619 5550 663 5582 “
695 5548 922 5619 ἀναφερ.
944 5546 1033 5611 Νη
1064 5546 1326 5616 ἀναφλεγ.
1368 5547 1538 5668 vulgi,
1564 5546 1846 5614 ἁναπεμπ.
1873 5543 1965 5598 H-
2010 5546 2053 5577 "
2084 5544 2386 5614 τὴν’Μ.-ν-
2408 5546 2505 5624 τῆς
2533 5545 2803 5612 Σκυθικῆς
2855 5544 3001 5615 conj.
3036 5541 3102 5598 N.
3145 5544 3188 5576 “
3217 5546 3415 5607 αὐτοὺς
3466 5548 3574 5599 vel.
3616 5548 3659 5577 “
3690 5558 3791 5595 m-

619 5619 930 5668 ιστήσασθαι
965 5617 1109 5668 vulg.
1180 5618 1224 5649 '°
1258 5616 1432 5668 αὐτῶν
1524 5616 1731 5668 ..αὐτῶ
1755 5617 1899 5668 vulc'.
1967 5616 2011 5647 ⁷¹
2038 5616 2130 5668 τοῦ
2160 5612 2252 5668 Ν..
2290 5613 2353 5668 τὸ
2400 5632 2490 5667 του
2524 5615 2663 5668 vulg.
2741 5616 2787 5648 "
2810 5614 3143 5668 ἀναγκάσειν
3176 5613 3265 5668 Ν..
3307 5616 3622 5668 ἀναγκάσας
3654 5613 3787 5668 vuln.

596 5612 930 5700 αστήσασθαι
965 5617 1109 5688 vulg.
1180 5612 1224 5649 Ῡ⁰
1258 5616 1432 5700 αὐτῶν
1464 5612 1731 5700 1⁵1.ναύτῴ
1749 5612 1899 5700 vulg.
1967 5616 2011 5700 ’.ί
2038 5612 2269 5700 τοῦΝη.
2290 5613 2353 5668 τὸ
2400 5612 2490 5700 τοῦ
2524 5615 2682 5700 vnlgr.‘
2741 5616 2787 5648 "
2810 5612 3143 5700 ἀνα.γκάσειν
3176 5613 3265 5700 Ν.3
3307 5616 3622 5700 ἀναγκάσας
3654 5613 3787 5700 vulg.

557 5684 603 5790 ξιξ
619 5691 683 5812 at
712 5684 822 5751 τοῖς
851 5687 972 5812 Belo.
1007 5684 1091 5770 Βξ,
1124 5688 1186 5811 vi:
1226 5688 1335 5750 τοῖς
1363 5686 1485 5757 βασ.
1531 5686 1674 5760 vulg.
1704 5684 1713 5687 ⁷
1752 5688 1798 5761 Ϊδ
1829 5684 2116 5757 σημαίνειν
2144 5714 2215 5729 --
2247 5686 2349 5740 ἀνα
2364 5684 2703 5756 φήνανταΒ.
2725 5727 2740 5751 ,
2784 5685 3107 5755 συμϐαίνειν
3143 5716 3212 5726 -
3242 5685 3616 5755 ἀναφήναντος
3654 5684 3789 5753 vulg.

562 5800 565 5801 ν
702 5775 799 5829 pro
834 5778 901 5814 κα
953 5773 1115 5829 con].
1183 5795 1201 5812 .
1460 5776 1466 5781 '
1988 5784 1989 5787 η
2668 5786 2669 5789 η
