4048 6338
262 315 359 381 ’161

1014 320 1113 383 DE
1152 322 1715 387 LEGATIONIBUS
1752 320 2245 389 ROMANORUM
2285 329 2387 389 AD
2425 325 2741 389 GENTES.

3394 326 3504 393 762

264 428 624 501 στρατιώταις
651 429 763 494 τοῖς
775 429 820 463 ⁸⁸
844 429 960 485 ἐκεῖ
973 430 1360 500 φυλάττουσιν,
1378 428 1529 487 οὖσιν
1559 432 1634 500 ὡς
1662 436 1835 507 δισχι-

1936 437 2165 505 spicere.
2200 436 2365 493 Erant
2400 452 2613 508 quoque
2643 436 2696 492 in
2733 450 2795 491 ea
2823 433 2954 491 urbe
2979 435 3033 491 in
3061 432 3324 507 praesidiis
3352 436 3503 492 mili-

262 521 407 585 λῑοις,
435 520 484 574 o‘l
532 522 632 575 καὶ
686 520 996 591 ἀμύνασθαι
1027 521 1247 577 ἐπιόντα
1290 523 1427 595 πρός
1452 542 1515 593 γε
1556 526 1617 577 τὺ
1648 542 1831 597 παρα-

260 611 443 685 χρῆμα
478 611 686 683 ῥᾳδίως
709 610 990 682 ἠδύναντο,
1018 612 1236 667 ἔπεισεν
1284 613 1420 684 ὁμοῦ
1453 615 1659 681 πάντας
1689 616 1836 670 ἐκλι-

266 707 380 759 πεῖν
439 704 770 775 Ἐπίδαμνον
799 746 815 769 ,
866 705 961 758 καὶ
1007 703 1182 774 λέγων
1238 706 1331 760 καὶ
1383 706 1689 778 ταράττων,
1737 712 1835 762 καὶ

264 799 448 868 φήμην
488 797 576 850 ἀεὶ
623 795 814 867 καινὴν
856 793 1196 868 πειρώμενος
1250 797 1574 865 ἐμϐάλλειν,
1608 797 1703 851 καὶ¹
1752 798 1834 852 ὅτι

267 889 469 959 βασιλεῖ
508 888 913 960 ἀπεχθήσονται
954 888 1155 959 μᾶλλον
1206 888 1520 957 ἀντιστῆναι
1566 888 1831 956 θέλοντες,

268 980 355 1033 καὶ
381 980 518 1048 πρὸς
551 978 648 1031 τὸν
678 979 1004 1049 Βαλαμήρου
1032 978 1232 1044 εὐθέως
1262 978 1606 1045 ἐπέστελλεν,
1640 980 1714 1045 ὡς
1736 980 1835 1033 τά-

264 1088 352 1142 χος
386 1072 729 1140 ἐπείγεσθαι.
770 1070 828 1125 ’0
863 1070 919 1124 δὲ
968 1070 1030 1125 τὸ
1074 1072 1167 1126 τοῦ
1216 1072 1560 1133 Σιδιμούνδου
1601 1074 1833 1143 ἐπέμενε

263 1163 506 1234 δήλωμα,
541 1163 640 1216 καὶ
662 1163 761 1235 τὴν
780 1160 947 1218 αὐτοῦ
979 1163 1214 1234 ἀδελφὴν
1255 1163 1397 1234 νόσῳ
1437 1165 1832 1234 κατεχομένην,

265 1253 321 1319 ἐξ
346 1249 412 1325 ἦς
438 1253 782 1327 ἐτελεύτησε.
810 1254 1057 1325 ⁴Ινειινιερᾶν
1082 1257 1263 1325 μέντοι
1294 1256 1392 1325 τῆς
1420 1256 1684 1323 καθέδρας
1706 1254 1839 1327 πρό-

266 1360 423 1413 φασιν
454 1344 696 1397 ἐποιεῖτο
743 1341 843 1409 τὴν
890 1342 986 1397 τοῦ
1038 1342 1372 1413 πρεσϐευτοῦ
1404 1341 1557 1413 παρά
1588 1344 1838 1411 Ζήνωνος

264 1434 439 1507 ἄφιξιν
473 1436 572 1490 καὶ
619 1436 681 1489 τὺ
726 1434 1014 1506 βούλεσθαι
1067 1435 1258 1506 μαθεῖν
1289 1436 1440 1497 ὅπως
1487 1433 1624 1505 πρὸς
1674 1434 1837 1487 αὑτὸν

264 1530 370 1599 ἔχει
400 1529 467 1582 τὰ
496 1531 563 1582 ἐκ
595 1527 689 1581 τοῦ
722 1528 1009 1607 βασιλέως.
1053 1529 1209 1582 Ἐπεὶ
1243 1529 1300 1583 δὴ
1331 1526 1431 1601 τὴν
1470 1526 1707 1598 ἀδελφὴν
1738 1527 1836 1598 μὲν

264 1620 639 1675 ἀποθανοῦσαν
669 1620 885 1690 ἔθαψεν,
913 1622 982 1673 τὰ
1002 1621 1057 1673 δὲ
1090 1622 1242 1691 παρά
1271 1618 1621 1691 Σιδιμούνδου
1659 1620 1835 1691 ἀπήν-

262 1729 385 1782 τησε
413 1711 710 1777 καλοῦντα,
742 1713 876 1785 πρὸς
906 1712 1033 1776 τοὺς
1075 1709 1482 1782 Ἢρακλειώτας
1506 1712 1836 1775 ἐκλιπόντας

267 1776 359 1877 μέν
382 1806 479 1877 τὴν
500 1776 762 1871 πόλιν,ἐς
785 1776 1049 1877 φρούριον
1071 1804 1126 1858 δὲ
1144 1776 1270 1875 ’ίσχυ
1282 1803 1372 1873 ρδν
1388 1796 1834 1875 ἀνασκευασαμέ-
1868 1776 1912 1832 Β

262 1914 400 1961 νους,
420 1897 651 1968 πέμψας
674 1895 872 1967 ἀπῄτει
904 1898 1051 1950 σ’ίτον
1073 1897 1241 1951 πολύν
1258 1896 1483 1950 τινακαὶ
1507 1892 1835 1962 οἶνον,ὃπως

264 1991 336 2061 τῷ
352 1990 569 2062 στρατῷ
588 1989 702 2062 ἔχοι
720 1989 894 2044 ἀπιὼν
917 1989 1125 2060 ἐφόδια.
1148 1990 1211 2043 Ol
1227 1988 1283 2043 δὲ
1295 1988 1446 2044 οὐδὲν
1462 1988 1670 2059 ἔφασαν
1684 1988 1833 2061 αὒτῷ

264 2082 619 2138 δύνασθαι....
655 2084 713 2137 ἐν
764 2083 1059 2147 τοσαύταις
1110 2081 1346 2154 ἡμέραις
1392 2080 1678 2151 λέγοντες,
1708 2081 1833 2134 ὅσον

263 2172 401 2246 εἶχον
440 2176 529 2229 ἐπὶ
560 2174 804 2248 φρουρίῳ
853 2191 914 2245 γε
976 2175 1158 2247 μικρῷ
1199 2174 1622 2245 δεδαπανῆσθαι.
1664 2173 1723 2228 Ὅ
1775 2172 1833 2227 δὲ

264 2269 391 2337 πρὸς
426 2268 599 2339 ὀργὴν
627 2268 695 2321 τὰ
725 2266 952 2321 πλεῖστα
987 2269 1087 2338 τῆς
1138 2268 1347 2331 πόλεως
1392 2267 1705 2337 ἐμπρήσας,
1739 2268 1834 2320 ἀν-

261 2357 397 2429 δρῶν
444 2359 617 2430 οὔσης
650 2360 748 2430 ὲρή
760 2376 881 2428 μου,
910 2358 1090 2421 εὐθὺ(
1116 2359 1505 2412 ἀπανίσταται.
1538 2359 1646 2411 Καὶ
1694 2358 1836 2412 κατὰ

262 2450 354 2520 τὴν
410 2450 636 2503 δύσοδον
697 2449 793 2503 καὶ
849 2450 1045 2519 στενὴν
1098 2449 1214 2502 ὁδὸν
1245 2448 1341 2519 τὴν
1383 2448 1665 2519 ἐπὶ⁸⁷τὴν
1708 2447 1834 2502 νέαν

262 2541 558 2611 λεγομένην
595 2543 862 2612 Ἤπειρον
901 2540 1221 2609 ἀπάγουσαν
1269 2540 1578 2611 ἀναστήσας
1610 2538 1833 2610 ἤλαυνε,

262 2634 351 2684 καὶ
395 2634 718 2701 προπέμπει
765 2633 890 2696 τοὺς
940 2634 1125 2696 ἱππεῖς
1183 2633 1252 2685 τὰ
1307 2632 1451 2704 ἄκρα
1496 2634 1563 2704 τῇ
1603 2632 1835 2703 στρατιᾷ

264 2729 881 2798 προκαταληψομένους,
930 2727 1025 2782 καὶ
1074 2727 1178 2790 ἕως
1228 2726 1540 2781 ἀνέλπιστοί
1574 2728 1677 2779 εῐσι
1710 2725 1833 2779 κατ’

263 2825 437 2877 ἐκεῖνα
454 2823 499 2856 ⁸⁸
535 2826 833 2895 χωρήσειν,
871 2820 929 2888 ἐξ
961 2823 1151 2892 ἐφόδου
1179 2823 1382 2894 ἀθρόας
1431 2820 1833 2893 ἐκκροὺσοντας

262 2917 354 2986 τὴν
384 2916 659 2987 φυλακὴν,
688 2915 807 2987 ἥτις
832 2911 902 2986 ἦν
925 2915 1136 2969 αὐτόθι.
1170 2916 1233 2969 Οἱ
1262 2916 1317 2969 δέ
1358 2915 1433 2979 ὡς
1460 2914 1754 2985 ἀνέδησαν,
1780 2914 1835 2967 οἱ

261 3009 347 3062 ἐπὶ
402 3009 482 3079 τῷ
552 3007 741 3079 τειχίῳ
792 3008 835 3040 ³⁹
895 3006 1257 3079 φρουροῦντες
1291 3006 1619 3077 στρατιῶται
1678 3005 1741 3059 τό
1771 3023 1831 3059 τε

261 3098 457 3171 πλῆθος
515 3100 713 3164 ἰδόντες
763 3100 855 3154 καὶ
888 3099 1021 3171 πρὸς
1054 3099 1112 3152 τὸ
1152 3098 1415 3167 αἰφνίδιον
1449 3098 1628 3153 αὐτῶν
1657 3115 1831 3178 κατα-
1860 3128 1907 3192 C

260 3192 564 3262 πλαγέντες
581 3191 703 3246 οὔτε
730 3193 787 3256 ἐς
805 3191 977 3262 ἀλκὴν
997 3191 1062 3224 ³⁹θ
1082 3190 1161 3243 ἔτι
1176 3189 1485 3259 τραπέσθαι
1505 3190 1831 3262 ῦπὲμειναν,

258 3283 374 3339 οὔτε
420 3285 689 3357 λογισμὸν
734 3282 893 3356 ἔσχον
954 3281 1254 3350 ἁποζεῦξαι
1299 3282 1360 3335 τὸ
1410 3281 1689 3352 τείχισμα,
1717 3279 1834 3335 ἀλλ’

260 3377 527 3449 ὥρμησαν
561 3376 813 3447 φεύγειν,
848 3374 954 3429 ὑπὸ
1004 3374 1102 3444 τῆς
1153 3373 1469 3446 ἐκπλήξεως
1512 3373 1833 3443 ἀπερίοπτοι

259 3469 472 3525 πάντων
531 3467 641 3524 τῶν
697 3470 779 3533 εἰς
826 3468 918 3524 τὸν
964 3466 1086 3520 τότε
1126 3466 1318 3536 καιρὸν
1355 3463 1634 3537 ὠφελῆσαι
1669 3463 1831 3519 δυνα-

262 3563 450 3633 μένων.
488 3562 555 3616 υἱ
596 3560 651 3615 δέ
698 3560 839 3615 κατά
896 3558 1096 3629 πολλὴν
1122 3558 1167 3592 ⁸⁸
1221 3558 1458 3630 ἐρημίαν
1518 3550 1835 3629 προσιόντες

260 3650 520 3724 ἐχώρουν,
576 3651 668 3705 ἐπὶ
715 3648 809 3705 τοῦ
866 3650 1140 3719 στόματος
1194 3650 1355 3712 αὐτὸς
1406 3648 1434 3701 ὁ
1489 3646 1832 3719 Θευδέριχος,

261 3746 386 3809 Ma;
410 3745 468 3799 δὲ
492 3747 521 3799 ὁ
547 3745 802 3815 μέγιστος
831 3741 940 3798 τῶν
990 3742 1083 3795 ὑπ’
1114 3742 1277 3796 αὑτὸν
1326 3739 1649 3811 στρατηγῶν
1693 3738 1832 3792 κατὰ

259 3837 315 3891 τὸ
341 3840 511 3908 μέσον
541 3833 678 3906 εἶχε,
713 3834 1103 3905 Θευδιμοῦνδος
1132 3834 1187 3887 δὲ
1229 3836 1257 3886 ό
1298 3831 1485 3902 ἕτερος
1512 3832 1622 3884 τῶν
1653 3830 1833 3884 Βαλα-

264 3932 433 4003 μήρου
485 3929 695 3985 παίδων
744 3930 838 3982 ἐπὶ
895 3929 995 4000 τῆς
1044 3924 1331 3997 οὐραγίας.
1368 3923 1687 3995 Θευδᾶριχος
1732 3922 1832 3995 μὲν

260 4022 346 4079 οὖν
376 4021 737 4097 προκαταϐἀς
761 4020 857 4077 καὶ⁵
897 4020 1136 4092 θαρσῶν,
1184 4020 1261 4083 ὡς
1312 4018 1486 4083 οὐδεὶς
1533 4014 1602 4090 ἦν
1644 4018 1834 4082 αὐτοῖς

261 4118 617 4189 ἐφεπόμενος,
678 4117 792 4181 τοῖς
849 4114 945 4169 ἐπ)⁸
997 4112 1108 4168 τῶν
1139 4110 1366 4182 ἁμαξῶν
1392 4113 1487 4166 καὶ
1514 4112 1626 4176 τοῖς
1652 4110 1831 4175 ἄλλοις

264 4208 612 4279 σκευοφόροις
658 4200 812 4260 εἷπεν
855 4206 1195 4277 προχωρεῖνο
1245 4203 1410 4265 αὐτὸς
1457 4201 1514 4256 δὲ
1573 4201 1830 4271 ἠπείγετο

262 4303 461 4372 φθάσαι
488 4296 919 4372 προκαταλαϐὼν
940 4300 1006 4371 ἢν
1034 4298 1100 4351 ἂν
1119 4296 1334 4352 δύναιτο
1360 4295 1535 4352 πόλιν.
1561 4293 1674 4347 Καὶ
1694 4294 1830 4364 πρὸς

265 4396 355 4466 μέν
384 4396 489 4468 τὴν
521 4392 796 4464 Λυχνηδὸν
826 4391 1069 4447 ἐπελθὼν
1094 4388 1469 4462 ἀπεκρούσθη,
1504 4387 1596 4440 ἐπὶ
1629 4386 1825 4460 ὀχυροῦ

1940 540 2051 583 tum
2077 530 2182 585 duo
2211 529 2398 595 millia,
2427 530 2517 599 qui
2545 530 2766 585 Barbari
2790 530 3021 599 primum
3048 528 3308 596 impetum
3336 528 3509 597 repel-

1936 620 2045 676 lere
2073 621 2390 691 potuissent.
2420 622 2528 692 81
2568 619 2661 676 [iis
2692 635 2911 691 quoque
2948 619 3171 675 multum
3197 620 3425 675 dicendo
3450 627 3507 675 et

1938 723 2201 783 terrorem
2236 714 2525 783 injiciendo
2544 723 2597 769 et
2615 712 2856 783 quoridie
2881 726 3050 768 novos
3081 726 3327 768 rumores
3355 726 3507 780 spar-

1935 808 2110 876 gendo
2144 806 2451 877 persuasit,
2498 815 2557 861 ut
2598 805 2785 859 urbem
2832 802 3184 874 Epidamnum
3236 803 3505 858 desertam

1936 896 2323 968 relinquerem.
2351 898 2543 953 Aiebat
2587 897 2753 962 enim,
2793 911 2913 962 eos,
2958 894 3003 951 si
3046 894 3296 949 resistere
3343 893 3506 948 audeo

1936 1000 2077 1057 rent,
2100 991 2275 1061 magis
2298 989 2642 1060 imperatoris
2665 986 2929 1044 voluntati
2958 987 3359 1041 adversaturos.
3381 983 3503 1040 Mox

1938 1097 2045 1155 quo
2067 1081 2299 1139 celerius
2321 1079 2725 1136 Theodericbus
2751 1078 3057 1142 accederet,
3087 1076 3153 1132 ad
3176 1089 3298 1135 eum
3328 1075 3504 1133 misit:

1940 1173 1986 1228 is
2015 1173 2159 1227 circa
2208 1169 2525 1226 Heracleam
2566 1170 2908 1233 consederat,
2940 1178 2993 1223 ct
3024 1165 3152 1233 quid
3188 1166 3289 1222 sibi
3333 1166 3508 1221 nuntii

1938 1277 1969 1319 a
2010 1263 2329 1319 Sidimundo
2365 1261 2607 1326 veniret,
2637 1270 2692 1318 et
2734 1271 2954 1331 propter
2985 1260 3234 1316 morbum
3280 1258 3506 1322 sororis,

1938 1370 2057 1425 quae
2101 1352 2255 1425 paulo
2300 1362 2418 1428 post
2454 1352 2711 1417 decessit,
2756 1352 3126 1421 exspectabat.
3159 1349 3283 1406 Sua:
3328 1357 3507 1404 autem

1940 1460 2101 1502 mora:
2133 1460 2351 1501 causam
2386 1445 2557 1513 palam
2584 1444 2819 1514 legatum
2863 1456 2984 1498 esse
3029 1441 3321 1507 simulavit,
3347 1455 3507 1510 quem

1939 1533 2005 1587 ad
2037 1548 2157 1587 eum
2185 1531 2331 1587 Zeno
2356 1533 2598 1595 miserat,
2634 1533 2757 1603 quia
2794 1548 2859 1588 ex
2887 1545 2972 1596 eo,
3009 1546 3117 1601 quo
3148 1531 3327 1586 animo
3362 1532 3415 1586 in
3449 1545 3510 1588 se

1938 1634 2083 1680 esset
2115 1624 2429 1695 imperator,
2454 1624 2751 1693 intelligere
2774 1631 3015 1694 cuperet.
3042 1621 3153 1678 Nec
3171 1622 3337 1677 multo
3363 1630 3505 1693 post,

1940 1731 2060 1770 cum
2096 1730 2336 1772 sororem
2372 1730 2525 1771 suam
2558 1725 2825 1771 mortuam
2857 1713 3095 1778 ell‘erret,
3128 1730 3154 1767 a
3189 1714 3510 1769 Sidimundo

1942 1808 2161 1866 nuntius
2187 1809 2442 1873 occurrit,
2466 1808 2556 1879 qui
2586 1824 2706 1864 eum
2736 1816 3060 1864 arcesseret.
3082 1806 3215 1861 Tum
3243 1807 3309 1859 ad
3337 1807 3511 1861 Hera-

1942 1901 2163 1969 cleotas,
2198 1901 2287 1971 qui
2324 1902 2508 1957 urbem
2542 1901 2873 1970 reliquerant
2899 1910 2952 1955 et
2994 1916 3052 1956 se
3091 1899 3143 1954 in
3180 1913 3359 1953 arcem
3391 1912 3511 1951 mu-

1940 1995 2266 2051 nitissimam
2297 2003 2631 2064 receperant,
2663 1993 2808 2047 misit
2845 1993 2935 2063 qui
2967 1998 3211 2061 peterent
3256 2004 3505 2060 magnam

1940 2087 2196 2144 frumenti
2231 2087 2337 2141 vim
2377 2096 2430 2142 et
2456 2086 2589 2151 vini,
2622 2095 2679 2139 ut
2722 2084 3009 2167 discedens
3040 2085 3324 2150 viaticum,
3365 2083 3507 2152 quod

1941 2179 2134 2235 alendo
2167 2176 2424 2232 exercitui
2471 2174 2773 2241 sulliceret,
2820 2176 3064 2232 haberet.
3096 2173 3173 2228 illi
3210 2184 3387 2229 autem
3424 2188 3511 2228 re-

1941 2270 2294 2342 sponderunt,
2338 2268 2469 2324 nihil
2515 2268 2617 2323 sibi
2662 2278 2866 2323 restare
2914 2277 3331 2332 commeatuum,
3372 2280 3509 2336 quos

1942 2364 2122 2433 largiri
2159 2370 2399 2432 possent,
2420 2360 2617 2415 etenim
2642 2374 2775 2429 quos
2804 2360 3119 2414 habuissent
3144 2367 3222 2413 tot
3251 2359 3437 2414 diebus
3454 2357 3510 2415 in

1946 2471 2113 2527 parvo
2141 2454 2365 2509 castello
2400 2453 2823 2521 consumpsisse.
2857 2449 2948 2505 ille
2981 2452 3059 2506 ira
3086 2450 3312 2517 exarsit,
3336 2460 3391 2506 et
3418 2466 3512 2505 ur-

1940 2548 2059 2613 bis,
2091 2563 2209 2618 quae
2240 2549 2306 2601 ab
2340 2546 2646 2601 hominibus
2702 2560 2864 2599 vacua
2915 2552 3031 2600 erat
3054 2582 3069 2607 ,
3113 2543 3510 2615 quamplurima

1941 2643 2055 2696 loca
2085 2638 2342 2705 incendit,
2371 2650 2425 2693 et
2454 2639 2737 2693 confestim
2785 2638 2945 2692 motis
2985 2637 3197 2704 castris,
3226 2634 3307 2690 via
3342 2635 3509 2689 ardua

1939 2741 1993 2787 et
2015 2742 2399 2803 angusta,quse
2430 2732 2496 2786 ad
2522 2746 2710 2785 novam
2733 2729 2963 2799 Epirum
2981 2730 3231 2795 ducebat,
3250 2729 3507 2797 perrexit.

1940 2825 2076 2881 Tum
2111 2825 2320 2895 equites
2349 2824 2645 2893 praemittit,
2679 2825 2766 2893 qui
2798 2822 2925 2894 juga
2954 2825 3215 2879 montium
3246 2823 3394 2891 prius
3416 2837 3513 2878 oc-

1939 2923 2224 2986 cuparent,
2264 2923 2342 2979 ut,
2386 2930 2511 2969 cum
2543 2928 2700 2969 nemo
2738 2914 3002 2985 su9picari
3047 2921 3262 2985 posset,
3292 2928 3385 2969 eos
3415 2927 3512 2983 per

1937 3021 2000 3062 ea
2024 3006 2138 3062 loca
2163 3019 2563 3077 progressuros,
2587 3005 2857 3075 praesidia,
2882 3007 2927 3061 si
2952 3021 3055 3076 qua
3079 3014 3284 3071 essent,
3310 3005 3513 3074 impetu

1938 3099 2229 3168 derepente
2255 3098 2395 3153 iacto
2428 3097 2779 3169 depellerent.
2805 3097 2906 3165 Qui
2938 3114 3034 3170 pro
3064 3098 3334 3153 mamilius
3359 3096 3511 3154 urbis

1938 3191 2185 3262 praesidia
2234 3190 2483 3260 agebant,
2535 3200 2593 3245 ut
2650 3189 3052 3245 multitudinem
3103 3190 3336 3245 hostium
3382 3204 3512 3245 con-

1935 3291 2269 3354 spexerunt,
2311 3283 2488 3339 subito
2519 3298 2647 3338 casu
2682 3281 2976 3354 perterriti,
3026 3296 3201 3351 neque
3251 3283 3512 3338 resistere

1882 3386 1893 3391 ‘
1936 3376 2247 3454 ausitsunt,
2294 3390 2469 3445 neque
2507 3374 2615 3430 illis
2648 3382 2854 3430 tantum
2900 3374 3069 3429 animi
3118 3384 3171 3428 et
3215 3366 3512 3441 prudentia

1938 3466 2061 3533 fuit,
2097 3476 2155 3521 ut
2188 3466 2654 3538 prepugnaculum
2698 3464 3069 3531 occluderent,
3105 3467 3198 3521 sed
3249 3467 3300 3520 in
3333 3465 3508 3535 fugam

1935 3559 2182 3614 conversi
2215 3574 2325 3629 prae
2352 3573 2547 3628 pavore
2576 3558 2730 3625 nihil,
2761 3558 2904 3629 quod
2937 3556 3042 3612 illis
3069 3557 3201 3613 utile
3228 3566 3393 3622 esset,
3423 3566 3511 3613 at-

1937 3649 2247 3706 tenderunt.
2281 3649 2475 3705 Hostes
2520 3660 2699 3704 autem
2726 3665 2822 3719 per
2857 3650 2972 3704 ioca
3004 3648 3312 3715 hominibus
3343 3665 3511 3704 vacua

1932 3749 1986 3795 et
2019 3745 2229 3817 deserta
2253 3742 2750 3810 progrediebantur.
2777 3740 3184 3797 Theuderichus
3209 3751 3328 3797 erat
3363 3743 3509 3797 inter

1933 3835 2158 3905 primos,
2194 3832 2329 3889 Soas
2364 3848 2393 3887 a
2436 3831 2815 3890 Tlteudericlto
2843 3831 3134 3887 secundum
3181 3833 3231 3887 in
3266 3832 3510 3888 exercitu

1932 3927 2156 3997 gradum
2193 3927 2432 3991 tenebat,
2460 3933 2516 3980 et
2553 3924 2793 3980 medium
2832 3940 3021 4005 agmen
3049 3925 3301 3991 ducebat,
3330 3924 3514 3980 Thett-

1932 4020 2277 4085 demundus,
2327 4017 2465 4073 alter
2520 4033 2587 4073 ex
2646 4015 2909 4083 Valamiri
2956 4000 3129 4085 ﬁliis,
3183 4000 3523 4074 extremum;

1931 4112 2338 4169 Theudericltus
2357 4111 2507 4167 valde
2528 4106 2699 4166 audax
2727 4122 2781 4166 et
2804 4110 3099 4177 conlidens,
3127 4122 3184 4167 ut
3214 4111 3510 4175 nemiuem,

1932 4206 2022 4275 qui
2054 4205 2158 4259 sibi
2189 4205 2490 4265 resisteret,
2522 4203 2738 4259 obviam
2772 4204 2884 4258 ﬁeri
2921 4204 3072 4270 vidit,
3099 4218 3213 4270 eos,
3241 4204 3331 4269 qui
3366 4202 3508 4274 apud

1931 4312 2121 4352 currus
2150 4307 2199 4353 et
2229 4307 2422 4352 ctetera
2452 4294 2833 4365 impedimenta
2863 4304 3039 4360 erant,
3073 4294 3365 4364 procedere
3393 4295 3513 4365 jus-

1931 4390 2023 4445 sit.
2042 4388 2159 4457 Ipse
2189 4389 2437 4461 prmibat,
2466 4396 2523 4442 ut
2549 4403 2924 4458 quamcunque
2952 4398 3133 4458 posset
3155 4388 3340 4443 urbem
3365 4402 3508 4458 prte-

262 4488 515 4559 κειμένην
558 4488 656 4542 καὶ
705 4484 898 4557 πηγῶν
925 4483 1071 4538 ἔνδον
1099 4483 1305 4554 πλήρη,
1340 4484 1435 4535 καὶ
1479 4482 1627 4534 σίτου
1692 4498 1832 4550 προ-

1943 4484 2202 4539 veniendo
2238 4491 2474 4552 caperet.
2512 4482 2592 4536 Ad
2626 4480 2964 4553 Lychnidum
3013 4481 3277 4537 accedens
3304 4492 3389 4539 est
3423 4497 3509 4539 re-

261 4582 463 4645 ενόντος
485 4581 551 4635 δί.
598 4579 864 4643 Ἀναστὰς
896 4578 953 4633 δὲ
990 4577 1199 4632 ἐκεῖθεν
1228 4579 1326 4647 τήν
1377 4591 1436 4628 τε
1472 4572 1763 4644 Σκαμπῐαν
1784 4573 1828 4605 ⁸³

1935 4577 2141 4645 pulsus.
2180 4575 2303 4629 Erat
2330 4575 2472 4629 enim
2510 4573 2712 4629 diﬂicili
2758 4574 2877 4629 loco
2904 4573 3007 4629 sita
3041 4582 3094 4628 et
3124 4574 3350 4630 fontium
3386 4591 3510 4633 sca-

260 4675 417 4746 αἱρεῖ,
443 4673 555 4727 τῶν
582 4660 881 4743 οἰκητόρων
904 4670 1072 4741 αὐτὴν
1100 4668 1267 4723 πάλαι
1304 4665 1716 4731 ἐκλελοιπότων,
1734 4664 1831 4719 καὶ

1938 4665 2167 4732 turigine
2192 4663 2367 4733 plena,
2396 4675 2450 4717 et
2487 4673 2745 4718 convecto
2774 4666 2924 4731 prius
2958 4664 3228 4719 frumento
3260 4665 3505 4721 abunda-

260 4765 315 4833 ἐξ
341 4767 512 4837 αὐτῆς
546 4766 791 4837 ὁρμήσας
818 4762 1143 4833 Ἐπίδαμνον
1170 4758 1456 4831 λαμϐάνει.

1938 4756 2047 4809 bat.
2086 4754 2220 4809 Hinc
2248 4769 2489 4819 movens,
2522 4754 2850 4823 Scampiam,
2886 4769 3045 4822 quam
3071 4754 3386 4823 jamdudum
3427 4758 3509 4810 in-

1922 4847 2050 4901 Culte
2085 4848 2443 4917 reliquerant,
2471 4836 2661 4910 diruit,
2691 4855 2746 4901 et
2773 4844 2893 4902 inde
2940 4863 3263 4917 progressus
3304 4847 3505 4921 impetu

1316 4990 1317 4993 η
1923 4942 2067 4994 facto
2095 4940 2446 5008 Epidamnum
2484 4950 2734 5009 occupat.
3516 4932 3521 4935 Α

322 5032 677 5103 Ἀδαμάντιος
712 5032 767 5085 δὲ
802 5028 976 5085 ταῦτα
1009 5028 1316 5099 πυθόμενος
1366 5028 1685 5099 προπέμπει
1716 5024 1824 5080 τῶν

1995 5033 2107 5103 82
2134 5032 2287 5098 Quod
2319 5033 2407 5087 ubi
2441 5032 2688 5102 cognovit
2732 5033 3107 5097 Adamantius,
3143 5033 3305 5087 mittit
3337 5048 3499 5087 unum

260 5126 464 5179 ἱππέων
504 5124 612 5179 τῶν
662 5123 950 5195 βασιλείων
981 5122 1123 5188 τινὰ,
1153 5119 1245 5184 οὒς
1276 5119 1699 5190 μαγιστριανοῦς
1728 5137 1826 5171 κα-

1935 5140 1994 5178 ex
2036 5125 2309 5195 equitibus
2364 5125 2731 5196 imperatoris,
2759 5126 2848 5195 qui
2878 5142 3002 5181 cum
3036 5141 3099 5181 eo
3118 5126 3503 5195 expostularet,

256 5216 420 5285 λοῦσι,
457 5216 805 5288 μεμφόμενός
859 5234 918 5270 τε
974 5214 1122 5286 αὐτῷ
1181 5212 1333 5283 παρά
1375 5213 1471 5283 τὴν
1530 5212 1821 5281 ὑπόσχεσιν

1935 5215 2068 5282 quod
2104 5225 2286 5270 contra
2326 5216 2399 5281 id,
2440 5216 2581 5286 quod
2614 5216 2777 5271 missa
2835 5217 3097 5285 legatione
3152 5217 3503 5284 promiserat,

256 5308 348 5378 τῆς
392 5310 689 5382 πρεσϐείας
737 5307 998 5375 ποιοῦντι,
1047 5306 1142 5361 καὶ
1192 5304 1428 5358 κελεύων
1467 5306 1691 5374 ἠρεμεῖν
1725 5302 1818 5357 καὶ

1935 5307 2151 5371 iaceret,
2182 5320 2237 5363 et
2258 5308 2473 5381 juberet
2501 5309 2568 5363 ab
2596 5311 2812 5380 incepto
2841 5312 3099 5365 desistere
3135 5322 3307 5378 neque
3342 5322 3506 5365 naves

262 5404 387 5473 μήτε
410 5402 571 5457 πλοῖα
605 5401 813 5468 λαϐεῖν,
839 5399 963 5473 μήτ’
981 5397 1109 5456 ἄλλο
1130 5415 1181 5452 τι
1206 5396 1315 5450 τῶν
1345 5397 1629 5450 παθόντων
1658 5396 1818 5450 πλέον

1935 5416 2160 5468 sumere,
2190 5411 2280 5456 aut
2302 5402 2591 5473 quidquam
2615 5403 2758 5457 aliud
2785 5418 3044 5457 novarum
3077 5416 3251 5457 rerum
3271 5408 3504 5465 tentare,

1553 5514 1786 5572 VARIA'J
1821 5516 2221 5576 LECTIONES.

320 5613 362 5687 ξ’
386 5631 578 5687 στρατ.
613 5612 792 5687 λέγων
813 5614 922 5687 τοῖς
959 5611 1104 5687 conj.
1140 5609 1208 5666 Ν.
1258 5612 1328 5687 ,⁸⁷
1366 5610 1913 5687 ἐπέιΑΝἿΑ-ῦπδχιιις.
1996 5615 2040 5687 ff
2068 5614 2249 5687 ἐκεῖνα
2275 5614 2375 5687 vel.
2413 5613 2635 5667 ἐκείνων
2671 5614 2759 5676 Ν..
2794 5613 2987 5687 ἐκείνῳ
3026 5614 3175 5687 vulg.
3249 5611 3506 5687 ³⁹τοιχίῳ

256 5683 423 5827 νηξί
456 5681 464 5685 ν
510 5682 785 5807 ’.Οιάλκῆν
835 5682 939 5751 Νη
964 5683 1131 5755 ἀλλην
1183 5682 1331 5755 vulg.
1438 5682 1480 5713 ⁵⁸
1511 5682 1711 5751 πολλὴν
1751 5681 1886 5748 νεα-ζ
1925 5683 2058 5739 πολὺ
2089 5686 2229 5755 νυ¹8ι
2308 5685 2350 5716 ³³
2386 5690 2651 5755 παρόντος
2689 5685 2832 5739 θοηί·
2865 5685 2930 5741 η’
2962 5681 2971 5687 ’
3026 5683 3069 5717 δ’
3093 5682 3381 5755 smine”
3408 5681 3473 5738 δ’

262 5769 328 5807 κα
364 5771 402 5810 π
424 5771 490 5811 αν
516 5770 588 5812 vtt
611 5770 668 5826 ε.
