4050 6330
231 278 337 342 785

985 297 988 299 ·
1025 268 1126 338 DE
1158 261 1729 338 LEGATIONIBUS
1763 268 2118 331 GENTIUM
2161 269 2270 330 Αἰ)
2301 266 2685 328 ΙῖιΟΜΔΝΟΞι.

3388 263 3495 324 780

237 390 503 445 δέδεικται
529 387 736 458 ταύτην
767 386 861 440 τοῦ
904 387 994 441 τὸν
1017 387 1222 458 κόσμον
1255 387 1549 458 φυλάττειν
1577 388 1670 440 τὸν
1703 387 1815 446 τοῖς

1952 385 2092 440 iatus
2147 385 2462 454 dignitatem
2513 380 2832 450 susciperet.
2886 376 3017 431 Eam
3067 391 3124 431 se
3185 376 3258 430 illi
3301 376 3496 431 missu-

249 479 549 552 Ῥωμαίοις
578 481 927 550 προσήκοντα
949 495 962 508 ·
998 479 1097 532 καὶ
1119 477 1397 531 πιστεύειν
1438 477 1710 541 ἐντεῦθεν,
1745 475 1819 539 ὼς

1926 493 2066 541 rum,
2104 476 2206 530 nisi
2243 473 2418 543 Nepos
2439 473 2782 543 praevenerit.
2807 471 3051 525 Laudare
3085 486 3144 527 se
3182 473 3496 541 eum,quod

246 575 345 628 καὶ
375 573 467 629 τὸν
502 572 732 645 βασιλέα
779 571 870 626 τὸν
906 571 1085 626 ταῦτα
1126 573 1436 643 τιμήσαντα
1478 569 1822 634 καταδέξοιτο

1947 585 2027 622 am
2058 583 2263 622 morem
2304 565 2563 621 Romanis
2580 565 2999 620 convenientem
3027 578 3244 619 servare
3280 563 3498 633 incepe-

243 666 466 732 ΘΞττον,
517 666 568 720 εί
619 666 796 719 ποιεῖν
849 663 990 720 θέλοι
1027 665 1096 718 τὰ
1124 664 1328 718 δίκαια.
1387 663 1498 718 Καὶ
1554 662 1824 733 βασίλειον

242 761 481 830 γράμμα
535 759 664 830 περὶ
712 751 786 813 ὧν
835 757 1094 828 ὴσούλετο
1128 757 1364 822 πέμπων
1393 755 1471 825 τῷ
1517 756 1822 825 Ὅδοὰκρῳ,

245 852 535 923 πατρίκιον
565 853 621 906 ὲν
641 851 818 923 τούτῳ
842 853 919 921 τῷ
947 852 1236 922 γράμματι
1270 851 1618 922 ἐπωνόμασε.
1641 848 1824 904 Ταῦτα

241 944 299 997 δὲ
321 944 724 1007 συνεσπούδαζε
771 943 849 1012 τῷ
879 945 1105 998 Νέπωτι
1130 943 1157 995 ὁ
1192 943 1378 1013 Ζήνων
1403 945 1468 997 ἐκ
1497 943 1605 997 τῶν
1631 940 1824 996 ἑαυτοῦ

244 1035 437 1090 κακῶν
463 1036 534 1088 τὰ
555 1035 764 1089 ἐκείνου
802 1035 1088 1106 οἰκτείρων
1116 1037 1212 1088 καὶ
1239 1036 1301 1088 τό
1345 1052 1410 1105 γι
1426 1036 1470 1067 "
1511 1034 1690 1089 κοινὸν
1728 1035 1825 1103 τῆς

244 1129 418 1200 τύχης
456 1128 537 1193 είς
588 1128 848 1184 ὑπόθεσιν
880 1128 1018 1198 ἔχων
1051 1127 1130 1199 τῷ
1159 1126 1512 1197 δυστυχοῦντι
1562 1125 1827 1196 συναχθε-

251 1223 398 1277 σθαι.
441 1222 595 1293 Ἅμα
633 1221 692 1276 δὲ
731 1223 826 1276 καὶ
868 1222 1076 1294 Βηρίνα
1111 1222 1493 1292 συνεπώτρυνε
1520 1221 1729 1287 τοῦτον,
1761 1223 1825 1292 τῇ

251 1317 516 1382 Νέπωτος
543 1318 767 1387 γυναικὶ
790 1316 1043 1385 συγγενεῖ
1068 1313 1206 1388 οὔσῃ
1239 1314 1638 1368 συσπεύδουσα.

322 1582 385 1639 δ’.
417 1585 543 1639 Ὅτι
595 1583 654 1636 ὲν
697 1581 774 1654 τῷ
818 1581 946 1652 ἑξῆς
990 1582 1101 1634 ἔτει
1142 1581 1236 1634 ἐπὶ
1282 1579 1523 1651 Ζήνωνος
1573 1575 1834 1651 πρέσϐεις

249 1670 420 1747 ἦλθον
453 1676 520 1728 ἐκ
561 1673 782 1745 Θρᾴκης
811 1674 920 1727 τῶν
957 1672 1309 1729 ὑποσπόνδων
1347 1671 1583 1738 Γότθων,
1636 1668 1730 1732 οὓς
1769 1669 1832 1740 δὴ

250 1769 345 1822 καὶ
382 1767 733 1839 φοιδεράτους
777 1770 828 1822 oi
882 1767 1147 1839 Ῥωμαῖοι
1206 1764 1488 1831 καλοῦσιν,
1550 1763 1830 1829 ἀξιοῦντες
1860 1750 1906 1810 Β

254 1862 483 1930 Ζήνωνα
505 1859 814 1931 Θευδερίχῳ
841 1857 1172 1912 σπείσασθαι
1197 1856 1275 1926 τῷ
1306 1855 1462 1911 παιδὶ⁵
1482 1853 1743 1926 Τριαρίου
1760 1854 1826 1917 ³ο,

251 1953 460 2024 ἦσυχον
490 1952 727 2005 ἐθέλοντι
777 1951 1048 2021 διεξάγειν
1066 1951 1131 1983 ³⁸⁹
1174 1950 1265 2003 τὸν
1321 1947 1435 2021 βίον
1485 1948 1580 2003 καὶ
1624 1946 1833 2018 μηδένα

251 2045 494 2114 πόλεμον
542 2046 653 2108 τοῖς
716 2045 916 2107 κοινοῖς
954 2041 1209 2114 αἴρεσθαι
1244 2033 1588 2113 πράγμασιν.
1619 2039 1832 2106 Ἢξίουν

252 2137 311 2189 δὲ
346 2138 442 2190 καὶ
475 2139 722 2203 σκοπεῖν,
777 2138 880 2190 ὅσα
920 2136 1184 2207 πολέμιος
1227 2135 1305 2190 ὢν
1348 2133 1656 2203 κατέϐλαψε
1695 2133 1834 2186 Ῥω-

254 2228 483 2298 μαίους,
516 2230 610 2283 καὶ
649 2230 749 2283 ὅσα
791 2229 1113 2299 Θευδέριχος
1139 2230 1166 2281 ὁ
1197 2226 1294 2281 τοῦ
1334 2227 1664 2298 Βαλαμὴρου
1709 2226 1837 2287 παῖς

255 2321 571 2392 στρατηγὸς
596 2320 671 2375 ὢν
700 2324 792 2374 καὶ
818 2321 970 2391 φίλος
994 2322 1115 2384 ταῖς
1141 2319 1362 2376 πόλεσιν
1387 2319 1718 2391 ἐλυμήνατο,
1743 2319 1836 2373 καὶ

258 2417 339 2486 μὴ
370 2413 467 2468 νῦν
496 2415 793 2488 ἀπεχθείας
840 2415 1077 2480 παλαιὰς
1107 2415 1240 2488 ὖρᾷν
1273 2413 1496 2488 μᾶλλον,
1531 2413 1564 2487 ἢ
1605 2416 1750 2477 ὅπως
1785 2431 1839 2470 τι

254 2511 338 2582 τῷ
371 2509 538 2581 κοινῷ
576 2511 784 2578 γένοιτο
812 2507 1089 2573 παντελῶς
1131 2506 1429 2580 ὠφέλιμον.
1478 2507 1656 2571 Εὐθὺς
1681 2503 1775 2562 οὖν
1812 2509 1841 2560 ὁ

257 2604 521 2673 βασιλεὺς
565 2604 664 2676 τὴν
711 2603 908 2675 βουλὴν
968 2601 1317 2673 συγκαλέσας
1367 2601 1589 2672 γνώμην
1646 2602 1835 2665 αὐτοῖς

259 2697 603 2768 προῦθηκεν,
634 2699 661 2751 ὃ
687 2715 740 2752 τι
768 2698 876 2750 δέοι
910 2696 1155 2767 ποιῆσαι.
1190 2696 1254 2748 0i
1287 2696 1342 2749 δὲ
1373 2695 1705 2766 ἀμφοτέροις
1741 2696 1841 2765 μὲν

254 2789 368 2842 οὐκ
388 2788 595 2856 ἔφασαν
622 2789 808 2841 ἱκανὸν
837 2788 896 2842 τὺ
923 2787 1182 2858 δημόσιον
1209 2782 1345 2840 εἶναι
1366 2785 1648 2853 συντάξεις
1667 2804 1726 2840 τε
1751 2787 1845 2841 καὶ

263 2881 469 2951 μισθὸν
502 2880 810 2952 ἐπαρκέσαι
845 2881 1172 2953 προχείρως,
1195 2880 1359 2934 ὁπότε
1399 2897 1464 2949 γε
1500 2878 1632 2951 μηδὲ
1662 2879 1847 2942 αὐτοῖς

263 2972 458 3043 μόνοις
501 2976 617 3036 τοῖς
664 2973 1031 3046 στρατιώταις
1074 2971 1400 3044 ἀμέμπτους
1428 2972 1711 3026 ὑποτελεῖν
1749 2972 1848 3035 τὰς

261 3064 541 3136 χορηγίας
585 3063 884 3135 δυνάμεθα.
924 3063 1216 3135 Ὀπότερον
1262 3063 1320 3117 δὲ
1365 3063 1547 3120 αὐτῶν
1585 3063 1666 3116 δεῖ
1696 3062 1850 3132 φίλον

261 3127 628 3225 προελέσθαι,
670 3127 863 3210 τούτου
901 3155 1090 3228 κύριον
1123 3127 1301 3210 ἀὐτὸν
1328 3155 1555 3228 βασιλέα
1587 3127 1919 3212 καθίστημι(Ξ

263 3247 398 3300 σθαι
421 3248 486 3298 ³ί.
523 3248 579 3300 ’0
609 3248 664 3301 δὲ
697 3248 791 3300 ἐπὶ
820 3249 920 3318 τὴν
950 3248 1122 3320 αὐλὴν
1149 3247 1276 3313 τούς
1305 3266 1366 3303 τε
1403 3250 1547 3303 κατὰ
1569 3249 1669 3321 τὴν
1693 3250 1851 3304 πόλιν

264 3340 624 3412 στρατιώτας
674 3340 938 3404 κελεύσας
957 3343 1001 3374 ⁸³
1055 3342 1150 3395 καὶ
1195 3342 1295 3405 τὰς
1354 3343 1552 3412 σχολὰς
1611 3341 1850 3411 ἁπάσας,

266 3432 488 3495 ἀναϐὰς
515 3434 607 3486 ἐπὶ
641 3432 792 3504 βῆμα
830 3434 1000 3487 πολλὰ
1040 3433 1134 3487 τοῦ
1167 3433 1494 3504 Θευδερίχου
1528 3434 1852 3506 κατηγόρει,

259 3523 322 3574 ὲν
386 3519 600 3584 τούτοις
643 3523 792 3585 ὅπως
822 3533 881 3576 τε
914 3525 1024 3587 τοῖς
1065 3523 1361 3594 Ῥωμαίοις
1424 3525 1616 3595 ἐχθρὸς
1647 3526 1854 3582 ἄνωθεν

258 3617 384 3690 εἴη,
430 3619 524 3670 καὶ
575 3617 651 3682 ὡς
696 3618 1002 3690 ἐλυμήνατο
1047 3621 1162 3683 τοῖς
1202 3619 1303 3692 τὴν
1353 3619 1577 3691 Θρᾴκην
1620 3619 1852 3689 οἰκοῦσι,

262 3711 469 3779 χεῖράς
517 3728 576 3762 τε
624 3709 946 3779 ἀποτέμνων
1000 3709 1115 3780 ἅμα
1173 3707 1250 3779 τῷ
1305 3708 1588 3781 Ἀρματίῳ
1644 3710 1738 3764 καὶ
1793 3709 1856 3764 τὸ

263 3799 564 3868 γεωργοῦν
586 3800 628 3832 ⁸³
680 3800 826 3852 ἆπαν
863 3801 1096 3871 ποιήσας
1127 3801 1428 3855 ἀνάστατον
1449 3817 1464 3832 ⁶
1494 3802 1646 3866 ὅπως
1677 3818 1735 3856 τε
1762 3818 1858 3856 τυ-

267 3889 504 3960 ραννίδα
541 3890 706 3944 πάλιν
747 3891 839 3944 ἐπὶ
866 3893 978 3953 τοῖς
1018 3892 1215 3954 κοινοῖς
1243 3891 1341 3962 τὴν
1370 3891 1697 3949 Βασιλίσκου
1735 3895 1838 3948 ἐπ’

270 3986 500 4052 ήγειρε,
545 3984 638 4036 καὶ
686 3983 762 4047 ὡς
803 3983 932 4046 τοὺς
969 3983 1306 4054 στρατιώτας
1335 3986 1540 4039 ἐκεῖνον
1573 3985 1858 4041 ἀνέπεισεν

269 4082 342 4130 ἐκ
403 4077 585 4130 ποδῶν
618 4076 975 4147 ποιήσασθαι,
1020 4075 1095 4141 ὡς
1126 4077 1234 4130 τῶν
1262 4077 1477 4130 Γότθων
1517 4078 1856 4150 ἀρκούντων.

268 4169 391 4222 Καὶ
424 4166 522 4222 νῦν
556 4167 620 4236 δὴ
651 4165 1051 4236 πρεσϐεύεσθαι
1080 4167 1181 4220 ούκ
1207 4168 1429 4238 εἰρήνης
1455 4185 1520 4235 γε
1567 4169 1787 4238 μᾶλλον,
1823 4169 1856 4240 ἢ

270 4261 624 4333 στρατηγίας
671 4260 948 4330 δεόμενονδ
989 4278 1009 4312 ι
1047 4261 1148 4314 Ἦν
1181 4260 1274 4314 οὖν
1306 4260 1457 4330 ἔχετε
1502 4261 1728 4333 γνώμην
1763 4262 1860 4316 καὶ¹

1927 662 1996 712 rit
2042 658 2270 728 ideoque
2320 656 2615 721 conlidere,
2665 655 2803 723 fore,
2859 664 2916 708 ut
2960 654 3359 724 imperatorem,
3408 655 3498 723 qui

1928 752 2076 806 illum
2119 752 2218 805 hoc
2266 750 2472 804 honore
2521 746 2787 811 all'ecerit,
2818 746 2862 800 si
2893 747 3107 814 quidem
3139 747 3281 814 justa
3319 745 3498 800 facere

1929 845 2107 910 vellet,
2141 859 2300 912 quam
2330 845 2562 910 primum
2591 841 2874 908 reciperet.
2912 839 2978 893 Et
3010 839 3061 891 in
3092 836 3283 892 litteris
3315 837 3498 907 regiis,

1929 937 2122 1008 quibus
2153 936 2398 992 Odoacro
2430 935 2758 990 voluntatem
2812 947 2964 987 suam
2997 931 3348 1001 signiﬁcaret,
3377 945 3498 986 eum

1929 1032 2216 1102 patricium
2252 1030 2576 1086 nominavit.
2623 1027 2754 1094 Quze
2782 1027 2930 1081 Zeno
2978 1025 3195 1095 Nepotis
3228 1041 3390 1081 causa
3421 1025 3503 1080 in-

1930 1123 2128 1190 stituit,
2161 1130 2381 1191 propter
2427 1135 2526 1175 sua
2578 1117 2796 1189 Nepotis
2829 1118 3092 1198 malorum
3138 1117 3409 1180 misertus.
3453 1126 3506 1171 ct

1930 1229 2268 1271 communem
2317 1212 2595 1269 hominum
2631 1222 2835 1266 sortem
2870 1220 3129 1281 reputans
3162 1209 3229 1264 ad
3276 1207 3505 1264 aliorum

1932 1308 2458 1365 commiserationem
2491 1306 2775 1360 adductus.
2801 1303 2877 1360 Eo
2907 1319 3122 1374 quoque
3155 1303 3301 1357 illum
3331 1302 3507 1372 impn-

1933 1401 1994 1457 lit
2022 1399 2242 1468 Verina,
2268 1415 2389 1472 qua:
2436 1397 2658 1470 Nepotis
2693 1398 2872 1466 uxori,
2918 1396 3073 1465 cujus
3119 1407 3237 1452 erat
3272 1409 3510 1452 consan-

1933 1495 2148 1563 guinea.
2177 1492 2412 1547 favebat.

2004 1589 2058 1643 4.
2091 1587 2178 1656 (Α.
2209 1586 2416 1654 0.477,
2444 1588 2559 1640 ind.
2589 1584 2903 1650 15,Zenon.
2931 1583 3009 1653 4.)
3040 1578 3348 1652 Insequenti
3369 1593 3532 1633 annm

1935 1679 2208 1735 Zenonem
2245 1678 2402 1749 legati
2443 1693 2472 1731 a
2505 1677 2698 1734 Gothis
2747 1677 3021 1742 adierunt,
3049 1674 3142 1745 qui
3193 1674 3244 1728 in
3281 1669 3513 1727 Thracia

1937 1770 2298 1825 consederant
2358 1779 2412 1822 et
2470 1767 2678 1824 findere
2741 1783 2861 1822 cum
2923 1765 3184 1820 Romanis
3241 1761 3514 1832 conjuncti

1936 1871 2094 1917 erant
2125 1879 2139 1916 :
2173 1859 2272 1916 hos
2306 1859 2598 1918 {mderatos
2647 1857 2876 1914 Romani
2913 1868 3128 1912 vocant.
3161 1855 3424 1917 Orabam,
3461 1861 3520 1906 ut

1939 1953 2280 2011 reconciliari
2343 1953 2502 2008 vellet
2553 1951 2952 2017 Theudericho,
3011 1948 3198 2004 l‘riarii
3245 1947 3378 2012 filio,
3431 1945 3516 1998 cui

1941 2048 2076 2104 nihil
2113 2055 2256 2104 esset
2308 2047 2564 2118 optatius,
2602 2058 2764 2115 quam
2809 2041 3155 2113 tranquillam
3197 2051 3250 2097 et
3278 2041 3517 2111 quietam

1942 2143 2107 2196 vitam
2167 2141 2387 2206 ducere,
2416 2153 2592 2210 neque
2642 2138 2809 2192 armis
2866 2135 3248 2204 rempublicam
3296 2144 3520 2188 vexare.

1941 2233 2076 2288 illud
2102 2233 2266 2290 etiam
2295 2247 2416 2287 eum
2446 2231 2795 2287 considerare
2822 2229 3124 2298 jusserunt,
3148 2234 3350 2298 quanta
3381 2222 3523 2278 mala

1945 2328 2082 2398 ipse,
2115 2340 2236 2380 cum
2279 2324 2454 2381 hostis
2488 2323 2807 2386 exstitisset,
2843 2319 3210 2376 Romanorum
3242 2320 3404 2373 rebus
3439 2325 3526 2369 at-

1948 2419 2183 2485 tulisset,
2212 2425 2268 2474 et
2297 2426 2429 2488 quot
2472 2417 2634 2473 urbes
2677 2414 3110 2478 Theudericltus,
3145 2409 3414 2466 Balameri
3461 2410 3528 2462 tio

1948 2515 2074 2580 lius,
2108 2511 2198 2583 qui
2230 2511 2339 2566 dux
2367 2519 2422 2565 et.
2451 2509 2658 2565 amicus
2687 2507 2988 2577 appellatus
3012 2518 3175 2572 esset,
3207 2503 3525 2565 evertisset;

1948 2622 2126 2678 neque
2155 2615 2262 2660 tam
2285 2613 2522 2661 veterem
2574 2601 2912 2658 inimicitiam
2948 2599 3337 2669 respiciendam
3383 2608 3525 2657 esse,

1951 2715 2112 2771 quam
2173 2712 2513 2754 communem
2570 2697 2812 2753 omnium
2864 2694 3172 2750 utilitatem.
3228 2688 3527 2748 Conicstim

1952 2795 2115 2864 igitur
2153 2794 2445 2865 imperator
2476 2799 2724 2847 senatum
2775 2786 3116 2852 convocavit,
3155 2795 3210 2840 et
3259 2785 3375 2839 haec
3419 2782 3526 2836 illis

1952 2885 2257 2956 proposuit,
2288 2895 2349 2940 ut
2373 2884 2476 2940 sibi
2503 2881 2789 2938 consilium
2822 2882 3039 2945 darent,
3063 2877 3192 2946 quid
3224 2875 3365 2930 facto
3395 2889 3551 2940 opus.

1954 2985 2118 3034 esset.
2184 2974 2474 3032 Senatores
2529 2988 2660 3028 vero
2715 2972 2989 3037 dixerunt,
3038 2969 3242 3024 reditus
3289 2966 3534 3038 publicos

1953 3070 2183 3126 minime
2210 3067 2454 3126 sumcere
2477 3065 2543 3122 ad
2567 3065 2834 3137 stipendia
2863 3074 3110 3133 prompte
3132 3059 3378 3130 utrisque
3405 3074 3535 3125 sup-

1957 3163 2268 3232 peditanda,
2314 3175 2440 3216 cum
2486 3174 2554 3215 ne
2595 3169 2705 3214 tum
2752 3157 2967 3226 quidem
3018 3154 3281 3209 militibus
3349 3153 3521 3205 vit-tus

1957 3256 2238 3310 commode
2265 3253 2509 3325 praestari
2539 3259 2743 3321 posset.
2770 3249 2908 3305 Cum
2937 3263 3044 3319 quo
3072 3261 3204 3302 vero
3233 3262 3297 3300 ex
3327 3245 3535 3299 duobus

1957 3348 2256 3404 amicitiam
2289 3347 2573 3402 instituere
2616 3352 2920 3413 prtestaret,
2967 3343 3021 3396 id
3061 3341 3115 3396 in
3163 3341 3329 3396 solius
3368 3339 3538 3407 impe-

1961 3443 2158 3497 ratoris
2194 3441 2423 3496 arbitrio
2457 3438 2775 3494 consistere.
2809 3435 2867 3490 ln
2919 3435 3096 3489 aulam
3147 3447 3359 3502 quoque
3403 3446 3537 3486 con-

1962 3534 2171 3589 vocatis
2210 3532 2472 3588 militibus
2499 3539 2555 3584 et
2604 3528 2857 3582 omnibus
2901 3527 3124 3590 scholis,
3156 3538 3380 3579 ascenso
3409 3538 3537 3590 sug-

1959 3637 2135 3698 gestu,
2165 3625 2331 3680 multa
2365 3625 2430 3679 de
2487 3620 2864 3676 Theudericho
2907 3627 3130 3688 questus
3160 3625 3262 3682 est,
3301 3613 3540 3668 maxime

1959 3720 2103 3792 quod
2118 3719 2442 3790 jampridem
2463 3714 2831 3772 Romanorum
2865 3714 3038 3768 hostis
3061 3711 3377 3772 exstitisset,
3397 3709 3542 3779 quod

1960 3814 2206 3869 Thracia:
2238 3812 2443 3867 incolas
2473 3809 2809 3879 depraedatus
2835 3805 3048 3872 fuisset,
3080 3805 3238 3875 quodf
3262 3803 3556 3858 Harmatio

1963 3921 2156 3962 manus
2205 3912 2574 3977 amputasset;
2615 3901 2762 3972 quod
2792 3915 2953 3956 omne
2985 3899 3342 3969 agricolarum
3375 3912 3542 3966 genus

1963 3997 2181 4052 sedibus
2215 3997 2327 4050 suis
2377 3993 2692 4064 expulisset,
2718 3991 2862 4062 quod
2900 3989 3150 4045 Basilisci
3195 3989 3544 4060 tyrannidem

1963 4088 2017 4143 in
2075 4087 2460 4158 rempublicam
2501 4085 2817 4150 invexisset,
2850 4083 3042 4138 deinde
3068 4083 3135 4135 ad
3168 4081 3544 4151 ejusdemcze—

1964 4178 2087 4232 dem
2145 4177 2345 4231 milites
2400 4176 2732 4246 instigasset,
2778 4173 2888 4245 95
2943 4182 3193 4240 tanquam
3242 4171 3341 4227 soli
3380 4170 3542 4225 Gothi

1965 4269 2299 4324 sufﬁcerent.
2335 4267 2403 4322 Et
2427 4281 2574 4320 nunc
2598 4265 2805 4336 legatos
2831 4265 2897 4318 ad
2929 4278 2989 4317 se
3021 4264 3259 4328 mittere,
3299 4277 3404 4314 non
3432 4269 3540 4313 tam

270 4357 442 4425 ὑμεῖς
500 4356 629 4423 περὶ
692 4352 938 4417 τούτων,
997 4350 1236 4422 ταύτην,
1303 4351 1445 4420 ἔφη,
1513 4355 1651 4425 παρ’
1706 4354 1844 4425 ὑμῶι

1967 4371 2025 4415 ut
2049 4376 2260 4430 pacem,
2290 4374 2452 4427 quam
2483 4368 2542 4411 ut
2581 4358 2853 4412 exercitus
2883 4354 3173 4424 imperium
3222 4351 3539 4421 postularet.

271 4446 523 4499 ἀκοῦσαι
573 4444 897 4514 βουλόμενος
943 4447 1060 4499 νυνὶ
1113 4445 1489 4516 παρεκάλεσα,
1537 4446 1694 4509 εἰδὼς
1747 4448 1844 4499 τῶι

1970 4475 1989 4508 ι
2024 4454 2179 4509 Nunc
2231 4453 2430 4522 igitur,
2486 4451 2700 4520 inquit,
2775 4463 2932 4518 quam
2998 4447 3318 4502 sententiam
3386 4457 3547 4511 super

274 4539 560 4612 βασιλέων
589 4537 813 4602 τούτους
837 4537 1096 4608 ἀσφαλῶς
1127 4541 1416 4609 πράττειν,
1460 4539 1510 4592 οἳ
1538 4538 1606 4593 ἂν
1634 4541 1702 4593 τὰ
1743 4540 1844 4611 βουι

1975 4547 2060 4603 bis
2085 4545 2277 4601 dicturi
2305 4545 2444 4610 sitis,
2475 4543 2662 4598 audire
2687 4543 2931 4612 cupiens,
2949 4556 3046 4597 vos
3073 4540 3175 4594 huc
3203 4539 3495 4593 convocavi
3528 4555 3542 4590 :

273 4633 542 4700 λεύματα
568 4631 679 4694 τοῖς
709 4631 1072 4700 στρατιώταις
1103 4629 1473 4684 κοινώσουσιν.
1506 4649 1524 4682 ι
1575 4633 1644 4685 Οί
1694 4632 1752 4684 δὲ
1798 4629 1844 4704 ἦε

1977 4640 2090 4693 scio
2122 4639 2287 4702 enim,
2321 4653 2413 4693 eos
2439 4637 2798 4707 imperatores
2825 4645 2938 4689 tuto
2973 4648 3099 4688 suas
3129 4647 3217 4686 res
3249 4645 3428 4700 agere,
3452 4630 3545 4697 qui

275 4722 576 4802 κατέτεινε
631 4720 968 4791 κατηγορίας
1011 4720 1344 4784 ἀκούσαντες
1396 4722 1493 4774 καὶ
1543 4724 1608 4775 ὲκ
1660 4723 1844 4792 ταύτῃ.

1969 4746 2074 4786 sua
2133 4731 2356 4785 consilia
2411 4745 2534 4784 cum
2591 4728 2918 4783 exercitibus
2953 4723 3374 4780 communicant.
3409 4741 3427 4774 ι
3481 4723 3549 4774 At

271 4813 633 4885 διδαχθέντες
655 4812 682 4864 ὃ
709 4814 847 4884 χρῆν
875 4813 1299 4882 ἀποκρίνασθαι,
1320 4815 1520 4876 πάντες
1539 4816 1842 4887 ἀνεϐόησαν

1977 4821 2075 4885 illi,
2106 4820 2558 4887 accusationibus,
2581 4834 2715 4888 quas
2763 4819 2814 4872 in
2847 4815 3282 4871 Theuderichum
3313 4814 3547 4881 impera-

275 4907 486 4978 ἐχθρὸν
519 4899 964 4974 εἶναιῬωμαίοις
993 4904 1316 4976 Θευδέριχον
1339 4907 1436 4959 καὶ
1465 4908 1677 4970 πάντας
1705 4909 1758 4961 εῖ
1784 4926 1844 4962 τι

1980 4922 2065 4968 tor
2111 4912 2436 4976 intenderat,
2478 4911 2694 4976 auditis,
2728 4912 2862 4965 satis
2909 4924 2975 4962 ex
3020 4907 3132 4977 ipsa
3180 4905 3546 4968 accusatione,

277 5000 491 5067 ἐκείνῳ
532 4999 883 5068 συνέστηκεν,
909 4997 984 5049 Οὐ
1019 4999 1200 5066 μέντοι
1231 5000 1346 5060 τοῖς
1373 4994 1635 5068 πρέσϐεσι
1672 5000 1841 5070 ταύτη

1977 5006 2108 5076 quid
2134 5005 2240 5061 sibi
2274 5005 2710 5076 respondendum
2761 5013 2924 5070 esset,
2961 5001 3343 5070 percipientes,
3372 4998 3549 5052 accla-

280 5092 458 5154 εύθὺς
487 5087 689 5143 ἔδωκεν
727 5089 1023 5161 απόκρισιν
1049 5090 1079 5142 ὁ
1112 5091 1320 5161 Ζήνων,
1350 5091 1467 5144 ἀλλ’
1493 5095 1731 5164 ἐπεῖχεν,
1772 5095 1844 5148 ἓω

1977 5106 2260 5152 maverunt
2312 5111 2526 5161 omnes,
2556 5095 2921 5150 Romanorum
2959 5094 3174 5147 hostem
3221 5107 3341 5146 esse
3369 5089 3552 5143 Theuo

279 5185 348 5237 τὸ
377 5182 551 5237 πλέον
580 5181 805 5237 ἀκούσει
831 5183 940 5236 τῶν
958 5181 1178 5247 ἔξωθεν.
1197 5183 1285 5235 Ἑν
1300 5183 1476 5253 τούτῳ
1499 5185 1556 5237 δὲ
1573 5203 1604 5253 γ
1613 5186 1844 5256 ράφοντε

1978 5191 2256 5246 derichum
2283 5200 2337 5244 et
2373 5205 2582 5252 omnes,
2610 5191 2698 5257 qui
2732 5188 2806 5242 illi
2835 5187 3076 5242 faverent
3104 5195 3157 5239 et
3184 5185 3252 5238 ad
3282 5186 3399 5254 ejus
3425 5199 3549 5236 cau-

278 5279 356 5330 τὰ
389 5275 554 5330 ἔνδον
585 5275 846 5343 γινόμενα
875 5275 985 5328 τῶν
1031 5278 1088 5328 ἐν
1115 5278 1180 5346 τῇ
1228 5276 1380 5329 πόλει
1409 5277 1555 5339 τινὲς
1580 5279 1656 5347 τῷ
1686 5279 1844 5332 Θευδε

1975 5296 2092 5335 sam
2116 5296 2174 5336 se
2203 5280 2578 5351 adjungerent.
2600 5279 2666 5334 Et
2689 5280 2793 5334 hoc
2812 5279 3028 5348 quidem
3063 5289 3377 5346 responsum
3405 5271 3575 5327 Zeno.

286 5372 439 5442 ρίχῳ
466 5369 740 5430 ἑάλωσαν,
769 5368 1030 5438 ’Δνθιμός
1059 5385 1116 5420 τε
1152 5370 1336 5440 ἰατρὸς
1375 5372 1468 5422 καὶ
1501 5372 1844 5442 Μαρκελλῖνο

1982 5388 2089 5427 non
2121 5389 2152 5428 e
2185 5375 2410 5442 vestigio
2439 5375 2628 5446 legatis
2657 5371 2824 5439 dedit,
2849 5369 2944 5426 sed
2975 5369 3353 5441 exspectabat,_
3385 5367 3555 5421 donec

286 5467 392 5519 καὶ
451 5463 748 5533 Στέφανος.
811 5463 921 5515 Καὶ
968 5463 1029 5515 οὐ
1097 5463 1257 5533 μόνον
1318 5465 1526 5518 ἑαυτῶν
1581 5465 1844 5519 ἐπιστολά

1982 5467 2336 5535 exploratius,
2391 5465 2658 5536 quomodo
2705 5479 2763 5520 se
2819 5465 3080 5520 haberent
3118 5477 3201 5528 ea,
3258 5475 3378 5532 quae
3421 5458 3554 5513 foris

1593 5581 1824 5634 νΑΜΑζ
1868 5581 2269 5638 ιιΕετιοΝεε.

370 5679 422 5712 ’τ
467 5677 528 5730 τό
566 5693 627 5744 γε
651 5674 740 5738 Ν.,
773 5676 866 5728 καὶ
891 5675 952 5726 τὸ
979 5673 1124 5740 γει,
1149 5676 1240 5726 τόν
1266 5691 1324 5726 τε
1355 5673 1498 5745 vulg.
1575 5630 1844 5744 ³ο

1947 5676 2079 5745 vuig.
2127 5676 2189 5706 '°‘
2214 5630 2486 5744 διεξάγειν
2518 5672 2901 5744 Β.,διεπάγειν
2932 5670 3080 5744 vulg.
3115 5670 3155 5703 ³³
3190 5630 3551 5724 καθίστασθαι

295 5753 397 5812 Η.,
437 5741 802 5802 καθίστασθαι
828 5747 969 5816 vulg.
1049 5747 1091 5777 ³¹
1115 5745 1350 5807 καλέσας
1384 5741 1498 5798 Val.
1579 5745 1622 5777 ³³
1659 5741 1841 5816 γέωργ

1967 5741 2055 5813 ΙΙᾷ
2092 5747 2335 5818 γεωργὸν
2359 5741 2504 5818 vulg.
