4048 6338
284 261 396 327 809

1090 264 1189 324 DE
1230 261 1806 326 LEGATIONIBUS
1842 261 2197 323 GENTIUM
2237 264 2339 334 AD
2379 261 2756 324 ROMANOS.

3445 256 3550 320 810

274 371 440 444 οἶμαι
470 371 618 442 ἀμφὶ
650 370 750 436 τὰς
782 350 983 426 εἴκοσιν
1013 367 1151 424 εἶναι
1178 372 1438 442 χιλιάδας.
1457 391 1474 424 ι
1510 367 1644 426 Εἶτα
1673 372 1878 442 ἀπαρι-
1908 425 1911 434 η

1995 374 2153 426 rando
2212 373 2468 436 maximo,
2501 387 2620 428 sese
2663 387 2731 426 ex
2776 369 2942 425 animi
2972 369 3053 427 sui
3089 371 3354 426 sententia
3417 374 3557 425 hona

279 464 642 535 θμησάμενοι
675 464 725 517 oi
755 463 1013 534 πρέσϐεις
1039 465 1172 534 ἔθνη
1201 467 1448 534 κατήκοα
1499 465 1791 534 Τούρκων,
1815 462 1874 515 τὸ

276 556 477 611 λοιπὸν
508 557 820 626 ἢντιὸόλουν
848 557 1229 628 αὐτοκράτορα
1261 559 1488 628 είρήνην
1527 575 1584 611 τε
1615 557 1874 623 ξυνεστά-

277 667 372 704 ναι
430 651 530 704 καὶ
584 650 894 722 ὁμαιχμίαν
943 651 1243 721 Ῥωμαίοις
1307 669 1364 703 τε
1423 651 1526 704 καὶ
1581 650 1871 723 Τούρκοις.

280 742 698 812 Προσετίθεσαν
753 745 833 807 δὲ,
864 742 938 807 ὡς
997 743 1088 796 καὶ
1117 745 1443 816 ἐτοιμότατα
1481 742 1666 814 ἔχουσι
1698 761 1871 797 κατα-

279 834 610 906 πολεμῆσαι
632 836 735 907 τῆς
773 835 1065 907 Ῥωμαίων
1095 836 1455 906 ἐπικρατείας
1498 836 1559 890 τὸ
1587 835 1873 906 δυσμενὲς,

1986 462 2091 517 ﬂde
2127 463 2238 516 hac
2286 461 2687 518 omniadieere
2716 471 2769 517 et
2815 461 3132 530 promittere
3171 461 3556 529 afﬁrmarent;

1982 557 2036 609 ni
2067 571 2128 610 ea
2162 569 2287 610 vera
2330 565 2529 619 essent,
2577 561 2667 608 aut
2700 554 2743 608 si
2777 553 3010 609 scientes
3064 553 3336 619 fallerent,
3383 569 3559 622 neque

1981 661 2044 704 ei
2097 646 2468 710 observarent,
2522 645 2623 700 sibi
2678 645 2807 714 ipsis
2837 654 2892 699 et
2929 645 3029 713 ipsi
3064 644 3315 700 Disabnlo
3355 645 3560 714 totique
3592 719 3596 723 _

1985 739 2129 810 genti
2182 740 2328 793 diras
2382 746 2507 794 sunt
2538 737 2843 807 imprecati.
2875 738 2953 790 Ad
2982 740 3124 793 hunc
3151 738 3368 795 modum
3428 753 3560 807 gens

1982 833 2213 888 Turcica
2240 832 2499 888 Romanis
2527 834 2704 886 amica
2728 840 2811 888 est
2842 832 3006 888 facta.

277 926 493 979 ὁπόσον
521 927 581 990 ές
609 927 708 998 τὴν
755 934 877 983 κατ’
905 927 1102 990 αὐτοὺς
1138 928 1184 962 ²⁸
1217 927 1576 995 ἀγελάξονται
1621 928 1869 998 ἤπειρον.
1922 926 2049 980 Ἐπὶ
2082 925 2295 989 τούτοις
2347 925 2466 995 ἅμα
2493 925 2571 996 τῷ
2593 923 2742 993 λέξαι
2770 925 2852 980 τὼ
2915 929 3065 998 χεῖρε
3094 925 3229 995 ὑψοῦ
3273 925 3561 990 ἀνατείνας
3668 948 3672 952 ·

275 1025 303 1076 6
336 1021 575 1092 Μανιὰχ
627 1021 683 1076 oi
708 1039 769 1075 τε
792 1022 838 1054 ’ν
863 1022 962 1089 ξὺν
1008 1021 1160 1092 αὐτῷ
1195 1023 1345 1095 ὅρκῳ
1372 1023 1749 1079 ἐπιστώσαντο
1816 1022 2081 1094 μεγίστῳ,
2148 1016 2184 1093 ἦ
2251 1022 2356 1095 μὴν
2377 1022 2750 1093 ὀρθογνώμονι
2799 1022 3007 1094 διανοίᾳ
3055 1022 3228 1076 ταῦτα
3286 1022 3562 1092 εἰρῆσθαι.

276 1113 438 1185 Πρός
468 1131 532 1184 γε
602 1114 697 1181 καὶ
748 1117 1010 1194 κατέχεον
1056 1115 1196 1185 ἀρὰς
1247 1117 1433 1186 σφίσιν
1483 1117 1694 1184 αὐτοῖς,
1734 1115 1819 1172 έτι
1884 1133 1950 1186 γε
1991 1117 2100 1189 μὴν
2157 1118 2251 1172 καὶ
2307 1118 2386 1187 τῷ
2427 1116 2762 1189 Διζαὸούλῳ,
2807 1115 2945 1172 ἀλλὰ
2995 1116 3105 1187 γὰρ
3159 1116 3252 1169 καὶ
3295 1115 3456 1171 παντὶ
3485 1113 3565 1183 τῷ

277 1209 459 1275 ἔθνει,
490 1210 545 1264 ετ
578 1210 788 1282 γε“ούχὶ
816 1212 885 1265 τὰ
910 1210 1306 1282 ἐπηγγελμένα
1351 1211 1530 1282 ἀληθῆ
1573 1228 1633 1266 τε
1668 1211 1755 1282 ετη
1783 1211 1880 1266 καὶ
1919 1211 2191 1283 πρακτέα.
2253 1210 2415 1266 Οὕτω
2451 1212 2549 1282 μὲν
2574 1208 2668 1267 οὖν
2697 1213 2760 1266 τὸ
2820 1211 2986 1283 φῦλον
3031 1212 3080 1264 οἱ
3126 1210 3362 1282 Τοῦρκοι
3418 1209 3564 1280 φίλοι

277 1306 547 1374 ἐγένοντο
585 1304 910 1376 Ῥωμαίοις,
947 1306 1044 1361 καὶ
1096 1307 1165 1378 τῇ
1211 1304 1335 1359 καθ’
1366 1306 1515 1377 ἡμᾶς
1540 1305 1664 1379 οὐχὶ
1703 1307 1878 1372 ἄλλως
1917 1308 2216 1381 ἐφοίτησαν
2247 1307 2518 1380 πολιτείᾳ.

351 1399 436 1470 η’.
464 1401 588 1455 Ὅτι
631 1401 1026 1474 διαθρυλληθὲν
1082 1401 1223 1456 κατὰ
1258 1401 1359 1474 τὴν
1406 1401 1702 1474 Τουρκίαν,
1763 1402 1877 1457 ὅσοι

277 1495 586 1566 ἁγχίθυροι
637 1491 800 1567 ἦσαν,
852 1496 929 1560 ὡς
981 1496 1270 1567 Ῥωμαίων
1323 1496 1687 1568 ὲνδημοῦσι⁸⁹
1741 1493 1881 1567 πρέ-

280 1587 470 1654 σϐτιε,
505 1590 603 1642 καὶ
627 1588 704 1652 ὡς
732 1590 1058 1661 πορεύονται
1084 1589 1183 1662 τὴν
1215 1591 1312 1644 ἐπὶ
1336 1591 1396 1644 τδ
1423 1588 1724 1656 Βυζάντιον
1761 1588 1878 1660 ἅμα

275 1680 561 1751 πρεσϐείᾳ
620 1680 903 1751 Τούρκων,
942 1684 970 1734 6
1010 1681 1118 1737 τῶν
1160 1683 1346 1754 εκείνη
1366 1683 1412 1715 ’⁸
1442 1683 1613 1737 ἐθνῶν
1659 1681 1885 1755 ἡγεμὼν

279 1772 536 1843 ἐδήλωσε
560 1772 639 1844 τῷ
670 1771 1000 1843 Διζασούλιμ,
1016 1772 1110 1840 ξὺν
1135 1777 1366 1847 ἱκετείᾳ,
1396 1775 1471 1840 ὼς
1502 1776 1570 1830 ἂν
1600 1776 1696 1829 καὶ
1727 1775 1888 1839 αὐτὸς

277 1865 346 1919 ὲκ
396 1864 498 1918 τοῦ
549 1868 816 1936 σφετέρου
865 1866 1021 1931 τινὰς
1058 1867 1381 1922 ἀποστειλαι
1422 1868 1607 1932 ἔθνους
1637 1867 1731 1921 ἐπὶ
1758 1867 1888 1921 θέαν

276 1955 385 2026 τῆς
432 1956 755 2036 Ῥωμαῖκῆς
790 1958 1090 2023 πολιτείας.
1132 1959 1242 2014 Καὶ
1283 1961 1465 2014 τοίνυν
1500 1963 1528 2014 6
1566 1959 1892 2024 Διζάὄουλος

279 2047 474 2116 ἐφίετο
497 2048 561 2102 ⁸⁸.
598 2048 708 2101 Καὶ
751 2048 930 2121 ἕτεροι
954 2051 996 2083 ³¹
1033 2051 1090 2105 δὲ
1129 2053 1474 2124 προεστῶτες
1513 2052 1682 2106 ἐθνῶν
1717 2054 1891 2106 ταῦτα

281 2142 562 2211 ἐζήτουν·
604 2142 634 2195 ό
664 2141 723 2196 δὲ
772 2142 966 2195 οὐδενὶ·
1005 2142 1353 2214 ξυνεχώρησε
1410 2144 1518 2197 τῶν
1579 2142 1888 2213 πάντων,ἢ

285 2233 456 2301 μόνον
483 2229 562 2301 τῷ
591 2229 701 2284 τῶν
734 2231 985 2286 Χλιατῶν
1017 2234 1270 2304 ἡγεμόνι.
1307 2233 1418 2288 Καὶ
1460 2232 1553 2286 οὖν
1577 2234 1673 2287 καὶ
1700 2233 1891 2286 τοῦτον

283 2322 702 2394 παρειληφότες
721 2325 769 2376 οἱ
812 2324 1073 2396 Ῥωμαῖοι
1122 2327 1209 2381 διὰ
1247 2309 1347 2380 ’τοῦ
1379 2325 1679 2396 λεγομένου
1715 2340 1887 2378 ποτα-

291 2416 398 2486 μοῦ
461 2417 594 2486 Ὧὴχ
620 2456 635 2482 ,
669 2417 764 2471 καὶ
795 2417 1041 2490 ἀτραπὸν
1091 2417 1444 2481 διανύσαντες
1487 2415 1744 2487 οὐδαμῶς
1779 2413 1892 2470 ὀλί-

288 2526 420 2579 γην,
460 2509 713 2578 ἐγένοντο
743 2511 888 2576 κατᾲ
912 2511 977 2581 δὴ
997 2511 1096 2581 τὴν
1120 2510 1317 2582 λίμνην
1345 2512 1446 2582 τὴν
1473 2508 1708 2566 ἄπλετον
1748 2509 1893 2562 ὲκεί-

294 2619 398 2672 νην
456 2602 556 2654 καὶ
607 2602 825 2672 εὐρεῖαν
848 2603 915 2656 ³³.
962 2601 1232 2656 Ἐνταῦθα
1266 2603 1293 2655 ὁ
1324 2600 1620 2673 Ζήμαρχος
1640 2599 1686 2632 ⁸³
1714 2599 1895 2654 ἐνδια-

291 2692 502 2767 τρίψας
533 2694 746 2764 ἡμέρας
777 2697 947 2765 τρεῖς,
974 2693 1182 2747 στέλλει
1213 2680 1510 2763 Γεώργιον,
1540 2693 1597 2756 ὃς
1622 2694 1804 2746 ἀνεῖτο
1839 2693 1895 2754 ἐς

295 2787 397 2859 τὴν
422 2786 536 2840 τῶν
561 2787 986 2859 ὲπιτομωτέρων
1037 2786 1322 2841 συλλαϐῶν
1357 2784 1720 2854 ἀπαγγελίαν,
1762 2800 1896 2854 προ-

297 2881 620 2951 δηλώσοντα
648 2882 726 2950 τῷ
775 2880 989 2951 βασιλεῖ
1014 2880 1110 2951 τὴν
1144 2877 1294 2949 σφῶν
1327 2877 1506 2933 αὐτῶν
1536 2878 1600 2929 ὲκ
1629 2874 1895 2946 Τούρκων

2055 1405 2110 1460 8.
2155 1404 2239 1476 (A.
2267 1403 2332 1460 (ὲ.
2383 1403 2485 1460 569
2513 1403 2628 1459 Ind.
2663 1403 2699 1457 2
2737 1402 2932 1460 Justini
2960 1403 3040 1474 5.)
3071 1401 3366 1475 Postquam
3426 1402 3569 1460 fama

1987 1499 2053 1554 ad
2088 1497 2350 1554 ﬂnitimas
2371 1497 2584 1554 Turciae
2639 1509 2825 1568 gentes
2856 1506 3200 1567 pervenerat,
3229 1497 3431 1566 legatos
3464 1497 3570 1569 Bo-

1911 1604 2271 1680 Bmanorum
2325 1589 2634 1652 advenisse.
2688 1603 2889 1658 eosque
2920 1604 3024 1643 una
3087 1603 3213 1643 cum
3267 1587 3568 1644 Turcorum

1990 1679 2183 1753 legatis
2217 1681 2540 1750 Byzantium
2563 1680 2763 1744 redire,
2787 1681 2906 1750 ejus
2935 1680 3172 1749 regionis
3203 1681 3309 1735 dux
3341 1680 3571 1735 Disabu-

1991 1777 2106 1830 lu:n
2144 1774 2303 1845 109
2337 1774 2556 1843 supplex
2600 1775 2804 1838 oravit,
2862 1783 2924 1828 ut
2964 1772 3272 1844 reipublica:
3311 1773 3572 1827 Romanae

1989 1868 2231 1923 visenda
2259 1868 2433 1937 gratia
2473 1869 2574 1924 sibi
2603 1883 2821 1940 quoque
2874 1869 3079 1941 legatos
3112 1872 3328 1925 mittere
3359 1869 3571 1925 liceret.

1991 1955 2145 2022 Quod
2176 1953 2466 2012 Disabulus
2530 1972 2638 2012 non
2687 1960 2978 2013 recusavit.
3028 1958 3134 2014 Sed
3175 1975 3297 2014 cum
3344 1960 3571 2015 aliarum

1991 2062 2207 2118 quoque
2243 2051 2480 2118 gentium
2543 2049 2709 2104 duces
2763 2050 2902 2104 idem
2963 2059 3230 2120 peterent,
3273 2052 3403 2106 nulli
3459 2053 3570 2117 alii,

1994 2154 2157 2210 quam
2220 2139 2320 2194 soli
2364 2139 2655 2194 Chiiatium
2686 2142 2829 2203 duci.
2873 2144 3164 2200 concessit.
3212 2143 3396 2214 Itaque
3433 2146 3575 2200 hunc

1993 2231 2156 2285 etiam
2193 2229 2422 2285 Romani
2484 2242 2844 2297 assumentes,
2881 2235 3108 2304 trajecta
3159 2235 3383 2293 ﬂumine
3414 2234 3572 2302 Oich,

1996 2320 2141 2374 haud
2168 2322 2330 2376 breve
2356 2323 2457 2376 viae
2490 2323 2722 2392 spatium
2746 2326 2975 2388 emensi,
3005 2326 3071 2381 ad
3107 2326 3252 2381 illam
3301 2328 3574 2400 ingentem

1994 2420 2049 2466 et
2087 2412 2248 2466 latam
2277 2412 2523 2481 paludem
2551 2427 2935 2481 pervenerunt.
2966 2415 3064 2471 l‘lic
3097 2415 3424 2474 Zemarchus
3461 2427 3575 2474 tres

1995 2500 2112 2556 dies
2140 2510 2525 2566 commoratus,
2553 2502 2720 2555 mittit
2741 2500 3055 2573 Georgium,
3101 2504 3187 2560 cui
3225 2521 3425 2560 munus
3451 2508 3577 2562 bre~

1997 2593 2178 2646 viores
2212 2592 2470 2660 epistolas
2512 2592 2822 2664 perferendi
2852 2596 3087 2649 delatum
3136 2605 3275 2662 erat,
3310 2608 3366 2651 ut
3402 2597 3576 2668 impe-

1998 2683 2163 2739 ratori
2220 2683 2518 2754 legatorum
2589 2699 2619 2741 a
2672 2684 2866 2742 Turcis
2939 2688 3170 2742 reditum
3219 2689 3574 2759 signiﬁcaret.

1995 2775 2261 2846 Georgius
2321 2777 2484 2846 igitur
2541 2791 2663 2832 cum
2718 2779 3001 2834 duodecim
3061 2778 3257 2834 Turcis
3305 2781 3574 2838 desertam

1998 2869 2216 2939 quidem
2246 2876 2300 2923 et
2339 2870 2676 2940 inaquosam,
2710 2872 2803 2924 sed
2836 2869 3140 2925 breviorem
3180 2872 3318 2926 viam
3351 2873 3578 2943 Byzan-

298 2975 590 3030 ἐπάνοδον.
638 2974 751 3028 Καὶ
801 2971 895 3028 οὖν
942 2973 969 3025 6
1011 2973 1286 3044 Γεώργιος
1319 2971 1436 3042 ἅμα
1468 2969 1732 3040 Τούρκοις
1761 2967 1893 3021 δέκα

2001 2963 2131 3017 tium
2163 2976 2352 3018 versus
2404 2963 2679 3032 ingressus
2733 2970 2837 3018 est.
2898 2962 3226 3019 Zemarchus
3276 2974 3456 3020 autem
3483 2980 3580 3035 per

299 3067 444 3137 πρὸς
475 3069 588 3129 τοῖς
620 3065 712 3118 δύο
755 3064 1038 3136 ἀπήρξατο
1077 3065 1171 3132 τῆς
1205 3063 1298 3117 ἐπὶ
1337 3062 1398 3116 τὸ
1422 3061 1717 3128 Βυζάντιον
1747 3059 1891 3126 ὁδοῦ,

300 3156 541 3226 ἀνύδρου
577 3173 636 3207 τε
671 3155 816 3225 μάλα
856 3153 1024 3222 οὔσης
1059 3153 1155 3207 καὶ
1196 3153 1374 3222 πάντη
1407 3153 1638 3223 ἐρήμου,
1667 3151 1815 3221 ὅμως
1847 3148 1891 3201 δ’

299 3244 395 3301 οὖν
431 3247 871 3317 ἐπιτομωτέρας.
919 3245 977 3300 Ὀ
1009 3245 1065 3298 δὲ
1103 3245 1392 3316 Ζήμαρχος
1425 3243 1566 3298 κατὰ
1601 3242 1666 3314 δὴ
1695 3243 1754 3296 τὸ
1786 3241 1891 3311 ψα-

303 3340 566 3412 μαθῶδες
607 3342 708 3410 τῆς
760 3340 957 3411 λίμνης
1003 3337 1320 3410 παροδεύων
1377 3337 1470 3390 ἐπὶ
1499 3337 1714 3407 ἡμέρας
1763 3337 1898 3389 δέκα

303 3435 401 3487 καὶ⁹
443 3433 560 3496 δύο,
590 3431 894 3496 δυσϐάτους
932 3431 992 3485 τέ
1037 3447 1191 3494 τινας
1231 3429 1441 3500 χώρους
1470 3427 1899 3501 παραμειψάμε-

306 3543 420 3591 νος,
459 3527 680 3593 ἐγένετο
729 3525 873 3578 κατὰ
924 3525 994 3578 τὰ
1044 3525 1235 3595 ῥεῖθρα
1277 3522 1371 3575 τοῦ
1408 3523 1507 3590 Ἳχ,
1535 3522 1594 3572 οὐ
1627 3521 1733 3590 μὴν
1761 3519 1898 3574 ἀλλὰ

306 3621 406 3674 καὶ
441 3621 581 3674 κατὰ
618 3622 708 3673 τὸν
748 3619 882 3689 Δαῗχ
900 3621 969 3687 ³⁸,
1009 3620 1101 3673 καὶ
1156 3618 1244 3670 διὰ
1259 3613 1304 3648 ³⁵
1334 3615 1538 3686 λιμνῶν
1572 3613 1773 3684 ἐτέρων
1798 3609 1899 3665 αὖ-

308 3713 394 3777 θις
446 3714 504 3775 ὲς
558 3710 968 3778 τὸνλἈττίλαν·
1024 3709 1189 3765 πάλιν
1222 3710 1298 3773 ώς
1345 3707 1810 3778 Ούγούρους³⁶,οἲ
1835 3706 1900 3778 δὴ

309 3804 409 3858 καί
458 3819 642 3871 σφισιν
685 3801 1056 3874 ἀπήγγειλαν,
1086 3803 1160 3864 ὡς
1201 3802 1279 3864 είς
1313 3801 1381 3853 τὰ
1409 3800 1536 3870 περὶ
1567 3799 1655 3851 τὸν
1692 3798 1900 3868 Κωφῆ-

311 3915 378 3951 να
412 3896 664 3966 ποταμὸν
696 3897 752 3959 ές
793 3895 863 3948 τὰ
890 3895 1054 3950 λάσια
1104 3895 1372 3964 τέσσαρες
1405 3892 1644 3962 χιλιάδες
1677 3890 1901 3960 Περσῶν

313 3989 647 4061 ἐπιτηροῡσι
730 3987 1230 4061 προλελοχισμένοι,
1281 3988 1356 4049 ὼς
1409 3985 1475 4039 ἂν
1534 3983 1904 4054 χειρώσωνται

313 4083 624 4153 παριόντας
645 4085 690 4118 ³⁷
742 4082 962 4146 αὐτούς.
996 4080 1184 4153 Ταύτῃ
1226 4079 1420 4133 τοιό³⁸
1456 4077 1564 4130 τῶν
1609 4075 1904 4147 Ούγούρων

311 4175 657 4245 ἡγούμενος,
707 4175 766 4238 ὃς
817 4175 1076 4237 διέσωζεν
1111 4173 1288 4225 ἐκεῖσε
1318 4169 1414 4225 τοῦ
1468 4169 1794 4233 Διζαϐούλου
1840 4169 1902 4221 τὸ

313 4270 542 4338 κράτος,
583 4269 878 4338 πληρώσας
929 4267 1122 4329 ὓδατος
1170 4265 1375 4327 ἀσκοὺς
1433 4262 1740 4333 παρέσχετο
1788 4263 1899 4324 τοῖς

1997 3068 2228 3110 arenosa
2280 3055 2491 3127 paludis
2543 3056 2645 3110 iter
2699 3055 2906 3112 faciens
2939 3071 3032 3128 per
3096 3057 3382 3113 duodecim
3435 3060 3576 3126 dies,

1996 3152 2114 3207 loca
2143 3162 2414 3222 prmrupta
2470 3162 2906 3223 praetergressus,
2945 3150 3124 3220 attigit
3155 3152 3300 3220 ripas
3341 3167 3444 3205 non
3490 3167 3577 3206 so-

1997 3246 2108 3301 lum
2139 3245 2376 3300 ﬂuminis
2405 3246 2587 3311 Hichi,
2623 3247 2718 3302 sed
2745 3247 2908 3301 etiam
2931 3243 3144 3309 Daichi,
3171 3255 3226 3300 et
3261 3261 3455 3300 rursus
3480 3261 3578 3316 per

2001 3339 2136 3394 alias
2162 3338 2390 3409 paludes
2425 3339 2488 3393 ad
2524 3338 2747 3392 Attilam
2785 3338 3054 3408 pervenit,
3087 3339 3210 3394 inde
3233 3339 3298 3393 ad
3345 3340 3578 3409 Uguros,

1999 3430 2092 3498 qui
2141 3427 2416 3484 Romanos
2468 3440 2815 3492 monuerunt,
2867 3429 2921 3484 in
2971 3428 3154 3485 densis
3200 3439 3256 3484 et
3295 3429 3582 3485 arboribus

1979 3521 2228 3593 consitis
2267 3522 2402 3576 locis
2446 3521 2593 3576 circa
2624 3521 2932 3592 COphenem
2961 3521 3160 3577 ﬂumen
3191 3522 3360 3577 latere
3417 3523 3469 3576 in
3499 3522 3580 3577 in-

2003 3615 2157 3670 sidiis
2192 3612 2449 3668 collocata
2496 3612 2786 3667 Persarum
2824 3621 3056 3683 quatuor
3087 3612 3276 3679 millia,
3310 3612 3400 3681 qui
3442 3627 3580 3680 prter

2005 3702 2281 3760 tereuntes
2328 3719 2422 3759 eos
2469 3689 2714 3769 captivos
2769 3703 3034 3760 facerent.
3076 3703 3385 3774 Ugurorum
3449 3704 3580 3767 dux,

2005 3797 2094 3866 qui
2129 3797 2237 3851 illic
2265 3811 2331 3850 ex
2364 3797 2688 3850 auctoritate
2721 3796 2956 3850 Disabnli
2993 3797 3279 3865 imperium
3327 3795 3580 3859 habebat,

2006 3899 2156 3942 ntres
2208 3902 2345 3955 aqua
2384 3887 2626 3956 implevit
2685 3895 2740 3940 et
2771 3887 2997 3955 praebuit
3035 3885 3332 3941 Zemarcbo
3362 3896 3417 3941 et
3465 3887 3583 3955 ejus

2005 3982 2318 4045 comitibus,
2344 3987 2421 4044 ut,
2452 3995 2572 4035 cum
2610 3995 2706 4048 per
2749 3981 2961 4035 deserta
2991 3981 3154 4046 irent,
3193 3981 3452 4036 haberent
3481 3997 3583 4049 un:

2008 4075 2074 4128 de
2104 4085 2458 4145 aquarentur.
2482 4072 2811 4127 Invenerunt
2841 4081 2894 4127 et
2920 4074 3194 4144 paludem,
3224 4083 3278 4127 et
3326 4088 3581 4148 magnum

2009 4166 2138 4220 illud
2180 4174 2429 4235 stagnum
2475 4163 2845 4234 praetergressi
2884 4203 2900 4229 ,
2964 4173 3327 4233 pervenerunt
3375 4164 3442 4218 ad
3493 4160 3584 4217 eas

2010 4257 2253 4325 paludes,
2311 4255 2365 4309 in
2427 4267 2562 4324 quas
2623 4253 2890 4309 immistus
2955 4253 3174 4324 Cophen
3234 4253 3410 4309 amnis
3463 4269 3584 4321 sese

313 4322 448 4432 περὶ
483 4322 800 4433 έημαριχον,
834 4322 909 4424 ώς
949 4360 1016 4414 ἂν
1049 4322 1224 4429 ἔχόιεν
1254 4322 1377 4411 ὅθεν
1418 4322 1763 4425 ὑδρεύσόιντο
1808 4322 1899 4406 δια

2008 4322 2254 4404 eﬂ'undit.
2313 4347 2391 4402 Ex
2421 4322 2489 4402 eo
2540 4345 2661 4402 loco
2698 4348 2920 4401 mittunt
2966 4322 3057 4417 qui
3083 4347 3455 4416 explorarent,
3513 4364 3581 4403 an

313 4457 416 4525 τῆς
455 4455 688 4526 ἀνύδρου
725 4455 916 4516 ἰόντες.
950 4445 1122 4522 Εὗρον
1145 4452 1201 4505 δὲ
1232 4451 1326 4502 καὶ
1358 4448 1574 4519 λίμνην,
1613 4447 1710 4499 καὶ
1759 4462 1899 4515 παρο

319 4546 693 4616 αμειψάμενοι
724 4549 782 4600 τὸ
816 4548 960 4616 μέγα
982 4545 1142 4599 τοῦτο
1175 4543 1522 4613 ὑδροστάσιον
1554 4541 1812 4609 ἀφίκοντο
1843 4541 1896 4603 ές

321 4640 539 4703 ὲκείνας
563 4641 664 4703 τὰς
690 4640 910 4711 λίμνας,
942 4641 997 4693 ὲν
1030 4633 1117 4701 αἷς
1143 4636 1573 4706 ἐπιμιγνύμενος
1600 4633 1899 4687 ἀπόλλυται

320 4733 350 4786 ὁ
379 4733 590 4803 Κωφὴν
637 4733 900 4805 ποταμός.
959 4731 1052 4797 Ἐξ
1083 4729 1293 4784 ἐκείνου
1329 4729 1394 4798 δὴ
1423 4727 1518 4780 τοῦ
1549 4727 1726 4798 χώρου
1754 4727 1898 4795 πέμ-

289 4817 298 4828 ’
326 4844 493 4880 πουσι
548 4829 843 4897 διοπτῆρας
897 4822 1485 4898 προδιασκεψομένους,
1520 4823 1632 4888 εἴγε
1664 4819 1737 4881 ὡς
1768 4817 1901 4888 ἀλη-

2013 4457 2198 4495 verum
2255 4450 2419 4506 esset,
2452 4437 2647 4495 Persas
2678 4439 2728 4493 in
2765 4439 2974 4494 insidiis
3019 4455 3160 4496 esse.
3185 4438 3251 4494 Hi
3289 4438 3480 4512 iisdem
3504 4450 3585 4496 to-

2013 4543 2124 4588 tam
2175 4530 2449 4600 rcgionem
2494 4531 2820 4600 perscrutati
2876 4533 3273 4599 renuntiarunt,
3327 4524 3586 4600 se‘neini-

2013 4640 2135 4680 nem
2172 4622 2390 4676 vidisse.
2423 4621 2603 4679 Nihilo
2639 4623 2816 4677 secius
2863 4622 2916 4676 in
2954 4624 3202 4679 Alaniam
3233 4641 3425 4695 magna
3465 4641 3584 4680 cum

2015 4717 2372 4786 trepidatione
2408 4756 2424 4783 ,
2480 4726 2767 4788 propterea
2809 4717 2950 4786 quod
3008 4720 3317 4775 metuebant
3371 4729 3584 4788 gentem

2017 4809 2494 4875 Oromoscborum,
2526 4820 2901 4879 properarunt.

327 4921 436 4984 θῶς
480 4921 530 4974 οἱ
586 4921 791 4990 Πέρσαι
869 4916 1267 4988 ἐνεδρεύουσινο
1299 4913 1349 4966 οἳ
1386 4910 1450 4982 δὴ
1503 4907 1916 4980 ἀνιχνεύσαντες
1954 4903 2294 4974 ἀπήγγειλαν
2341 4899 2546 4978 μηδένα
2603 4901 2747 4956 ίδείν.
2791 4903 2978 4973 Ὅμως
3009 4903 3100 4966 ξὺν
3148 4904 3390 4975 μεγίστῳ
3439 4904 3589 4974 φόϐῳ

328 5014 590 5082 ἀφίκοντο
614 5014 670 5076 ἐς
704 5009 972 5076 Ἀλανίαν,
1000 5007 1143 5063 κατὰ
1165 5008 1225 5059 τὸ
1253 5004 1453 5076 μᾶλλον
1473 5001 1700 5064 δεδιότες
1726 5001 1787 5053 τὸ
1822 5000 1987 5069 φῦλον
2023 4996 2131 5050 τῶν
2174 4993 2540 5066 Ὀρομοσχῶν.

405 5117 470 5170 θ’.
509 5117 632 5169 Ὅτι
661 5117 943 5186 γενόμενοι
969 5115 1026 5167 ὲν
1070 5112 1289 5182 Ἀλανίᾳ
1339 5111 1489 5180 παρὰ
1521 5108 1791 5179 Σαρώδιον
1819 5109 1911 5160 τὸν

334 5208 560 5264 ἐκείνων
593 5209 858 5279 ἡγεμόνα,
894 5207 989 5263 καὶ
1019 5207 1134 5278 ἅμα
1171 5207 1281 5270 τοῖς
1313 5205 1602 5274 ἑπομένοις
1645 5200 1908 5271 Τούρκοις

2088 5105 2142 5161 9.
2189 5100 2323 5157 Cum
2351 5103 2405 5156 in
2455 5100 2700 5154 Alanlam
2750 5095 3142 5166 pervenissent,
3180 5101 3234 5146 et
3275 5090 3588 5159 Sarodium,

2017 5199 2311 5252 Alanorum
2357 5195 2576 5260 ducem,
2625 5208 2731 5247 una
2773 5207 2894 5247 cum
2945 5188 3136 5243 Turcis
3177 5187 3324 5240 adire
3367 5185 3588 5250 vellent,

1617 5359 1851 5416 VARI/E
1887 5356 2185 5415 LECTION
2195 5357 2297 5413 ES.

413 5497 456 5531 ¹⁶
485 5495 655 5560 αὐτὰς
681 5495 831 5565 vulg.
905 5493 1040 5565 ’τγτε
1072 5491 1166 5565 N.,
1197 5508 1261 5559 γε
1291 5489 1439 5565 vulg.
1490 5489 1541 5565 _‘_"
1562 5483 1852 5565 ἐνδημοῦσι
1878 5481 1968 5565 Pl,
1992 5482 2258 5565 ἐνδῄμους
2279 5480 2427 5565 vulg.
2457 5479 2515 5565 ξ’
2536 5475 2728 5565 Ϋὲικε-ίνῃ
3116 5471 3260 5565 vulg.
3300 5466 3594 5565 ³

339 5571 433 5638 N_.,
482 5570 702 5638 ἐφίκετο
734 5562 913 5638 νιὶιρςη-
959 5563 1235 5638 ³ξ-ὲτέροις
1265 5562 1411 5638 vulgt

1488 5558 1531 5589 ³,
1557 5559 1614 5590 ΒΙἈ
1627 5558 1774 5590 Λῆἶηυ
1824 5571 1854 5590 υ

339 5571 433 5634 Ν.,
482 5553 702 5638 ἐφίκετο
734 5553 882 5635 vulg.
959 5564 1002 5595 ³⁸
1028 5553 1235 5634 ἑτέροις
1265 5553 1417 5630 vulg:
1488 5558 1531 5589 δ’
1555 5553 1774 5625 εὐροίαν
1824 5553 1970 5636 vulg.
2074 5553 2118 5583 ³³
2142 5553 2397 5638 laxartes
2455 5553 2547 5604 ﬂut

339 5635 476 5705 Jaik,
517 5639 689 5708 Volga
721 5635 947 5708 (Ethel),
978 5634 1173 5708 Kuma,
1203 5631 1372 5708 ﬂuvii.
1401 5629 1466 5686 N.
1514 5701 1526 5708 _
1547 5630 1590 5660 ³⁸
1620 5627 1719 5708 διὰ,
1744 5622 2069 5708 λιμνωνμη
2101 5623 2378 5708 διαλιμνον
2405 5622 2547 5708 vulg.

2074 5532 2406 5605 aﬂax’aiiéé’
2455 5532 2900 5611 ﬂuvius,"lacus
2965 5532 3111 5597 Aral.
3160 5532 3235 5595 ΝΪ
3300 5541 3343 5611 ’ἦ
3381 5532 3592 5602 Jeinba,

2656 5609 2699 5649 ³ί⁶
2725 5615 3091 5685 Οὑτιγούρους
3137 5620 3190 5666 et
3249 5609 3386 5665 infra
3433 5611 3596 5663 Οὖτι-

341 5693 549 5783 ίγούιλων
576 5693 738 5778 conj.
775 5706 838 5762 N.
866 5759 870 5763 ,
907 5693 960 5737 "7'
983 5693 1279 5776 παριόντας
1304 5701 1551 5756 Cantoel.
1582 5693 1854 5770 παρόντας
1880 5693 2027 5768 vulg.
2101 5695 2143 5727 ³⁸
2175 5695 2201 5747 6
2231 5709 2341 5749 om.
2374 5693 2520 5762 vulg.

659 5809 930 5869 Pamon.
973 5804 1088 5866 Gn.
1134 5800 1345 5863 CXlll.

3167 5781 3244 5842 26
