4048 6338
503 308 609 374 815

1379 310 1770 374 EXCERPTA
1811 312 1914 373 EX
1952 312 2373 374 MENANDRO
2411 312 2901 377 PROTECTORE

3641 313 3747 379 816

498 422 823 493 quibusdam
859 422 1016 478 rebus
1068 432 1352 494 peterent.
1376 424 1425 480 ls
1458 437 1637 481 autem
1687 440 1864 483 contra
1900 427 1979 483 las
2017 438 2071 482 et

2176 426 2365 507 αὑτοῦ,
2410 428 2485 491 ὡς
2540 429 2604 482 ἂν
2644 428 2780 482 ἄττα
2832 426 3143 498 διαλεχθείη
3166 426 3210 459 ⁸⁸
3252 442 3326 496 γε·
3351 425 3555 491 αὐτοῖς.
3600 427 3659 480 Ὀ
3690 429 3748 481 δὲ

478 515 892 583 οοηιηιυιιεῇιιε
917 515 1155 585 gentium
1186 530 1279 571 eos
1311 518 1362 571 in
1392 517 1621 573 vinculis
1648 518 1853 575 habuit.

572 688 661 743 14.
693 688 753 761 (ἰ.
795 692 858 743 Λ.
885 688 948 743 C.
969 688 1071 744 569
1100 689 1219 747 Ind.
1256 689 1290 743 2
1330 688 1523 746 Justini
1555 690 1632 754 5.)
1683 690 1918 761 Bajanus
1946 701 2071 762 post

494 793 778 833 muromm
825 778 1274 851 oppugnationem
1325 779 1492 845 misit,
1530 780 1619 850 qui
1663 782 1726 835 de
1772 796 1904 852 pace
1946 797 2069 853 age-

501 880 641 925 rent.
681 870 837 939 112
886 868 1137 926 Nonnulli
1176 884 1241 926 ex
1274 871 1379 937 his,
1415 872 1504 940 qui
1540 873 1722 928 Sirmii
1773 882 1951 939 erant,
2003 874 2069 928 ad

500 977 771 1015 summum
828 960 1099 1032 fastigium
1150 962 1346 1031 balnei,
1377 964 1515 1032 quod
1568 964 1746 1035 populi
1798 965 1919 1020 usui
1953 973 2070 1020 erat

501 1054 854 1118 destinatum,
903 1056 968 1107 ad
1005 1054 1358 1122 speculandos
1405 1054 1607 1124 hostes,
1658 1066 1716 1111 ut
1745 1058 1913 1113 moris
1962 1065 2064 1126 est,

500 1143 886 1200 ascenderunt.
920 1141 983 1198 lli
1009 1159 1072 1198 ex
1096 1146 1315 1215 specula
1336 1147 1865 1218 jcircuntspicientes,
1896 1150 1941 1204 si
1962 1163 2066 1218 qua

500 1236 715 1291 barbari
745 1236 1081 1306 eruptionem
1122 1236 1387 1301 lacerent,
1432 1238 1788 1292 adverterunt
1828 1238 2070 1293 Avarum

499 1333 739 1395 nuntios,
777 1331 866 1399 qui
908 1330 1017 1399 jam
1047 1334 1183 1386 sein
1216 1334 1355 1385 viam
1396 1330 1681 1399 dederant,
1720 1345 1751 1386 e
1778 1331 2070 1403 longinquo

497 1436 592 1493 per
623 1424 723 1477 iter
763 1434 1036 1493 vagantes.
1093 1422 1202 1478 llos
1239 1439 1359 1478 cum
1411 1434 1561 1480 certo
1604 1424 1921 1495 dignoscere
1959 1442 2068 1482 non

497 1527 737 1586 possent,
784 1517 1040 1587 suspicati
1093 1527 1240 1585 sunt,
1272 1533 1393 1575 csse
1436 1518 1765 1577 ex.hostium
1803 1520 2066 1577 exercitu.

498 1610 686 1678 Itaque
714 1608 857 1664 illico
884 1610 1035 1680 signo
1065 1611 1192 1665 dato
1232 1612 1522 1666 adventum
1559 1627 1745 1669 eorum
1773 1613 2069 1668 nuntiave-

497 1711 641 1756 runt.
688 1703 757 1754 At
792 1700 991 1765 Bonus,
1025 1716 1144 1755 cum
1178 1701 1253 1756 illi
1280 1701 1333 1756 in
1365 1702 1524 1757 dubio
1559 1702 1791 1758 haereret
1831 1704 2067 1767 animus,

2173 518 2325 590 παρὰ
2359 519 2447 573 τὸν
2482 520 2659 575 κοινὸν
2693 520 2801 573 τῶν
2833 518 3117 590 πρέσϐεων
3162 518 3366 589 θεσμὸν
3411 514 3555 592 εἶχεν
3578 519 3639 574 ὲν
3666 520 3753 573 δε-

2174 628 2354 680 σμοις.

2247 707 2329 762 ιδ’.
2366 706 2487 760 Ὅτι
2513 706 2542 759 ὁ
2569 705 2801 769 Βαῖανδς
2832 706 2971 777 μετὰ
3015 706 3115 779 τὴν
3150 707 3503 778 τειχομαχίαν
3541 704 3753 760 στέλλει

2171 800 2324 863 τινας
2354 800 2502 870 ὁιμιρλ⁵
2527 799 2627 871 τῆς
2662 801 2889 871 εἰρήνης
2914 800 3461 872 διαλεχθησομένους.
3492 801 3664 854 Ἔνιοι
3696 799 3759 853 δὲ

2171 897 2277 951 τῶν
2301 899 2357 952 ἐν
2389 899 2599 968 Σιρμίῳ
2629 897 2731 951 ἀνά
2754 896 2815 950 τὸ
2837 898 3091 967 ἠλίϐατον
3115 896 3210 952 τοῦ
3235 897 3538 969 βαλανείου,
3570 896 3598 950 δ
3614 896 3759 965 δῆτα

2173 990 2249 1059 τῷ
2281 990 2435 1061 δήμῳ
2465 989 2760 1060 ἐτύγχανεν
2791 989 3100 1061 ἀνειμένον,
3137 991 3231 1044 ἐπὶ
3280 993 3608 1061 κατασκοπῇ
3640 989 3760 1043 τῶν

2173 1082 2449 1152 πολεμίων
2515 1080 2658 1136 κατὰ
2718 1082 2783 1135 τὸ
2834 1067 3066 1153 σύνηθες
3115 1080 3477 1147 ὲνιζᾶνοντες,
3541 1082 3642 1136 καὶ
3697 1082 3760 1133 ὲν

2170 1169 2403 1238 ἀπόπτῳ
2436 1168 2868 1239 καραδοκοῦντές
2890 1187 2951 1224 τε
2974 1170 3070 1224 καὶ
3096 1169 3366 1242 θεώμενοι
3395 1170 3453 1224 εἰ
3480 1189 3583 1225 που
3612 1172 3763 1241 ἐπή-

2169 1259 2383 1323 luo-ig"
2424 1258 2575 1314 ἔσται
2624 1259 2957 1332 βαρϐαρικὴ,
2987 1261 3065 1325 ὡς
3092 1262 3432 1334 κατενόησαν
3458 1262 3589 1328 τοὺς
3628 1248 3761 1318 ’τῶν

2187 1350 2429 1422 ’Λϐάρων
2470 1351 2907 1423 ἀγγελιαφόρους
2932 1352 3033 1425 ἠδη
3067 1353 3411 1426 προσιόντας,
3455 1354 3535 1425 τῷ
3583 1355 3757 1426 μήκει

2171 1445 2274 1516 τῆς
2311 1445 2561 1517 ἀτραποῦ
2612 1444 3090 1519 ἀποπλανηθέντες
3145 1447 3242 1500 καὶ
3277 1446 3429 1501 οὔπω
3475 1464 3762 1517 κατεγνω-

2174 1537 2331 1600 κότες
2368 1536 2428 1590 τὸ
2467 1537 2697 1608 ἀκριϐὲς
2721 1538 3077 1610 ὑπετόπησαν
3110 1534 3251 1593 εἶναι
3277 1538 3485 1611 πληθὺν
3526 1539 3764 1608 Ἄϐαρι-

2172 1630 2296 1700 κὴν,
2333 1628 2612 1698 ἐδήλωσαν
2653 1646 2712 1683 τε
2749 1629 2968 1695 αὐτίκα,
2992 1630 3087 1684 καὶ
3119 1630 3180 1684 τὸ
3208 1633 3434 1702 σημεῖον
3475 1630 3761 1688 καθεῖλον.

2188 1720 2244 1773 Ὁ
2290 1720 2347 1773 δὲ
2391 1721 2573 1784 Βῶνος
2624 1720 2761 1793 πρὸς
2809 1720 2972 1775 τοῦτο
3027 1722 3364 1795 δυσχεράνας
3416 1724 3763 1794 σαφέστερον

496 1810 555 1849 re
584 1794 894 1865 diligentius
918 1794 1221 1863 explorata,
1250 1797 1501 1866 cognovit
1526 1796 1785 1853 barbaros
1812 1811 1932 1851 esse
1949 1812 2069 1867 par-

2173 1813 2404 1867 ἔσπευσε
2435 1786 2781 1885 καταμαθεῖν
2811 1813 3063 1885 τάληθές.
3088 1786 3256 1880 Γνοὺς
3283 1786 3585 1885 seems»;
3611 1786 3764 1871 εἶναι

497 1902 563 1943 vo
594 1903 841 1953 numero,
874 1898 928 1943 et
960 1889 1108 1960 pacis
1126 1890 1464 1944 conditiones
1486 1904 1606 1944 esse
1629 1889 1855 1944 laturos.
1885 1887 2071 1961 itaque

496 1990 551 2034 et
594 1980 705 2049 ipse
736 1982 903 2046 misit,
944 1982 1035 2050 qui
1067 1990 1220 2036 extra
1274 1995 1456 2037 muros
1480 1996 1607 2048 cum
1637 1981 1745 2037 illis
1801 1981 2067 2051 colloquia

497 2082 762 2128 sererent.
812 2072 1178 2128 Decninhebat
1230 2074 1376 2128 enim
1406 2089 1470 2129 ex
1502 2074 1744 2138 vulnere.
1787 2089 1962 2144 neque
1994 2075 2067 2129 illi

495 2180 593 2235 per
619 2164 960 2220 Theodorum
1008 2165 1274 2221 medicum
1310 2165 1508 2221 licebat
1564 2167 1808 2222 hostibus
1854 2166 2066 2222 obviam

499 2264 597 2315 ire.
632 2257 814 2327 Neque
860 2274 988 2314 vero
1015 2259 1199 2315 hostes
1239 2273 1359 2315 eum
1390 2259 1727 2315 vulneratum
1761 2274 1883 2318 esse
1926 2259 2069 2316 scire

495 2352 890 2423 suspicabatur.
949 2351 1081 2407 Nam
1117 2353 1164 2408 si
1205 2352 1255 2406 id
1292 2352 1604 2419 rescissent,
1655 2360 1765 2405 tum
1808 2367 1914 2407 non
1950 2368 2065 2410 an»

499 2445 638 2513 ptius
673 2445 748 2500 illi
790 2445 1063 2499 latendum
1095 2458 1215 2499 esse
1256 2442 1410 2509 dixit,
1441 2459 1508 2499 ne
1551 2446 1907 2514 suspicionem
1942 2446 2067 2515 inji-

496 2549 665 2604 ceret,
691 2538 879 2593 ducem
914 2554 945 2594 e
978 2538 1117 2593 vivis
1158 2537 1479 2594 excessisse.
1512 2536 1617 2593 Sed
1658 2537 1841 2593 hostes
1872 2538 1961 2593 ubi
2000 2539 2068 2593 vi-

496 2633 694 2686 derunt
723 2631 881 2697 alios,
906 2633 997 2702 qui
1022 2632 1088 2689 de
1118 2646 1248 2701 pace
1280 2630 1668 2701 disceptarent,
1697 2632 1898 2698 venire,
1942 2647 2065 2686 sus-

496 2722 653 2792 picati
675 2733 819 2789 sunt,
844 2723 1034 2777 ducem
1053 2723 1296 2792 periisse.
1324 2722 1506 2792 Itaque
1527 2721 1851 2792 colloquium
1881 2730 2063 2779 coram

493 2828 557 2866 eo
590 2811 707 2869 ﬁeri
760 2811 894 2869 velle
939 2814 1213 2869 dixerunt.
1244 2810 1398 2868 Tunc
1426 2812 1765 2877 'l‘hcodoms,
1794 2815 1885 2883 qui
1920 2814 2064 2883 quod

496 2905 627 2960 utile
654 2904 811 2969 foret,
842 2904 1110 2974 prtecipue
1143 2905 1442 2974 spectabat,
1479 2904 1613 2958 dixit
1648 2919 1754 2960 non
1784 2905 1894 2975 jam
1927 2913 2064 2959 teni-

476 3012 594 3068 pus
624 2996 920 3067 postulare,
954 3006 1009 3050 ut
1028 2997 1135 3051 dux
1158 2997 1300 3052 domi
1326 2996 1381 3051 in
1408 2996 1624 3051 occulto
1649 3009 1709 3052 se
1741 2996 2063 3062 contineret,

2149 1908 2296 1969 ’τοὺς
2339 1905 2607 1976 Ἀϐἀρους
2643 1906 2740 1961 καὶ
2769 1904 3056 1979 βούλεσθαί
3095 1909 3144 1961 οἰ
3181 1909 3761 1981 ἐπικηρυκεύσασθαι,

2171 1996 2452 2067 ἐξέπεμψε
2483 1998 2578 2052 καὶ
2620 1997 2782 2062 αὐτὸς
2814 2000 2942 2063 τοὺς
2968 2001 3367 2073 ποιησομένους
3399 2002 3498 2064 τὰς
3538 2002 3760 2055 καταλο

2170 2088 2343 2156 λαγὰς
2376 2090 2434 2153 ὲς
2477 2090 2545 2143 τὰ
2596 2089 2703 2157 ἔξω
2747 2091 2844 2145 τοῦ
2877 2092 3113 2163 τείχους.
3150 2094 3273 2147 Ἔτι
3302 2094 3411 2166 γὰρ
3449 2096 3513 2147 ἐκ
3541 2093 3635 2147 τοῦ
3664 2094 3763 2146 ξλ-

2170 2199 2299 2245 κους
2350 2180 2681 2253 περιώδυνος
2728 2178 2815 2255 ἦν,
2860 2185 2955 2238 καὶ
2989 2186 3017 2237 ὁ
3058 2184 3333 2256 Θεόδωρος
3359 2188 3386 2239 ὁ
3421 2185 3603 2257 ἰατρὸς
3651 2187 3764 2241 οὐκ

2170 2274 2255 2327 εἴα
2284 2272 2375 2327 τὸν
2408 2273 2770 2346 στρατίαρχον
2817 2275 2875 2328 ὲν
2921 2277 3144 2347 φανερῷ
3171 2276 3416 2346 γίνεσθαι
3451 2280 3564 2342 τοῖς
3593 2280 3761 2331 ένανο

2169 2368 2323 2430 τίοις.
2358 2366 2516 2431 Εἰκὸς
2569 2368 2678 2438 γὰρ
2719 2366 2853 2439 μηδὲ
2888 2367 3096 2437 ἔφασκε
3113 2369 3159 2401 ⁸⁸
3196 2369 3323 2433 τοὺς
3360 2368 3647 2439 πολεμίους
3676 2369 3762 2431 ὡς

2170 2458 2396 2530 ἐϐλήθη.
2428 2457 2492 2512 Εἰ
2519 2459 2577 2513 δὲ
2621 2456 2778 2513 τοῦτο
2819 2458 3123 2531 κατάδηλον
3168 2457 3320 2512 ἔσται
3365 2458 3569 2524 αὐτοῖς,
3627 2457 3762 2512 τότε

2169 2551 2383 2623 ἀνάγκη
2419 2550 2492 2623 μὴ
2524 2551 2918 2622 ὑποκρύπτειν,
2954 2551 3030 2616 ὡς
3069 2551 3135 2606 ἂν
3165 2552 3240 2625 μὴ
3271 2552 3494 2607 ὑπόνοια
3522 2550 3761 2623 γένηταί

2172 2660 2326 2711 σφισι
2354 2642 2449 2696 τοῦ
2488 2642 2923 2698 ἀποϐεϐιωκέναι
2963 2643 3152 2699 αὐτόν.
3193 2646 3260 2698 Οἱ
3296 2645 3371 2723 δῖῖ,
3414 2644 3539 2698 ἐπεὶ
3565 2642 3757 2715 ἕτεροι

2171 2736 2300 2805 περὶ
2346 2734 2449 2805 τῆς
2495 2735 2721 2808 εἰρήνης
2768 2729 2935 2807 ἦλθον
2964 2735 3468 2808 διαλεχθησόμενοι,
3495 2734 3594 2790 καὶ
3626 2736 3760 2807 οὐχὶ

2170 2830 2359 2892 αὐτὸς,
2397 2829 2732 2899 ὑπενόησαν,
2781 2827 2860 2891 ὡς
2910 2828 3135 2883 διώλετο
3182 2831 3211 2883 ὁ
3265 2829 3589 2901 στρατηγὸς,
3649 2828 3755 2883 καὶ

2170 2920 2319 2989 αὑτῷ
2351 2918 2559 2974 ἐθέλειν
2599 2920 2839 2989 ἔφασκον
2876 2920 2935 2973 ὲν
2986 2920 3245 2993 συνουσία
3296 2919 3573 2990 γενέσθαι,
3608 2919 3754 2973 Τότε

2169 3015 2198 3066 ό
2228 3012 2528 3084 Θεόδωρος,
2552 3012 2646 3068 τοῦ
2674 3012 3009 3078 συνοίσοντος
3037 3008 3096 3067 εὖ
3134 3013 3371 3083 μάλιστα
3404 3013 3758 3084 στοχασάμε-

495 3088 589 3145 sed
608 3090 825 3159 potius,
858 3094 915 3141 ut
944 3096 1097 3143 extra
1133 3087 1408 3143 civitatem
1437 3088 1703 3158 prodiret,
1733 3098 1787 3145 et
1817 3090 1870 3144 in
1906 3105 2066 3146 cons-

2173 3123 2287 3171 νος,
2312 3104 2515 3174 ἔλεξεν,
2547 3105 2621 3169 ὡς
2672 3105 2961 3174 τὸμλοιπὺν
2986 3106 3048 3159 οὑ
3085 3105 3263 3179 χρεὼν
3296 3105 3759 3177 ἀποκρύπτεσθαι

488 3190 707 3249 pectum
730 3179 1083 3234 barbarorum
1105 3180 1332 3235 veniret.
1354 3178 1537 3250 itaque
1555 3178 1775 3236 vulnere
1796 3193 2067 3253 unguento

497 3270 656 3336 illito,
696 3266 875 3323 Bonus
906 3284 938 3323 a
976 3269 1185 3324 medico
1218 3269 1472 3325 dimissus
1504 3286 1623 3324 cum
1657 3270 1900 3327 barbaris
1939 3289 2067 3328 con-

498 3362 660 3417 venit.
687 3361 836 3415 Tunc
859 3360 1019 3432 legati
1049 3373 1233 3430 mutuo
1260 3376 1531 3431 sermone,
1564 3364 1865 3433 hujusmodi
1889 3365 2067 3422 verbis

496 3463 622 3510 sunt
652 3455 730 3509 usi
770 3472 784 3508 :
831 3472 849 3506 ι
898 3456 1132 3509 Avarum
1155 3454 1425 3521 dominus,
1461 3470 1493 3511 0
1524 3454 1771 3521 Romani,
1808 3458 1944 3525 apud
1977 3472 2069 3511 vos

494 3555 609 3603 haec
634 3561 932 3617 proponere
946 3546 1111 3615 jussit
1135 3562 1149 3600 :
1177 3544 1254 3600 Ne
1281 3546 1356 3601 illi
1379 3549 1795 3615 succenseretis,
1815 3550 1857 3603 si
1878 3561 2063 3603 contra

494 3657 591 3697 [vos
642 3640 835 3695 bellum
865 3640 1118 3709 suscepit.
1175 3640 1383 3694 Etenim
1421 3641 1627 3709 priorcs
1670 3640 1811 3696 bello
1847 3657 2066 3697 causam

494 3733 741 3789 dedistis.
775 3730 956 3785 Multis
984 3731 1265 3785 exhaustis
1308 3730 1582 3787 laboribus
1613 3740 1665 3787 et
1698 3747 1807 3788 non
1842 3732 2067 3789 minori-

495 3830 595 3882 bus
624 3826 876 3880 itinerum
920 3823 1323 3894 fatigationibus
1354 3825 1595 3880 toleratis
1633 3827 1722 3880 vix
1766 3827 1946 3887 istam.
1978 3826 2068 3881 in-

494 3919 629 3988 quit,
663 3918 936 3986 regionem
968 3929 1392 3985 ceperam,.cum
1422 3916 1553 3970 mihi
1579 3916 1724 3970 illam
1752 3917 1803 3969 vi
1860 3918 2067 3988 eripui-

493 4012 614 4068 stis.
650 4009 916 4065 Prmterea
951 4006 1306 4073 Usdebatum,
1334 4009 1422 4079 qui
1455 4009 1576 4080 jure
1597 4011 1930 4079 captivorum
1966 4011 2066 4068 do-

497 4102 664 4155 minio
687 4114 806 4154 meo
839 4108 1102 4164 cesserat,
1132 4097 1261 4154 mihi
1294 4109 1539 4169 ereptum
1569 4101 1833 4155 retinetis.
1868 4099 2064 4156 Multas

495 4207 708 4261 quoque
748 4191 881 4245 alias
913 4191 1138 4245 acerbas
1168 4192 1526 4247 contumelias
1556 4193 1605 4247 in
1634 4208 1716 4247 nte
1748 4192 1935 4248 cﬂudit
1958 4194 2067 4249 im-

494 4293 710 4355 perator
747 4292 947 4349 vester,
992 4297 1167 4353 neque
1204 4284 1254 4338 id
1294 4283 1460 4339 semel
1498 4293 1662 4352 atque
1714 4285 1932 4350 iterum,
1972 4287 2065 4342 sed

495 4381 709 4447 saepius,
746 4392 917 4447 neque
941 4379 1231 4447 quidquam
1262 4390 1469 4444 eorum,
1506 4394 1624 4449 quae
1648 4378 1792 4449 justa
1828 4390 1984 4435 crant
2013 4390 2067 4437 et

2170 3199 2263 3253 τὸν
2300 3198 2641 3271 στρατηγὸν,
2667 3197 2869 3269 μᾶλλον
2901 3199 3001 3269 μὲν
3031 3196 3122 3251 οὖν
3164 3199 3223 3261 ἐς
3250 3198 3318 3252 τὰ
3348 3196 3454 3266 ἔξω
3485 3198 3623 3253 ἰέναι
3648 3198 3759 3267 τῆς

2170 3293 2382 3353 πόλεως
2418 3293 2509 3345 καὶ
2554 3292 2611 3355 ἐς
2653 3290 2776 3360 ὄψιν
2824 3288 3072 3359 γίνεσθαι
3122 3289 3233 3343 τῶν
3267 3290 3578 3361 βαρϐάρων.
3635 3291 3759 3342 Καὶ

2170 3386 2447 3456 φαρμάκῳ
2480 3387 2587 3437 τινὶ
2630 3383 2691 3437 τὸ
2720 3384 2880 3447 ἕλκος
2922 3384 3271 3456 περιστείλας
3301 3383 3529 3453 ἀφίησιν
3561 3383 3757 3439 αὐτόν.

2169 3478 2280 3531 Καὶ
2311 3477 2373 3548 δὴ
2401 3476 2681 3548 προελθὼν
2709 3477 2738 3530 ό
2772 3477 2975 3543 Βῶνος,
3009 3476 3181 3549 ἀγχοῦ
3207 3495 3266 3531 τε
3306 3479 3416 3531 τῶν
3454 3477 3760 3549 βαρϐάρων

2168 3566 2480 3635 γενόμενος,
2528 3564 2702 3636 ἐφάνη
2736 3565 2915 3635 σφίσι.
2946 3565 3104 3622 ’Τότε
3157 3570 3206 3621 οἰ
3260 3568 3519 3641 πρέσϐεις
3566 3569 3755 3623 τοιάδε

2167 3658 2441 3727 ἀμοιϐαἰῳ
2470 3658 2548 3730 τῷ
2587 3658 2731 3731 λόγῳ
2763 3658 3008 3730 ἔφασαν·
3053 3680 3071 3712 ι
3095 3660 3279 3715 Ταῦτα
3323 3663 3476 3733 ἡμῖν,
3615 3662 3762 3716 Ῥω-

2172 3751 2343 3819 μαῖοι,
2371 3748 2721 3821 διαλεχθῆναι
2756 3752 2893 3821 πρὸς
2943 3751 3085 3822 ὑμᾶς
3112 3753 3140 3806 ό
3170 3752 3278 3807 τῶν
3320 3751 3567 3823 Ἀϐἀρων
3616 3754 3755 3807 ὲκέο

2169 3841 2325 3893 λευσε
2358 3842 2662 3914 δεσπότης·
2703 3844 2796 3912 Μή
2823 3861 2913 3913 μοι
2968 3844 3174 3916 μέμψιν
3225 3846 3349 3899 τινὰ
3400 3846 3754 3916 ποιήσασθαι

2169 3933 2405 4004 πόλεμον
2456 3935 2748 4006 ἀραμένῳ·
2783 3936 2940 4006 ὑμεῖς
2988 3936 3098 4009 γὰρ
3142 3938 3349 4009 πρῶτοι
3403 3938 3503 4009 τὴν
3558 3940 3756 3993 αἰτίαν

2167 4027 2259 4081 τοῦ
2294 4027 2534 4098 πολέμου
2580 4028 2868 4084 δεδώκατε.
2903 4030 3125 4093 Πολλοῖς
3154 4032 3266 4104 γὰρ
3312 4032 3495 4096 πόνοις
3549 4032 3754 4104 ὁμιλή-

2170 4136 2288 4184 σας,
2321 4121 2414 4172 καὶ
2443 4120 2755 4191 ἀποδημίας
2792 4121 2890 4192 οὑχ
2914 4122 3115 4194 ἥκιστα
3158 4123 3555 4194 ποιησάμενος,
3584 4125 3753 4197 μόλις

2147 4212 2547 4285 ἐχειρωσάμην
2572 4211 2773 4283 ταύτην
2794 4213 2892 4283 τὴν
2923 4212 3127 4284 χώραν,
3151 4214 3244 4269 καὶ
3270 4216 3425 4286 ὑμεῖς
3452 4216 3752 4286 ἀφείλεσθέ

2169 4321 2259 4375 μοι
2292 4303 2483 4373 βιαίως
2524 4304 2715 4375 αὑτήν.
2755 4306 2899 4375 Πρὸς
2946 4308 3059 4371 τοῖς
3107 4309 3203 4361 καὶ
3259 4310 3349 4362 τὸν
3399 4310 3751 4380 Οὑσδήϐαδον

2166 4395 2243 4467 τῷ
2273 4394 2381 4449 τῶν
2409 4395 2763 4469 δορυαλὼτων
2789 4398 3061 4469 ἀνήκοντα
3093 4417 3182 4471 μοι
3208 4402 3357 4472 νόμῳ
3375 4401 3526 4473 ἔχετε
3542 4400 3749 4456 λαϐόν-

496 4471 738 4543 arqnitati
788 4482 1171 4539 consentanea,
1226 4470 1404 4526 facere
1435 4473 1620 4526 voluit.
1662 4471 1847 4543 Itaque
1896 4475 1938 4527 si
1988 4484 2065 4529 tot

2169 4506 2281 4554 τες.
2330 4490 2490 4543 Ἀλλὰ
2534 4490 2643 4562 γὰρ
2673 4491 2766 4545 καί
2798 4488 2983 4562 ὕϐρεις
3011 4493 3067 4556 ἐς
3097 4470 3165 4546 τὰ
3203 4470 3435 4563 μάλιστα
3481 4496 3688 4567 πικρὰς
3719 4499 3753 4551 ὁ

494 4562 769 4631 tantisque
801 4560 1011 4629 injuriis
1034 4570 1089 4615 et
1106 4560 1318 4617 damnis
1343 4577 1371 4616 a
1396 4563 1544 4617 vobis
1567 4563 1789 4621 allectus
1808 4572 1861 4620 et
1892 4566 2063 4621 laces-

495 4654 651 4715 situs,
679 4652 845 4705 annis
894 4665 1012 4705 sum
1058 4667 1209 4716 usus,
1248 4652 1307 4706 in
1345 4652 1488 4707 nullo
1514 4670 1633 4709 sum
1660 4656 2062 4726 reprehenden-

498 4744 621 4799 dus.
657 4744 808 4810 Quod
844 4744 890 4799 si
923 4745 1083 4800 vultis
1111 4761 1250 4799 nunc
1282 4746 1443 4799 etiam
1486 4746 1551 4801 de
1595 4746 1801 4803 foedere
1828 4760 1882 4803 et
1933 4765 2065 4818 pace

496 4834 775 4889 uobiscum
808 4836 967 4889 verba
995 4835 1194 4903 lacere,
1220 4848 1465 4907 prompto
1483 4839 1663 4892 animo
1695 4840 1745 4894 id
1778 4838 2065 4896 faciemus.

500 4923 677 4981 Vestri
711 4926 877 4997 igitur
903 4927 1115 4982 arbitrii
1157 4939 1258 4992 est,
1292 4932 1435 4998 quod
1471 4933 1707 4999 exliedit,
1739 4938 2060 5002 praeoptare,

498 5028 550 5073 et
576 5017 762 5088 pacein
793 5018 931 5074 bello
959 5035 1287 5090 praeponere.
1323 5042 1341 5073 ι
1372 5022 1451 5075 Ad
1482 5039 1601 5094 qua:
1634 5023 1812 5079 Bonus
1839 5041 2062 5097 respon-

484 5116 577 5165 dit
598 5129 613 5166 :
632 5130 652 5163 ι
686 5112 901 5167 Priores
922 5112 1134 5181 quidem
1155 5128 1253 5168 nos
1274 5114 1490 5169 minimc
1511 5115 1705 5169 bellum
1731 5117 2059 5185 occepimus,

499 5215 594 5258 aut
639 5206 691 5257 in
723 5218 819 5259 vos
850 5206 1077 5274 grassati
1124 5220 1350 5261 sumus:
1386 5222 1416 5260 e
1438 5211 1711 5263 contrario
1751 5220 1802 5262 tu
1836 5212 1982 5278 prior
2008 5210 2060 5264 in

501 5299 773 5352 liomanos
797 5297 1023 5351 irruist‘.
1064 5297 1221 5368 113
1248 5297 1385 5363 Quin
1408 5299 1570 5353 etiam
1603 5302 1893 5368 imperator
1923 5302 2061 5357 dona

503 5393 599 5449 tibi
649 5392 864 5449 mittere
913 5394 1148 5448 animum
1190 5394 1422 5457 induxit,
1460 5396 1618 5465 idque
1658 5397 1844 5464 legatis
1893 5402 1959 5457 ad
2015 5413 2067 5459 te

2166 4581 2290 4637 καθ’
2316 4584 2461 4654 ὑμᾶς
2482 4584 2525 4616 ⁵⁸
2561 4585 2791 4653 κατέχεέ
2823 4603 2913 4655 μοι
2929 4585 2975 4617 ⁸⁸
3007 4584 3279 4656 βασιλεὺς,
3306 4588 3365 4642 οὐ
3402 4590 3560 4659 μόνον
3590 4589 3751 4654 ἅπαξ

2165 4676 2333 4747 ἣδίς,
2388 4677 2524 4730 ἀλλὰ
2577 4678 2671 4731 καὶ
2713 4678 3006 4744 πολλάκις,
3042 4680 3151 4733 τῶν
3179 4681 3411 4735 δεόντων
3474 4700 3533 4735 τε
3584 4683 3748 4736 οὐδὲν

2168 4768 2442 4838 ἠϐουλήθη
2492 4769 2911 4837 διαπράξασθαι.
2969 4772 3030 4825 Εἰ
3074 4772 3256 4825 τοίνυν
3320 4774 3543 4826 τοιαῦτα
3599 4774 3748 4846 πρὸς

2170 4860 2322 4931 ὑμῶν
2377 4861 2706 4933 ἠδικημένος
2737 4865 2849 4926 τοῖς
2881 4864 3063 4927 ὅπλοις
3111 4864 3450 4936 ἐχρησάμην,
3486 4865 3747 4937 οὐδαμῶς

2171 4952 2401 5023 ὑπάρχω
2438 4954 2714 5023 μεμπτέος
2730 4954 2793 5006 δι.
2846 4954 2956 5009 Καὶ
2995 4955 3088 5009 νῦν
3125 4956 3218 5011 οὖν
3252 4959 3304 5012 ei
3355 4974 3419 5025 γε
3481 4958 3745 5029 βούλεσθε

2172 5047 2301 5114 περὶ
2342 5045 2581 5099 σπονδῶν
2625 5062 2685 5097 τε
2736 5046 2829 5099 καὶ
2872 5049 3094 5119 εἰρήνης
3125 5050 3255 5118 ἡμῖν
3304 5050 3492 5104 θέσθαι
3520 5050 3741 5119 λόγους,

2170 5138 2491 5207 ἑτοιμότατοι
2528 5138 2756 5209 ἔχομεν“’
2783 5141 2841 5191 ὲν
2874 5139 3004 5209 ὑμῖν
3046 5158 3105 5195 τε
3157 5142 3359 5196 κείσθω
3399 5144 3744 5214 προτιμῆσαι

2167 5230 2228 5285 τὸ
2257 5234 2500 5283 συνοῖσον
2538 5232 2631 5285 καὶ
2661 5232 2729 5285 τὰ
2768 5236 3018 5303 εἰρηναῖα
3049 5235 3155 5305 πρὸ
3184 5235 3277 5288 τοῦ
3320 5236 3559 5305 πολέμου
3617 5238 3743 5291 ἐλέ-

2168 5326 2310 5377 σθαι.
2338 5342 2357 5375 ι
2392 5323 2532 5395 Πρὸς
2563 5324 2739 5378 ταῦτα
2775 5326 3106 5397 ἁπεκρίνατο
3126 5330 3154 5381 ό
3184 5328 3391 5390 Βῶνος’
3422 5349 3441 5383 ι
3465 5330 3743 5401 Πρότερον

2174 5414 2271 5481 μὲν
2294 5414 2453 5479 ἡμεῖς
2479 5416 2578 5468 οὐκ
2622 5413 2908 5486 ἡρξὰμεθα
2958 5417 3227 5489 πολέμου·
3280 5420 3399 5480 οὐδὲ
3452 5424 3560 5493 γὰρ
3610 5424 3743 5477 καθ’

1795 5546 2028 5603 VARIA'I
2069 5548 2472 5606 LECTIUNES.

576 5681 623 5710 ⁸⁸
643 5681 777 5735 ἄττα
804 5683 1059 5755 ἐγκαλοίη
1088 5684 1221 5739 διαλ.
1264 5688 1409 5756 conj.
1447 5686 1513 5741 N.
1592 5688 1636 5720 "
1669 5690 1769 5757 ἐπή

507 5750 629 5821 (sic)
655 5750 716 5807 ll.
793 5754 837 5786 δ’
869 5756 1016 5821 ἡμᾶς
1045 5756 1184 5821 vulg.
1264 5758 1308 5789 ε’
1342 5757 1454 5821 μοι]
1474 5775 1575 5821 μου
1600 5757 1661 5814 Β.
1738 5762 1769 5791 ⁶¹

534 5767 629 5807 SlCl
655 5767 716 5807 ιι.

1669 5689 2056 5786 ἐπέῖλυσις-Ιίἒ,
2083 5692 2327 5786 tilium;
2357 5696 2502 5780 vulg.
2577 5697 2625 5786 ’ξ
2662 5698 2819 5772 μηδὲ]
2851 5699 2978 5772 μηδὲ
3015 5699 3214 5755 εἰδέναι
3250 5700 3308 5757 Β.
3341 5702 3454 5766 τοῖς
3478 5701 3737 5775 πολέμοις

869 5756 1016 5826 ἡμᾶς
1045 5756 1184 5827 vulg.
1264 5758 1308 5789 ε’
1342 5757 1454 5829 μοι]
1474 5775 1575 5829 μου
1600 5757 1661 5814 Β.
1738 5756 1779 5791 ⁸⁸
1815 5763 2099 5831 μεμπτέυς
2118 5756 2505 5836 "quaterna;
2538 5756 2685 5840 vulg'.
