4048 6338
280 265 397 333 817

1104 267 1203 332 DE
1243 269 1809 333 LEGATIONIBUS
1845 271 2201 334 GENTIUM‘
2238 272 2338 332 AD
2376 267 2757 334 ROMANOS.

3458 270 3569 334 81?

287 380 451 451 ὑμῶν
482 380 795 452 ἠλάσαμεν.
832 380 919 445 Ἐς
942 382 1253 457 τούναντίον
1285 383 1386 454 μὲν
1414 378 1506 437 οὖν
1537 384 1602 437 σὺ
1627 384 1767 437 κατὰ
1790 384 1887 455 τῆς

1992 387 2175 441 missis
2225 386 2521 442 mandavit.
2566 384 2675 441 Sed
2721 398 2843 439 cum
2886 392 2936 438 te
2970 384 3314 440 audaciorem
3361 383 3560 438 factum

298 474 601 545 Ῥωμαίων
633 476 843 545 maca;
866 492 880 507 °
913 473 1099 529 λοιπὸν
1141 476 1218 542 δὲ,
1245 477 1327 530 ὄτι
1358 477 1453 529 καὶ
1482 478 1511 530 ό
1538 476 1792 547 βασιλεὺς
1823 479 1880 529 ἐν

287 567 464 639 βουλῇ
485 568 787 638 ἐποιήσατο
824 567 1082 640 χρήματά
1123 584 1209 621 σοι
1238 567 1556 623 ἐπιδοῦναι·
1589 567 1882 639 τοιγαροῦν

284 662 383 713 καὶ
417 660 667 732 παρέσχε
699 663 812 725 τοῖς
847 660 990 716 κατὰ
1019 660 1080 714 σὲ
1119 660 1438 732 πρέσϐεσιν.
1485 661 1639 715 Ἐπεὶ
1667 661 1725 715 δὲ
1752 678 1883 716 κατ·

284 749 523 821 ενόησεν
571 750 1038 821 αὐθαδιαςόμενον
1099 752 1196 804 καὶ
1266 750 1408 822 ὑπὲρ
1465 751 1635 817 αὐτὴν
1706 752 1878 823 δήπου

164 856 173 863 ·
283 845 389 915 τὴν
422 842 773 916 βαρϐαρικὴν
806 843 1126 908 ἀλαζονείαν
1148 843 1628 915 εξογκούμενονη,
1662 846 1884 917 ῥήματά

282 958 345 994 τε
395 939 735 1013 ὑπερήφανα
776 936 1112 1009 σημαίνοντα
1157 938 1255 992 καὶ
1299 938 1401 1007 τῆς
1454 938 1550 1009 σῆς
1599 938 1884 1009 δυνάμεως

282 1033 713 1104 καθυπέρτερα,
763 1031 1066 1103 τηνικαῦτα
1114 1031 1210 1086 καὶ
1260 1032 1425 1096 αὐτὸς
1469 1032 1566 1087 ἅτε
1626 1033 1881 1104 ἀγχίνους

282 1126 589 1181 ἐπετέλεσε
636 1124 704 1179 τὰ
752 1126 950 1179 οἰκεῖα.
977 1125 1089 1179 Καὶ
1118 1124 1179 1178 τὸ
1218 1122 1315 1178 νῦν
1349 1124 1406 1178 δὲ
1440 1124 1585 1196 ἔχον.
1611 1125 1882 1197 ἡμέτερόν

281 1218 443 1291 ἔστιν
469 1216 549 1282 ὡς
593 1216 819 1289 βασιλέα
851 1217 1057 1270 στεῖλαι
1099 1214 1193 1279 οὓς
1218 1215 1286 1270 ἂν
1311 1216 1375 1270 σὺ
1400 1215 1718 1287 βουληθείης
1748 1217 1878 1285 πρέ-

282 1304 450 1369 σϐεις
485 1305 617 1369 τοὺς
676 1302 1143 1376 βεσαιὼσοντας⁶⁸
1198 1305 1268 1359 τὰ
1311 1307 1441 1377 περὶ
1494 1306 1597 1376 τῆς
1634 1306 1878 1378 εἰρήνης.

280 1395 445 1466 Μηδὲ
475 1395 589 1469 γὰρ
622 1395 683 1449 εν
725 1397 857 1467 ἡμῖν
896 1390 1038 1450 εῖναι
1077 1395 1270 1468 νόμιζε
1301 1396 1404 1450 κᾶν
1445 1394 1579 1466 γοῦν
1630 1396 1872 1467 φθέγξασ-

282 1489 417 1544 σθαί
464 1506 545 1558 τι,
578 1489 714 1561 μήτι
745 1506 809 1559 γε
845 1490 942 1544 καὶ
991 1490 1194 1562 ἑτέρως
1226 1488 1324 1561 ﬂ“
1357 1489 1501 1544 καθὰ
1554 1489 1767 1562 βασιλεῖ
1804 1490 1881 1563 τῷ

282 1582 558 1654 ἡμετέρῳ
589 1582 740 1636 δοκεῖ
776 1579 1205 1653 διαπράξασθαι.
1233 1599 1254 1633 ι
1296 1580 1485 1634 Ταῦτα
1520 1580 1702 1635 Βώνου
1730 1584 1880 1652 εἰρηο

282 1675 473 1741 κότος,
505 1670 568 1729 εὗ
620 1674 764 1745 ἔχειν
795 1673 942 1741 ἔδοξε
970 1673 1050 1745 τῷ
1101 1671 1315 1745 Βαῖανῷ
1343 1674 1411 1727 τὰ
1437 1676 1675 1748 ῥήματα.
1725 1676 1880 1748 Ἐσή-

1985 484 2254 541 cerneret,
2314 485 2370 530 et
2418 475 2559 530 ultra
2613 473 2950 529 barbaricam
3026 474 3367 530 insolentiam
3422 490 3557 528 vana

1984 568 2157 640 gloria
2191 567 2391 623 elatum
2421 576 2474 622 et
2522 576 2844 634 tumentem,
2877 568 2947 621 ita
2987 576 3046 622 ut
3083 567 3159 622 illi
3197 566 3360 621 verba
3405 581 3560 619 arro-

1983 662 2253 733 gantiora,
2284 660 2443 732 longe
2480 669 2600 715 tuas
2625 658 2768 714 vires
2796 658 3137 721 excedentia,
3165 658 3517 712 denuntiares
3541 674 3554 709 :

1986 755 2239 809 nimirum
2272 754 2509 825 prudens
2535 762 2592 808 et
2623 760 2814 808 cautus
2848 752 3010 807 rebus
3033 752 3148 806 suis
3169 752 3463 820 prospexit.
3498 748 3561 803 lz't

1984 858 2043 903 ut
2061 863 2203 902 nunc
2219 858 2346 902 sunt
2361 861 2470 913 res,
2486 855 2729 903 nostrum
2744 854 2828 903 est
2847 848 2913 901 ad
2931 846 3311 916 imperatorem
3333 844 3560 911 legatos,

1984 958 2121 1012 quos
2150 943 2244 997 tibi
2266 941 2554 1007 videbitur,
2583 940 2817 1004 mittere,
2849 937 2941 1008 qui
2969 939 3035 993 de
3066 952 3195 1007 pace
3216 934 3561 990 conveniant.

1983 1034 2092 1090 Nec
2118 1034 2261 1089 enim
2301 1032 2579 1088 existimes
2616 1030 2802 1096 velim,
2836 1030 2888 1085 in
2930 1040 3113 1085 nostra
3147 1032 3413 1097 potestate
3442 1037 3562 1078 esse

1985 1130 2278 1201 quicquam
2306 1124 2483 1191 aliter,
2512 1138 2673 1194 quam
2708 1124 3006 1193 imperator
3034 1117 3451 1191 praescripserit,
3483 1117 3564 1170 di-

1984 1235 2108 1275 cere
2135 1227 2226 1273 ant
2258 1216 2459 1272 facere.
2498 1234 2517 1268 ι
2566 1214 2692 1271 Haec
2722 1216 2811 1269 ubi
2859 1213 3038 1268 Bonus
3069 1211 3224 1278 dixit,
3262 1219 3407 1265 reeta
3443 1208 3564 1276 qui—

1985 1313 2104 1365 dem
2130 1326 2255 1366 enm
2280 1320 2334 1365 et
2357 1309 2504 1378 justa
2531 1308 2736 1365 dixisse
2766 1307 2997 1373 Bajanus
3025 1306 3236 1362 censuit
3270 1320 3284 1358 :
3318 1303 3413 1358 sed
3451 1303 3565 1356 haec

1984 1403 2217 1474 subjecit
2267 1424 2281 1460 ;
2323 1423 2342 1457 ‹
2393 1401 2537 1459 Sane
2580 1416 2679 1472 ego
2717 1412 2937 1471 prepter
2978 1411 3183 1471 gentes,
3224 1411 3345 1467 quin
3379 1410 3463 1450 me
3498 1397 3564 1448 ad

1984 1496 2184 1551 bellum
2218 1504 2419 1552 secuta:
2465 1503 2615 1560 sunt,
2640 1494 2967 1547 verecundia
3012 1491 3201 1556 ducor,
3246 1492 3292 1545 si
3328 1488 3473 1543 nulla
3509 1502 3565 1540 re

1982 1588 2172 1646 effecta
2206 1588 2480 1656 recedere,
2524 1603 2696 1659 neque
2732 1589 3024 1657 quicquam
3067 1598 3244 1651 operae
3284 1581 3441 1652 pretii
3491 1580 3568 1633 fec

1983 1684 2126 1739 cisse
2156 1681 2360 1737 videar.
2399 1679 2478 1737 Ne
2500 1681 2665 1753 igitur
2695 1681 2880 1735 videar
2903 1679 3099 1733 frustra
3131 1685 3338 1732 tantum
3364 1674 3566 1729 laboris

285 1786 432 1841 μανε
458 1768 518 1823 δὲ
553 1766 741 1832 αὖθις·
772 1786 791 1821 ι
830 1767 1047 1839 Ἐπειδὴ
1083 1769 1151 1824 τὰ
1196 1768 1255 1832 ις
1302 1769 1604 1840 ὁμαιχμίαν
1634 1770 1880 1840 ἑπόμενά

1989 1775 2281 1845 pertulisse
2296 1783 2351 1829 et
2378 1775 2497 1829 sine
2519 1774 2628 1829 ullo
2649 1772 3015 1828 emolumento
3035 1770 3429 1841 expeditionem
3456 1783 3570 1824 sus-

284 1879 381 1934 μοι
417 1860 553 1931 ἔθνη
582 1861 935 1930 αἰσχύνομαι,
964 1860 1130 1925 αἰδώς
1157 1858 1219 1913 τέ
1247 1877 1314 1932 με
1362 1860 1496 1932 ἔχει,
1529 1862 1667 1931 εἴγε
1702 1863 1879 1934 πάντη

1986 1868 2223 1937 cepisse,
2264 1882 2431 1938 parva
2460 1866 2778 1922 munuscula
2813 1865 2881 1921 ad
2925 1881 3011 1920 me
3043 1866 3257 1920 mittite.
3298 1860 3510 1917 Etenim
3536 1876 3568 1915 e

280 1955 583 2027 ἄπρακτος
600 1952 811 2008 ἐνθένδε
837 1955 1200 2026 ἀναχωρήσω,
1228 1955 1396 2027 μηδὲν
1410 1973 1464 2010 τι
1484 1956 1682 2029 ὀνήσας
1712 1959 1889 2029 ὲμαυο

1987 1960 2211 2032 Scythia
2246 1959 2354 2016 huc
2398 1960 2797 2025 transmittens,
2848 1958 2979 2013 nihil
3017 1958 3304 2028 quicquam
3356 1971 3565 2010 mecum

279 2046 516 2110 τόν-’ὠς
547 2044 614 2101 ἂν
642 2046 719 2117 μὴ
736 2041 829 2101 οὖν
844 2044 982 2111 δόξω
1010 2048 1189 2118 μάτην
1220 2046 1581 2118 πεποιηκέναι
1602 2050 1696 2101 καὶ
1719 2051 1884 2121 ἀκερ-

280 2141 349 2211 δῆ
388 2136 495 2212 τὴν
529 2140 892 2211 ἐπιχείρησιν,
925 2136 1134 2212 βραχέα
1161 2138 1252 2211 μοί
1277 2155 1400 2194 τινα
1430 2138 1683 2211 πέμψατε
1709 2141 1878 2213 δῶρα.

282 2233 399 2287 Καὶ
437 2233 557 2304 γὰρ
584 2235 643 2286 ἐν
670 2234 737 2304 τῇ
773 2229 979 2303 Σκυθίᾳ
1011 2231 1345 2303 περαιωθεὶς
1372 2232 1525 2287 οὐδὲν
1554 2232 1735 2287 ὁτιοῦν
1760 2236 1882 2288 ἑκο-

280 2324 575 2397 μισάμην,
612 2324 706 2378 καὶ
748 2323 859 2378 τῶν
887 2324 1169 2379 ἀδυνάτων
1202 2325 1322 2379 ἐστὶ
1355 2325 1653 2381 κάντεῦθεν
1682 2326 1883 2399 ἥκιστα

274 2415 648 2489 ὠφεληθέντα
662 2432 731 2486 με
755 2415 1176 2471 ἀπελεύσεσθαι.
1190 2435 1210 2471 ι
1240 2416 1406 2489 Βώνῳ
1424 2418 1478 2472 δὲ
1495 2418 1572 2489 τῷ
1589 2418 1882 2492 στρατηγῷ

281 2510 379 2577 καὶ
436 2511 559 2573 τοῖς
612 2510 729 2563 ὅσοι
782 2525 846 2578 γε
900 2510 1039 2579 ἀμφ’
1066 2508 1230 2563 αὐτὸν
1266 2505 1371 2581 (ἦν
1394 2511 1450 2565 δὲ
1479 2512 1508 2564 6
1531 2510 1633 2580 τῆς
1672 2512 1883 2575 πόλεως

282 2601 557 2673 μέγιστος
602 2600 814 2673 ἱερεὺς)
845 2599 1026 2667 ἔδοξεν
1055 2600 1285 2672 εὔλογον
1319 2602 1421 2673 μὲν
1447 2597 1587 2657 εἶναι
1638 2603 1700 2656 τδ
1741 2620 1878 2675 προ-

244 2736 250 2739 -
277 2696 640 2767 τεινόμενον·
671 2695 795 2749 οὐδὲ
817 2694 928 2766 γὰρ
969 2693 1199 2750 πλεῖστα
1231 2694 1484 2750 ὲὸούλετο
1522 2694 1877 2769 κομίσασθαι,

278 2789 403 2843 ἀλλ’
460 2790 597 2861 ἄχρι
648 2788 838 2842 δίσκου
885 2790 1003 2853 ὲνύς
1050 2774 1491 2862 ἁργυροποιήτου
1531 2791 1633 2845 καὶ
1696 2791 1879 2859 ὀλίγου

280 2878 551 2949 χρυσίου,
574 2879 655 2934 ἔτι
681 2896 745 2950 γε
779 2879 887 2951 μὴν
915 2878 1012 2934 καὶ
1031 2881 1368 2951 ὰμπεχονίου
1392 2880 1623 2936 Σκυθίου
1642 2881 1708 2937 ⁸⁸.
1734 2882 1882 2954 Πλὴν

279 2971 632 3027 ἐδεδίεσανη
660 2972 709 3025 οἱ
772 2972 902 3043 περὶ
950 2972 1134 3029 Βῶνον
1189 2973 1555 3046 ίδιοϐουλῆσαι
1605 2976 1700 3031 καὶ
1759 2976 1882 3048 οὐχὶ

280 3063 491 3135 γνώμῃ
554 3062 649 3117 τοῦ
721 3065 1125 3136 αὐτοκράτορος
1178 3066 1396 3121 ἅπαντα
1454 3069 1876 3141 διαπράξασθαι.

290 3151 745 3228 ’Λντεσήμαναν’
788 3158 1079 3228 τοιγαροῦν
1138 3160 1307 3233 αὐτῷ,
1355 3161 1433 3225 ὡς
1472 3160 1630 3218 «Νῦν
1683 3163 1882 3236 ἔχομεν

280 3251 526 3323 βασιλέα
580 3252 814 3324 φοϐερόν
858 3271 917 3308 τε
970 3254 1065 3309 καὶ
1120 3254 1574 3328 ἆμϐριθέστατον,
1635 3258 1733 3314 καὶ
1777 3259 1882 3315 οὐκ

277 3345 623 3419 ἀνεξόμεθα,
677 3347 799 3401 οὐδὲ
846 3348 949 3403 ὅσα
998 3343 1110 3403 οἷόν
1149 3349 1211 3405 τι
1240 3351 1359 3405 ἑστι
1396 3351 1677 3407 διαλαθεῖν
1714 3351 1883 3408 αὐτὸν

279 3440 610 3494 επιτελὲσαι
657 3439 1016 3512 αὐθαιρέτως,
1047 3440 1225 3505 ἄλλως
1260 3457 1322 3495 τε
1360 3442 1453 3498 καὶ
1484 3443 1666 3514 ἡμεῖς,
1697 3443 1793 3499 ἅτε
1823 3446 1881 3497 ὲν

279 3526 673 3600 στρατεύματι
701 3530 1069 3599 τυγχάνοντες
1086 3531 1154 3597 ⁸’,
1183 3530 1285 3585 οὐκ
1331 3532 1713 3606 ὲπιφερόμεθα
1740 3552 1879 3608 χρη-

283 3620 487 3692 μάτων
520 3622 841 3692 περιουσίαν
869 3621 903 3693 ἢ
946 3621 1107 3695 μόνον
1146 3625 1544 3698 στρατιωτικὴν
1566 3628 1879 3699 ἐφεστρίδα,

278 3711 353 3782 ἦν
413 3727 485 3780 γε
532 3709 707 3782 δήπου
754 3710 851 3764 καὶ
902 3711 1370 3786 περισεὸλήμεθα,
1400 3713 1481 3768 ἔτι
1512 3732 1571 3769 τε
1604 3717 1673 3771 τὰ
1714 3717 1879 3774 ὅπλα.

279 3804 692 3877 Δωροφορῆσαι
719 3803 784 3877 δὴ
818 3798 913 3860 οὗν
951 3804 1029 3877 τῷ
1059 3806 1171 3861 τῶν
1209 3806 1458 3881 ’Λϐάρων
1490 3810 1779 3883 ἡγουμένῳ
1822 3812 1881 3881 ὲξ

276 3889 359 3951 ὧν
396 3894 644 3950 ἐνταῦθα
675 3896 886 3969 ἥκομεν
922 3897 1139 3969 ἔχοντες
1187 3899 1443 3966 εὐτελῶν,
1486 3900 1664 3971 ἄθρει,
1698 3896 1742 3956 ὦ
1766 3902 1881 3957 Χά-

277 4002 448 4056 γανε,
515 3985 592 4060 μὴ
633 3988 728 4042 καὶ
786 3986 942 4061 ὕϐρις
991 3989 1205 4058 πέφυκέ
1237 3990 1401 4054 ne“.
1439 3991 1744 4064 ’Δξιότιμον
1797 3994 1878 4060 δὲ,

277 4074 439 4129 καθὰ
492 4074 653 4145 ἔφην,
686 4075 784 4130 ὡδὶ
827 4077 930 4131 οὐκ
960 4077 1189 4150 ἔχομεν·
1226 4080 1296 4134 τὰ
1327 4081 1435 4154 γὰρ
1472 4084 1881 4156 τιμαλφέστερα

279 4168 399 4221 τῶν
443 4167 675 4238 ἐφοδίων
704 4171 839 4240 ἡμῖν
873 4172 933 4223 ὲν
966 4171 1174 4245 ἑτέροις
1220 4171 1526 4245 ὑπάρχουσι
1568 4176 1755 4241 τόποις
1784 4179 1881 4232 καὶ

276 4262 359 4326 ὡς
397 4262 748 4335 πορρωτάτω
777 4263 957 4337 ἡμῶν.
998 4264 1060 4318 El
1088 4260 1182 4319 οὖν
1218 4266 1248 4320 ό
1274 4269 1396 4322 καθ’
1426 4270 1574 4340 ημᾶς
1604 4272 1877 4346 αὐτοκρά-

275 4372 402 4427 τωρ
460 4354 921 4427 φι).οφρονήσεταί
952 4357 1280 4438 σοιὶδὼροις,
1310 4361 1411 4415 οὐκ
1453 4364 1756 4435 ὀκνήσομεν
1785 4365 1878 4438 δή·

1983 2053 2182 2122 οιιυιὶ,
2209 2067 2385 2124 neque
2409 2053 2567 2119 mihi,
2593 2052 2638 2108 si
2662 2052 2797 2109 nihil
2833 2052 2931 2117 rei,
2959 2050 3101 2121 quod
3132 2065 3218 2105 me
3243 2050 3417 2120 juvet;
3446 2063 3569 2117 pcr-

1986 2157 2200 2213 cepero,
2232 2140 2360 2196 hinc
2382 2140 2649 2196 excedere
2674 2140 2820 2196 licet.
2867 2157 2884 2191 ι
2930 2139 3080 2194 Bono
3105 2137 3319 2207 quidem
3354 2136 3477 2191 duci
3510 2150 3567 2189 et

1984 2233 2217 2297 caeteris,
2253 2232 2345 2302 qui
2377 2246 2499 2286 cum
2528 2244 2592 2287 eo
2623 2231 2950 2295 erant,inter
2968 2244 3106 2298 quos
3129 2234 3248 2283 erat
3282 2241 3567 2296 supremus

1984 2322 2138 2380 urbis
2168 2322 2445 2390 sacerdos,
2476 2322 2653 2377 visum
2688 2332 2793 2386 est,
2828 2320 3089 2391 Bajanum
3115 2319 3261 2389 justa
3289 2329 3343 2375 et
3372 2318 3566 2372 rationi

1983 2402 2352 2473 consentanea
2387 2429 2713 2488 proponere.
2748 2412 2857 2470 Nec
2889 2415 3033 2470 enim
3071 2413 3426 2469 immoderata
3454 2427 3568 2464 mu-

1985 2524 2117 2567 nera
2150 2509 2383 2588 Bajanus
2405 2509 2509 2567 sibi
2529 2509 2645 2565 dari
2674 2508 2913 2580 petebat,
2941 2506 3117 2563 solum
3136 2521 3296 2560 unam
3324 2514 3567 2575 pateram

1984 2618 2051 2657 ex
2100 2610 2325 2673 argento
2373 2600 2595 2666 factam,
2626 2616 2727 2656 nec
2774 2600 3001 2655 multum
3036 2599 3175 2663 auri,
3208 2606 3404 2667 praeter
3454 2597 3569 2649 haec

1986 2693 2222 2765 togulam
2242 2691 2577 2764 Scythicam.
2600 2693 2803 2749 Verum
2823 2691 3005 2747 Bonus
3022 2698 3077 2746 et
3096 2689 3186 2761 qui
3205 2692 3252 2743 ei
3274 2689 3568 2742 adstabant

1984 2784 2189 2857 aliquid
2211 2788 2430 2855 proprio
2449 2785 2676 2842 consilio
2700 2783 3008 2840 inconsulto
3038 2783 3364 2855 imperatore
3389 2780 3567 2834 facere

1988 2877 2273 2935 timebant.
2316 2881 2502 2949 Itaque
2560 2877 2764 2947 Bajano
2803 2886 2993 2933 contra
3043 2874 3360 2945 respondit:
3400 2892 3418 2923 ι
3460 2870 3567 2925 lla-

1983 2971 2173 3028 bemns
2201 2988 2342 3029 nunc
2366 2975 2769 3044 imperatorem,
2809 2972 2898 3042 qui
2940 2969 3095 3025 facile
3126 2969 3192 3023 ad
3226 2966 3561 3021 iracundiam

1986 3066 2308 3137 adducitur;
2338 3083 2508 3138 quare
2543 3082 2611 3122 ne
2651 3081 2713 3122 ea
2753 3066 2992 3136 quidem,
3022 3078 3143 3137 quae
3180 3063 3413 3119 fortasse
3444 3079 3564 3118 cura

1987 3159 2239 3229 laterent,
2266 3170 2455 3217 nostra
2481 3170 2675 3231 sponte
2700 3169 2755 3215 et
2784 3161 3006 3232 proprio
3041 3159 3207 3214 animi
3245 3157 3459 3228 'judicio
3491 3156 3567 3209 l'a-

1984 3266 2112 3309 cere
2168 3252 2575 3310 sustinebimus.
2611 3250 2874 3309 Praeterea
2924 3268 3048 3307 cum
3086 3252 3138 3307 in
3169 3252 3365 3307 castris
3394 3250 3568 3319 dega-

1986 3358 2127 3411 mus,
2156 3345 2414 3414 pecunias
2439 3344 2491 3399 in
2521 3352 2807 3399 numerato
2836 3344 3057 3399 minime
3078 3343 3360 3408 habemus,
3392 3354 3571 3409 neque

1985 3436 2276 3508 quicquam
2302 3437 2582 3494 nobiscum
2612 3435 2836 3493 ferimus
2863 3436 2966 3491 nisi
2982 3444 3318 3492 castrensem
3351 3434 3570 3504 suppet-

1984 3528 2244 3594 leetilem,
2270 3537 2327 3584 et
2351 3544 2439 3594 ea,
2470 3528 2670 3599 quibus
2708 3529 3004 3584 induimur.
3056 3530 3294 3598 Denique
3332 3529 3564 3582 Avarum

1985 3621 2107 3675 duci
2138 3635 2204 3674 ex
2252 3620 2339 3686 iis,
2371 3621 2570 3690 quibus
2599 3622 2810 3676 modice
2848 3620 3101 3676 instructi
3152 3621 3257 3675 huc
3290 3619 3565 3684 venimus,

1985 3713 2123 3769 dona
2146 3714 2340 3770 oﬂerre
2369 3714 2510 3780 vide,
2538 3728 2570 3769 ο
2599 3715 2875 3785 Cbagane,
2908 3728 2975 3770 ne
3010 3712 3206 3785 injuria
3250 3723 3305 3767 et
3336 3712 3564 3783 ignomi-

1986 3807 2074 3863 nia
2096 3807 2276 3879 aliqua
2307 3808 2377 3863 sit
2406 3826 2420 3863 :
2458 3824 2583 3862 nam
2626 3807 2764 3863 nihil
2797 3818 2945 3862 tanto
2979 3808 3182 3886 honore
3219 3808 3365 3876 digni
3399 3806 3567 3861 habe-

1984 3916 2126 3958 mus.
2172 3899 2502 3957 Pretiosiora
2536 3900 2679 3955 ertim
2718 3900 3038 3956 viatieorum
3084 3910 3393 3955 nostrorum
3439 3911 3565 3954 sunt

1983 3990 2039 4049 in
2074 3992 2196 4047 aliis
2216 3993 2347 4049 locis
2373 4001 2427 4047 et
2454 3992 2613 4062 longe
2636 4008 2666 4048 a
2703 3993 2863 4049 nobis
2879 3992 3107 4049 remotis
3146 3993 3343 4063 posita.
3379 3993 3562 4059 Quod-

1984 4082 2030 4140 si
2061 4096 2158 4138 vos
2180 4082 2491 4153 imperator
2521 4091 2708 4139 noster
2741 4084 3061 4140 muneribus
3090 4083 3357 4139 demereri
3383 4084 3564 4139 voluc-

1984 4174 2075 4238 rit.
2127 4190 2234 4231 non
2261 4176 2661 4241 cunctabimur,
2698 4176 2794 4232 tibi
2825 4187 2878 4231 et
2929 4176 3083 4234 nobis
3113 4176 3467 4249 gratulantes.
3510 4186 3566 4230 et

1984 4268 2497 4340 imperatorisjussa
2536 4268 2738 4337 facere,
2768 4279 2822 4325 et
2862 4285 3043 4333 omne,
3085 4269 3260 4340 quoad
3292 4270 3411 4340 ejus
3445 4268 3564 4327 ﬁeri

1981 4363 2201 4432 poterit,
2227 4362 2371 4433 quod
2403 4360 2499 4417 tibi
2531 4364 2817 4429 conducet,
2854 4364 3077 4433 exsequi
3104 4371 3361 4433 tanquam
3398 4361 3579 4417 amici.

278 4464 391 4501 mu
452 4445 550 4499 καὶ
590 4447 753 4517 ἡμεῖς
800 4435 1098 4522 γεγηθότες
1121 4467 1183 4503 τε
1209 4450 1304 4505 καὶ
1330 4451 1408 4523 τῷ
1438 4451 1648 4523 βασιλεῖ
1677 4435 1875 4524 ἑπόμεο

1983 4462 2036 4507 et
2055 4451 2193 4520 ejus,
2211 4450 2302 4520 qui
2328 4464 2433 4505 una
2452 4451 2840 4507 nobiscnmuni
2873 4452 3092 4507 domino
3112 4459 3287 4520 paret,
3311 4449 3559 4505 utilitati-

277 4555 368 4593 νοι
425 4537 608 4591 ταῦτα
654 4537 1091 4612 διαπράξασθαι,
1140 4542 1374 4599 καθόσον
1420 4539 1522 4598 οἷοί
1570 4545 1631 4599 τέ
1684 4549 1877 4615 ἐσμεν,

276 4631 485 4703 ὥσπερ
540 4628 681 4703 φίλῳ
726 4633 1168 4705 προσφερόμενοι
1207 4635 1304 4691 καὶ
1345 4634 1642 4708 ὁμοδούλῳ.
1667 4655 1686 4689 ι
1734 4637 1878 4710 Πρὸς

276 4723 467 4777 ταῦτα
500 4721 889 4797 ἀγανακτήσας
919 4727 950 4779 6
987 4726 1214 4791 Βαϊανὸς
1245 4729 1342 4783 σύν
1374 4730 1522 4801 ὅρκῳ
1549 4731 1872 4804 ἠπείλησεν,

276 4808 313 4886 ἦ
344 4814 464 4886 μὴν
516 4816 835 4887 στράτευμα
861 4816 1167 4889 ἐκπέμψειν
1193 4819 1294 4890 τὴν
1333 4821 1623 4893 Ῥωμαίων
1656 4823 1879 4894 ἐπιδρα..

281 4905 592 4977 μούμενον.
632 4907 743 4962 Καὶ
877 4910 969 4964 τοῦ
1012 4913 1320 4984 στρατηγοῦ
1379 4916 1677 4986 κατάδηλον
1726 4902 1875 4988 αὐτῷ

278 4998 681 5071 πεποιηκότος,
709 5000 788 5066 ὥς
816 5002 1032 5068 ἐξέσται
1064 5005 1165 5075 μέν
1193 5005 1241 5059 οξ
1267 5009 1441 5060 ποιεῖν
1482 5009 1583 5065 ὅσα
1614 5009 1679 5062 ἂν
1708 5010 1875 5080 δυνή-

279 5108 463 5157 σοιτο,
515 5093 715 5148 εἰδέναι
761 5093 842 5160 δὲ,
896 5094 975 5160 ὡς
1019 5097 1081 5151 οὐ
1133 5099 1351 5162 πάντως
1402 5101 1490 5154 ἐπ’
1533 5100 1726 5173 ἁγαθῷ
1763 5102 1872 5156 τῶν

280 5184 667 5253 στελλομένων
730 5185 885 5246 ἔσται
939 5191 974 5261 η
1029 5191 1321 5263 ἐπιδρομή,
1378 5193 1537 5258 αὐτὸς
1601 5195 1728 5267 ἔφη,
1788 5199 1871 5255 ὅτι

285 5299 304 5332 ι
335 5277 635 5344 Τοιούτους
651 5278 698 5312 ⁶⁹
731 5281 1003 5356 ἐπαφήσω
1050 5287 1116 5356 τῇ
1186 5284 1485 5359 Ῥωμαϊκῇ,
1517 5286 1614 5352 ὡς,
1672 5290 1721 5343 εί
1780 5290 1875 5344 καὶ

284 5371 541 5444 σεμόαίη
596 5372 662 5441 γε
696 5388 847 5454 σφισι
895 5372 1111 5445 θανάτῳ
1153 5372 1375 5439 ἁλῶναι,
1407 5374 1523 5428 ἀλλ’
1554 5375 1743 5446 ἔμοιγε
1797 5376 1872 5448 μὴ

1980 4534 2080 4590 bus
2104 4533 2483 4591 inservientes.
2511 4554 2530 4588 ι
2554 4536 2633 4590 Ub
2655 4534 2768 4590 haec
2784 4534 3095 4602 indignatus
3118 4534 3351 4605 Bajanus
3366 4534 3559 4603 iurans

1977 4627 2216 4684 minatus
2243 4637 2348 4694 est,
2384 4644 2443 4686 se
2468 4628 2842 4686 immissurum
2860 4629 3159 4683 exercitum
3186 4626 3417 4699 “Ain
3451 4627 3560 4683 Ro-

1966 4735 2262 4777 manorum
2294 4720 2520 4777 ditionis
2556 4722 2802 4792 regiones
2823 4720 2915 4793 qui
2942 4720 3315 4791 populationes
3336 4720 3568 4780 faceret.

1977 4815 2061 4875 Ad
2085 4832 2206 4889 qua:
2242 4833 2365 4873 cum
2406 4817 2515 4873 dux
2558 4817 2730 4887 palam
2767 4816 3109 4888 praedicaret,
3149 4817 3221 4872 illi
3252 4816 3468 4887 quidem
3493 4816 3560 4872 li-

1982 4926 2109 4968 cere
2158 4911 2363 4979 omnia,
2403 4927 2523 4982 qua:
2566 4920 2768 4981 posset,
2820 4910 3039 4981 aggredi
3093 4919 3149 4965 et
3193 4919 3422 4977 tentare,
3464 4913 3558 4966 sed

1982 5018 2306 5075 persuasum
2336 5005 2555 5071 habere,
2584 5003 2722 5068 fore,
2750 5011 2809 5058 ut
2831 5004 2946 5059 ista:
2964 5004 3313 5059 excursiones
3337 5003 3441 5065 his,
3464 5001 3557 5072 qui

1981 5096 2040 5153 in
2074 5110 2167 5152 eas
2214 5097 2580 5163 mitterentur,
2614 5112 2719 5151 non
2754 5097 2891 5152 bene
2922 5105 3221 5160 verterem,
3256 5093 3558 5163 respondit.

1979 5205 2040 5246 se
2066 5191 2201 5247 tales
2232 5190 2544 5257 missurum,
2575 5190 2664 5260 qui
2697 5191 2742 5247 si
2772 5189 3329 5261 perierint,damnum
3356 5186 3559 5241 nullum

1982 5300 2048 5341 ex
2071 5300 2261 5341 eorum
2294 5285 2461 5341 exitio
2491 5286 2557 5341 ad
2580 5285 2698 5354 ejus
2728 5298 2948 5340 sensum
2973 5291 3121 5341 esset
3151 5290 3556 5353 perventurum.

1981 5376 2169 5448 Itaque
2188 5376 2350 5449 jussit
2381 5379 2517 5435 dena
2560 5378 2723 5432 millia
2752 5374 3096 5444 Hunnorum,
3121 5376 3216 5449 qui
3245 5375 3557 5444 Contriguri

1570 5532 1804 5589 γΑιιιΑε
1842 5532 2255 5593 LECTIONES.

364 5677 414 5709 ⁶²
442 5675 829 5749 ἐξογκώμενον
851 5676 1027 5749 νυις.Δ
1074 5676 1121 5710 ⁸⁸
1161 5676 1569 5749 βεϐαιώσαντας
1601 5678 1747 5748 vulg.

1823 5677 1939 5747 ιεῆ

1990 5677 2114 5732 add.
2176 5678 2237 5732 ll.
2340 5680 2383 5711 "
2420 5677 2673 5751 Σκυθίου]
2703 5674 2938 5751 ,σηρικοζὶ
2970 5678 3115 5749 conj.
3172 5677 3233 5731 Β.
3287 5676 3331 5707 ⁸⁸
3357 5670 3563 5727 ἐδεδίει-

288 5765 380 5804 σιν
404 5748 537 5822 (sic)
566 5749 722 5820 vulg,
785 5748 831 5781 ⁸⁷
859 5747 1128 5820 τυγχάνον
1158 5747 1303 5821 vnlg.
1377 5751 1422 5784 "
1463 5748 1677 5819 πέφυκέ
1702 5747 1787 5815 τις
1819 5747 1909 5819 IL,
1940 5751 2246 5821 πεφυκότες
2276 5751 2420 5821 vulg.
2496 5747 2843 5811 ’ντοσούτούς
2882 5749 2944 5804 ll.
