4050 6330
543 313 652 379 8ε3

581 361 615 376 υ

581 361 615 376 υ

1403 319 1805 389 EXCERPTA
1849 329 1951 389 EX
1990 327 2424 394 MENANDRO
2461 334 2955 403 PROTECI‘ORE

3704 341 3804 407 ιιι

543 429 854 497 procubuit,
883 439 938 484 ut
970 431 1162 501 pileus,
1198 446 1355 502 quem
1393 437 1444 489 in
1498 441 1694 508 capite,
1730 449 1787 494 ut
1829 439 2118 496 Persarum

2230 445 2441 519 κεφαλῇ
2475 448 2614 503 κατὰ
2655 450 2714 504 τὺ
2747 451 3138 522 νενομισμένον
3172 450 3406 523 Πέρσαις
3454 452 3704 510 ἐπέκειτο
3745 459 3800 520 ἐς

544 519 695 589 leges
769 519 971 584 ferunt,
1031 525 1300 591 gestabat,
1345 527 1398 581 in
1445 539 1645 584 terram
1714 533 1954 588 caderet.
2013 532 2127 588 Hoc

542 610 729 664 omine
781 613 1056 681 principes
1089 614 1188 668 viri
1224 623 1279 670 et
1305 628 1498 672 cmtera
1528 619 1706 688 turba,
1741 629 1997 693 tanquam
2041 623 2127 678 di-

542 701 747 757 vinitus
796 704 1066 770 immisso,
1113 707 1215 771 uti,
1262 717 1316 764 et
1347 711 1488 764 foeda
1530 712 1839 768 adulatione
1892 714 2124 785 impera-

543 801 715 848 torem
769 795 1052 863 extollere,
1101 809 1157 853 et
1186 799 1393 867 dicere,
1438 802 1576 870 fore,
1625 813 1685 859 ut
1741 804 1925 862 Persis
1975 808 2127 864 brevi

539 882 592 936 ei
643 885 1076 944 submitteretur.
1142 891 1257 947 Hac
1312 896 1638 962 cogitatione
1711 908 1892 953 mente
1953 899 2128 955 elatus

539 972 808 1046 Justinus,
860 979 913 1034 in
945 994 1095 1051 spem
1133 983 1522 1053 adducebatur,
1546 989 1751 1055 omnia,
1781 1005 1901 1061 quae
1944 991 2127 1048 animo

541 1068 813 1137 volvebat,
860 1072 926 1125 ad
961 1083 1205 1143 optatum
1268 1077 1475 1133 exitum
1534 1093 1882 1151 perventura.
1937 1084 2128 1156 Itaque

541 1173 663 1213 cum
692 1159 1026 1219 Sebochthes
1057 1180 1144 1230 ea,
1180 1183 1409 1239 quorum
1437 1185 1598 1227 causa
1633 1184 1878 1238 venerat,
1923 1192 2128 1233 renun-

539 1253 725 1319 tiaret,
762 1255 1057 1323 imperator
1090 1274 1212 1316 eum
1253 1265 1604 1335 contempsit,
1628 1277 1681 1322 et
1717 1268 1866 1323 nullo
1899 1286 2126 1328 numero

546 1345 756 1415 habuit,
803 1350 1064 1422 dixitque,
1106 1355 1403 1413 amicitiam
1467 1363 1713 1430 pecuniis
1785 1373 2124 1422 contractam

545 1439 686 1494 haud
743 1444 961 1512 probari
1014 1461 1030 1499 :
1079 1456 1290 1516 turpem
1346 1451 1490 1506 enim
1557 1463 1608 1509 et
1667 1456 1920 1511 servilem
1982 1471 2121 1523 esse,

541 1530 741 1601 quippe
772 1548 892 1602 qua:
921 1536 1095 1604 pretio
1139 1548 1316 1608 empta
1359 1550 1540 1611 esset;
1575 1545 1871 1600 amicitiam
1917 1557 2121 1614 autem,

542 1621 695 1693 cujus
730 1625 868 1680 ratio
896 1636 1157 1686 constans
1179 1640 1234 1686 et
1268 1642 1463 1687 natura
1498 1634 1637 1691 bene
1687 1637 1911 1693 fundata
1958 1649 2121 1707 esset,

2231 537 2498 608 τοῦδαφος
2541 541 2725 598 ἔπεσε.
2764 545 2953 615 Τούτῳ
2985 545 3145 618 αἰσίῳ
3191 546 3295 600 τινὶ
3323 545 3580 616 συμϐόλῳ
3599 550 3802 618 χρησά-

2234 649 2387 701 μενοι
2442 634 2491 686 οί
2534 633 2592 687 ἑν
2621 635 2769 688 τέλει
2810 637 2904 690 καὶ
2952 637 2980 690 ὁ
3014 637 3192 707 δῆμος
3219 640 3341 702 ταῖς
3375 640 3688 704 κολακείαις
3720 641 3806 694 τὲιν

2233 720 2456 791 βασιλέα
2487 725 2826 795 ὲπτὲρωσαν,
2847 727 2922 791 ὡς
2943 727 3064 781 ὅσον
3093 727 3247 783 οὔπω
3272 729 3628 784 ὗποπεσεῖται
3657 731 3804 802 αὐτῷ

2230 815 2262 883 ἡ
2301 815 2519 885 Περσίς.
2555 816 2648 888 Τῷ
2685 835 2767 873 τοι
2801 818 2909 890 ἄρα
2952 821 3233 884 Ἰουστῖνος
3257 820 3570 893 ἐπηρμένος
3598 819 3666 893 ἢν
3693 828 3809 888 ταῖς

2230 903 2412 961 ἐλπίσι
2470 907 2566 962 καὶ
2617 912 2979 980 μετεωρίζετο
3012 914 3077 983 τῇ
3134 913 3361 984 διανοίᾳ,
3397 913 3469 966 τὰ
3514 916 3658 969 κατὰ
3693 916 3810 970 νοῦν

2231 999 2405 1069 ῥᾷστα
2443 999 2772 1071 ὲκὸήσεσθαι
2803 1003 3065 1073 οἰόμενος.
3112 1004 3388 1075 Σεὸόχθην
3410 1005 3477 1077 δὴ
3509 1002 3603 1061 οὖν
3628 1007 3812 1075 ἀγγεί-

2228 1089 2396 1145 λαντα
2428 1091 2514 1162 ἐφ’
2543 1087 2623 1156 οἷς
2673 1094 3093 1174 παρεγένετο,κὸ
3127 1095 3380 1167 βασιλεὺς
3407 1099 3811 1171 περιεφρόνησέ

2229 1200 2293 1251 γε
2343 1186 2527 1250 αὐτὸν,
2564 1187 2658 1240 καὶ
2697 1187 2756 1240 ἐν
2795 1188 2973 1242 οὐδενὶ
3019 1190 3163 1261 λόγῳ
3197 1191 3434 1246 ἐποιεῖτο
3484 1193 3577 1245 τὸν
3622 1194 3810 1263 ἄνδρα.

2233 1277 2376 1348 Ἔφη
2415 1278 2709 1348 τοιγαροῦν
2744 1280 2819 1344 ὡς
2856 1282 3022 1336 αὐτὸν
3045 1321 3061 1347 ,
3097 1284 3174 1349 ὡς
3222 1285 3253 1355 ή
3306 1283 3533 1355 φιλότης
3567 1288 3812 1356 χρήμασι

2231 1369 2591 1442 βεδαιουμένη
2621 1371 2722 1426 οὐκ
2752 1373 2956 1444 ἀγαθή·
2991 1374 3194 1446 αἰσχρὰ
3241 1376 3351 1446 γὰρ
3392 1379 3490 1430 καὶ
3545 1378 3814 1447 ἀνδραπο-

2229 1459 2403 1529 δώδης
2433 1461 2616 1533 ὠνητή
2665 1479 2726 1516 τε
2761 1464 2794 1533 ἠ
2833 1466 3011 1520 τοιάδε
3041 1482 3054 1496 ·
3081 1466 3269 1536 φιλίαν
3295 1468 3353 1521 δὲ
3388 1469 3487 1538 τὴν
3525 1469 3814 1540 ίσόρροπόν

2226 1569 2286 1605 τε
2311 1554 2401 1606 καὶ
2438 1554 2559 1626 οὐχὶ
2582 1556 2884 1626 κερδαλέαν
2913 1559 3218 1629 ὁρίζεσθαι,
3248 1563 3309 1615 ὲν
3387 1562 3483 1615 καὶ
3505 1562 3568 1614 τὸ
3599 1561 3814 1633 βέϐαιον

2229 1645 2447 1715 πέπηγε
2482 1648 2526 1679 ⁸³
2559 1649 2718 1718 φύσει
2753 1651 2877 1705 τινί.
2932 1651 3072 1722 Πρὸς
3106 1652 3284 1707 τοῖσδε
3311 1653 3720 1707 ἀνεπυνθάνετό
3751 1669 3814 1722 γε

543 1711 828 1781 aequalem,
876 1731 981 1772 non
1022 1729 1234 1789 quaestu
1256 1735 1626 1793 comparatam
1655 1726 1891 1783 deﬁniri.
1920 1728 2122 1786 Deinde

2229 1711 2376 1809 πρὸς⁷
2395 1711 2585 1805 αὐτοῦ,
2615 1742 2690 1812 μὴ
2715 1759 2768 1795 τι
2792 1743 2884 1796 καὶ
2901 1711 3149 1814 περὶτῆς
3171 1743 3312 1798 κατὰ
3339 1746 3482 1814 σφᾶς
3522 1711 3816 1817 Ἀρμενίᾶς

540 1821 609 1860 ex
639 1808 754 1878 ipso
802 1811 1073 1901 quaesivit,
1136 1815 1378 1884 nunquid
1440 1819 1600 1878 vellet
1659 1806 1724 1878 de
1759 1824 2010 1895 his,qus:
2069 1828 2120 1881 in

2230 1798 2470 1901 βούλοιτο
2496 1798 2868 1903 διαλέγεσθαι.
2922 1798 3195 1907 Σὲσόχὸἧς
3225 1837 3289 1908 δὴ
3322 1798 3432 1891 οὖν
3455 1798 3811 1908 απεκρίνατο,

539 1899 817 1970 Armenia,
867 1898 1197 1972 quaeeorum
1228 1909 1368 1981 juris
1412 1923 1552 1981 erat,
1610 1917 1966 1989 contigerant,
2008 1919 2123 1976 dis-

543 2006 750 2050 serere.
817 1995 884 2051 Et
930 1997 1018 2054 ille
1084 2001 1301 2068 quidem
1361 2020 1540 2076 regem
1599 2024 1757 2064 suum
1823 2013 2122 2082 accepisse,

544 2085 846 2156 respondit,
924 2099 1174 2148 exortum
1239 2096 1529 2163 quemdam
1584 2098 1638 2154 in
1699 2101 1789 2156 illa
1843 2105 2121 2172 provincia

543 2178 854 2249 tumultum,
905 2181 1078 2238 levem
1123 2193 1178 2240 et
1209 2187 1484 2259 exiguum;
1543 2193 1610 2246 ad
1650 2206 1774 2248 eum
1825 2196 2122 2251 sedandum

548 2270 783 2339 misisse,
850 2274 946 2344 qui
993 2278 1379 2347 comprimeret
1432 2290 1488 2337 et
1534 2297 1624 2339 res
1655 2286 1890 2355 pristino
1953 2291 2121 2346 statui

548 2364 877 2423 restitueret.
907 2365 1153 2426 Justinus
1204 2387 1333 2429 vero
1390 2374 1567 2444 palam
1608 2378 1765 2444 dixit,
1808 2394 1867 2437 se
1893 2379 2120 2439 Persar-

543 2457 778 2522 menios,
816 2460 906 2529 qui
952 2476 983 2515 a
1038 2458 1225 2520 Persis
1275 2465 1625 2537 defecissent,
1661 2471 1715 2525 in
1769 2471 1927 2528 [idem
1985 2452 2122 2531 tute-

548 2549 761 2617 lamque
812 2566 964 2607 suam
1025 2557 1314 2624 recepisse,
1367 2575 1541 2629 neque
1588 2561 1633 2616 si
1659 2563 1781 2633 quis
1829 2579 1924 2620 eos
1981 2568 2124 2637 inju-

546 2639 626 2694 ria
685 2639 944 2709 atiiceret,
1030 2651 1425 2718 neglecturum,
1488 2655 1687 2724 quippe
1751 2659 1842 2726 qui
1907 2658 2120 2725 eadem,

544 2745 666 2801 quas
716 2733 848 2804 ipse,
892 2737 958 2793 de
1000 2739 1257 2810 religione
1313 2745 1601 2801 sentirent.
1636 2748 1970 2807 Sebochthes
2024 2769 2121 2808 au-

546 2833 674 2890 tem,
707 2827 800 2895 qui
851 2829 994 2898 apud
1030 2828 1222 2888 Persas
1281 2835 1569 2904 prudentia
1633 2840 1964 2909 excellebat,
1999 2859 2120 2900 cum

543 2917 812 2984 eamdem,
851 2935 1011 2990 quam
1053 2922 1371 2994 Christiani,
1403 2930 1471 2984 de
1500 2931 1763 3004 "religione
1809 2936 2119 3003 opinionem

545 3011 794 3078 haberet,
844 3013 1007 3068 etiam
1050 3025 1211 3087 atque
1256 3018 1420 3073 etiam
1457 3023 1807 3080 vehementer
1845 3025 2119 3082 Justinum

2226 1924 2521 1992 ἀκηκοέναι
2563 1924 2662 1994 μὲν
2695 1926 2785 1980 τὸν
2814 1926 2981 1980 αὑτοῦ
3012 1927 3261 1997 βασιλέα,
3291 1927 3366 1991 ὡς
3390 1929 3496 1982 ἀνὰ
3529 1926 3602 1981 τὰ
3629 1926 3813 1995 ἐκείνῃ

2229 2015 2459 2088 βραχεῖά
2471 2035 2553 2081 τις
2577 2017 2795 2087 ἐγένετο
2825 2019 3060 2090 ταραχὴ,
3077 2019 3283 2074 στεῖλαι
3307 2021 3364 2073 δὲ
3390 2021 3540 2090 ὅμως
3569 2020 3699 2072 τινὰ
3726 2017 3815 2070 τὸν

2225 2109 2524 2180 δυνάμενον
2563 2113 2627 2164 ἐν
2661 2112 2852 2182 κόσμῳ
2898 2112 3085 2166 θέσθαι
3115 2111 3186 2166 τὰ
3219 2112 3566 2182 γεγενημένα
3603 2110 3700 2165 καὶ
3730 2110 3814 2163 τδν

2227 2201 2455 2272 θόρυϐον
2481 2205 2930 2258 καταπαύσοντα.
2957 2204 3242 2267 Ίουστῖνος
3280 2206 3338 2258 δὲ
3368 2201 3815 2276 Περσαρμενίους

2227 2296 2649 2366 προφανέστατα
2698 2297 2801 2368 ἔφη
2857 2296 3202 2362 εἲσδέξασθαι
3240 2295 3470 2367 Περσῶν
3517 2296 3816 2366 ἀποχωρή-

2228 2404 2444 2453 σαντας,
2474 2389 2566 2443 καὶ
2595 2391 2656 2442 οὐ
2696 2389 3054 2460 περιόψεσθαι
3085 2391 3226 2459 σφᾶς
3263 2389 3681 2460 ἀδικουμένους,
3725 2386 3811 2444 οἷα

2225 2481 2290 2553 δὴ
2340 2483 2728 2553 ὁμογνώμονας
2761 2483 2829 2537 τὰ
2863 2486 2943 2547 είς
2974 2482 3130 2538 Θεόν.
3179 2482 3450 2554 Σεσόχθης
3507 2483 3574 2554 δὴ
3625 2480 3724 2537 οὖν
3759 2486 3816 2537 ὲν

2227 2573 2465 2644 Πέρσαις
2508 2574 2769 2642 ἀγχίνους
2799 2591 2860 2628 τε
2903 2573 3021 2645 ἄμα
3067 2576 3163 2629 καὶ
3207 2576 3435 2644 ιομίζων
3469 2573 3540 2628 τὰ
3579 2579 3716 2646 περὶ
3757 2575 3814 2629 τὸ

2226 2662 2382 2718 Θεῖον
2414 2665 2516 2720 οὒκ
2544 2666 2721 2728 ἄλλως
2748 2666 2780 2737 ἢ
2817 2665 2963 2722 καθὰ
2993 2666 3279 2737 νομίζουσι
3311 2668 3658 2737 Χριστιανοὶ,
3695 2669 3811 2720 tm-

2229 2756 2534 2826 μελέστατά
2574 2775 2690 2821 πως
2724 2757 2895 2812 ἐδεῖτο
2943 2758 3038 2812 τοῦ
3091 2758 3356 2830 βασιλέως
3392 2758 3690 2812 ’1ουστίνου
3742 2760 3814 2830 μὴ

2226 2850 2447 2920 κινῆσαι
2485 2868 2536 2904 τι
2562 2849 2669 2903 τῶν
2700 2851 2757 2904 ὲν
2791 2850 2998 2922 κόσμῳ,
3041 2851 3099 2904 ἐν
3138 2849 3214 2920 νῷ
3243 2867 3304 2903 τε
3343 2851 3389 2884 ⁸⁸
3420 2851 3689 2921 βαλέσθαι
3728 2852 3815 2905 τὸν

2227 2942 2483 3011 πόλεμον,
2519 2941 2692 3005 οὕτως
2716 2941 2913 3011 ἄδηλον
2947 2943 3182 3012 πρᾶγμα
3212 2946 3308 2996 καὶ
3340 2941 3460 2997 οὔτε
3499 2944 3596 2997 ἐπὶ
3636 2947 3816 3016 ῥητοῖς

2225 3034 2456 3089 εἰωθότα
2481 3037 2702 3106 χωρεῖν.
2756 3035 2867 3089 Καὶ
2907 3035 2988 3088 ὅτι
3043 3033 3128 3106 δὴ,
3169 3037 3284 3102 εἴγε
3311 3035 3454 3090 οὕτω
3485 3036 3671 3106 τύχοι,
3724 3038 3818 3092 καὶ

545 3106 756 3172 orabat,
810 3122 875 3164 ne
905 3123 994 3175 ea,
1051 3126 1172 3181 qua;
1205 3127 1264 3169 se
1312 3115 1451 3171 bene
1505 3116 1790 3185 haberent,
1856 3132 2116 3189 moveret,

2229 3126 2576 3198 κρατούντων
2621 3127 2930 3196 Ῥωμαίων,
2980 3129 3038 3192 ἐς
3064 3128 3384 3182 τούναντίον
3428 3129 3620 3192 αὐτοῖς
3670 3147 3820 3200 περι-

543 3209 599 3256 et
634 3207 692 3256 ut
719 3202 960 3258 animum
1017 3204 1316 3271 induceret,
1373 3208 1572 3265 bellum
1616 3226 1738 3268 esse
1791 3227 1905 3267 rem
1968 3212 2124 3268 valde

2229 3218 2389 3289 σταίη
2421 3218 2491 3273 τὰ
2536 3218 2637 3289 τῆς
2681 3219 2858 3290 νίκης.
2903 3219 3172 3283 Ἐσιόντες
3205 3225 3314 3290 γὰρ
3362 3221 3418 3284 ἐς
3446 3221 3546 3291 τὴν
3585 3221 3818 3292 Περσῶν

544 3294 810 3349 incertam
855 3309 1033 3365 neque
1065 3297 1231 3352 certis
1267 3299 1473 3369 legibus
1517 3300 1703 3359 ﬂuere.
1732 3303 1884 3370 Quod
1910 3303 1956 3359 si
1987 3303 2124 3360 forte

544 3383 760 3443 fortuna
807 3378 1167 3460 contingeret,
1216 3400 1273 3447 ut
1317 3391 1545 3449 Romani
1605 3395 1830 3452 victoria
1880 3396 2124 3467 potiren-

533 3485 657 3547 ‘tur,
693 3479 866 3550 ipsam
916 3481 1199 3539 victoriam
1265 3483 1502 3544 fortasse
1555 3488 1609 3545 in
1638 3491 1972 3547 contrarium
2033 3507 2126 3548 ca-

546 3586 753 3630 suram.
806 3572 1021 3631 Etenim
1071 3574 1163 3646 qui
1215 3575 1504 3634 Persarum
1565 3581 1841 3650 regionem
1880 3583 1961 3640 vel
2002 3583 2128 3640 bre-

547 3665 772 3721 vissimo
831 3665 1035 3728 itinere.
1079 3671 1456 3740 cognoverint,
1492 3686 1590 3729 eos
1638 3687 1976 3744 compertum
2028 3677 2129 3733 ha-

542 3757 698 3826 bere,
742 3774 935 3817 omnes
981 3777 1087 3819 non
1135 3763 1240 3818 alio
1271 3765 1381 3819 ritu
1426 3767 1768 3838 religionem,
1818 3785 1980 3837 quam
2011 3771 2126 3842 ipse

539 3853 710 3920 colat,
768 3856 948 3911 colere
978 3865 1034 3911 et
1078 3857 1356 3926 amplecti.
1396 3856 1506 3914 Hos
1551 3863 1593 3914 si
1633 3861 1883 3918 occidere
1927 3879 2120 3919 susce-

545 3945 748 4015 perint,
799 3945 1149 4004 nihilominus
1200 3956 1388 4017 postea
1441 3949 1601 4022 ιιῚ
1641 3951 1800 4023 longe
1845 3953 1976 4023 ipsis
2035 3955 2125 4010 in-

541 4032 775 4091 feriores
818 4036 953 4093 fore.
1003 4034 1239 4093 Proinde
1275 4037 1473 4109 injuste
1506 4054 1602 4095 eos
1640 4052 1831 4098 contra
1877 4042 2126 4101 homines

546 4127 738 4183 eadem
803 4144 928 4184 cum
992 4127 1325 4186 Christianis
1372 4129 1634 4200 religione
1684 4144 1897 4190 utentes
1967 4149 2127 4192 enses

544 4233 667 4274 esse
688 4219 1000 4276 stricturos.
1025 4219 1126 4277 His
1171 4231 1282 4277 tam
1323 4221 1495 4292 aequis
1523 4231 1578 4278 et
1609 4220 1822 4281 lenibus
1862 4229 2131 4282 sermoni.

547 4314 648 4367 bus
675 4309 920 4371 Justinus
955 4315 1180 4372 minime
1205 4315 1308 4372 sibi
1341 4317 1796 4387 acquiescendum
1851 4320 2132 4378 existima-

544 4404 647 4471 vit,
690 4405 787 4461 sed
816 4405 976 4472 dixit,
1028 4406 1245 4462 etiamsi
1301 4421 1468 4461 unum
1529 4406 1755 4476 digitum
1800 4423 2125 4484 apponeret,

2226 3311 2324 3365 καὶ
2375 3310 2470 3364 ἰπὶ
2517 3311 2852 3383 μικρότατον
2883 3311 2928 3344 ⁸⁷
2973 3312 3285 3383 ὁδοιπορίας
3310 3312 3630 3376 ἐλαύνοντες
3666 3314 3822 3384 εὑρή-

2231 3419 2417 3457 σουσιν
2450 3401 2698 3468 ἅπαντάς
2750 3420 2815 3472 γε
2850 3403 3025 3474 δήπου
3055 3406 3183 3475 περὶ
3215 3404 3275 3459 τὸ
3307 3406 3460 3458 Θείον
3488 3406 3591 3459 οὐκ
3621 3406 3817 3469 ἄλλως,

2228 3496 2372 3566 ἥπερ
2427 3495 2612 3562 αὑτὸν,
2667 3494 3074 3559 ὲσποὺδακότας
3103 3512 3117 3527 ο
3155 3497 3254 3561 ὡς,
3299 3500 3413 3566 εῐγε
3452 3498 3665 3553 ἕλοιντο
3698 3501 3820 3560 τοὺς

2226 3586 2466 3640 τοιούσδε
2517 3587 2946 3653 ἀποκτιννύναι,
3015 3587 3170 3641 οὐδὲν
3218 3582 3381 3660 ἦττον
3438 3591 3595 3643 αὐτοὶ
3649 3591 3819 3645 πάλιν

2225 3683 2647 3753 ἡττηθήσονται.
2676 3679 2752 3732 Οὐ
2789 3679 2930 3749 δῆτα
2956 3673 3050 3732 οὖν
3074 3679 3254 3752 χρεὼν
3285 3681 3426 3735 κατὰ
3459 3683 3814 3754 Χριστιανῶν

2226 3775 2352 3836 τοὺς
2373 3769 2661 3843 ὁμοδόξους
2699 3769 2887 3842 θήγειν
2914 3772 2982 3824 τὰ
3005 3772 3158 3842 ξίφη.
3195 3772 3360 3827 Ἀλλὰ
3398 3772 3508 3844 γὰρ
3534 3776 3650 3838 τοῖς
3675 3774 3818 3828 οὕτω

2225 3864 2350 3918 λίαν
2379 3863 2606 3933 ὁμαλοῖς
2638 3876 2697 3914 τε
2731 3861 2827 3915 καὶ
2854 3862 3127 3916 ἐπιεικέσι
3177 3862 3355 3931 λόγοις
3403 3864 3696 3930 Ἰουστῖνος
3725 3866 3822 3920 οὐκ

2227 3955 2366 4027 ᾤετο
2405 3955 2602 4025 χρῆναι
2632 3952 2857 4008 ἔσεσθαι
2911 3951 3212 4023 πειθήνιος.
3271 3954 3420 4026 Ἔφη
3447 3954 3530 4021 δὲ,
3570 3955 3674 4022 ὡς,
3709 3955 3822 4025 εἴγε

2229 4048 2506 4119 παραθείη
2535 4046 2800 4101 δάκτυλον
2832 4046 2951 4110 ἕνα,
2992 4046 3373 4119 κινηθήσεται,
3397 4048 3589 4113 καὶώς
3630 4051 3690 4114 ἐς
3729 4050 3825 4121 τὴν

2230 4138 2456 4211 Περσῶν
2513 4139 2719 4195 ὲλάσοι·
2765 4140 2991 4212 θαρρεῖν
3040 4155 3121 4205 τε,
3177 4138 3275 4205 ὡς,
3317 4141 3367 4194 εί
3407 4141 3548 4211 πρὸς
3582 4142 3822 4213 πόλεμον

2227 4233 2489 4306 δρμήσοι,
2539 4231 2763 4286 καθελεῖ
2815 4249 2876 4286 τε
2935 4232 3187 4304 Χοσρόην
3236 4232 3332 4287 καὶ
3374 4232 3542 4297 αὐτὸς
3593 4234 3822 4305 βασιλέα

2229 4325 2604 4397 χειροτονήσοι
2635 4323 2904 4398 Πέρσαις.
2941 4323 3106 4379 Οὕτω*
3127 4323 3308 4380 τοίνυν
3350 4324 3623 4396 ὑπερόρια
3653 4323 3822 4380 είπὼν

2233 4417 2533 4490 ἀπέπεμψε
2563 4417 2839 4491 Σεδόχθην
2858 4419 2927 4475 ⁸³.

540 4512 603 4555 se
639 4497 1040 4569 expeditioiiem
1097 4509 1479 4570 suscepturum
1544 4511 1599 4557 et
1659 4501 1934 4562 Persidem
2014 4509 2357 4568 invasurum.
2410 4512 2722 4580 Conﬂdere,
2761 4527 2840 4578 se,
2911 4512 3046 4583 sifin
3110 4511 3310 4569 bellum
3374 4512 3644 4582 eruperit,
3681 4513 3822 4569 Clio-

545 4605 729 4650 sroem
783 4593 852 4650 de
919 4592 1096 4649 medio
1143 4593 1511 4666 sublaturum,
1560 4607 1618 4654 et
1675 4615 1854 4670 regem
1893 4602 2078 4662 Persis
2151 4607 2427 4663 daturum.
2484 4606 2564 4663 Ad
2608 4606 2752 4662 hunc
2783 4608 3001 4663 modum
3055 4607 3350 4664 insolenter
3373 4608 3607 4672 locutus,
3652 4608 3820 4665 Sebo-

541 4687 763 4742 chthem
817 4686 1044 4742 missum
1100 4684 1250 4742 fecit.

617 4783 780 4854 118
804 4783 897 4839 21.
919 4784 1006 4853 (Α.
1028 4783 1090 4839 C.
1111 4783 1236 4839 575.
1257 4783 1372 4840 lnd.
1392 4783 1447 4841 8.
1467 4784 1664 4843 Justini
1689 4790 1801 4862 Η.)
1818 4790 1952 4847 Cum
1969 4792 2138 4850 Justi-

2316 4793 2423 4850 κα’.
2479 4793 2603 4848 Ὀτι
2643 4792 2765 4847 ἐπεὶ
2805 4793 3088 4854 ἰουσττνος
3137 4791 3235 4855 τὰς
3283 4790 3485 4863 φρένας
3529 4792 3818 4862 παρεκόπη

543 4889 647 4931 nus
675 4876 873 4931 mentis
925 4874 1298 4932 imbecillitate
1315 4876 1611 4944 laboraret,
1640 4890 1694 4934 et
1717 4881 1993 4938 Tiberium
2018 4887 2124 4941 rei-

543 4971 774 5042 publica
843 4969 1292 5027 administrandae
1354 4972 1705 5043 praefecisset,
1781 4975 2038 5035 Tiberius
2071 4989 2128 5035 et

545 5063 732 5133 regina
798 5062 991 5120 incerti
1048 5073 1228 5126 erant,
1288 5064 1418 5134 quid
1453 5065 1522 5120 de
1564 5067 1721 5122 rebus
1768 5069 1979 5126 bellicis
2013 5080 2128 5127 sta-

546 5162 779 5222 tuerent;
839 5155 931 5211 sed
976 5155 1370 5239 dubitationem
1422 5159 1624 5214 exemit
1671 5159 1957 5216 Persarum
2007 5175 2127 5229 rex,

545 5248 636 5314 qui
669 5244 928 5305 Jacobum
962 5248 1195 5319 legatum
1221 5248 1288 5304 ad
1322 5248 1691 5307 Romanorum
1741 5253 2125 5325 imperatorem

545 5339 718 5394 misit.
753 5339 804 5394 Is
831 5337 1046 5396 Persica
1087 5340 1250 5396 verba
1293 5341 1483 5398 Graece
1534 5346 1842 5416 exprimere
1881 5355 2129 5402 noverat.

2238 4887 2333 4942 καὶ
2361 4885 2618 4956 Τιϐέριον
2644 4884 2692 4918 ⁸⁸
2745 4883 3037 4951 ἀνεδέξατο
3065 4884 3112 4916 ⁹⁰
3147 4883 3373 4938 διοικεῖν
3398 4883 3496 4954 τῆς
3543 4883 3820 4946 πολιτείας

2234 4976 2304 5030 τὰ
2347 4978 2675 5047 πράγματα,
2709 4977 2766 5030 ὲν
2810 4974 3001 5046 ἀπόρῳ
3038 4968 3181 5044 ἦσαν
3229 4973 3399 5038 αὐτός
3452 4989 3510 5026 τε
3564 4973 3818 5043 Τιϐέριος

2235 5069 2329 5124 καὶ
2374 5070 2408 5140 ἡ
2459 5068 2670 5139 βασιλὶς
2725 5067 2894 5138 Σοφία
2927 5069 3075 5132 ὃπως
3124 5066 3398 5121 διάθοιντο
3422 5067 3492 5120 τὰ
3514 5066 3629 5121 τῶν
3660 5067 3818 5120 πολέα

2237 5179 2376 5232 μων.
2453 5160 2616 5216 Ἀλλὰ
2653 5163 2763 5233 γὰρ
2809 5161 2965 5215 ἔλυσε
2999 5161 3060 5214 τὸ
3088 5161 3293 5232 ἄπορον
3326 5158 3474 5230 σφῶν
3508 5159 3766 5230 βασιλεὺς
3790 5154 3818 5210 δ

2235 5255 2464 5328 Περσῶν
2510 5257 2584 5321 ὡς
2633 5257 2726 5311 τὸν
2799 5254 3092 5326 Ῥωμαίων
3156 5253 3536 5326 αὐτοκράτορα
3603 5253 3818 5314 στείλας

2245 5347 2523 5413 Ἰάκωϐον,
2555 5347 2613 5411 ὃς
2638 5347 2706 5402 τὰ
2740 5347 2986 5418 Περσικὰ
3009 5346 3233 5417 ῥήματα
3257 5347 3324 5417 τῇ
3367 5342 3633 5417 Ἑλληνίδι
3665 5347 3814 5415 φωνῇ

1809 5524 2043 5582 ῪΑΒΙᾸΞ
2083 5525 2378 5584 LECTION
2386 5529 2490 5584 ES.

615 5667 662 5700 ⁸³
687 5668 912 5792 merge
954 5665 1047 5732 Η..
1079 5668 1309 5753 πέπηγε
1341 5670 1487 5742 vulg.

619 5755 654 5792 ο
697 5754 765 5792 ex
882 5746 1114 5792 mocatta
1167 5749 1360 5792 uetita.
1394 5742 1487 5792 etl

543 5738 654 5794 duo
697 5754 765 5794 ex

544 5810 590 5842 ’θ
619 5807 925 5874 ἀνεδείξατο
950 5808 1097 5882 conj.
1133 5807 1198 5865 N.

1565 5671 1611 5702 "
1637 5689 1690 5725 τε
1725 5669 1944 5742 οάάαΝ.
2026 5671 2072 5704 ⁸⁷
2107 5672 2448 5742 μακρότατον
2475 5672 2623 5742 conj.
2652 5671 2719 5727 N.
2804 5670 2850 5703 ⁸³
2885 5671 3015 5726 Post
3036 5669 3240 5742 fragm.
3255 5673 3559 5742 sequuntur
3583 5665 3636 5720 in
3664 5679 3736 5742 vu

882 5746 1114 5816 mocstta
1135 5742 1360 5816 _petita,
1394 5741 1457 5798 et
1481 5742 1676 5797 lemma
1729 5744 1795 5796 ὲκ
1828 5741 1926 5812 τῆς
1953 5745 1985 5816 β
2032 5741 2238 5815 (stolen,
2262 5745 2407 5816 quod
2449 5741 2517 5800 ad
2549 5741 2806 5803 eumdem
2856 5743 3114 5814 pertinet.

3224 5662 3808 5806 ὲ’ριξβιέιιιιιιινἑὲῢξιιίὲ.

3345 5759 3361 5792 ι
3402 5755 3545 5811 apto;
3703 5775 3716 5788 .
3792 5769 3810 5788 .
