4048 6338
295 303 415 370 825

1124 314 1223 378 DE
1264 318 1832 381 LEGATIONIBUS
1875 319 2236 383 GENTIUM
2273 325 2373 386 AD
2411 315 2793 390 ROMANOS.

3474 329 3578 392 826

295 423 720 496 διασαφηνίζειν
773 420 1059 493 ἠπίστατο.
1124 425 1430 496 Συννοήσας
1486 429 1615 499 γὰρ,
1674 428 1749 490 ὡς
1814 429 1892 493 είς

2003 430 2128 487 Nam
2170 432 2455 490 Persarum
2520 453 2634 503 rex,
2688 439 3052 494 Romanorum
3110 454 3198 494 res
3243 438 3294 494 in
3327 438 3575 494 ultimum

297 515 544 586 Ισχατον
575 518 671 572 νῦν
700 517 744 550 ’⁸
780 515 995 579 ἐλπίδος
1024 517 1072 569 oi
1114 517 1375 588 Ῥωμαῖοι
1403 520 1893 589 κατολισθήσαντες

298 607 536 677 ἥδιστον
579 607 678 678 μὲν
726 608 793 663 ἂν
843 607 1018 678 ἔχοιεν
1046 608 1138 662 ἐπὶ
1171 614 1292 673 ταῖς
1325 611 1565 665 οίαισοῦν
1606 611 1896 684 ξυνθήκαις

297 699 569 754 διαλῦσαι
592 700 684 753 τὸν
713 700 971 770 πόλεμον,
1005 701 1064 753 ού
1093 701 1198 772 μὴν
1227 702 1502 774 θαρρῆσαι
1528 705 1574 737 ⁹²
1598 705 1896 774 πρεσϐείαν

297 793 425 847 τινὰ
460 794 676 847 στεῖλαι
705 793 794 848 διὰ
830 799 891 845 τὸ
920 795 1018 846 οὐκ
1049 794 1406 864 εὐπρόσωπον
1433 789 1575 849 εἶναι
1602 797 1695 850 τὸν
1728 796 1898 868 ἀρξὰ-

301 901 474 953 μενον
517 885 759 954 πολέμου
789 884 1140 953 ἀπάρξασθαι
1173 886 1266 938 καὶ
1296 885 1536 949 ἱκετείας
1560 900 1575 918 ο
1622 887 1895 958 προτερήη

298 993 402 1041 σας
437 977 540 1031 οὖν
572 979 601 1032 δ
627 977 854 1048 Περσῶν
890 976 1140 1045 βασιλεὺς
1162 976 1260 1049 τὴν
1294 977 1558 1050 αἰσχύνην
1581 981 1890 1050 προανεῖλε,

295 1070 398 1124 καὶ
460 1071 548 1142 τῷ
604 1072 968 1141 κατεπτηχότι
1012 1072 1109 1140 τῆς
1157 1069 1384 1143 γνώμης
1428 1071 1608 1126 αὐτῶν
1632 1074 1892 1144 ἐπενόησε

296 1163 616 1233 πρόφασιν,
651 1163 727 1227 ὡς
756 1161 822 1218 ἂν
853 1162 1060 1217 ἔλθοιεν
1085 1165 1142 1228 ἐς
1173 1164 1364 1234 λόγους
1387 1167 1739 1236 αἰτησόμενοι
1772 1167 1894 1238 μεθ’

299 1253 604 1325 ἱκετηρίας
642 1255 888 1325 εἰρήνην.
946 1254 1162 1308 Στέλλει
1205 1255 1384 1308 τοίνυν
1420 1256 1700 1322 Ἰάκωϐον,
1734 1241 1894 1327 duet-

296 1347 390 1402 νόν
421 1364 554 1412 πως
585 1347 1032 1418 βουλευσάμενος,
1059 1347 1134 1412 ὡς
1155 1347 1215 1400 οὐ
1248 1346 1465 1402 πώποτε
1492 1348 1558 1403 ἂν
1580 1349 1893 1403 εὐκλεέστε-

299 1457 394 1508 ρον
421 1438 643 1510 Πέρσαι
671 1437 764 1491 τδν
787 1436 923 1504 πρὸς
961 1435 1269 1507 Ῥωμαίους
1290 1437 1609 1492 κατάθοιντο
1633 1438 1891 1508 πόλεμονο

295 1529 556 1584 τοσαῦτα
582 1532 692 1600 γὰρ
723 1528 976 1583 ἐνδώσειν
1018 1528 1345 1600 Ῥωμαίους,
1379 1527 1479 1584 δσα
1501 1529 1566 1583 ἂν
1596 1529 1894 1600 ἐθελήσωσι

296 1622 526 1692 Πέρσαι
581 1620 755 1676 αὐτοί.
827 1621 891 1674 Ἡ
935 1621 994 1675 δέ
1047 1619 1303 1676 σταλεῖσα
1354 1624 1492 1694 πρὸς
1550 1621 1715 1677 αὐτοῦ
1746 1624 1793 1656 ⁸³
1819 1621 1896 1685 ὡς

308 1713 608 1768 Ἰωπῖνον
651 1712 699 1745 ⁹⁴
747 1712 1006 1784 ἐπιστολὴ
1061 1711 1186 1767 οὔτε
1255 1716 1354 1785 τῆς
1416 1714 1635 1785 ἡλικίας
1682 1709 1750 1786 ἦν
1799 1713 1894 1768 τοῦ

298 1807 547 1877 Περσῶν
579 1805 863 1878 βασιλέως,
896 1807 1266 1881 μειρακιώδης
1292 1804 1429 1863 οὖσα
1446 1809 1742 1876 παντοίως,
1770 1808 1892 1863 οὔτε

295 1899 357 1952 δὲ
379 1899 552 1953 ἄλλου
577 1894 930 1970 τινδς,οἴμαι,
953 1900 1649 1972 ἐμφρονεστάτου.Ἔτερον
1669 1901 1778 1974 γὰρ
1801 1903 1892 1957 τὸν

299 1991 599 2046 ὁντιναοῦν
631 1990 1098 2057 ἀπαυθαδίζεσθαι
1126 1993 1227 2047 οὐκ
1257 1993 1364 2049 ἀπὸ
1395 1994 1596 2066 τρόπου
1624 1990 1713 2068 ἦν’
1746 1993 1890 2050 ἐκεῖ·

295 2099 396 2136 νον
423 2083 616 2154 μέντοι
651 2083 713 2138 ού
749 2082 1111 2156 βρενθύεσθαι
1154 2087 1286 2149 ίσως
1331 2085 1538 2157 ἐχρῆν,
1579 2087 1700 2141 οὐδὲ
1755 2087 1893 2158 eoa-

297 2177 480 2247 γόραν
534 2176 658 2231 τινὰ
711 2171 852 2232 εἶναι
906 2179 1002 2232 καὶ
1049 2179 1434 2252 ἀπειρόκαλον.
1499 2180 1564 2234 Ἦ
1614 2183 1725 2252 γὰρ
1771 2183 1892 2235 ἐπι-

300 2269 474 2339 στολὴ
523 2267 735 2338 ὕϐρεώς
762 2269 805 2302 ⁵⁵
833 2286 892 2322 τε
926 2269 1097 2341 μεστὴ
1129 2272 1225 2326 καὶ
1253 2269 1563 2343 ὀνειδισμυῦ
1594 2272 1686 2326 καὶ
1719 2289 1895 2342 μεμε-

298 2358 601 2432 θυσμένων
635 2361 899 2434 ῥημάτων
956 2362 1193 2433 ὑπῆρχε.
1257 2363 1368 2417 Καὶ
1412 2365 1445 2434 ἠ
1501 2363 1601 2433 μὲν
1634 2362 1893 2434 ἐπιέτολὴ

298 2455 699 2526 ὑπερηφανίας
745 2472 805 2510 τε
847 2450 918 2527 ἦν
956 2457 1054 2508 καὶ
1119 2453 1438 2521 ἀλαζονείας
1494 2457 1736 2527 πλήρης·
1781 2458 1895 2510 sic-

297 2548 511 2615 άγεται
534 2545 597 2614 ξδ’
640 2544 735 2602 οὖν
788 2545 1067 2612 Ἰάκωϐος,
1104 2547 1164 2602 οὐ
1205 2546 1309 2619 μὴν
1339 2549 1416 2612 ὡς
1452 2549 1759 2615 Ίουστϊνον,
1798 2549 1894 2603 ἆτε

297 2638 524 2711 νοσώδη
556 2639 911 2710 τυγχάνοντα,
941 2637 1080 2694 ἀλλὰ
1109 2641 1218 2714 γὰρ
1245 2641 1323 2706 ὡς
1350 2643 1449 2716 τὴν
1472 2644 1741 2715 βασιλίδα,
1774 2646 1896 2700 ἐπεὶ

299 2729 451 2802 αὕτη
500 2731 597 2796 ξὺν
646 2731 880 2804 Τιϐερίῳ
907 2731 1124 2787 ἅπαντα
1156 2733 1448 2807 ἐπραττεν.
1493 2735 1892 2809 ’Δναλεξαμὲνη

298 2822 496 2879 τοίνυν
547 2824 616 2878 τὰ
667 2823 977 2896 γράμματα
1021 2826 1388 2899 ἐπηγγείλατο
1420 2831 1517 2882 καὶ
1562 2830 1700 2901 αὐτὴ
1743 2831 1896 2885 στέλ-

299 2920 426 2974 λειν
461 2920 512 2952 ⁹⁶
545 2919 634 2973 τὸν
662 2918 1136 2990 πρεσϐευσόμενον
1185 2919 1261 2983 ὡς
1291 2919 1514 2991 βασιλέα
1547 2923 1774 2994 Περσῶν
1803 2924 1897 2978 καὶ

303 3012 462 3084 ἀμφὶ
508 3011 621 3066 τῶν
663 3011 913 3066 ὁπωσοῦν
957 3013 1337 3086 κεκινημένων
1385 3013 1892 3088 διαλεχθησόμενον.

1998 522 2282 578 discrimen
2336 527 2592 582 adductas
2634 541 2755 582 esse
2795 538 2965 596 ratus,
3014 537 3071 584 et
3100 529 3242 583 niltil‘
3279 529 3578 598 jucundius

1996 624 2050 668 et
2092 618 2449 684 opportunius
2495 619 2599 674 illis
2643 621 2958 690 contingere
3001 634 3182 689 posse,
3236 635 3400 690 quam
3453 619 3576 689 qui-

1995 707 2182 764 busvis
2221 710 2622 768 conditionibus
2673 713 2869 767 bellum
2906 728 3038 783 pace
3085 713 3262 779 linire,
3307 713 3462 783 cujus
3496 713 3574 767 rei

1996 802 2167 868 gratia
2247 811 2424 858 tamen
2481 819 2575 860 eos
2642 806 2865 873 puderet
2929 805 3255 873 legationem
3335 805 3573 868 mittere,

1997 893 2140 962 quod
2197 892 2510 950 indecorum
2572 896 2969 961 exiStimarent,
3026 911 3174 961 eum,
3219 896 3309 966 qui
3375 895 3578 950 bellum.

1995 984 2341 1054 suscepisset,
2393 987 2602 1042 initium
2646 987 2982 1060 supplicandi
3032 989 3234 1053 facere,
3289 989 3432 1042 hunc
3479 1001 3578 1055 pu-

1997 1077 2179 1131 dorem
2233 1081 2612 1148 praavcnieudo
2676 1081 2913 1137 sustulit.
2969 1079 3040 1134 Et
3119 1080 3373 1149 quoniam
3441 1092 3575 1133 con-

1995 1169 2224 1222 sternati
2311 1170 2493 1224 animo
2548 1181 2726 1236 erant,
2803 1171 3070 1226 rationem
3127 1181 3187 1226 et
3231 1170 3575 1224 occasionem

1997 1262 2341 1330 excogitavit,
2390 1271 2450 1317 ut
2483 1278 2577 1333 per
2623 1265 2861 1333 speciem
2914 1263 3166 1333 colloquii
3209 1278 3395 1332 pacem
3454 1277 3578 1331 sup-

1997 1351 2164 1422 plices
2206 1362 2448 1409 orarent.
2520 1354 2709 1426 Itaque
2789 1357 2955 1412 mittit
3033 1354 3316 1422 Iacobum,
3381 1353 3578 1409 Persas

1997 1459 2273 1515 nunquam
2320 1447 2609 1517 gloriosius
2639 1447 2835 1507 bellum
2861 1459 3051 1505 contra
3087 1449 3362 1504 Romanos
3408 1447 3576 1515 depo-

1997 1549 2129 1592 nere
2173 1551 2332 1607 posse
2368 1539 2711 1604 existimans,
2747 1541 2877 1611 quia
2921 1541 3151 1597 Romani
3201 1540 3404 1605 omnia,
3453 1551 3577 1606 qua:

1997 1623 2180 1681 Persae
2234 1626 2528 1693 voluerint,
2595 1639 2779 1686 essent
2829 1630 3169 1687 concessuri.
3239 1629 3414 1698 Atque
3462 1627 3580 1682 haec

2000 1715 2168 1772 missa
2223 1733 2320 1788 per
2361 1719 2623 1776 Jacobum
2678 1723 2748 1778 ad
2788 1721 3065 1778 Iustinum
3119 1722 3347 1792 epistola
3401 1735 3580 1790 neque

1993 1806 2141 1862 aetati
2204 1809 2350 1880 regis
2399 1809 2691 1866 Persarum
2773 1814 3181 1869 accommodata
3237 1818 3357 1869 erat
3427 1811 3578 1882 (nam

1994 1899 2253 1968 puerilem
2291 1901 2343 1955 in
2375 1902 2594 1958 modum
2629 1905 2934 1974 conscripta
2973 1903 3133 1974 erat),
3201 1916 3377 1974 neque
3441 1901 3579 1957 alte-

1996 1992 2133 2056 rius,
2185 1994 2401 2063 opinor,
2457 1984 2559 2050 viri
2605 1996 2894 2064 prudentia
2942 1997 3155 2069 praediti
3216 1997 3338 2052 fuit.
3395 1996 3576 2052 Alium

1993 2084 2139 2139 enim
2197 2085 2504 2155 quempiam
2573 2086 2894 2142 insolentem
2970 2104 3113 2154 esse,
3176 2105 3280 2144 non
3339 2089 3579 2143 alienum

1995 2175 2210 2242 luisset,
2260 2176 2354 2232 sed
2395 2175 2547 2232 illum
2587 2176 2814 2235 minime
2864 2181 3150 2249 superbire
3194 2189 3288 2235 aut
3323 2181 3582 2236 audacius

1996 2266 2143 2336 loqui
2204 2267 2447 2323 decebat.
2499 2268 2570 2323 At
2623 2269 2854 2340 epistola
2904 2270 3246 2327 contumeliae
3288 2279 3342 2327 et
3392 2272 3580 2340 probri

1995 2367 2051 2413 et
2080 2360 2365 2415 verborum
2399 2359 2747 2416 insolentium
2779 2361 2935 2432 plena
2963 2363 3083 2420 fuit.
3123 2364 3310 2436 Itaque
3357 2363 3580 2420 etiamsi

1995 2450 2221 2520 epistola
2291 2451 2452 2523 119
2514 2454 2836 2524 arrogantiae
2878 2464 2933 2509 et
3005 2465 3346 2526 contemptus
3425 2457 3579 2526 plena

1997 2551 2165 2610 esset,
2231 2552 2412 2599 tamen
2469 2544 2811 2602 introductus
2860 2557 2942 2602 est
2992 2546 3250 2612 lacubus,
3311 2563 3417 2604 non
3461 2549 3584 2618 qui-

1995 2634 2121 2690 dem
2165 2634 2233 2691 ad
2259 2633 2556 2701 Iustinum,
2590 2636 2682 2706 qui
2714 2638 2864 2708 gravi
2918 2639 3106 2694 morbo
3154 2638 3388 2696 afﬂictus
3438 2650 3579 2706 erat,

1995 2728 2092 2784 sed
2120 2728 2186 2784 ad
2221 2731 2488 2800 reginam,
2531 2744 2653 2800 quae
2699 2729 2882 2785 omnia
2933 2730 3146 2800 imperii
3193 2730 3413 2802 negotia
3456 2745 3580 2786 cum

1997 2820 2217 2878 Tiberio
2239 2821 2484 2877 curabat.
2535 2819 2694 2877 Lecta
2743 2820 2991 2891 epismla,
3043 2822 3224 2892 regina
3280 2824 3582 2893 respondit,

1997 2927 2056 2968 se
2086 2928 2300 2984 quoque
2345 2914 2643 2969 missuram
2668 2911 2920 2983 'legatum
2948 2913 3015 2968 ad
3050 2927 3231 2984 regem
3267 2912 3582 2980 Persarum,

1997 3007 2087 3076 qui
2129 3007 2195 3061 de
2217 3006 2491 3069 omnibus,
2523 3007 2590 3062 de
2614 3006 2809 3076 quibus
2841 3006 2981 3061 inter
3012 3007 3160 3076 ipsos
3209 3009 3582 3062 controversia

301 3102 613 3157 Στέλλεται
640 3102 686 3156 δ’
718 3097 811 3157 οὖν
834 3103 1131 3175 Ζαχαρίας,
1168 3104 1229 3158 ἐν
1258 3104 1372 3167 τοῖς
1407 3103 1697 3174 βασιλείοις
1726 3122 1897 3160 κατα-

2003 3107 2143 3152 mota
2176 3109 2315 3164 erat,
2367 3109 2573 3169 ageret.
2620 3096 2812 3168 Itaque
2865 3097 3103 3153 mittitur
3149 3097 3445 3154 Zacharias
3498 3099 3584 3153 in-

303 3195 650 3267 ταττόμενος
696 3196 927 3267 ἰατροῖς,
958 3196 1356 3271 ἐπιφερόμενος
1399 3197 1635 3270 γράμμα
1687 3199 1752 3252 ἐκ
1798 3198 1898 3270 τῆς

306 3289 616 3362 βασιλίδος.

381 3380 497 3454 κβκ
544 3383 667 3438 Ὅτι
697 3381 791 3436 ἐπὶ
811 3382 1065 3455 Τιϐερίου
1089 3384 1368 3454 Καίσαρος
1391 3383 1442 3438 oi
1469 3383 1577 3438 τῶν
1612 3383 1899 3456 Ῥωμαίων

306 3479 621 3548 στρατηγοὶ
663 3475 916 3549 εἰσϐολὴν
950 3478 1010 3543 ἐς
1071 3476 1360 3532 Ἀλϐανίαν
1394 3479 1772 3550 ποιησάμενοι,
1805 3479 1903 3533 καὶ

303 3572 568 3644 (μήρους
600 3570 860 3634 λαϐόντες
892 3569 1169 3643 Σαϐείρων
1199 3571 1295 3625 καὶ
1322 3569 1500 3624 ἄλλων
1547 3569 1737 3635 ἐθνῶν,
1766 3566 1903 3642 ἧκον

305 3665 376 3730 ις
429 3662 752 3729 Βυζάντιον.
819 3661 1217 3733 ’Δφικομένους
1259 3660 1318 3713 δέ
1351 3660 1408 3713 ἐν
1451 3660 1729 3731 Βυζαντίῳ
1777 3661 1906 3723 τοὺς

308 3755 588 3828 πρέσϐεις
613 3755 723 3808 τῶν
758 3754 1130 3808 ἐνδεδωκότων
1161 3754 1389 3817 ἑαυτοὺς
1436 3752 1678 3807 Ἀλανῶν
1716 3766 1775 3806 τε
1813 3752 1907 3806 καὶ

313 3849 609 3922 Σαϐείρων
667 3849 696 3900 ὁ
740 3849 960 3916 Καῖσαρ
1006 3846 1223 3918 δέχεται
1274 3846 1536 3908 ἐπιεικῶς
1600 3848 1696 3900 καὶ
1760 3847 1904 3900 πάνυ

314 3941 768 4016 φιλανθρώπως·
825 3940 1131 4010 πυθόμενός
1197 3955 1259 3993 τε
1309 3937 1441 4010 παρ’
1494 3938 1676 3992 αὐτῶν
1733 3938 1909 3992 ὁπόσα

314 4035 582 4106 χρήματα
609 4032 792 4095 αὐτοῖς
814 4030 985 4084 ἐδίδου
1029 4031 1059 4083 ὀ
1090 4029 1317 4099 Περσῶν
1355 4029 1633 4098 βασιλεὺς,
1660 4027 1911 4091 δεδωκώς

314 4143 384 4180 τε
432 4124 682 4190 ἐξουσίαν
713 4122 759 4155 ⁸⁷
792 4121 988 4191 σφίσιν
1016 4122 1075 4182 ἐς
1118 4121 1243 4173 ὅσον
1296 4118 1590 4189 ἠϐούλοντο
1620 4119 1813 4190 ἐξᾶραι
1843 4121 1910 4191 τῇ

316 4215 650 4285 ψευδολογίᾳ
683 4212 746 4265 τὸ
780 4212 972 4283 χρῆμα
998 4213 1092 4267 καὶ
1119 4211 1197 4283 τῷ
1220 4212 1420 4283 κόμπῳ
1447 4210 1679 4281 τάληθὲς
1718 4212 1914 4265 ἐπικα-

318 4306 494 4378 λύψαι
521 4346 536 4371 ,
580 4325 598 4359 ι
631 4306 900 4360 Διπλάσια
956 4304 1158 4358 τούτων
1200 4305 1376 4373 ἔγωγε
1430 4303 1671 4374 παρέξω,
1717 4323 1735 4356 ι
1783 4303 1909 4374 ἐφη,

2002 3200 2086 3248 ter
2144 3192 2492 3264 imperatoris
2582 3193 2822 3250 medicos
2897 3192 3188 3263 ascriptus,
3279 3193 3370 3263 qui
3464 3192 3589 3247 tulit

2001 3284 2214 3340 litteras
2247 3285 2472 3354 reginze.

2067 3379 2163 3449 ¹22.
2193 3377 2280 3450 (Α.
2305 3377 2373 3433 C.
2413 3377 2516 3434 576
2545 3376 2656 3433 Ind.
2693 3377 2727 3435 9
2769 3376 2971 3433 Justini
3019 3376 3132 3448 ιε.)
3194 3376 3307 3433 Sub
3366 3376 3590 3433 Tiberio

2002 3471 2221 3527 Caesare
2277 3469 2650 3526 Romanorum
2722 3472 2910 3534 duces,
2976 3471 3179 3539 impetu
3216 3469 3586 3524 inAlbaniam

2002 3561 2167 3629 facto,
2192 3562 2478 3619 obsidibus
2501 3577 2531 3618 a
2565 3561 2778 3617 Sabiris
2801 3571 2857 3618 et
2889 3562 3012 3618 aliis
3036 3561 3287 3631 gentibus
3329 3561 3589 3631 acceptis,

2003 3640 2324 3725 Byzantium
2391 3662 2681 3711 venerunt.
2736 3651 2813 3709 Eo
2863 3667 2987 3709 cum
3062 3652 3224 3723 legati
3289 3651 3591 3708 Alanorum

2007 3757 2061 3802 et
2101 3745 2422 3802 Sabirorum
2474 3748 2777 3813 venissent,
2805 3746 2896 3817 qui
2922 3759 2982 3800 se
3008 3743 3268 3801 Romanis
3295 3745 3588 3811 dederant,

2005 3835 2192 3893 Caesar
2237 3851 2333 3893 eos
2372 3837 2603 3907 benigne
2636 3844 2692 3892 et
2743 3836 3062 3892 humaniter
3145 3837 3382 3906 excepit.
3448 3835 3588 3890 Cum

2005 3937 2188 3985 autem
2230 3945 2297 3984 ex
2343 3944 2533 3984 eorum
2586 3928 2768 3986 verbis
2824 3929 3090 3993 audisset,
3143 3939 3375 3998 quantas
3422 3943 3592 4000 pecu-

2010 4022 2132 4079 nias
2187 4021 2294 4078 illis
2354 4021 2646 4079 Persarum
2716 4036 2812 4077 rex
2853 4022 3110 4094 largitus
3164 4021 3383 4087 fuisset,
3447 4020 3595 4078 facta

2012 4125 2306 4187 potestate,
2383 4123 2651 4187 quantum
2733 4116 2934 4183 vellent
3006 4117 3256 4173 oratione
3327 4131 3440 4172 rem
3495 4131 3595 4172 es-

2011 4224 2288 4280 aggerare,
2345 4220 2397 4264 et
2434 4224 2618 4264 verum
2699 4209 2927 4266 dicendo
3007 4211 3323 4275 obscurare,
3361 4228 3388 4262 s
3425 4207 3598 4280 Duplo

2014 4301 2218 4368 majora
2259 4301 2480 4371 praemia
2533 4300 2686 4356 vobis
2744 4301 2965 4372 largiar,
3027 4300 3222 4372 inquit,
3279 4315 3387 4356 non
3421 4299 3596 4355 solum

323 4398 445 4462 τοῖς
481 4413 543 4449 τε
585 4396 644 4448 ἐν
675 4394 820 4448 τέλει
852 4393 1030 4460 ὑμῶν,
1077 4393 1212 4464 πρὸς
1231 4392 1288 4445 δέ
1308 4392 1372 4461 δὴ
1400 4391 1496 4445 καὶ
1515 4392 1643 4462 ὑμῖν
1670 4392 1908 4454 αὐτοῖς.)

2015 4393 2149 4448 viris
2196 4391 2248 4446 iu
2289 4392 2548 4462 dignitate
2593 4392 2922 4457 constitutis,
2987 4391 3080 4446 sed
3140 4391 3308 4446 etiam
3377 4389 3596 4445 unicui-

335 4487 468 4542 Ἐπὶ
515 4485 730 4551 τούτοις
774 4485 1024 4556 ἥσθησάν
1054 4462 1202 4538 τεήοί
1231 4481 1531 4554 Βάρϐαροι,
1564 4483 1659 4537 κα)⁸
1693 4483 1914 4537 ἐδόκουν

2019 4501 2125 4556 que
2156 4494 2416 4541 vestrum.
2468 4503 2485 4536 ι
2543 4483 2667 4541 llaec
2696 4485 2949 4540 Barbarie
2987 4483 3228 4539 laetitiam
3270 4482 3593 4547 attulerunt,

324 4580 490 4653 χάριν
546 4578 747 4632 ειδέναι
793 4575 871 4646 τῷ
910 4575 1199 4646 Κρείττονι
1247 4573 1364 4629 ἀνθ’
1398 4568 1473 4628 ὧν
1512 4573 1744 4644 ὑπήκοοι
1780 4574 1912 4628 Ῥω-

331 4676 511 4748 μαίων
545 4673 818 4744 ἐγένοντο.
852 4672 1120 4740 Ἥγγελον
1143 4670 1224 4735 δὲ,
1249 4670 1324 4735 ὡς
1347 4671 1376 4726 ό
1416 4669 1601 4740 Ἀϐεὶρ
1625 4671 1672 4702 ’⁸
1701 4670 1912 4739 ἀπέστη

326 4771 430 4824 οὐκ
481 4771 540 4834 ἐς
590 4766 836 4840 μακρὰν,
887 4766 1047 4834 ὀλίγα
1078 4781 1138 4818 τε
1190 4764 1486 4836 φροντίσας
1533 4764 1641 4818 τῶν
1691 4766 1914 4835 ὁμήρων

329 4860 575 4934 Πίρσαις
620 4856 951 4930 προσετέθη.
997 4857 1121 4920 Τοῖς
1152 4857 1252 4925 μὲν
1300 4851 1392 4910 οὖν
1426 4856 1720 4927 πρέσϐεσιν
1758 4852 1917 4918 αὖθις

331 4955 392 5005 ἐν
437 4949 700 5020 συνουσίᾳ
749 4949 1040 5017 γενόμενος
1089 4948 1118 5000 ό
1160 4947 1375 5018 Καίσαρ
1423 4946 1489 4999 τὰ
1540 4948 1639 4999 ὅσα
1683 4946 1918 5018 ἁρμόδια

329 5043 622 5114 διελέχθη,
677 5042 769 5094 καὶ
817 5040 921 5110 ἔφη
967 5037 1093 5102 τούς
1149 5054 1205 5090 τε
1261 5037 1713 5110 προσχωροῦντας
1765 5037 1916 5109 αὑτῷ

332 5134 515 5188 ἑκοντὶ
543 5132 688 5205 μάλα
710 5129 1113 5201 εὐεργετήσειν,
1138 5131 1264 5194 τοὺς
1288 5130 1344 5183 δέ
1373 5147 1436 5198 γε
1474 5130 1532 5183 ού
1559 5129 1915 5202 βουλομένους

333 5227 426 5279 καὶ
476 5226 710 5289 ἄκοντας
754 5224 899 5292 ἕξειν
950 5224 1055 5278 ὑπὸ
1098 5222 1197 5293 τὴν
1252 5221 1419 5277 αὑτοῦ
1464 5224 1620 5294 χεῖρα
1677 5223 1766 5294 βίᾳ
1818 5225 1911 5279 καὶ

328 5320 582 5389 δυνάμει.

407 5413 516 5483 κγ’.
577 5411 700 5466 Ὂτι
733 5409 845 5464 τῶν
881 5406 1205 5480 στρατηγῶν
1234 5405 1511 5478 δῃούντων
1551 5405 1650 5479 τὴν
1697 5408 1920 5480 Περσῶν

2017 4591 2072 4636 et
2112 4579 2211 4634 visi
2264 4587 2391 4633 sunt
2427 4576 2539 4634 Deo
2592 4577 2823 4648 gratiam
2882 4578 3112 4642 habere,
3167 4577 3312 4647 quod
3357 4574 3588 4645 subjecti

2018 4670 2146 4726 facti
2207 4679 2390 4726 essent
2441 4669 2726 4726 Romanis.
2770 4668 3094 4725 Retulerunt
3130 4679 3313 4725 autem
3359 4669 3582 4725 Abirem

2020 4764 2178 4836 paulo
2243 4774 2369 4818 ante
2425 4764 2692 4820 deiecisse
2762 4773 2837 4828 et,
2901 4762 3044 4818 nulla
3110 4761 3358 4818 obsidum
3413 4760 3601 4816 habita

2017 4856 2251 4922 ratione,
2282 4871 2404 4911 cum
2457 4854 2641 4911 Persis
2688 4869 2746 4910 se
2771 4855 3141 4926 coniunxisse.
3183 4853 3385 4909 Deinde
3417 4851 3603 4907 Caesar

2021 4963 2142 5000 cum
2204 4947 2398 5016 legatis
2456 4959 2803 5015 congressus,
2889 4961 3008 5016 qua:
3065 4955 3188 5018 apta
3252 4945 3597 5010 videbantur,

2019 5041 2273 5097 disseruit
2301 5051 2357 5096 et
2387 5041 2546 5104 dixit,
2581 5055 2710 5112 erga
2756 5056 2870 5107 eos,
2904 5040 2997 5108 qui
3030 5050 3223 5111 sponte
3265 5039 3318 5094 in
3343 5038 3458 5107 ejus
3505 5053 3602 5107 po.

2012 5142 2265 5190 testatem
2325 5134 2595 5202 venirent,
2644 5149 2704 5189 se
2749 5133 3026 5188 liberalem
3081 5131 3346 5196 futurum,
3399 5139 3454 5184 et
3483 5144 3599 5194 eos,

2015 5227 2106 5295 qui
2162 5241 2219 5282 se
2273 5240 2382 5282 sua:
2426 5225 2679 5296 potestati
2726 5225 3046 5280 submittere
3089 5228 3405 5278 recusarent
3447 5220 3500 5274 vi
3548 5228 3604 5273 et

2013 5319 2182 5374 armis
2232 5333 2331 5374 suo
2365 5317 2596 5387 imperio
2631 5329 2823 5388 parere
2875 5325 3214 5371 coacturum.

2098 5413 2191 5468 95.
2253 5412 2392 5466 Dum
2463 5410 2830 5467 Romanorum
2905 5411 3069 5465 duces
3131 5406 3421 5462 Persarum
3494 5405 3600 5459 Ar-

1661 5523 1897 5582 V'ARIA'S
1921 5525 2327 5585 LECTIONES.

437 5615 482 5655 ⁵⁸
638 5623 727 5698 ἐίς
756 5619 992 5698 ἔσχατον
1022 5621 1117 5676 νῦν
1151 5620 1336 5698 Ντᾲὼς
1390 5623 1616 5698 ἐσχατον
1674 5622 1750 5698 ᾡς
1805 5625 2098 5698 νύειγτυις.

337 5693 478 5818 vulg.
557 5695 603 5725 ’δ
637 5692 921 5747 Ἱουστῖνον
949 5692 1015 5747 ii.
1036 5709 1168 5764 mg.,
1206 5692 1579 5747 Ἰουστινιανὺν
1615 5694 1753 5763 vulg.

339 5761 383 5794 ’⁷
451 5763 674 5818 εουσίαν
706 5763 791 5818 Β..
830 5763 1076 5818 ἐξουσίας
1114 5765 1260 5818 vuln.
1337 5763 1386 5799 ⁸⁸
1410 5764 1612 5818 Σαϐεὶο
1643 5763 1753 5818 γαί.

339 5761 383 5794 ’⁷
420 5761 674 5832 ἐξουσίαν
706 5763 791 5834 Βο,
830 5763 1076 5830 ἐξουσίας
1099 5761 1260 5838 'vulg.
1337 5763 1386 5799 ⁸⁸
1410 5764 1612 5835 Σαϐεὶρ
1643 5761 1760 5820 Va].

1833 5696 1877 5728 κ
1909 5696 2116 5769 ὕδρεὼς
2144 5698 2234 5762 Ν.,
2268 5696 2482 5770 ὕϐρεων
2526 5697 2670 5770 vulg.

2203 5628 2250 5658 “
2281 5627 2616 5697 Θαῤῥήσειαν
2644 5625 2789 5693 conj.
2840 5623 2953 5697 8.“;
2998 5625 3045 5658 ³³
3070 5623 3234 5697 quem)
3421 5619 3588 5697 αὑτρς)

2268 5689 2482 5759 ὕϐρεων
2526 5697 2670 5759 vulg.
2746 5689 2792 5730 ⁵⁸
2820 5695 3058 5749 στέλλειν
3088 5695 3175 5759 Η.,
3209 5693 3416 5748 στέλλει
3443 5689 3597 5757 ιιιιε.
