4070 6328
472 375 580 444 827
1362 378 1761 441 EXCERPTA
1802 378 1903 461 EX
1941 378 2371 442 MENANDRO
2408 378 2904 444 PROTECTORE
3642 375 3751 443 828

474 494 714 549 meniam
766 492 1203 565 populationibus
1232 504 1517 558 vexarent,
1575 491 1793 548 advenit
1836 488 2057 546 Nadoes

2169 490 2486 563 ’Δρμενίαν,
2534 493 2595 547 ιν
2646 492 2821 561 τούτῳ
2856 492 3191 562 παρεγένετο
3241 490 3494 561 Ναδώης,
3547 509 3607 555 ες
3646 494 3753 564 τὴν

474 585 832 652 electuseta
864 586 1110 643 Cltosroe
1176 586 1378 641 missus
1430 585 1497 639 ad
1540 584 1827 649 minorem,
1891 595 2055 650 quam

2160 580 2463 655 λεγομένην
2512 585 2755 656 σμικρὰν
2802 582 3209 655 χειροτονηθεὶς
3250 583 3574 655 πρεσϐείαν,
3609 587 3754 657 πρὸς

479 688 698 741 vocant,
767 676 1093 747 legationem
1152 678 1480 733 obeundam.
1540 673 1693 731 Hune
1738 690 2055 743 responsum

2160 674 2401 744 Χοσρόου
2435 676 2797 748 ἐκπεμφθείς·
2839 678 2897 742 ὃς
2934 680 2981 713 θ’
3023 677 3126 748 τῆς
3176 676 3265 732 διά
3318 676 3601 747 Θεοδώρου
3649 676 3754 733 τιὸ

474 769 619 823 l’erre
640 771 705 824 ad
729 768 1049 841 legationem
1072 768 1340 825 Theodori
1358 769 1552 824 Bacchi
1575 768 1739 841 jussit
1758 768 2056 834 Cbosroes,

2160 767 2375 837 Βάκχου
2400 771 2698 839 πρεσϐείας
2722 770 2901 837 ἔδοξεν
2934 770 3230 841 ἀμοιϐαίαν
3270 769 3636 841 ἀποκομίζειν
3679 770 3751 825 ἐκ

477 872 532 917 et
584 862 905 917 nominatim
974 863 1227 917 nuntiare
1304 862 1585 927 Romanis,
1644 876 1764 917 sese
1808 872 2056 931 paratum

2160 860 2252 914 τοῦ
2293 863 2534 930 ’(οσρόου
2593 863 2878 933 ἀγγελίαν,
2933 864 3141 937 κυρίως
3187 864 3245 918 δὲ
3294 862 3370 928 ὡς
3416 863 3754 937 ἑτοιμότατι

477 967 599 1010 esse
659 955 875 1010 mittere
940 957 1234 1025 primarius
1288 956 1437 1011 viros
1493 955 1560 1009 ad
1596 954 1729 1010 ﬁnes
1790 952 2057 1019 Orientis,

478 1057 537 1101 ut
565 1062 685 1102 cum
732 1048 838 1113 bis,
892 1063 1028 1119 quos
1067 1047 1294 1104 Romani
1340 1050 1643 1113 mitterent,
1686 1049 2059 1120 prospicerent

477 1152 535 1193 et
578 1141 843 1207 viderent,
880 1157 983 1209 qua
1033 1141 1245 1198 ratione
1314 1141 1876 1209 arma'deponerent.
1915 1138 2055 1194 Cum

478 1232 573 1285 iile
642 1233 873 1302 primum
932 1242 1218 1304 quaereret,
1274 1248 1521 1303 quaenam
1596 1248 1762 1289 causa
1832 1243 1886 1288 et
1915 1231 2058 1288 ratio

485 1323 655 1378 fuerit
715 1326 1101 1395 quinquaginta
1160 1340 1424 1381 annorum
1490 1325 1735 1380 inducias
1791 1324 2053 1390 violandi,

477 1414 776 1484 prudenter
840 1414 1025 1470 Caesar
1091 1414 1390 1486 respondit,
1468 1429 1528 1470 se
1586 1416 1804 1485 quidem
1874 1430 2054 1485 regem

477 1503 787 1570 Persarum,
826 1508 914 1576 qui
961 1508 1145 1562 senior
1200 1516 1368 1572 esset,
1409 1508 1607 1577 quippe
1639 1508 1754 1577 qui,
1788 1522 1847 1560 se
1879 1507 2057 1561 adhuc

477 1609 669 1666 puero,
728 1596 782 1650 in
811 1595 942 1651 ﬂore
974 1594 1147 1651 aetatis
1180 1611 1293 1651 sua
1329 1597 1662 1651 constitutus
1703 1594 1864 1661 l‘oret,
1895 1609 2057 1669 secu-

480 1699 685 1755 turum,
726 1697 781 1745 et
821 1689 938 1744 sive
988 1704 1159 1756 arma,
1224 1690 1340 1745 sive
1391 1702 1578 1759 pacem
1621 1688 1805 1751 vellet,
1871 1698 2053 1743 utrum

476 1781 753 1851 elegisset,
814 1789 1029 1848 gratum
1102 1791 1495 1849 acceptumque
1558 1779 1889 1835 habiturum.
1958 1778 2055 1834 His

2158 953 2272 1025 ιχοι
2320 955 2414 1008 καὶ
2451 955 2617 1019 αὐτὸς
2652 956 2861 1011 στεῖλαι
2895 958 3024 1021 τοὺς
3070 957 3341 1029 ἄρχοντας
3382 952 3526 1013 κατά
3570 958 3638 1030 δὴ
3680 958 3752 1011 τὰ

2156 1047 2281 1119 ὅρια
2306 1049 2403 1119 τῆς
2432 1048 2571 1116 Ἕω,
2601 1048 2680 1114 ὡς
2716 1048 2782 1104 ἀν
2812 1052 2872 1105 ὲν
2904 1048 2982 1122 τῷ
3014 1048 3166 1121 αὐτῷ
3188 1050 3473 1122 γενόμενοι
3522 1053 3637 1115 τοῖς
3678 1049 3750 1103 εκ

2172 1139 2464 1209 Ῥωμαίων
2520 1141 3074 1213 ἔκπεμφθησομένοις
3147 1144 3476 1214 σκοπήσοιέν
3524 1158 3585 1197 τε
3649 1142 3754 1198 καὶ

2156 1229 2534 1312 διασκέψοιντο
2562 1232 2711 1296 ὅπως
2737 1233 2845 1304 χρὴ
2891 1234 2961 1290 τά
3003 1234 3143 1289 ὅπλα
3177 1234 3531 1289 καταθέσθαι.
3590 1235 3755 1289 Ἀνοτι

2157 1323 2485 1394 κρινομένου
2540 1322 2731 1379 τούτου
2778 1324 3002 1397 πρώτου
3026 1328 3119 1392 τίς
3163 1325 3273 1399 ἀρα
3318 1326 3561 1381 πολιτεία
3592 1327 3611 1359 ¹
3649 1328 3755 1399 τῆς

2158 1409 2366 1473 λύσεως
2418 1413 2529 1467 τῶν
2577 1417 3108 1483 πεντηκοντουτίδων
3144 1417 3391 1472 σπονδῶν
3440 1418 3594 1472 αίτία
3626 1418 3757 1487 ὲγέο

2158 1520 2279 1556 νετο
2301 1543 2316 1569 ,
2370 1496 2415 1573 ᾧ
2448 1505 2555 1565 τινί
2581 1523 2645 1576 γε
2689 1507 2867 1580 δήπου
2897 1510 3318 1583 ἑμφρονέοτατά
3354 1526 3471 1576 πως
3504 1510 3753 1581 ἀπεκρί-

2156 1611 2287 1649 νατο
2313 1597 2343 1649 ὁ
2384 1596 2625 1669 Καίσαρ,
2660 1598 2739 1662 ὡς
2772 1601 3135 1673 πρεσϐυτέρῳ
3168 1601 3499 1673 τυγχάνοντι
3536 1602 3758 1674 βασιλεῖ

2155 1687 2384 1758 Περσῶν
2434 1688 2596 1756 αὐτὸς
2644 1692 2668 1724 ³
2718 1690 2802 1747 ἔτι
2849 1692 2967 1757 νέος
3019 1687 3283 1759 ὢν,’καὶ
3349 1695 3474 1750 ὅσον
3535 1695 3635 1749 ἐπὶ
3683 1693 3755 1764 τῇ

2154 1777 2306 1849 ἀκμῇ
2332 1781 2432 1852 τῆς
2464 1780 2682 1852 ἡλικίας
2718 1782 2963 1850 Χοσρόου
3011 1785 3144 1849 παῖς
3174 1784 3481 1850 καθεστὼς,
3519 1785 3754 1856 ετοιμος

475 1872 640 1928 dictis
698 1872 880 1929 Caesar
918 1872 1160 1928 Nadoem
1221 1874 1446 1939 dimisit,
1513 1885 1613 1927 nec
1691 1871 1862 1927 multo
1935 1884 2057 1941 post

2160 1845 2246 1941 είη
2283 1845 2397 1940 ἐφ’.
2431 1845 2570 1945 ὅπερ
2617 1874 2687 1930 ἀν
2731 1845 2937 1939 ὲκείνος
2962 1845 3223 1949 ἡγήσοιτο
3248 1845 3480 1933 ἕπεσθαί
3512 1880 3585 1943 oi,
3632 1845 3757 1944 καὶ,

475 1967 746 2036 delegavit
814 1967 880 2021 ad
922 1974 1101 2037 partes
1176 1964 1441 2032 Orientis,
1514 1964 1603 2035 qui
1655 1966 2057 2020 controversias

475 2069 739 2131 ponerent
764 2069 965 2116 etcum
1023 2058 1182 2131 110
1221 2059 1504 2116 Persarum
1532 2058 1867 2130 principibus
1911 2073 2053 2113 con-

475 2151 743 2207 venirent.
793 2148 1034 2206 Fuerunt
1078 2166 1205 2207 vero
1258 2150 1351 2220 qui
1405 2151 1556 2207 missi
1612 2160 1739 2206 sunt
1784 2166 1819 2203 a
1854 2148 2057 2203 Roma-

476 2241 562 2296 nis
600 2236 945 2307 Theodorus,
998 2239 1140 2296 Petri
1205 2239 1366 2304 ﬁlius,
1408 2248 1533 2295 ante
1579 2240 1686 2294 dux
1716 2238 2057 2295 numerario-

476 2348 620 2399 rum,
691 2342 817 2387 tunc
860 2334 1121 2403 temporis
1190 2326 1573 2388 thesaurorum
1633 2348 1840 2397 comes,
1914 2342 2052 2401 quos

478 2430 791 2505 largitiones
830 2428 1074 2485 Romana
1130 2428 1311 2498 lingua
1370 2437 1566 2485 vocant
1635 2428 1841 2500 (largos
1897 2425 2047 2481 enim

477 2538 594 2591 008,
639 2523 732 2596 qui
762 2523 1036 2580 liberalius
1083 2540 1177 2579 sua
1208 2521 1558 2594 profundunt,
1601 2521 1780 2578 Latini
1808 2519 2055 2591 vocant),

2159 1964 2271 2017 είτε
2310 1964 2379 2018 τὰ
2407 1964 2533 2037 ξίφη
2568 1965 2815 2035 βούλοιτο
2848 1968 2961 2022 εἴτε
3006 1968 3109 2041 τὴν
3151 1969 3405 2041 ἡσυχίαν,
3442 1970 3757 2041 ἀκολουθή-

2160 2074 2297 2112 σειν.
2370 2058 2733 2131 Ἀποπέμψας
2780 2058 2876 2115 οὖν
2925 2062 3021 2118 ht’t
3056 2063 3285 2118 τοιοῖσδε
3329 2063 3424 2118 τὸν
3458 2062 3761 2133 Ναδὼηνδ

2158 2150 2379 2223 Καῖσαρ
2416 2151 2519 2205 οὐκ
2556 2153 2616 2217 ες
2648 2152 2871 2226 μακρὰν
2904 2155 3001 2211 καὶ
3041 2160 3221 2220 αυτὸς.
3242 2156 3455 2225 ἔστειλε,
3477 2156 3623 2211 κατά
3654 2156 3761 2228 τὴν

2168 2238 2344 2311 Ἐῲαν
2364 2242 2489 2305 τοὺς
2524 2241 2581 2296 εὖ
2609 2243 2972 2315 διαθήσοντας
3004 2246 3072 2303 τά
3100 2245 3401 2317 ἀμφίϐολα,
3440 2249 3498 2309 ις
3548 2246 3762 2301 ταυτὸν

2161 2333 2655 2405 συνελευσομένους
2701 2339 2817 2402 τοῖς
2861 2338 3089 2411 Περσῶν
3123 2340 3404 2411 ἡγεμόσιν.
3459 2334 3651 2394 Ἦσαν
3702 2341 3763 2395 δὲ

2156 2424 2208 2477 oi
2247 2425 2533 2489 σταλέντες
2589 2427 2865 2499 Θεόδωρος
2910 2432 2940 2485 ὁ
2995 2430 3249 2503 Πέτρου,
3290 2431 3350 2496 ὃς
3397 2434 3507 2488 τῶν
3561 2438 3626 2491 ὲν
3684 2437 3759 2507 τῇ

2159 2516 2299 2590 αὐλῇ
2367 2520 2689 2589 καταλόγων
2742 2522 2854 2597 πρὸ
2911 2524 3107 2579 τούτου
3164 2525 3463 2598 γενόμενος
3519 2529 3765 2602 ἡγεμὼν

475 2616 711 2673 Joannes
775 2626 831 2671 et
883 2613 1076 2671 Petrus
1145 2616 1304 2671 ambo
1370 2616 1687 2672 consulatus
1782 2614 2047 2687 dignitate

2160 2607 2465 2679 τηνικαῦτα
2498 2611 2609 2666 τῶν
2643 2610 2857 2683 βασιλεῖ
2898 2613 3206 2685 ἀνειμένων
3244 2619 3602 2689 προειστήκει
3656 2622 3767 2696 οη-

475 2709 691 2777 ornati;
750 2709 1373 2781 przeterea,Zacharias
1433 2708 1486 2764 in
1539 2709 1814 2780 regiorum
1885 2708 2057 2765 medi-

2160 2703 2421 2773 σαυρῶν,
2469 2703 2525 2758 οῖ
2564 2722 2628 2773 γε
2681 2705 2792 2762 ἀπὸ
2847 2707 2948 2777 τῆς
3000 2705 3285 2777 δαψιλείας
3335 2711 3402 2780 τῇ
3460 2709 3766 2779 Ῥωμαίων

478 2816 667 2857 eorum
700 2816 982 2857 numerum
1015 2802 1237 2857 relatus.
1277 2800 1341 2857 Hi
1368 2816 1495 2857 vero
1524 2801 1613 2857 ubi
1640 2800 2056 2858 Constantinam

2161 2796 2671 2868 προσαγορεύονται
2717 2800 2871 2869 φωνῇ
2905 2799 3173 2869 (λαργοὺς
3224 2800 3336 2871 γάρ
3365 2802 3413 2855 οί
3445 2804 3675 2858 Λατῖνοι
3701 2803 3768 2859 ab

476 2893 667 2948 urbem
718 2894 771 2948 in
807 2894 1195 2964 Mesopotamia
1246 2896 1404 2949 sitam
1445 2895 1806 2959 advenerunt,
1856 2893 2045 2951 ﬂebo-

2160 2890 2380 2962 δαψιλὲς
2429 2891 2450 2923 ³
2481 2889 2893 2961 ὀνομάζουσιν),
2961 2891 3218 2963 Ἰωάννης
3264 2910 3326 2948 τε
3364 2896 3477 2949 “ttat
3515 2896 3764 2967 Πέτρος,

477 2985 599 3039 dem
664 2985 1179 3057 Sannacboerigam,
1225 2986 1313 3055 qui
1342 3000 1373 3039 a
1402 2985 1643 3041 Chosroe
1683 2986 1735 3039 in
1762 2984 1878 3041 loca
1912 2986 2057 3041 circa

2160 2985 2327 3055 ἄμφω
2357 2986 2423 3054 τῇ
2470 2984 2582 3037 τῶν
2614 2981 2840 3038 ὑπάτων
2880 2983 3240 3054 τετιμημένοι
3285 2985 3434 3057 ἀξίᾳ,
3490 2986 3630 3056 πρϐς
3696 3003 3765 3056 γε

473 3074 688 3132 Nisibin
730 3086 781 3133 et
830 3076 998 3133 Daras
1044 3078 1241 3132 missus
1266 3087 1406 3142 erat,
1438 3085 1846 3148 exspectarunt.
1898 3079 2041 3134 Huic

2161 3078 2256 3132 καὶ
2299 3075 2579 3149 Ζαχαρίας
2642 3076 2701 3132 έν
2751 3076 2865 3138 τοῖς
2919 3073 3217 3147 βασιλείοις
3268 3080 3763 3148 καταπαττόμενος

478 3170 625 3223 cnim
692 3169 903 3238 plenam
979 3169 1127 3237 pacls
1186 3166 1572 3223 conﬁrmandae
1663 3169 2041 3224 auctoritatem

2164 3172 2395 3243 ίατροϊς.
2428 3169 2493 3225 Οἳ
2541 3170 2607 3241 δὴ
2632 3168 2918 3240 γενόμενοι
2955 3170 3015 3234 ις
3047 3169 3471 3225 Κωνσταντίναν
3514 3170 3680 3226 πάλιν
3716 3172 3765 3239 ⁸,

476 3259 748 3317 Cltosroes
787 3260 1149 3315 commiserat.
1187 3258 1385 3314 Eodem
1442 3257 1555 3313 fere
1605 3266 1848 3330 tempore
1892 3260 2043 3317 (ἕδος

479 3368 637 3409 sroes
676 3354 955 3408 Asterium
1003 3352 1073 3424 (is
1118 3362 1234 3408 erat
1273 3368 1411 3409 unus
1442 3368 1509 3409 ex
1541 3355 1887 3425 imperatoris
1911 3356 2055 3424 judi-

480 3446 654 3513 cibus,
728 3458 869 3517 quos
940 3444 1346 3501 contrascribas
1448 3446 1764 3517 vocaveris)
1834 3446 2055 3514 occidit,

482 3538 605 3609 quia
654 3538 1023 3608 deprehensus
1065 3548 1166 3605 est,
1226 3540 1357 3595 dum
1397 3538 1644 3607 captivus
1684 3547 1851 3605 esset,
1909 3539 2053 3595 clam

480 3629 689 3687 litteras
755 3630 1043 3700 scripsisse
1115 3630 1182 3685 ad
1221 3630 1600 3699 imperatorem
1661 3628 2058 3696 Romanorum,

483 3736 562 3792 ut,
595 3725 722 3781 dum
766 3738 852 3780 res
900 3722 1185 3779 Persarum
1216 3721 1426 3779 amicta:
1473 3730 1677 3788 essent,
1708 3737 1802 3777 eos
1870 3722 2058 3778 adori-

479 3830 650 3876 retur.
727 3816 985 3883 Mebodes
1073 3831 1197 3872 cum
1268 3817 1333 3870 ad
1415 3816 1615 3871 limites
1706 3816 2058 3879 accessisset,

481 3922 757 3966 certamen
800 3909 874 3963 illi
925 3922 1045 3964 cum
1084 3907 1371 3964 Theodoro
1402 3916 1455 3963 et
1475 3907 1743 3963 Zscbaria
1798 3907 2062 3977 imprimis

480 4002 601 4064 fuit,
652 4015 762 4072 quo
812 4001 865 4057 iu
912 3999 1029 4055 loco
1064 4002 1435 4056 convenirent.
1499 3998 1729 4055 Romani
1779 4001 2060 4070 petebant,

488 4102 817 4151 conventum
878 4094 960 4163 agi
1004 4092 1059 4147 in
1112 4092 1355 4147 ﬁnitimis
1422 4091 1591 4147 Duras
1635 4092 1791 4158 locis,
1865 4094 2064 4162 quippe

480 4202 602 4258 qum
638 4201 736 4263 sua
784 4193 992 4242 essent.
1027 4185 1225 4240 Contra
1262 4183 1437 4239 Persae
1472 4185 1745 4251 dicebant,
1805 4186 2061 4256 quando-

481 4279 700 4349 quidem
758 4293 821 4334 ea
886 4279 1019 4334 urbs
1087 4276 1205 4346 jure
1274 4276 1399 4331 belli
1476 4277 1735 4335 Romanis
1814 4278 2059 4349 subjecta

482 4380 647 4442 esset.
681 4386 787 4427 non
816 4385 845 4425 a
881 4368 1352 4451 verisimilitudine
1404 4368 1635 4424 alienum
1666 4383 1807 4435 esse,
1832 4383 2054 4430 omnem

490 4470 763 4537 regionem
814 4465 961 4520 circa
1018 4463 1164 4519 illam
1219 4478 1405 4518 eorum
1456 4462 1702 4532 partibus
1756 4462 2057 4527 adhaerere,

2161 3263 2261 3333 τὴν
2316 3261 2519 3334 μεταξὺ
2568 3262 2681 3316 τῶν
2718 3260 3019 3331 ποταμῶν,
3072 3262 3342 3333 ἀνέμενον
3390 3261 3765 3331 δλευσόμενον

2162 3357 2227 3409 ὲκ
2263 3354 2361 3409 τοῦ
2390 3354 2637 3427 Χοσρόου
2698 3354 2759 3419 ές
2813 3354 2884 3408 τά
2928 3354 3061 3423 περὶ
3105 3354 3322 3409 Νίσιϐιν
3351 3354 3450 3410 καὶ
3477 3354 3538 3408 τὸ
3563 3356 3767 3426 Δάρας

2161 3444 2432 3517 Μεϐώδην
2490 3445 2584 3502 τὸν
2629 3445 3104 3517 Σανναθοερύγαν,
3146 3439 3189 3516 ᾧ
3219 3447 3284 3520 δὴ
3321 3447 3384 3500 τὸ
3419 3447 3595 3518 κῦρος
3645 3449 3766 3503 τῶν

2162 3537 2293 3609 περὶ
2338 3537 2438 3610 τὴν
2468 3538 2692 3612 εἰρήνην
2742 3539 2979 3611 ἐπέθηκε
3012 3539 3287 3611 Χοσρόης.
3334 3538 3474 3594 Κατ’
3502 3539 3677 3595 αὐτὸν
3700 3539 3765 3595 δὲ

2160 3627 2255 3682 τὸν
2286 3628 2477 3700 χρόνον
2509 3632 2609 3683 καὶ
2643 3629 2945 3701 ’Δστέριος,
2979 3628 3060 3694 εἷς
3094 3630 3203 3685 τῶν
3227 3629 3520 3702 βασιλείων
3544 3630 3768 3703 διαπη-

2160 3722 2291 3791 τῶν,
2322 3722 2415 3787 οὓς
2446 3722 2510 3793 δὴ
2536 3724 2907 3795 ἀντιγραφέας
2947 3722 3348 3791 ἀποκαλέσοις,
3400 3724 3763 3796 ὼρυάλωτος

2162 3814 2238 3870 ὢν
2296 3816 2538 3890 ἀνῃρέθη
2583 3816 2690 3872 ὑπὸ
2736 3817 3000 3890 Χοσρὸου,
3053 3818 3327 3888 φωραθεὶς
3381 3818 3455 3879 ὡς
3506 3816 3766 3889 κρύϐδην

2164 3903 2463 3976 ἐγεγράφει
2512 3904 2724 3977 βασιλεῖ
2770 3906 2881 3960 τῶν
2919 3906 3219 3977 Ῥωμαίων
3263 3905 3548 3961 ἐπιθέσθαι
3582 3923 3763 3963 κεκα-

2163 3994 2437 4067 κωμένοις
2468 3996 2565 4051 νῦν
2610 3995 2873 4069 Πέρσαις.
2920 3996 3182 4053 Μεϐὠδου
3214 3996 3273 4052 δὲ
3318 3997 3664 4067 ἀφικομένου
3698 4000 3765 4052 ἐν

2163 4088 2278 4151 τοῖς
2310 4086 2485 4160 δρίοις
2520 4087 2725 4159 ἅμιλλα
2776 4092 2878 4159 μέν
2930 4106 3016 4153 τις
3045 4090 3237 4158 γέγονε
3284 4088 3554 4159 πρότερον
3596 4089 3765 4160 αὐτῷ

2162 4195 2223 4233 τε
2259 4178 2356 4233 καὶ
2407 4182 2520 4244 τοῖς
2566 4181 2712 4252 ἀμφὶ
2744 4181 3012 4253 Θεοδώρῳ
3041 4184 3136 4237 καὶ
3178 4182 3426 4254 Ζαχαρία
3470 4181 3609 4253 περὶ
3658 4182 3765 4236 τοῦ

2163 4275 2287 4329 ὅποι
2315 4274 2435 4330 δέον
2472 4275 2801 4347 ποιήσασθαι
2827 4274 2928 4346 τὴν
2954 4274 3285 4343 ξυνέλευσιν.
3339 4275 3607 4346 Ῥωμαῖοι
3654 4275 3765 4344 μὲν

2163 4365 2274 4436 γὰρ
2299 4363 2487 4435 ἠξίουν
2510 4365 2569 4418 ὲν
2602 4368 2716 4428 τοίς
2743 4363 2993 4420 τελοῦσιν
3016 4364 3109 4417 ἐπὶ
3137 4366 3157 4397 ⁸
3185 4364 3246 4418 τὸ
3276 4364 3455 4434 Δάρας
3498 4363 3762 4435 χωρίοις,

2160 4451 2255 4512 οἷα
2274 4454 2339 4529 δὴ
2362 4456 2587 4536 οίκείοις
2619 4458 2953 4524 καθεστῶσι,
2975 4454 3389 4528 ξυγκροτεῖσθαι
3413 4448 3513 4525 τῆν
3546 4457 3767 4527 ἐκκλη-

488 4573 666 4627 ueque
726 4557 837 4613 illic
880 4557 948 4613 ad
996 4556 1317 4627 colloquium
1384 4556 1674 4611 convenire
1779 4566 2056 4624 oportere,

2167 4551 2327 4605 σίαν⁶
2368 4534 2511 4622 ἀτάρ
2550 4553 2597 4603 oi
2628 4550 2838 4620 Πέρσαι
2864 4549 3127 4619 ἔφασκον,
3164 4548 3286 4603 ἐπεὶ
3310 4550 3343 4617 ή
3374 4547 3531 4610 πόλις
3563 4548 3764 4613 αὐτοῖς

489 4652 616 4720 quia
662 4652 885 4705 minime
907 4650 1057 4721 regio
1088 4648 1175 4705 illa
1218 4658 1363 4705 esset
1403 4649 1544 4704 inter
1582 4646 1885 4703 limitaneas
1924 4662 2056 4703 cen-

488 4740 677 4797 senda.
722 4739 849 4797 Post
904 4741 1041 4807 haec,
1083 4738 1193 4811 (sic
1226 4740 1368 4794 enim
1422 4739 1668 4809 utrisque
1711 4738 1930 4807 visum),
1989 4737 2058 4793 ad

485 4834 906 4904 colloquendum
974 4818 1351 4889 convenerunt
1402 4834 1456 4887 in
1499 4832 1641 4895 loco,
1707 4832 1799 4901 qui
1860 4830 2059 4887 dicitur

484 4929 763 4994 Atraclon,
786 4935 841 4985 et
870 4942 994 4984 cum
1025 4926 1129 4983 illis
1163 4942 1377 4997 quoque
1408 4926 1714 4996 reipublica:
1775 4928 2059 4994 utriusque

477 5020 773 5091 principes,
828 5020 919 5091 qui
966 5034 1061 5075 eas
1131 5019 1379 5089 regiones
1446 5018 1775 5073 incolebant.
1862 5017 2105 5079 lllicin,

483 5114 721 5169 medium
760 5119 1172 5183 proposuerunt,
1212 5126 1345 5180 quas
1387 5111 1525 5165 ultro
1572 5111 1817 5180 citroque
1865 5111 2061 5165 existi-

482 5205 712 5263 mabant
735 5205 937 5261 habere
953 5219 1013 5261 se
1038 5204 1527 5275 mutuoaccusandi
1552 5217 1768 5270 causas,
1790 5217 1906 5273 quae.
1928 5202 2065 5257 alter

481 5298 715 5369 popuius
750 5298 905 5353 alteri
946 5297 1140 5353 damna
1177 5290 1483 5362 intulisset,
1526 5306 1619 5350 aut
1647 5296 1845 5352 bellum
1878 5294 2061 5351 facere

483 5396 937 5465 prazoccupasset.
992 5387 1176 5460 itaque
1204 5402 1328 5444 cum
1371 5388 1588 5459 utrique
1619 5387 1798 5458 plures
1851 5401 2065 5441 sermo-

2161 4645 2240 4719 τῷ
2270 4645 2459 4718 θεσμῷ
2495 4644 2592 4698 τοῦ
2632 4643 2871 4714 πολέμου
2902 4642 3195 4712 ὑπεκλίθη,
3244 4642 3345 4695 οὐκ
3377 4641 3485 4696 ἀπὸ
3518 4646 3762 4711 τρόπου,

2161 4739 2257 4793 καὶ
2293 4738 2363 4793 τὰ
2397 4738 2498 4791 ὅσα
2531 4753 2593 4807 γε
2623 4735 2730 4789 ὑπὸ
2760 4737 2859 4804 τὴν
2886 4734 3043 4789 πόλιν
3071 4734 3333 4806 ἁρμόζειν
3359 4733 3567 4799 αὐτοῖς,
3604 4735 3711 4787 καὶ
3740 4736 3764 4768 ⁸

2160 4832 2222 4886 οὐ
2267 4832 2387 4886 δέον
2428 4831 2607 4885 ἐκεῖσε
2638 4828 2900 4897 ξυνιέναι,
2931 4822 3019 4883 οἷα
3055 4828 3133 4901 μὴ
3164 4827 3525 4883 καθεστώτων
3558 4827 3764 4895 ὁροθε-

2162 4928 2295 4979 σίων
2323 4924 2363 4979 ⁷.
2408 4924 2563 4979 Μετά
2587 4923 2719 4993 γοῦν
2747 4921 2942 4987 ταῦτα,
2976 4920 3129 4977 οὕτω
3164 4920 3358 4975 δοκοῦν
3407 4921 3761 4993 ἀμφοτέροις

2158 5019 2271 5082 τοῖς
2305 5018 2517 5089 μέρεσι,
2550 5015 2807 5087 ξυνῆλθον
2849 5017 2909 5070 ἐν
2950 5016 3030 5087 τῷ
3075 5014 3143 5087 δὴ
3168 5013 3451 5087 λεγομένῳ
3499 5014 3759 5085 ’Δθραή-

2158 5109 2299 5176 1m,-
2338 5110 2473 5181 πρὸς
2501 5111 2615 5171 τοῖς
2642 5108 2735 5161 καὶ
2763 5107 2813 5161 oi
2860 5105 3148 5177 ἐπιχώριοι
3177 5104 3437 5177 ἄρχοντες
3467 5104 3761 5170 πολιτείας

2162 5198 2503 5271 ἀμφοτέρας.
2538 5201 2652 5256 Καὶ
2679 5200 2859 5253 τοίνυν
2898 5197 3259 5271 πρώτίθεσαν
3284 5199 3349 5261 ἃς
3378 5198 3400 5230 ⁸
3432 5213 3498 5268 γε
3539 5197 3761 5269 δήπου⁴

2166 5295 2257 5348 θεν
2284 5294 2453 5365 ᾤοντο
2475 5294 2595 5347 κατ’
2623 5291 2870 5364 ἀλλήλων
2901 5291 2999 5355 τὰς
3024 5291 3302 5355 πολιτείας
3326 5291 3348 5323 ⁸
3375 5289 3759 5362 έχειναίτίας,

2164 5384 2240 5451 ὠς
2270 5388 2368 5455 τῆς
2404 5385 2598 5457 ἐτέρας
2648 5383 2752 5455 τὴν
2805 5384 3000 5456 ἑτέραν
3045 5384 3207 5440 ἀδικά
3236 5399 3298 5437 τε
3350 5386 3445 5437 καὶ⁵
3483 5384 3588 5455 οὐχ
3621 5384 3758 5436 ὅσια

1748 5565 1986 5624 ἾΔΗΙΕ
2024 5561 2424 5627 LECTIONES.

559 5715 607 5746 "
630 5711 689 5776 δς
714 5712 817 5776 τῖις
876 5712 966 5781 ll.,
1005 5713 1156 5778 ὅστις
1187 5712 1335 5787 vulg.
1413 5713 1431 5748 ⁸
1467 5712 1554 5777 τίς
1605 5712 1721 5785 ἀρα
1778 5709 2025 5766 πολιτεία
2061 5708 2153 5777 Η.,
2195 5707 2295 5777 τῆς
2327 5707 2437 5779 ἀρα
2480 5704 2760 5765 πολιτείας
2779 5702 2873 5760 vul
2914 5742 2927 5757 .
3004 5702 3028 5738 ³
3059 5699 3225 5766 αὐτὸς
3254 5696 3347 5767 ΙΙ..
3377 5699 3566 5763 αὐτοῖς
3598 5716 3671 5756 νει
3739 5742 3757 5758 .

561 5785 656 5831 ob:
688 5754 931 5831 δαιίιιλεῐς
974 5784 1121 5831 enni-
1147 5784 1213 5831 Ν-
1320 5784 1343 5818 δ
1373 5783 1783 5831 Κωνσταψείνου
1834 5782 1993 5831 πόλιν
2034 5782 2136 5831 τὴν
2188 5778 2253 5831 H.
2290 5776 2498 5831 lmalel.
2544 5780 2565 5813 ⁸
2593 5775 2699 5831 ὑπὸ
2734 5775 2818 5831 Β..
2876 5718 2973 5831 επὶ
3026 5772 3175 5831 νυιι.
3227 5804 3236 5812 -
3283 5772 3307 5806 ⁸
3333 5771 3429 5826 καὶ
3472 5786 3584 5827 om.
3650 5699 3753 5831 ἃ.

485 5783 516 5855 v_
529 5754 1213 5855 τοὺῖδέιὶιῖλεὶΐῶἶιίξίνῖ

1320 5784 1343 5818 δ
1373 5775 1783 5841 Κωνσταντίνου
1834 5782 1993 5836 πόλιν
2034 5775 2145 5854 τὴν
2290 5775 2498 5854 (male).
2544 5780 2565 5813 ⁸
2593 5775 2699 5831 ὑπὸ
2734 5775 2818 5843 B.,

484 5852 613 5917 Par,
637 5848 650 5851 ⁷
686 5855 706 5888 ⁷
733 5848 1007 5930 (poetam
1066 5848 1209 5929 vulg.
1283 5857 1306 5891 ⁸
1334 5854 1399 5919 ἀς
1448 5856 1533 5926 B.,
1583 5854 1661 5920 ὥς
1714 5854 1859 5927 vnlg.
1936 5853 1958 5886 ⁹
1982 5848 2102 5925 τῆς⁷
2139 5849 2259 5907 πολ.
2292 5848 2437 5923 vulg.

3026 5772 3175 5847 vnlg.
3227 5804 3236 5812 -
3283 5772 3307 5806 ⁸
3333 5771 3429 5851 καὶ
3472 5786 3584 5834 om.
