4070 6328
520 293 624 363 831

1376 286 1774 351 EXCERPTA
1810 289 1915 351 EX
1953 288 2381 351 MENANDRO
2422 287 2921 353 PROTECTORE

3673 285 3779 349 832

521 414 613 481 qui
648 410 752 466 illis
782 422 981 481 genere
1020 406 1294 477 conjunCIi
1329 417 1504 474 erant,
1561 418 1615 464 et
1664 424 1876 475 omnes,
1924 409 2014 478 qui
2068 423 2098 463 a

2204 405 2377 460 ἔσοιτο
2428 406 2499 462 si
2553 406 2856 480 πράγματα
2889 405 3135 479 Περσῶν.
3178 404 3317 469 Τοὺς
3345 404 3531 476 μέντοι
3563 406 3791 477 γενεάρ-

520 503 701 559 Persis
749 503 815 557 ad
847 501 1120 557 Romanos
1149 500 1539 573 confugissent,
1598 502 1747 558 nullo
1793 501 1953 557 modo
1989 512 2101 557 tra-

520 594 725 650 dendos
748 606 868 648 esse
901 594 1094 647 statuit
1118 608 1133 646 :
1164 593 1272 648 imo
1301 608 1406 647 non
1433 593 1538 648 alia
1573 593 1883 649 conditione
1910 609 2095 662 pacem

521 682 868 745 servandam,
901 682 1003 736 nisi
1041 682 1273 737 liberum
1303 683 1375 737 sit
1403 682 1798 740 Persarmeniis
1826 693 1879 739 et
1908 683 2095 748 Iberis,

518 772 610 840 qui
635 787 785 828 suam
818 773 1050 843 patriam
1100 775 1439 844 reliquerint,
1466 776 1531 831 ad
1561 776 1928 832 Romanorum
1971 792 2098 847 par—

522 873 603 919 tes
643 868 900 922 transire.
939 866 1151 923 Etenim
1180 868 1363 925 Caesar
1392 869 1617 923 multum
1653 869 1707 925 in
1745 884 1810 926 eo
1847 884 2097 925 sermone

518 964 771 1014 versatus
806 966 912 1024 est,
962 976 989 1012 a
1029 960 1334 1016 Iustiniano
1375 961 1705 1029 imperatore
1742 960 2096 1031 jurejurando

522 1048 681 1103 ﬁdem
726 1050 907 1105 datam
958 1052 1116 1122 122
1159 1067 1280 1109 esse
1308 1052 1703 1109 Persarmeniis
1747 1065 1802 1109 et
1849 1054 1954 1121 his,
2002 1055 2095 1125 qni

518 1155 588 1194 ex
618 1141 790 1197 Iberia
830 1143 1229 1213 migraverant;
1284 1154 1445 1215 atque
1477 1147 1611 1201 adeo
1644 1147 1821 1216 ipsum
1862 1147 2098 1216 impera-

521 1243 693 1285 torem
720 1232 960 1301 iurasse,
992 1247 1253 1305 quantum
1282 1236 1334 1291 in
1373 1252 1430 1293 se
1459 1249 1625 1303 esset,
1661 1237 1811 1293 omni
1855 1253 1956 1307 ope
2001 1253 2098 1293 an-

518 1322 787 1389 nisurum,
832 1340 939 1393 quo
970 1334 1196 1392 terram,
1230 1341 1350 1397 qua:
1382 1328 1526 1395 ipsos
1557 1329 1787 1393 aluerat,
1824 1329 1927 1384 sibi
1968 1330 2098 1383 sub-

516 1415 716 1486 iectam
750 1417 1006 1473 efﬁceret.
1048 1416 1236 1487 Neque
1272 1428 1450 1475 tamen
1496 1422 1541 1475 si
1580 1421 1781 1477 bellum
1819 1421 1889 1476 ad
1934 1421 2096 1476 tinent

519 1522 692 1578 usque
730 1511 1027 1579 perducere
1062 1525 1167 1566 non
1205 1520 1407 1581 posset,
1453 1513 1773 1569 defectionis
1821 1522 2092 1579 auctores,

519 1611 615 1655 aut
642 1598 733 1671 qui
756 1617 823 1657 ex
850 1616 1037 1659 eorum
1082 1618 1282 1674 genere
1310 1615 1368 1660 et
1390 1606 1863 1677 consanguinitate
1890 1615 2093 1673 essent,

518 1703 611 1749 aut
642 1694 802 1751 alium
844 1710 1192 1766 quemquam,
1226 1708 1281 1753 et
1313 1707 1372 1753 ut
1413 1699 1594 1753 omnia
1656 1701 1827 1754 verbo
1857 1700 2095 1770 comple-

2202 515 2301 569 χας
2327 500 2778 572 Περσαρμενίων,
2800 501 2937 557 ἀλλὰ
2963 501 3071 573 γὰρ
3099 500 3339 564 καὶτοὺς
3357 500 3436 570 τῷ
3462 499 3611 568 γένει
3640 500 3793 569 σφῶν

2202 589 2535 662 ἡνωμένους,
2572 594 2667 648 καὶ
2709 594 2896 659 ἁπλῶς
2921 596 3015 649 τὸν
3060 592 3343 648 ὁντιναοῦν
3375 593 3433 647 οἵ
3449 610 3515 661 γε
3555 594 3791 660 αὐτομο-

2201 682 2465 753 λήσαντες
2506 683 2649 759 ἦσαν
2696 687 2773 753 ὡς
2812 688 3139 760 Ῥωμαίους,
3182 685 3306 740 οὔτε
3350 686 3647 740 ὲκδώσειν’
3671 685 3793 739 ἀλλ’

2198 777 2319 832 οὐδὲ
2359 778 2563 850 ἑτέρως
2594 782 2935 852 ἐμπεδώσειν
2979 782 3188 852 ἔφασκε
3232 783 3333 848 τὴν
3362 781 3611 851 εἰρήνην,
3654 778 3711 831 εἴ
3729 794 3795 847 γε

2203 867 2277 938 μὴ
2327 870 2478 924 ἄδεια
2508 870 2686 927 ἔσοιτο
2730 875 2845 938 τοῖς
2896 873 3242 944 βουλομένοις
3264 870 3698 943 Περσαρμενίων
3734 887 3795 924 τε

2201 961 2295 1013 καὶ
2339 962 2584 1034 ’16ήρων,
2613 966 2715 1035 τήν
2758 964 3032 1037 σφετέραν
3082 964 3427 1026 ἐκλιπόντας,
3476 962 3797 1016 ἀνασκευά-

2201 1052 2396 1107 σασθαι
2435 1054 2491 1118 ἐς
2557 1053 2659 1125 τὴν
2701 1056 3012 1127 Ῥωμαίων.
3062 1055 3235 1122 Λόγον
3287 1055 3397 1124 γὰρ
3442 1054 3543 1123 οὐχ
3591 1052 3798 1121 ἣκιστα

2200 1146 2438 1200 ἐποιεῖτο
2462 1146 2631 1201 πολὺν
2658 1149 2687 1199 ὁ
2713 1149 2932 1219 Καίσαρ
2953 1148 3061 1203 τῶν
3082 1146 3496 1219 ὀμωμοσμένων
3522 1146 3631 1197 ὑπὸ
3665 1146 3799 1199 Ἰου-

2201 1237 2472 1290 στινιανοῦ
2508 1238 2604 1291 τοῦ
2634 1238 2901 1308 βασιλέως
2927 1240 3040 1301 τοῖς
3076 1236 3512 1307 Περσαρμενιοις
3555 1235 3652 1288 καὶ
3686 1236 3799 1297 τοῖς

2202 1330 2661 1402 μεταχωρήσασιν
2696 1329 2940 1401 Ἰϐήρων.
2983 1329 3297 1400 ὀμωμόκει
3317 1329 3425 1398 γὰρ
3451 1331 3477 1381 ὁ
3510 1326 3796 1399 βασιλεὺς,

2196 1425 2271 1487 ὡς
2299 1422 2527 1476 καθόσον
2559 1417 2672 1476 οἷόν
2699 1423 2760 1475 τέ
2804 1424 2955 1475 ἐστιν
2991 1420 3164 1489 αὐτῷ,
3204 1420 3420 1475 ἃπαντα
3442 1419 3800 1489 ἀνακινήσειν

2196 1516 2420 1586 τρόπον,
2459 1513 2534 1577 ὡς
2564 1512 2632 1567 ἂν
2662 1514 2754 1567 καὶ
2786 1513 2956 1583 αὐτήν
2984 1530 3044 1581 γε
3072 1514 3251 1582 δήπου
3288 1513 3390 1581 τὴν
3437 1511 3800 1583 θρεψαμένην

2200 1607 2344 1675 σφᾶς
2379 1606 2670 1676 ποιήσεται
2693 1603 3010 1673 ὑποχείριον
3036 1619 3050 1634 ·
3088 1603 3139 1655 εί
3177 1602 3235 1656 δέ
3262 1618 3327 1671 γε
3351 1598 3483 1672 ἄχρι
3505 1600 3707 1663 τέλους
3736 1597 3799 1652 οὗ

2198 1717 2249 1752 τι
2280 1698 2457 1752 ἔσοιτο
2487 1696 2719 1760 δυνατὸς
2770 1695 2909 1765 πρὸς
2957 1694 3054 1749 τὸν
3084 1694 3325 1766 πόλεμον
3352 1694 3627 1759 ἀνθέξειν,
3661 1693 3801 1747 ἀλλὰ

521 1787 896 1857 cteretur,qui
925 1792 1199 1858 particeps
1231 1788 1537 1858 reipublicae
1564 1790 1824 1844 Romanae
1855 1768 2101 1844 ﬁerivel-

2202 1788 2329 1852 τοὺς
2372 1787 2583 1851 αίτίους
2643 1788 2741 1857 τῆς
2789 1785 3143 1849 ἀποστάσεως
3200 1784 3297 1839 καὶ
3323 1784 3452 1848 τοὺς
3479 1783 3561 1854 τῷ
3584 1784 3787 1853 αἵματι

519 1877 616 1945 let,
669 1892 908 1948 unquam
962 1878 1205 1935 deditum
1251 1879 1338 1935 iri.
1396 1878 1564 1937 Grata
1612 1890 1668 1936 et
1714 1881 1951 1952 jucunda
2009 1896 2098 1936 res

516 1969 809 2025 Persarum
849 1970 961 2039 regi
1002 1971 1253 2041 contigit,
1284 1974 1555 2030 llomanos
1580 1972 1835 2028 Armenia
1888 1982 1943 2028 et
1982 1973 2103 2029 lbe-

518 2062 597 2116 ria
626 2063 839 2127 cedere,
861 2063 1021 2118 modo
1050 2065 1237 2119 barum
1272 2065 1552 2136 regionum
1592 2064 1810 2131 incolis,
1838 2080 1947 2132 quo
1994 2064 2105 2121 vel-

516 2151 632 2209 lent
675 2155 757 2209 ire
796 2155 1122 2222 habitatum,
1176 2165 1499 2226 potestatem
1548 2156 1775 2213 faceret.
1849 2156 1958 2213 Nec
1983 2159 2101 2213 sine

517 2243 751 2309 ratione,
782 2257 902 2299 meo
930 2244 1149 2314 quidem
1170 2245 1399 2313 judicio.
1466 2244 1612 2302 Satis
1652 2248 1799 2302 enim
1852 2258 2098 2312 noverat,

519 2336 708 2405 paucis
749 2338 994 2407 exceptis
1030 2354 1096 2393 ex
1132 2338 1508 2409 "principibus,
1556 2338 1649 2408 qni
1682 2339 2003 2396 defectionis
2034 2341 2102 2395 ad

515 2426 797 2485 Romanos
828 2439 1079 2486 auctores
1113 2429 1350 2499 fuerant,
1382 2432 1524 2498 fore,
1577 2440 1637 2487 ut
1680 2432 1874 2502 reliqui
1918 2447 2103 2490 amore

516 2531 571 2575 et
605 2520 877 2577 desiderio
923 2532 1079 2578 terrae
1121 2522 1325 2579 altricis
1363 2524 1509 2594 capti
1554 2524 1680 2593 (hoc
1716 2525 1863 2580 enim
1905 2533 2099 2579 natura

514 2613 767 2669 omnibus
796 2615 1106 2671 hominibus
1148 2617 1392 2672 innatum
1432 2616 1560 2687 est.)
1597 2616 1821 2673 minime
1851 2619 1919 2673 ad
1948 2627 2103 2673 este-

514 2720 609 2762 ros
671 2707 1059 2778 demigrarent.
1132 2707 1190 2765 ln
1262 2724 1414 2779 spem
1472 2710 1638 2767 etiam
1708 2709 2099 2777 adducebatur,

517 2796 663 2851 bello
687 2797 866 2867 posito
894 2799 949 2854 in
983 2801 1408 2856 commodiorem
1434 2810 1637 2858 statum
1668 2816 1760 2858 res
1786 2802 2104 2860 Persarme-

516 2886 623 2943 nise
673 2898 731 2944 et
779 2888 970 2945 Iberia:
1042 2891 1320 2947 redactum
1384 2891 1471 2947 iri.
1537 2891 1673 2948 Nam
1717 2891 1802 2947 hae
1855 2893 2102 2963 regiones

515 2988 677 3035 erant
719 2979 963 3037 fecundae
1006 2991 1061 3037 et
1103 2982 1368 3048 omnium,
1418 2998 1539 3053 quc
1573 2984 1640 3038 ad
1689 2985 1857 3039 vitam
1912 3000 2101 3042 neces-

516 3074 659 3127 saria
695 3082 845 3140 sunt,
876 3072 1109 3141 feraces,
1137 3076 1282 3132 unde
1304 3075 1482 3147 ampla
1510 3076 1709 3133 tributa
1734 3085 1789 3133 et
1819 3078 2097 3149 vectigalia

516 3164 695 3236 colligi
734 3174 1002 3234 poterant.
1055 3165 1243 3238 Itaque
1280 3166 1575 3223 Persarum
1612 3169 1725 3241 regi
1766 3168 1971 3241 placuit
2011 3170 2099 3227 bis

518 3256 922 3313 conditionibus
952 3272 981 3312 a
1014 3257 1154 3314 bello
1188 3257 1492 3315 discedere.
1531 3260 1613 3315 Ad
1640 3261 1774 3328 haec,
1808 3274 1876 3316 ne
1905 3276 2009 3333 qua
2041 3262 2098 3317 in

517 3356 795 3415 posterum
820 3357 1053 3406 restaret
1080 3352 1204 3406 belli
1229 3366 1417 3416 causa,
1453 3351 1655 3408 Garsari
1684 3353 1834 3409 venit
1865 3353 1921 3409 in
1950 3369 2103 3411 metu»

522 3446 633 3495 tem
657 3442 921 3513 cogitare,
945 3451 1007 3497 ut
1038 3458 1136 3512 pro
1158 3442 1534 3501 Persarmenia
1560 3456 1614 3502 et
1649 3444 1824 3502 Iberia
1842 3449 2099 3517 oppidum

524 3531 700 3588 Daras
726 3548 757 3588 a
783 3532 966 3591 Persis
998 3534 1239 3591 vicissim
1265 3535 1578 3606 acciperet:
1614 3552 1721 3592 non
1756 3537 1901 3607 quod
1942 3539 1995 3592 in
2033 3553 2100 3594 eo

516 3624 717 3695 oppido
747 3635 1014 3696 quaestum
1040 3626 1286 3685 faceret:
1334 3642 1459 3683 nam
1486 3628 1619 3684 nihil
1663 3629 1808 3685 aliud
1847 3630 2101 3688 utilitatis

515 3720 619 3777 hoc
643 3720 898 3793 oppidum
930 3723 1153 3794 prabet,
1182 3739 1342 3793 quam
1370 3723 1515 3793 quod
1549 3724 1971 3781 munitissimum
2016 3734 2103 3782 est

515 3824 567 3871 et
598 3817 989 3888 propugnaculi
1011 3817 1134 3875 loco
1153 3818 1413 3874 Orientali
1432 3818 1660 3875 Romani
1688 3818 1897 3889 imperii
1925 3820 2095 3889 parti:

517 3911 615 3965 sed
663 3909 769 3966 boe
811 3910 1059 3967 adversis
1103 3910 1475 3967 Romanorum
1532 3912 1695 3967 rebus
1740 3911 1935 3967 solatio
1980 3928 2102 3969 esse

518 4001 711 4070 voluit,
735 4004 880 4074 quod
902 4017 1001 4059 sua
1030 4012 1437 4074 recuperarent,
1470 4004 1629 4059 simul
1654 4014 1707 4060 et
1735 4005 1939 4060 nullam
1971 4005 2099 4062 belli

517 4094 812 4150 scintillam
850 4094 1162 4167 relinquere
1206 4097 1477 4167 cupiebat.
1534 4097 1609 4152 Ea
1649 4098 1715 4154 de
1742 4111 1905 4153 causa
1932 4096 2103 4154 Daras

517 4186 761 4256 recipere
795 4196 886 4242 aut
910 4188 1156 4258 pecuniis
1178 4198 1269 4243 aut
1292 4190 1400 4244 alio
1424 4191 1616 4259 quovis
1646 4189 1807 4246 modo
1828 4192 2099 4247 studebat.

519 4277 713 4335 Pacem
741 4278 909 4348 igitur
938 4279 1120 4337 facere
1142 4280 1315 4352 sequis
1340 4282 1766 4349 conditionibus,
1799 4291 2092 4354 antequam

516 4369 658 4424 bello
688 4370 743 4425 in
774 4370 1036 4428 Armenia
1063 4373 1459 4439 deeertaretur,
1488 4376 1729 4441 lubebat,
1759 4384 1819 4433 et‘
1842 4376 2105 4432 assentie-

2202 1881 2355 1949 σφίσι
2380 1879 2787 1951 προσήκοντας,
2830 1876 3120 1945 ξυνελόντα
3143 1878 3184 1910 ¹⁹
3215 1876 3274 1931 δὲ
3317 1877 3494 1930 εἰπεῖν
3521 1876 3654 1937 τοὺς
3679 1875 3799 1928 ὅσοι

2202 1970 2486 2043 βούλονται
2533 1968 2851 2041 Ῥωμαῖκῆς
2878 1968 3172 2039 μετασχεῖν
3214 1966 3516 2032 πολιτείας,
3560 1968 3624 2020 οὐ
3674 1966 3798 2020 πώ-

2202 2081 2335 2119 ποτε
2362 2062 2692 2133 ποιήσεσθαι
2721 2061 2995 2124 ἐκδότους.
3046 2058 3257 2115 Ἐδόκει
3288 2060 3347 2115 δὲ
3385 2060 3482 2115 καὶ
3530 2060 3802 2132 βασιλεὺς

2200 2158 2230 2209 ὁ
2270 2157 2500 2229 Περσῶν
2533 2155 2759 2229 ἥδεσθαι
2799 2156 2893 2210 ἐπὶ
2928 2154 3128 2222 τοῖσδε,
3156 2152 3234 2219 ὡς
3274 2152 3340 2209 ἂν
3377 2154 3645 2224 Ῥωμαῖοι
3697 2156 3801 2226 μὲν

2203 2234 2557 2317 ἐκστήσοιντο
2607 2246 2710 2317 τῆς
2763 2245 3183 2318 Περσαρμενίας
3207 2248 3253 2280 ’⁸
3278 2262 3339 2301 τε
3387 2248 3483 2301 καὶ
3521 2246 3798 2318 Ἰϐηρίας,

2202 2339 2456 2405 ἐξουσίαν
2479 2339 2538 2393 δὲ
2571 2338 2738 2403 αὐτὸς
2770 2339 3094 2410 προσνέμοι,
3122 2340 3247 2393 ὅποι
3276 2338 3563 2395 ἐθέλουσιν
3589 2339 3643 2394 οῑ
3665 2340 3800 2409 τῇδε

2202 2433 2486 2502 οἰκήτορες
2518 2432 2677 2497 ιέναι,
2716 2430 2777 2485 οὓ
2812 2448 2863 2484 τι
2882 2431 2999 2484 ’ἀπὸ
3038 2431 3241 2501 τρόπον
3297 2447 3363 2498 γε
3399 2426 3582 2499 οἶμαι.
3632 2428 3803 2484 Ἠπί-

2206 2541 2371 2578 στατο
2424 2524 2557 2593 γὰρ,
2606 2522 2747 2595 πλὴν
2790 2521 3082 2592 ὀλιγίστων
3130 2523 3241 2576 τῶν
3287 2524 3347 2576 ὲν
3383 2523 3549 2587 τέλει,
3596 2522 3648 2576 οἳ
3696 2524 3800 2593 τῆς

2202 2615 2566 2678 ἀποστάσεως
2617 2607 2815 2683 ἧρξαν,
2865 2613 2943 2677 ὡς
2995 2612 3177 2676 οὐδεὶς
3216 2612 3646 2683 Περσαρμενίων
3703 2612 3802 2666 καὶ

2216 2708 2470 2781 Ἰϐήρων,
2500 2709 2650 2778 πόθῳ
2680 2707 2780 2781 τῆς
2805 2707 3157 2779 θρεψαμένης
3177 2708 3234 2773 ὃς
3258 2707 3417 2778 φύσει
3440 2709 3552 2773 τοῖς
3576 2707 3801 2779 ἀνθρὼ-

2205 2819 2328 2865 ποις
2402 2800 2641 2866 ὶνιζάνει
2696 2817 2756 2855 τε
2828 2801 2925 2855 καὶ
3000 2800 3417 2872 προσπέπηγεν,
3482 2801 3801 2856 ἀνασκευά-

2206 2910 2351 2947 σοιτο
2374 2894 2418 2926 "
2461 2895 2520 2958 ἐς
2551 2891 2653 2964 τὴν
2685 2892 2922 2947 ὀθνείαν.
2955 2891 3167 2955 ’Ἄλλως
3210 2910 3272 2947 τε
3300 2892 3395 2947 καὶ
3420 2892 3538 2964 ἅμα
3566 2879 3799 2963 ἦλπιξεζ

2202 2983 2297 3038 τοῦ
2326 2983 2569 3054 πολέμου
2626 2984 2982 3055 λωφήσαντος
3015 2986 3074 3037 ὲν
3119 2983 3295 3039 δέοντι
3316 2983 3509 3039 θέσθαι
3540 2984 3613 3039 τὰ
3644 2986 3803 3056 Περι

2206 3074 2507 3146 σαρμινίας
2528 3091 2590 3128 τι
2624 3074 2719 3128 καὶ
2765 3072 3003 3149 Ἰϐηρίας
3023 3091 3038 3107 ο
3068 3074 3185 3129 αἵδε
3208 3073 3319 3147 γὰρ
3341 3074 3492 3146 αὑτῷ
3521 3074 3578 3128 al
3609 3074 3802 3146 χῶραι

2205 3168 2492 3240 πάμφοροι
2518 3184 2577 3222 τε
2609 3168 2881 3238 ὑπῆρχον,
2906 3168 3004 3221 καὶ
3026 3167 3253 3221 πλεῖστα
3284 3166 3431 3221 ὲσὸτι
3478 3166 3805 3238 ὲδασμοφό-

2205 3274 2359 3329 ρουν.
2425 3256 2731 3329 Τοιγαροῦν
2780 3255 2871 3311 διὰ
2933 3256 3109 3311 ταῦτα
3163 3255 3431 3328 ἠρέσκετο
3453 3253 3804 3327 “Bacticis;

2202 3350 2430 3421 Περσῶν
2459 3351 2554 3405 ἐπὶ
2582 3351 2756 3408 τοῖσδε
2793 3350 2885 3405 τὸν
2931 3349 3171 3421 πόλεμον
3220 3349 3581 3405 καταθέσθαι.
3610 3350 3804 3422 Προσ-

2201 3438 2331 3513 ῆλθε
2379 3444 2436 3497 δὲ
2481 3441 2559 3514 τῷ
2610 3442 2857 3513 Καίσαρι
2917 3441 3273 3508 διανοεῖσθαι,
3303 3442 3379 3507 ὡς
3409 3444 3477 3498 ἂν
3504 3444 3565 3497 τὸ
3597 3442 3803 3498 λοιπὸν

2205 3534 2450 3604 μηδεμία
2480 3533 2829 3588 ὑπολείποιτο
2874 3533 2969 3589 τοῦ
3023 3533 3264 3606 πολέμου
3301 3535 3475 3603 αἰτία,
3507 3535 3612 3607 τῆς
3650 3537 3804 3607 Περ-

2204 3630 2505 3703 οαρμενίας
2537 3649 2596 3685 τε
2624 3630 2720 3685 καὶ
2757 3630 2999 3702 Ἰϐηρίας
3028 3631 3190 3685 ἕκατι
3220 3631 3320 3703 τὴν
3343 3632 3496 3685 πόλιν
3516 3631 3580 3685 τὸ
3605 3633 3802 3703 Δάρας

2202 3724 2356 3795 παρὰ
2390 3724 2541 3794 σφῶν
2585 3723 2999 3795 ἀντιλήψεσθαι,
3038 3723 3241 3793 ἥκιστα
3294 3725 3396 3795 μὲν
3428 3723 3524 3779 τοῦ
3581 3726 3801 3795 κερδα-

2201 3815 2325 3870 λέου
2356 3817 2518 3889 χάριν
2540 3833 2555 3848 ·
2588 3817 2649 3869 οὐ
2680 3816 2789 3889 γὰρ
2822 3815 2885 3888 δή
2914 3833 2969 3870 τι
3001 3816 3064 3869 τὸ
3106 3817 3290 3889 Δάρας
3325 3818 3358 3889 ή
3390 3816 3548 3881 πόλις
3592 3819 3655 3883 ἐς
3679 3819 3806 3871 ἔτεα

2206 3910 2300 3981 ρὸν
2352 3927 2405 3963 τι
2436 3911 2764 3983 ὀνησιφόρος
2793 3909 2825 3980 ἢ
2856 3907 2937 3978 τῷ
2974 3909 3365 3977 ἀσφαλέστατα
3398 3910 3544 3980 ἔχειν
3572 3911 3671 3964 καὶ
3697 3912 3805 3981 τῆς

2205 4001 2314 4055 ὑπὸ
2355 4001 2663 4071 Ῥωμαίους
2692 3999 2835 4072 ἑῴας
2863 4000 3055 4073 ὥσπερ
3076 4018 3128 4055 τι
3152 4002 3334 4073 ἔρυμα
3356 4001 3804 4074 προϐεὸλῆσθαι.

2205 4094 2357 4164 ’Ἅμα
2391 4093 2487 4148 οὖν
2536 4094 2597 4149 τὸ
2642 4095 2905 4166 ἀτύχημα
2967 4095 3275 4151 ἀκέσασθαι
3344 4092 3681 4166 βουλόμενος
3720 4096 3805 4167 τῷ

2203 4185 2573 4255 ἀπειληφέναι
2614 4186 2923 4258 Ῥωμαίους
2952 4187 3020 4243 τὰ
3047 4188 3244 4254 οἰκεῖα,
3276 4186 3396 4257 ἅμα
3437 4187 3493 4241 δὲ
3542 4188 3641 4241 καὶ
3690 4206 3806 4259 μη.

2202 4278 2332 4334 δένα
2353 4279 2633 4351 σπινθῆρα
2661 4278 2757 4334 τοῦ
2780 4278 3020 4351 πολέμου
3044 4280 3371 4335 καταλιπεῖν
3389 4279 3618 4343 ἐθέλων,
3651 4279 3804 4347 ἔγνω

2203 4370 2588 4428 ἀνασώσασθαι
2617 4370 2679 4425 τδ
2729 4370 2910 4443 Δάρας
2959 4372 2993 4445 ἢ
3038 4372 3316 4443 χρήμασιν
3365 4370 3400 4442 ἢ
3433 4368 3569 4440 γοῦν
3616 4370 3803 4441 ἑτέρῳ

516 4461 716 4515 bantur
735 4460 936 4519 Persae.
975 4462 1079 4518 Sed
1108 4479 1230 4519 cum
1252 4464 1433 4519 Persae
1476 4463 1589 4533 jam
1631 4466 1683 4521 in
1715 4481 1781 4523 eo
1804 4479 2010 4535 essent,
2038 4475 2097 4523 ut

2203 4464 2394 4535 τρόπῳ
2420 4465 2527 4518 τινί
2539 4504 2551 4521 .
2586 4465 2724 4537 Περὶ
2761 4464 2864 4535 μὲν
2898 4464 2992 4545 οὖν
3030 4464 3125 4520 τοῦ
3166 4464 3367 4537 χρῆναι
3412 4463 3471 4532 ἐξ
3516 4464 3805 4534 ἰσοτιμίας

519 4552 783 4609 Romanis
826 4556 1083 4627 oppidum
1122 4556 1298 4612 Daras
1336 4558 1612 4624 cederent,
1653 4567 1750 4614 aut
1790 4562 1959 4628 nulla,
2006 4572 2102 4618 ant

516 4644 995 4717 quantulacunque
1041 4658 1261 4718 accepta
1285 4649 1525 4717 pecuniae
1561 4664 1797 4721 summa,
1841 4652 2001 4708 simul
2035 4668 2100 4709 ac

515 4745 813 4805 constaret,
849 4737 1124 4794 Romanos
1151 4740 1409 4793 Armenia
1457 4748 1513 4795 et
1554 4741 1729 4797 Iberia
1775 4745 2098 4811 excessisse,

515 4836 570 4881 et
597 4842 763 4896 quum
809 4830 925 4885 hac
975 4828 1139 4899 legati
1184 4830 1327 4885 inter
1359 4845 1417 4885 se
1456 4831 1846 4902 disceptarent,
1883 4850 2097 4907 pugna-

518 4927 632 4975 tum
664 4928 748 4975 est
780 4920 833 4975 in
859 4918 1141 4987 Armenia,
1186 4922 1241 4976 in
1267 4938 1373 4993 qua
1408 4938 1583 4993 pugna
1616 4926 1845 4981 multum
1877 4944 1975 4983 sua
2005 4945 2099 4999 spe

516 5012 836 5069 exciderunt
860 5014 1090 5070 Romani
1115 5033 1128 5069 :
1165 5029 1292 5070 nam
1321 5016 1449 5071 victi
1476 5018 1711 5087 cmsique
1735 5030 1881 5074 sunt.
1913 5022 2100 5091 Itaque

514 5120 639 5162 cum
672 5105 852 5163 Persae
886 5121 954 5164 ex
1004 5110 1259 5165 secundis
1314 5112 1429 5166 suis
1479 5110 1641 5167 rebus
1689 5113 1913 5181 spiritus
1958 5129 2104 5168 sum-

516 5200 780 5268 psissent,
828 5215 925 5257 rex
970 5217 1158 5258 eorum
1204 5204 1362 5269 dixit,
1390 5218 1450 5259 se
1481 5221 1755 5274 nunquam
1789 5223 2096 5275 passurum,

516 5292 681 5348 ullam
710 5294 1040 5351 mentionem
1065 5297 1131 5353 de
1152 5298 1350 5369 oppido
1371 5298 1541 5356 Daras
1567 5299 1824 5354 Romanis
1853 5299 2098 5355 dedendo

2202 4553 2304 4627 τὴν
2342 4548 2921 4627 είρήνην“προελθεῖν,
2952 4555 3085 4626 πρὶν
3118 4556 3152 4627 ἢ
3196 4554 3548 4628 διακριθῆναι
3604 4553 3701 4608 τὸν
3744 4556 3805 4609 ὲν

2215 4643 2482 4720 Ἀρμενίᾳ
2544 4645 2784 4716 πόλεμον
2864 4646 3037 4700 ἐδόκει
3084 4648 3181 4700 καὶ
3220 4644 3503 4711 ξυνέθεντο
3561 4646 3799 4716 Πέρσαι.

2201 4742 2530 4799 Μελλόντων
2566 4739 2625 4794 δὲ
2683 4737 2808 4793 ὅσον
2859 4736 3012 4791 οὔπω
3054 4736 3459 4808 παραχωρῆσαι
3495 4734 3803 4806 Ῥωμαίοις

2202 4836 2299 4891 καὶ
2332 4834 2425 4889 τοῦ
2452 4835 2632 4907 Δὰρας
2666 4832 2699 4903 ἧ
2741 4832 2958 4895 οὐδενὸς
3004 4830 3037 4901 ἣ
3070 4827 3203 4899 γοῦν
3232 4829 3509 4899 ὀλιγίστης
3563 4828 3800 4898 χρυσίου

2204 4928 2524 5001 ποσότητος,
2582 4926 2808 4999 εὔδηλον
2856 4926 2902 4959 ”
2947 4923 3009 4979 ’ὃν
3056 4940 3324 4997 προτερον
3396 4922 3804 4994 ἀφισταμένων

2219 5020 2508 5091 Ῥωμαίων
2564 5017 2985 5089 Περσαρμενίας
3048 5019 3145 5071 καὶ
3201 5014 3466 5086 Ἰϐηρίας.
3524 5018 3587 5069 ὲν
3636 5008 3684 5086 ᾧ
3730 5018 3803 5071 τὰ

2200 5112 2378 5166 τοιάδε
2411 5112 2462 5164 οἱ
2497 5110 2554 5177 ἐξ
2586 5110 2865 5180 ἑκατέρων
2893 5109 3275 5178 διαλεγόμενοι
3306 5108 3354 5141 ⁸⁵
3390 5106 3682 5179 πρέσϐεις,
3700 5109 3802 5177 γέ-

2200 5222 2325 5273 γονε
2360 5204 2429 5257 τὰ
2458 5205 2599 5259 κατὰ
2626 5204 2725 5275 τὴν
2767 5203 3064 5274 ’Λρμενίαν
3092 5200 3430 5273 ξυμπλοκὴν,
3463 5202 3523 5254 ἑν
3554 5194 3798 5273 ᾖπροσ-

2202 5298 2528 5362 πταίσαντες
2571 5300 2621 5353 ol
2669 5298 2935 5369 Ῥωμαῖοι
2986 5297 3244 5369 μεγάλως
3283 5299 3435 5366 παρὰ
3494 5296 3632 5350 πολὺ
3691 5295 3797 5367 τῆς

1899 5450 2142 5507 ἾΑΒΙᾸΕ
2174 5450 2583 5509 LECTIONES.

592 5596 636 5630 ¹⁹
660 5595 944 5669 ξυνελόντα
971 5596 1037 5669 δὲ,
1169 5595 1395 5669 Λξύνολον
1418 5596 1551 5669 τάδε
1590 5597 1734 5669 vulg.

1841 5599 1885 5630 '°
1928 5598 2343 5669 Περσαρμενίας
2389 5598 2526 5669 V’:tl.,
2573 5597 2799 5667 Περσῶν
2842 5598 3133 5669 Ἀρμενίας
3167 5595 3262 5669 vui

518 5667 747 5739 ᾀσοιντο
785 5667 927 5737 vulg.
1004 5668 1048 5698 "
1080 5667 1346 5739 ἠρέσκετο
1411 5666 1665 5739 βασιλεὺς
1688 5666 1703 5669 ⁷
1728 5666 2047 5739 Βηίῆρεσκε
2116 5666 2209 5721 τοῦ
2273 5668 2540 5739 βασιλέως
2568 5671 2709 5739 vulg.

518 5737 564 5769 "’
602 5737 939 5807 διαλέγονται
968 5737 1206 5808 εοηῂΒ.
1306 5738 1445 5793 κατὰ
1469 5756 1516 5792 τ.
1563 5740 1640 5795 'A.
1674 5737 1958 5811 συμπλοκὴ
1982 5741 2125 5812 conj.
2160 5739 2197 5793 Β

3308 5637 3321 5651 .
3435 5595 3480 5628 ’ί
3513 5597 3799 5653 ἀνασκευ-

2846 5612 3133 5667 ·Λρμενιας
3172 5612 3321 5723 vutg.
3436 5612 3480 5628 "
3513 5612 3799 5653 ανασκευ-

2815 5672 2862 5701 ’³
2888 5667 3109 5739 εὔδηλον
3156 5666 3241 5739 ὃν]
3305 5665 3514 5738 ηλονότι
3546 5670 3697 5743 conj.
3728 5668 3799 5727 IL
