4070 6328
282 287 387 353 833

1059 288 1159 353 DE
1197 284 1758 353 LEGATIONIBUS
1797 284 2155 347 GENTIUM
2194 283 2294 344 AD
2332 282 2711 349 ROMANOS.

3420 288 3527 354 834

284 398 497 463 ἐλπίδος
527 398 585 463 ἐς
614 398 674 451 τὸ
704 393 867 470 ἧττον
895 397 1227 471 ώλίσθησαν.
1269 400 1358 454 Διὸ
1384 399 1448 469 δὴ
1470 399 1579 452 τῶν
1627 399 1857 467 Περσῶν
1881 446 1891 462 ,

1975 398 2100 462 ieri,
2150 399 2293 467 quod
2337 398 2390 454 vi
2423 406 2477 453 et
2505 399 2705 454 virtute
2733 413 2802 453 ex
2825 400 3099 455 communi
3132 398 3256 457 belli
3286 402 3404 473 lege
3435 420 3528 461 ce-

285 492 403 553 ταῖς
482 490 819 560 εὐπραγίαις
874 491 1226 563 ἐπηρμένων,
1283 493 1312 546 ὁ
1378 491 1530 561 σφῶν
1599 490 1857 563 βασιλεὺς

284 580 524 649 ἔφασκεν
552 582 691 647 ὅλως
730 583 857 654 περὶ
887 583 949 636 τὸ
973 583 1072 654 τὴν
1106 584 1262 638 πόλιν
1290 582 1352 636 τδ
1396 583 1576 654 Δάρας
1614 582 1856 637 ἐνδοῦναι

297 675 590 746 Ῥωμαίοις
620 677 697 748 μὴ
723 677 1039 743 ἐνδέξασθαι
1060 677 1217 746 λόγον
1242 677 1383 731 τινά.
1416 675 1586 739 Αὐτὸς
1626 675 1724 747 μὲν
1751 675 1859 744 γὰρ

286 766 430 821 κατὰ
459 766 552 822 τὸν
586 770 765 821 κοινὸν
795 766 891 820 τοῦ
928 766 1168 837 πολέμου
1204 765 1409 836 θεσμὸν
1434 766 1480 797 ⁸⁵
1507 763 1600 836 βίᾳ
1646 763 1742 819 καὶ
1768 764 1861 817 δυ-

286 858 447 926 νάμει
478 857 681 926 ἐξελεῖν
715 861 808 913 καὶ
853 858 1305 931 προσκτήσασθαι
1340 857 1400 911 τὸ
1425 859 1606 929 Δὰρας
1634 858 1861 928 ἐπισχυ-

289 949 473 1017 ρίςετο
492 966 508 981 ο
537 951 668 1014 τοὺς
694 950 752 1005 δέ
781 967 843 1019 γε
888 950 1192 1019 Ῥωμαίους
1229 948 1655 1023 Περσαρμενίαν
1680 966 1739 1003 τε
1771 948 1862 1001 καὶ

299 1037 539 1108 Ἰὗηρίαν
589 1041 900 1112 ἀποστῆσαι
928 1041 975 1073 ’⁸
993 1041 1575 1113 παρασπονδήσαντας,
1623 1040 1763 1110 πρὸς
1804 1036 1862 1091 δέ

286 1145 349 1197 γε
373 1133 467 1184 καὶ
494 1130 904 1201 ἀφηνιάσαντας
927 1133 1055 1195 τοὺς
1084 1132 1259 1205 ταύτῃ
1282 1130 1568 1195 οἰκοῦντας
1589 1131 1696 1187 ἀπὸ
1722 1130 1861 1200 Περ-

290 1218 401 1271 σῶν
463 1220 852 1285 ὐποδέξασθαι.
904 1222 1018 1275 Καὶ
1074 1221 1255 1275 τοίνυν
1291 1218 1461 1285 ἀὖθις
1512 1222 1540 1274 ὀ
1580 1219 1863 1291 Βάρϐαρος

288 1311 497 1382 θρασύς
526 1329 585 1365 τε
619 1312 712 1367 καὶ
744 1312 995 1384 ὐψαύχην
1046 1308 1136 1386 ἦν,
1191 1313 1287 1367 καὶ
1341 1313 1441 1384 μὲν
1495 1311 1588 1366 οὖν
1617 1311 1710 1365 ἐπὶ
1751 1312 1864 1373 τοῖς

289 1402 684 1473 ξυνενεχθεῖσιν
747 1404 1072 1475 ἐσρενθύετο
1134 1406 1298 1475 μέγα.
1343 1402 1587 1457 Ἦπείλει
1610 1419 1669 1457 τε
1698 1402 1743 1434 ’τ
1771 1400 1865 1455 καὶ

290 1493 399 1565 πρὸ
430 1495 526 1547 τοῦ
558 1496 796 1566 πέρατος
827 1496 937 1549 τῶν
958 1496 1129 1567 τριῶν
1151 1495 1287 1549 ἑτῶν
1320 1494 1420 1565 τῆς
1463 1494 1562 1566 ήδη
1603 1491 1866 1559 ξυνεστὼ-

293 1600 394 1655 σης
425 1587 758 1657 ἐκεχειρίας,
786 1581 852 1658 ἧς
879 1586 924 1619 ³⁸
954 1585 1104 1650 ἐντὸς
1148 1586 1325 1641 ἐδόκει
1362 1587 1464 1658 τὴν
1505 1586 1727 1658 εἰρήνην
1762 1581 1866 1638 ἀνὰ

291 1675 393 1743 τὴν
407 1674 527 1728 Ἕω
552 1676 598 1707 ε’
619 1675 917 1747 ἐρρῶσθαι,
942 1676 1011 1729 τὰ
1031 1675 1172 1729 ὅπλα
1196 1674 1462 1747 κινήσειν,
1491 1674 1586 1729 καὶ
1613 1672 1735 1727 κατ’
1760 1672 1864 1728 ett)-

291 1733 391 1835 τίὲν
417 1782 481 1835 γε
508 1733 702 1837 δήπου
719 1767 820 1837 τὴν
846 1733 985 1836 πρὸς
1015 1766 1166 1836 ἣλιον
1200 1733 1490 1837 ἀνίσχοντά
1521 1762 1706 1836 χώραν
1741 1763 1867 1832 ξνγ-
1893 1733 1941 1796 Β

294 1858 586 1927 κρατήσειν
640 1858 733 1912 τὸν
791 1857 1051 1929 πόλεμον,
1124 1861 1392 1930 πρότερον
1440 1857 1869 1926 κατατιθέμενον

308 1943 603 2014 Ῥωμαίοις
629 1945 691 1999 τὸ
713 1945 856 2017 ὑπὲρ
894 1947 994 2018 τῆς
1023 1945 1277 2014 τοιαύτης
1323 1947 1614 2016 ἀνακωχῆς
1645 1944 1869 2016 δεδομέ-

294 2054 385 2089 νον
415 2037 665 2108 χρυσίον,
707 2036 872 2107 ⁴ἡνίκα
906 2039 1183 2109 Ζαχαρίας
1216 2039 1246 2091 ὁ
1289 2038 1473 2109 ἰατρὸς
1503 2040 1595 2092 καὶ
1624 2038 1744 2090 τάδε
1772 2039 1873 2107 ἐμ·

292 2129 547 2194 πεδώσας
576 2128 845 2201 ὑπῆρχεν.
877 2130 1124 2199 Ἔφασκε
1168 2130 1225 2183 δὲ
1252 2133 1319 2183 τὰ
1367 2131 1629 2201 χρήματα
1658 2127 1873 2184 ἁποδώ·

293 2237 411 2275 σειν
435 2222 579 2276 κατὰ
594 2222 870 2291 τοσοῦτον,
894 2222 1126 2291 καθόσον
1146 2222 1360 2276 ἐνέλιπε
1384 2226 1451 2292 τῇ
1482 2221 1692 2292 τριετίᾳ
1718 2237 1730 2251 ·
1752 2216 1872 2275 εἶτα

291 2312 470 2378 οὕτως
524 2314 763 2386 πολέμου
821 2314 1164 2385 ἀπάρξεσθαι
1196 2316 1240 2347 ⁸ο
1280 2313 1456 2378 αὖθις.
1511 2313 1728 2384 Ταύτην
1779 2309 1870 2366 οὖν

293 2407 555 2462 Μεσώδου
585 2401 672 2462 οἷα
695 2407 761 2480 δὴ
790 2410 855 2461 ὲκ
880 2407 1145 2478 βασιλέως
1170 2408 1396 2478 Περσῶν
1435 2407 1869 2477 ἀπαγγείλαντος

292 2498 395 2571 τὴν
426 2499 676 2572 γνώμην,
709 2500 760 2553 oi
817 2499 928 2553 τῶν
967 2499 1252 2568 Ῥωμαίων
1312 2497 1572 2570 ἄρχοντες
1623 2497 1875 2567 παρασή-

300 2592 492 2647 σεσθαι
522 2592 564 2625 ³¹
604 2594 705 2663 μὲν
766 2593 877 2646 οἵδε
933 2592 1031 2655 τὰς
1083 2590 1353 2663 ξυνθήκας
1394 2575 1597 2661 ἥκιστα
1646 2590 1870 2659 ελεγονο

294 2687 422 2740 οὐδὲ
448 2686 556 2757 γὰρ
596 2683 951 2757 ξυντετάχθαι
1006 2686 1065 2739 ἐν
1122 2685 1244 2749 ταῖς
1280 2682 1480 2749 ἐξεῖναι
1504 2682 1718 2759 θατέρῳ
1752 2684 1878 2754 βου·-

288 2779 512 2851 λομένῳ
540 2781 647 2834 τῶν
675 2782 857 2852 μερῶν
891 2779 926 2852 ἢ
950 2782 993 2813 ³⁸
1019 2778 1114 2835 τοῦ
1160 2780 1385 2850 χρυσίου
1452 2778 1654 2841 παντὸς
1679 2778 1713 2849 ἢ
1746 2776 1876 2846 γοῦν

296 2867 500 2942 μοίρας
531 2869 677 2935 τινὸς
702 2868 776 2935 ὡς
805 2868 904 2942 τὴν
934 2872 1351 2941 παρασχόμενον
1388 2867 1809 2939 ἀναδραμούσης
1832 2867 1877 2899 ³³

292 2962 694 3036 διαρρηγνύναι
723 2964 824 3028 τὰς
855 2964 1106 3028 σπονδάς.
1140 2963 1332 3034 Ὅμως
1361 2964 1406 3016 δ’
1439 2957 1534 3017 οὖν
1577 2963 1706 3033 περὶ
1744 2961 1872 3015 τού-

1962 492 2130 560 pisset
2158 501 2215 547 et
2251 490 2599 547 obtinuisset.
2659 491 2934 547 Romanos
2981 492 3139 564 123
3174 508 3303 549 vero
3334 507 3521 551 contra

1960 580 2166 638 hedera
2214 580 2643 638 Persarmeniam
2687 592 2742 638 et
2786 582 3018 639 lberiam
3057 586 3125 639 ad
3171 584 3530 641 defectionem

1959 672 2249 741 excitasse,
2290 680 2346 727 et
2371 686 2557 727 earum
2586 673 2865 741 regionum
2897 673 3122 741 incolas,
3170 676 3261 745 qui
3290 691 3319 730 α
3350 675 3534 733 Persis

1962 763 2307 829 deﬁciebant,
2335 763 2475 819 tueri
2498 773 2552 819 et
2582 764 2880 835 suscipere.
2922 765 3109 835 Itaque
3140 766 3425 822 barbarum
3456 784 3538 824 εει

1961 856 2149 910 eundae
2178 871 2285 919 res,
2324 870 2444 926 quae
2484 855 2557 910 illi
2590 863 2904 925 ert-nerant,
2927 858 3293 927 superbiorem
3319 871 3372 915 et
3395 860 3536 916 fero-

1962 948 2164 1002 ciorem
2194 946 2511 1002 reddebant.
2556 947 2858 1003 Minabatur
2878 948 3065 1013 etiam,
3098 960 3388 1020 antequam
3426 963 3537 1007 tres

1964 1038 2091 1093 anni
2123 1038 2493 1104 elaberentur,
2520 1040 2713 1110 quibus
2742 1040 2969 1096 induciae
3000 1050 3123 1098 tunc
3156 1044 3410 1112 temporis
3438 1046 3539 1098 du-

1964 1130 2337 1196 rahant,intra
2353 1144 2489 1199 quos
2520 1145 2709 1200 pacem
2738 1129 2854 1187 fieri
2885 1148 2981 1200 per
3005 1134 3281 1189 Orientem
3316 1134 3537 1203 placue-

1966 1232 2072 1289 rat,
2108 1222 2246 1289 fore,
2272 1229 2332 1277 ut
2378 1237 2528 1276 arma
2586 1233 2848 1289 moveret,
2879 1224 2986 1279 imo
3017 1234 3072 1280 et
3104 1225 3300 1280 bellum
3342 1227 3394 1279 in
3429 1226 3537 1283 0c-

1967 1314 2261 1371 cidentales
2284 1316 2532 1385 regiones
2553 1314 2779 1369 inferret
2805 1334 2819 1370 :
2860 1316 2952 1371 sed
2985 1318 3133 1386 prius
3157 1311 3373 1381 aurum,
3393 1318 3537 1391 quod

1965 1404 2193 1461 Romani
2225 1419 2323 1476 pro
2355 1405 2591 1460 induciis
2634 1408 3008 1476 impetrandis,
3060 1423 3198 1477 quas
3245 1407 3539 1463 Zacharias

1968 1495 2264 1564 pepigerat,
2292 1494 2680 1564 pependerant,
2713 1495 2781 1548 ad
2816 1496 3077 1550 rationem
3112 1496 3230 1566 ejus
3259 1497 3536 1566 temporis,

1969 1590 2111 1658 quod
2159 1588 2226 1643 de
2265 1587 2500 1641 triennio
2549 1596 2876 1657 superesset,
2924 1589 3325 1653 restituturum,
3366 1598 3422 1645 et
3464 1591 3539 1646 ita

1969 1694 2029 1734 se
2057 1677 2252 1733 bellum
2279 1685 2689 1732 renovaturum.
2735 1677 2886 1734 Hane
2918 1694 3040 1734 cum
3074 1681 3221 1751 regis
3250 1682 3539 1738 Persarum

1970 1769 2296 1826 sententiam
2330 1783 2453 1826 esse
2478 1768 2729 1825 Mebodes
2763 1772 3119 1836 renuntiaret,
3174 1771 3539 1833 Romanorum

1968 1863 2265 1935 principes,
2317 1877 2375 1917 sc
2421 1863 2636 1932 quidem
2685 1862 2904 1920 minime
2952 1865 3192 1921 inducias
3239 1876 3296 1921 et
3333 1866 3549 1922 lmdera

1972 1966 2409 2026 transgressurus
2459 1970 2600 2023 esse,
2649 1956 2939 2013 dixerunt:
3002 1971 3101 2013 nec
3138 1966 3353 2028 pactum
3399 1974 3542 2024 esse,

1970 2062 2033 2107 ut
2075 2050 2260 2106 liceret
2292 2049 2443 2106 alteri
2480 2050 2733 2120 partium,
2782 2052 3031 2107 restituto
3078 2052 3222 2108 omni
3273 2069 3404 2108 auro
3450 2064 3545 2109 aut

1972 2144 2157 2214 aliqua
2182 2142 2300 2213 ejus
2334 2142 2508 2212 parte,
2560 2141 2765 2199 fmdera
2797 2158 3071 2214 rumpere.
3136 2144 3211 2200 De
3238 2144 3341 2199 hac
3362 2160 3420 2200 re
3452 2156 3546 2200 ta-

1973 2251 2096 2291 men
2145 2244 2358 2291 secreto
2382 2232 2635 2290 Mebodes
2675 2244 2727 2289 et
2758 2233 3057 2290 Zacharias
3100 2235 3301 2291 ibidem
3346 2250 3553 2307 convey

1975 2327 2186 2383 n‘entcs
2212 2324 2459 2381 collocuti
2495 2316 2892 2381 disseruerunt.
2923 2325 3156 2382 .Deiude'
3185 2325 3241 2381 hi
3279 2325 3387 2383 duo
3421 2327 3545 2394 viri,

1975 2419 2377 2473 communicato
2418 2416 2666 2483 consilio,
2717 2416 2860 2472 inter
2890 2430 2950 2472 se
2979 2428 3390 2486 proposuerunt,
3431 2432 3551 2488 quae

1977 2512 2044 2566 ad
2071 2525 2191 2567 eam
2224 2525 2342 2567 rem
2386 2511 2658 2579 pertinere
2703 2508 3166 2564 existimaverunt.
3212 2506 3347 2563 Tum
3382 2510 3549 2565 etiam

1976 2602 2111 2659 alter
2141 2601 2369 2658 alterum
2397 2607 2785 2671 percunctatus
2806 2606 2911 2665 est,
2935 2599 3129 2669 quibus
3150 2600 3549 2655 conditionibus

1977 2692 2123 2748 inter
2154 2702 2442 2765 utramque
2469 2700 2681 2763 gentem
2711 2707 2811 2762 pax
2845 2699 2901 2748 et
2936 2693 3226 2748 concordia
3264 2700 3430 2749 esset.
3484 2693 3551 2749 Et

1978 2784 2236 2842 Mebodes
2257 2794 2641 2842 asseveranter
2664 2785 2970 2854 aﬂirmavit,
2995 2784 3098 2841 sibi
3120 2785 3171 2840 in
3193 2787 3378 2841 animo
3406 2801 3547 2853 esse,

1977 2891 2097 2947 quae
2137 2875 2375 2935 maxime
2419 2874 2621 2929 Caesari
2667 2874 2987 2947 expedirent
3032 2891 3352 2948 proponere,
3391 2888 3446 2933 et
3474 2877 3549 2932 illi

1977 2984 2141 3040 quam
2168 2967 2403 3022 maxime
2436 2981 2641 3022 morem
2671 2982 2880 3034 gerere.
2917 2966 3205 3024 Zacharias
3236 2962 3414 3025 autem
3446 2985 3553 3025 ro-

293 3074 409 3110 των
446 3054 604 3121 αὖθις
633 3059 691 3111 ἐν
719 3058 1021 3129 ἀπορρήτῳ
1072 3056 1326 3128 ἀλλήλοις
1368 3053 1636 3127 Μεόώδης
1669 3072 1731 3108 τε
1776 3052 1874 3108 καὶ

1980 3061 2148 3133 gavit,
2183 3076 2254 3116 an
2286 3059 2401 3116 ﬁeri
2434 3068 2641 3130 posset,
2677 3068 2738 3115 ut
2766 3074 2980 3126 aurum,
3015 3060 3063 3115 si
3083 3063 3228 3133 quod
3250 3072 3395 3117 esset
3427 3077 3555 3116 eon-

294 3150 580 3221 Ζαχαρίας
611 3151 669 3205 ἐν
689 3150 764 3221 τῷ
814 3150 964 3222 αύτῷ
1007 3150 1385 3223 ξυνερχομένω
1421 3146 1771 3219 διελεγέσθην
1802 3148 1874 3212 ³³,

294 3240 741 3312 ἐκοινολογοῦντό
769 3259 828 3296 τε
850 3243 946 3298 καὶ
970 3242 1336 3316 προυτίθεσαν
1369 3242 1441 3295 τὰ
1468 3242 1567 3295 ὅσα
1606 3242 1775 3311 ἄμφω
1798 3237 1876 3292 τὼ

294 3335 464 3407 ἄνδρε
496 3334 668 3406 ᾤοντο
694 3335 889 3407 χρῆναι
914 3335 1195 3406 εἰρῆσθαι·
1226 3335 1527 3405 ὲπειρῶντό
1578 3351 1640 3387 τε
1690 3333 1877 3404 ἔτερος

294 3427 519 3498 ἑτέρου,
549 3427 698 3490 ὅπως
730 3424 1034 3494 ξυνέλθοιεν
1052 3427 1110 3491 ἐς
1136 3426 1485 3494 καταλλαγὰς
1506 3426 1562 3480 αἱ
1588 3425 1875 3479 πολιτεῖαι.

295 3518 421 3574 Καὶ
446 3517 716 3590 Μεδώδης
744 3519 843 3590 μὲν
870 3518 1199 3591 ίσχνρὸτατά
1249 3536 1365 3583 πως
1419 3519 1801 3590 ἀπορνύμενος
1833 3518 1878 3550 ³⁸

294 3608 395 3682 ἦν,
421 3609 499 3674 ώς
528 3608 778 3682 βούλεται
809 3609 887 3682 τῷ
928 3610 1170 3682 Καίσαρι
1207 3608 1604 3681 χρησιμώτατα
1643 3609 1880 3676 ἐξειπεῖν

296 3701 664 3773 αἰτήσασθαι,
717 3701 813 3756 καὶ
862 3701 961 3772 μὲν
991 3700 1058 3773 δὴ
1081 3700 1521 3771 ἐπιτηδειότατος
1553 3694 1691 3752 εἶναί
1736 3699 1784 3750 ot
1810 3698 1876 3753 ³⁸.

297 3793 589 3866 Ζαχαρίας
625 3792 684 3847 δι
713 3791 782 3859 ³³³,
813 3794 863 3847 εἰ
889 3786 999 3845 οἶόν
1025 3808 1084 3846 τε
1114 3793 1200 3864 εἴη
1234 3793 1599 3863 λαθραιότατα
1641 3793 1737 3845 καὶ
1760 3792 1883 3861 ἥκι-

299 3904 410 3941 στα
445 3885 877 3957 ὲξεπισταμένου
916 3886 1059 3948 τινὸς
1094 3885 1233 3955 ὑπὲρ
1280 3885 1377 3955 τῆς
1406 3885 1615 3946 πόλεως
1654 3882 1748 3936 τοῦ
1775 3881 1882 3937 Δά-

302 3992 412 4047 ρας
467 3975 634 4047 ῥητόν
688 3992 743 4028 τι
793 3974 1172 4047 παρασχέσθαι
1231 3975 1473 4046 χρυσίον.
1504 3974 1777 4046 Ζαχαρίας
1825 3974 1884 4028 δὲ

299 4071 519 4138 ἔφασκε
550 4067 621 4121 τὰ
653 4067 851 4135 τοιάδε,
898 4068 1372 4139 ἐπιτετραμμένον
1414 4066 1562 4137 αὐτῷ
1600 4066 1735 4136 πρὸς
1787 4065 1881 4119 τοῦ

299 4160 615 4229 Καίσαρος,
668 4160 770 4213 οὐκ
826 4161 883 4223 ἐς
917 4158 980 4214 τὸ
1012 4160 1273 4230 ἐμφανὲς,
1305 4158 1428 4212 οὐδὲ
1472 4159 1582 4229 μὴν
1614 4157 1659 4188 ³⁸
1694 4156 1881 4229 ἐτέρου

300 4251 748 4321 ἐξεπισταμένου
799 4251 963 4318 τινὸς,
996 4249 1030 4320 ἢ
1072 4250 1381 4321 Μαυρικίου
1414 4249 1509 4303 τοῦ
1542 4246 1781 4314 Παύλου,
1816 4244 1886 4299 τὰ

302 4344 553 4417 μάλιστα
578 4344 911 4398 εὐνούστατα
954 4325 1105 4407 ὡς’θθ
1130 4342 1222 4397 τὸν
1242 4342 1516 4413 ⁵Καίσαρα
1565 4341 1797 4413 ἔχοντος,
1825 4339 1885 4403 ὃς

1982 3163 2202 3209 ventum
2234 3167 2331 3223 pro
2374 3153 2593 3208 civitate
2625 3152 2813 3218 Daras,
2860 3153 2995 3208 clam
3047 3153 3405 3209 omnibuset
3444 3169 3555 3210 ne-

1979 3247 2131 3304 mine
2177 3247 2230 3303 id
2275 3244 2536 3301 reseieute
2571 3244 2893 3301 solveretur.
2947 3243 3237 3300 Zacharias
3266 3244 3401 3299 dixit
3431 3243 3555 3311 hoc,

1980 3338 2106 3409 quia
2138 3352 2168 3392 a
2191 3337 2406 3393 Caesare
2433 3335 2537 3391 hoc
2565 3334 2881 3390 mandatum
2912 3334 3277 3391 occultissime
3301 3334 3405 3391 sibi
3437 3350 3558 3393 cre-

1982 3431 2151 3485 ditum
2181 3437 2319 3494 erat,
2354 3442 2528 3498 neque
2554 3427 2664 3483 ullo
2686 3427 2790 3482 alio
2812 3429 3055 3493 conscio,
3084 3442 3242 3497 quam
3270 3425 3554 3489 Mauricio.

1983 3520 2134 3577 Pauli
2166 3521 2297 3586 lilio,
2343 3520 2432 3590 qui
2461 3518 2659 3575 Caesari
2698 3518 2838 3575 bene
2876 3535 2942 3574 ex
2983 3520 3166 3574 animo
3195 3520 3466 3589 cupiebat,
3503 3528 3558 3575 et

1984 3622 2112 3671 tunc
2143 3613 2406 3681 temporis
2435 3610 2693 3682 principis
2718 3609 2957 3667 rationes
2980 3612 3225 3675 curabat,
3275 3622 3335 3666 ut
3371 3627 3440 3665 ne
3476 3611 3560 3665 ul-

1984 3708 2069 3764 lus
2113 3706 2329 3778 quidem
2364 3703 2707 3773 imperatoris
2741 3703 3040 3759 scribarum
3070 3704 3363 3775 quidquam
3396 3705 3464 3758 de
3492 3719 3557 3759 ea

1984 3816 2045 3856 re
2090 3798 2355 3869 scriptum
2402 3795 2639 3862 haberet,
2683 3811 2794 3866 quo
2822 3794 3054 3851 Ctesaris
3087 3796 3313 3851 consilia
3360 3810 3559 3853 secre-

1986 3893 2125 3948 tiora
2155 3898 2360 3948 essent.
2418 3890 2605 3959 Itaque
2633 3889 2850 3958 scripsit
2877 3887 2945 3943 ad
2971 3887 3313 3955 Zachariam,
3365 3888 3410 3943 si
3455 3888 3559 3958 ipsi

1987 3982 2234 4039 Mebodes
2266 3981 2627 4052 polliceretur,
2676 3993 2853 4050 regem
2885 3977 3172 4035 Persarum
3209 3987 3559 4049 accepturum

1987 4072 2241 4144 pecunias
2286 4086 2384 4143 pro
2436 4068 2812 4140 redemptione
2851 4068 3002 4125 urbis
3044 4069 3236 4135 Dat-as,
3289 4069 3559 4126 Caesarem

1986 4165 2133 4221 nulla
2182 4178 2329 4219 mora
2397 4161 2720 4234 interposita
2781 4162 3069 4234 pecuniam
3151 4174 3560 4217 numeraturum

1987 4272 2131 4314 esse.
2170 4255 2294 4311 Haec
2322 4269 2445 4312 eum
2479 4270 2586 4311 non
2614 4263 2799 4326 aperte
2833 4256 3076 4325 quidem,
3116 4256 3209 4312 sed
3237 4257 3563 4311 obscuriori-

1991 4352 2093 4405 bus
2138 4347 2318 4403 rerbis
2355 4345 2648 4402 Zacharias
2678 4345 2887 4403 ΜουσιΙί
2943 4347 3228 4411 indicaret,
3280 4350 3561 4419 respondit

301 4441 365 4491 ὲν
392 4436 474 4508 τῷ
494 4435 620 4490 τότε
648 4437 741 4489 τὸν
769 4434 1042 4507 βασίλειον
1070 4433 1266 4489 ἰθύνειν
1296 4434 1649 4504 ἐκληρώσατο
1687 4432 1844 4502 λόγον
1867 4448 1883 4465 ι

1993 4440 2267 4507 Mebodes,
2304 4439 2440 4494 nihil
2469 4438 2568 4495 sibi
2604 4452 2635 4493 a
2660 4453 2788 4510 rege
2815 4438 3101 4496 Persarum
3131 4440 3197 4496 de
3223 4453 3285 4494 ea
3313 4454 3373 4496 re
3402 4456 3562 4495 man.

301 4532 453 4585 ὥστε
480 4527 673 4599 ἀμέλει
708 4529 843 4598 μηδὲ
882 4528 1020 4598 πρὸς
1072 4528 1182 4582 τῶν
1212 4525 1501 4599 βασιλείων
1530 4524 1789 4597 γραφέων
1816 4521 1885 4576 τὰ

304 4624 445 4694 περὶ
474 4621 572 4674 τοῦ
593 4620 801 4673 τοιοῦδε
824 4619 1155 4692 γεγράφθαι,
1184 4620 1262 4689 τῷ
1304 4619 1447 4691 μάλα
1469 4619 1526 4672 ἐν
1552 4616 1886 4690 παραϐύστῳ

306 4712 455 4769 εἷναι
500 4714 570 4768 τὰ
617 4713 1019 4785 βεϐουλευμένα
1046 4713 1125 4784 τῷ
1168 4712 1429 4783 Καίσαρι.
1481 4710 1688 4782 Γράφει
1721 4709 1766 4762 δ’
1793 4704 1887 4762 οὖν

309 4808 593 4881 Ζαχαρίας
626 4808 695 4873 ⁸ο,
724 4806 799 4871 ὼς
832 4807 1008 4869 εἴποις
1037 4808 1102 4859 σὺ
1124 4804 1390 4875 Μεϐώδης
1417 4801 1589 4874 λύτρα
1611 4800 1771 4872 δῆθεν
1790 4797 1886 4853 τοῦ

310 4901 499 4970 Δάρας
528 4899 621 4951 τὸν
652 4897 879 4968 βασιλέα
906 4895 1243 4967 κομίσασθαι
1292 4893 1540 4965 Περσῶν,
1576 4893 1726 4963 αὐτῷ
1764 4909 1887 4945 πει-

314 4995 584 5061 σθήσεται
614 4997 641 5046 ὸ
664 4970 888 5061 Καῖσαό
907 4993 974 5045 τὰ
1010 4993 1271 5064 χρήματα
1317 4989 1671 5062 καταθήσειν,
1700 4988 1796 5043 καὶ
1824 4987 1889 5059 δὴ

1994 4536 2196 4602 datum,
2255 4546 2431 4602 neque
2477 4532 2697 4588 omnino
2743 4546 2925 4603 regem
2956 4531 3123 4588 Daras
3175 4547 3272 4602 pro
3314 4534 3562 4603 pecuniis

1993 4624 2203 4684 restitui
2225 4639 2510 4695 passurum
2538 4638 2679 4681 esse.
2708 4622 3071 4680 Nihilominus
3099 4635 3276 4681 tamen
3298 4636 3560 4682 conventa

1993 4733 2082 4774 res
2100 4724 2179 4773 est
2205 4726 2259 4773 et
2272 4717 2594 4789 quibusdam
2612 4717 2933 4789 juramentis
2953 4718 3083 4775 lidcs
3106 4718 3339 4788 prmstita
3362 4734 3378 4772 :
3406 4718 3566 4789 124.

1922 4863 1933 4873 ,
1996 4808 2039 4864 si
2068 4808 2479 4873 conventiones,
2525 4818 2584 4863 ut
2629 4818 2757 4864 tunc
2806 4822 2865 4863 se
2914 4808 3204 4876 habebant,
3255 4819 3559 4874 manerent,

1998 4914 2178 4970 regem
2214 4900 2468 4969 deinceps
2496 4898 2696 4955 Ctesari
2730 4900 2926 4969 petenti
2964 4899 3132 4955 Daras
3185 4910 3442 4969 tanquam
3473 4915 3565 4970 pe-

1998 4991 2201 5047 culiare
2229 4991 2431 5047 donum
2464 4992 2810 5046 traditurum.
2851 4992 2963 5057 Qua
2992 4993 3053 5063 in
3087 5008 3143 5047 re
3178 4993 3313 5047 satis
3337 5008 3567 5062 appare—

314 5086 419 5138 οὐκ
443 5087 501 5150 ἐς
534 5084 825 5154 ἀναϐολήν.
861 5083 1047 5138 Ταῦτα
1078 5084 1258 5137 τοίνυν
1291 5083 1585 5154 Ζαχαρίου,
1612 5084 1661 5134 εί
1700 5080 1795 5135 καὶ
1815 5080 1891 5150 μὴ

2000 5083 2110 5160 bat,
2141 5096 2265 5136 eum
2292 5081 2513 5136 minime
2536 5081 2797 5136 salutaria
2828 5080 3073 5136 Romano
3094 5082 3318 5151 imperio
3339 5082 3560 5143 sentire,

314 5160 644 5248 ἀναφανδὸν,
678 5177 1128 5249 ὑπαινιττομένου
1182 5176 1240 5229 δὲ
1294 5176 1442 5247 ὅμως
1502 5172 1580 5243 τῷ
1630 5171 1888 5245 Μεϐώδῃ,

2000 5185 2054 5230 et
2082 5188 2202 5245 quae
2231 5190 2261 5228 a
2287 5189 2413 5230 vero
2440 5173 2821 5240 abhorrebant,
2870 5172 3072 5231 dicere.
3126 5173 3257 5228 Nam
3284 5189 3351 5229 co
3379 5173 3559 5229 tende.

1621 5308 1852 5366 VARhE
1888 5309 2299 5367 LECTIONES.

396 5441 443 5474 ”
483 5434 957 5510 θεσμὺνςειηὲιορὶ.
993 5436 1192 5510 θερμὸν
1252 5432 1339 5510 vul

1474 5430 1522 5462 “
1553 5429 1841 5498 ἐπιστῆναι
1902 5426 2049 5499 vulg.

2125 5430 2168 5461 ιτ
2190 5427 2362 5500 rei)”
2395 5426 2450 5481 δέ
2477 5444 2537 5481 τε
2567 5428 2715 5500 vuig.
2732 5498 2743 5500 _
2792 5424 2920 5498 ²³ἦς
2953 5427 3036 5491 ἢ,
3072 5426 3151 5500 οἷς
3175 5429 3319 5500 vulg.
3395 5430 3440 5462 "
3468 5430 3569 5500 τῆς

318 5515 401 5568 ξω
430 5492 597 5581 vuig:
652 5508 698 5581 ξ’
726 5492 1075 5581 ἀπάρξασθαὶ
1096 5492 1247 5581 ivulg.
1307 5492 1376 5581 :7
1398 5492 1850 5581 ngpgbflaasbat_
1876 5492 2025 5581 vulg;
2064 5500 2139 5581 λ’
2163 5500 2197 5581 ᾗ
2248 5492 2358 5563 Β,
2389 5500 2455 5581 ἐκ
2481 5500 2627 5581 κίεις.
2661 5492 2748 5530 ’³³
2771 5492 3186 5581 ἀναδραμούσης
3212 5492 3565 5581 Σίιῖιηηᾶνδρα

320 5578 551 5687 μούσης
582 5578 732 5662 vulg.

351 5656 369 5684 7
403 5654 522 5687 Dncl
556 5650 610 5687 RL
648 5663 732 5687 uno

834 5568 1258 5665 π’διελεγὲνσθξγν
1305 5572 1390 5661 8.,
1434 5568 1710 5665 διξλέσθην
1760 5568 1941 5665 γυίὲη¹
1982 5568 2339 5665 διελέχθησαν
2397 5568 2773 5665 "afﬁrmem
2813 5568 2924 5622 Val.

3025 5570 3070 5601 ³⁸
3101 5566 3153 5641 οἱ
3185 5566 3323 5623 εἶναι
3360 5570 3422 5624 ll.
3458 5566 3563 5641 Iug.

403 5638 531 5773 ξ’ἓὲί
556 5650 613 5704 δὲ
648 5638 946 5773 inﬁgo?!)
974 5648 1035 5703 Ν.
1065 5638 1164 5720 ἐἴη
1190 5638 1279 5712 N.,
1338 5638 1385 5699 εί
1418 5644 1562 5713 vulg.
1639 5638 1683 5674 ³⁸
1714 5642 1819 5713 μὴν
1852 5639 1967 5695 \t'al.
2006 5638 2188 5712 μεῖναι
2220 5638 2391 5713 'vulg.
2467 5638 2514 5672 ³³
2540 5639 2617 5704 ὡς
2645 5640 2789 5711 vulg.
2818 5656 2915 5709 pro
2945 5638 3022 5701 ὃς.
3100 5640 3145 5672 ⁴⁰
3175 5642 3436 5712 Ζαχαρία,
3469 5638 3564 5705 ὡς,

409 5738 437 5773 ι.
474 5740 551 5773 vat
588 5738 670 5773 σοι
822 5761 835 5773 .
916 5760 930 5773 .
1162 5766 1165 5767 ν

321 5726 377 5778 εἰ
409 5723 551 5792 λέγοι
588 5738 670 5775 σοι
695 5721 776 5776 Ms
