4070 6328
546 309 654 372 839
1424 297 1818 359 EXCERPTA
1853 297 1955 356 EX
1995 292 2424 355 MENANDRO
2461 289 2956 354 PBOTECTORE
3698 285 3797 348 840

549 417 662 472 lum
695 414 922 479 faceret,
973 411 1066 465 sed
1124 408 1301 480 potius
1351 419 1409 462 ut
1458 408 1676 462 Christo
1731 406 2026 475 opitulante
2076 415 2130 459 et

2241 421 2338 458 των
2364 403 2610 475 Περσῶν.
2642 399 2772 456 Εἶτα
2805 405 2862 455 ἐν
2891 402 3190 474 ἀπορρήτῳ
3231 400 3378 465 ἔλεξε
3411 399 3488 472 τῷ
3537 396 3804 469 ίερουργῷ

544 509 758 561 fatente
787 505 982 557 bellum
1013 511 1240 571 gereret,
1293 508 1349 554 et
1395 508 1541 552 recta
1575 500 1640 552 de
1690 499 1792 550 lide
1839 499 2133 552 sentientes

2241 497 2334 550 ὃσα
2365 497 2554 566 ἐχρῆν,
2584 495 2928 566 συνεχώρησέ
2981 510 3041 548 τε
3068 494 3222 558 αὖθις
3249 495 3381 548 εἵσω
3418 491 3676 561 γενέσθαι
3714 491 3804 544 τοῦ

543 606 731 659 contra
764 596 983 659 Persas,
1038 593 1128 659 qui
1179 606 1208 646 a
1241 606 1364 647 vera
1411 591 1501 644 Dei
1558 589 1863 656 cognitione
1909 589 2132 643 aberra-

2241 586 2518 657 φρουρίου.
2560 587 2646 648 Ὠς
2675 586 2732 641 δὲ
2796 585 3036 655 ἐπανῆκε
3068 583 3129 637 τὸ
3161 584 3469 636 τελευταῖον
3506 583 3533 635 δ
3570 581 3747 650 ἱερεὺς
3781 580 3808 632 ὀ

547 658 696 750 bant,
733 658 994 740 tueretur.
1027 658 1230 738 Deinde
1257 683 1502 751 quaedam
1535 688 1745 735 secreto
1776 693 1900 733 cum
1934 693 2127 734 sacer-

546 785 694 848 dote,
727 797 845 852 qua)
875 780 940 834 ad
974 779 1271 849 negotium,
1305 777 1446 847 quod
1479 777 1620 829 inter
1645 788 1740 828 eos
1765 774 2122 838 tractabatur,

548 873 910 944 pertinebant.
940 872 1262 934 collocutus,
1296 869 1590 930 conceSsit,
1621 874 1678 918 ut
1711 880 1899 920 rursus
1941 866 1994 918 in
2026 879 2124 932 op-

547 965 730 1033 pidum
775 963 994 1017 rediret.
1033 959 1314 1016 Postremo
1356 969 1416 1012 ut
1459 971 1648 1012 rursus
1689 956 1946 1013 sacerdos
1998 956 2131 1010 exiit

550 1054 682 1106 nihil
732 1053 1048 1122 quidquam,
1101 1049 1241 1119 quod
1282 1063 1348 1102 ex
1405 1063 1461 1110 re
1509 1057 1674 1112 esset,
1726 1046 1978 1115 aﬂ‘erens,
2033 1045 2128 1102 sed

2231 679 2531 751 βάρὸαρος,
2580 679 2674 731 καὶ
2700 678 2854 731 οὐδὲν
2885 676 3066 731 ὁτιοῦν
3108 679 3164 740 ἐς
3208 676 3268 728 τὸ
3323 675 3406 728 ίθὺ
3451 674 3546 744 τῆς
3582 671 3808 740 γνώμης

2230 771 2556 839 ἐφθέγξατο,
2581 771 2638 833 ἐς
2669 769 2978 825 τούναντίον
3006 767 3106 840 μὲν
3135 764 3230 821 οὖν
3249 767 3316 819 τὰ
3341 765 3566 835 Περσῶν
3599 762 3812 830 ἐπεφώ-

2232 880 2363 933 ρατο
2392 863 2794 932 ἀσπαζόμενος,
2840 861 3276 931 ξυλλαμδάνεται
3322 859 3421 929 μὲν
3466 860 3560 924 ὅγε
3617 857 3714 910 καὶ
3763 857 3811 907 οἱ

2233 955 2324 1020 ξὺν
2358 955 2528 1026 αὐτῷ,
2562 952 2717 1018 αὖθις
2769 955 2826 1008 δέ
2861 955 2906 986 ⁸¹⁹
2958 952 3426 1023 ἐγκελευσαμένου
3468 950 3562 1004 τοῦ
3618 963 3815 1019 στρατ-

2237 1048 2396 1119 ηγοῦ,
2421 1049 2631 1118 εἴχοντο
2654 1048 2754 1117 τῆς
2780 1046 3099 1118 πολιορκίας
3125 1046 3174 1098 ol
3211 1046 3493 1114 Ῥωμαῖοι.

547 1151 737 1213 aperte
760 1140 1054 1197 Persarum
1083 1139 1242 1193 rebus
1281 1136 1509 1203 faveret,
1556 1138 1670 1206 ipse
1709 1148 1764 1193 et
1796 1136 1889 1209 qui
1946 1151 2069 1192 cum
2097 1150 2164 1192 eo
2201 1150 2357 1193 erant
2388 1137 2544 1208 jussu
2581 1140 2735 1195 ducis
2765 1140 2816 1193 in
2847 1139 3060 1194 vincula
3094 1139 3327 1207 coniecti
3358 1148 3506 1194 sunt.
3580 1135 3815 1194 Romani

549 1251 676 1294 vero
705 1235 1043 1293 obsidionem
1078 1231 1482 1286 continuarunt.

623 1336 712 1390 29.
755 1333 907 1388 Italia
945 1340 1055 1386 tcta
1092 1328 1204 1384 fere
1237 1343 1267 1382 a
1309 1327 1682 1395 Longobardis
1729 1336 1811 1383 est
1849 1341 2037 1384 eversa
2070 1338 2126 1384 et

551 1428 749 1481 diruta.
773 1426 957 1492 Itaque
979 1419 1223 1476 nonnulli
1251 1436 1316 1474 ex
1346 1427 1540 1474 senatu
1563 1421 1760 1474 veteris
1783 1417 1968 1473 Romae
1998 1434 2121 1473 cum

550 1520 871 1592 quibusdam
893 1511 1289 1578 sacerdotibus,
1315 1528 1450 1582 quos
1475 1513 1562 1582 qui
1591 1528 1818 1568 summa:
1844 1527 2122 1569 sacrorum

551 1617 788 1682 praeerat
825 1607 1186 1677 delegaverat,
1233 1604 1300 1658 ad
1355 1605 1738 1674 imperatorem
1769 1603 1930 1674 legati
1963 1618 2126 1659 vene-

550 1711 680 1757 runt
709 1708 954 1764 orantes,
985 1708 1040 1754 It
1077 1698 1161 1752 his
1199 1696 1444 1768 partibus
1483 1697 1816 1752 subveniret.
1854 1694 1958 1752 Sed
1991 1696 2122 1752 Per-

552 1797 724 1849 sicum
753 1791 952 1848 bellum
977 1789 1077 1845 hoc
1109 1801 1350 1859 tempore
1376 1790 1425 1843 in
1452 1788 1706 1843 Armenia
1736 1799 1788 1845 et
1821 1789 1875 1842 in
1909 1789 2133 1845 Oriente

551 1897 690 1950 erat,
726 1885 869 1955 quod
935 1897 1041 1936 non
1078 1882 1238 1936 modo
1294 1896 1400 1936 non
1446 1882 1879 1945 intermittebat,
1929 1882 2036 1937 imo
2079 1883 2132 1935 irt

466 2000 477 2009 -
553 1976 917 2031 artlentioretn
941 1975 1349 2030 contentionem
1371 1973 1806 2043 ingravescebat.
1830 1973 1906 2028 Eo
1930 1973 2132 2028 factum

554 2079 657 2133 est,
694 2077 751 2120 ut
777 2067 1073 2137 imperator
1096 2065 1271 2118 nullas
1297 2065 1517 2118 idoneas
1548 2065 1752 2133 copias,
1781 2080 1900 2133 qua:
1923 2065 2131 2120 illarum

557 2154 787 2222 partium
843 2154 1002 2207 rebus
1063 2152 1411 2208 sublevandis
1469 2151 1798 2218 sufficerent,
1865 2156 2125 2210 mitteret.

563 2242 947 2299 Verumtamen
1013 2243 1245 2310 delectu,
1297 2251 1358 2297 ut
1408 2258 1495 2299 res
1544 2244 1684 2311 tulit,
1724 2245 1927 2309 habito,
1972 2260 2136 2302 exer-

560 2338 753 2401 citum,
794 2349 955 2404 quem
993 2335 1188 2403 potuit,
1223 2335 1393 2397 misit,
1436 2341 1600 2404 atque
1628 2337 1792 2390 etiam
1827 2351 1989 2391 omne
2013 2350 2131 2391 Stu-

562 2427 708 2480 dium
741 2436 792 2481 et
833 2425 1161 2496 diligentiam
1207 2426 1478 2490 adhibuit,
1513 2443 1618 2496 quo
1655 2427 2134 2498 Longobardorum

563 2519 727 2573 duces
764 2519 918 2571 donis
957 2518 1346 2580 demereretur,
1382 2533 1519 2586 quos
1551 2533 1740 2585 magna
1781 2520 1884 2574 illis
1915 2524 2133 2591 prmmia

565 2607 947 2669 retributnrus,
980 2610 1046 2660 ad
1082 2623 1210 2662 suas
1241 2619 1420 2678 partes
1451 2611 1779 2665 traduceret.
1804 2611 1991 2680 Itaque
2025 2613 2135 2682 ple-

561 2699 716 2768 rique
757 2713 822 2753 ex
882 2699 1360 2770 Longobardorutn
1413 2693 1794 2772 principibus,
1851 2703 2134 2773 largitione

563 2791 915 2861 imperatoris
963 2801 1207 2862 accepta,
1248 2792 1314 2846 ad
1353 2791 1626 2849 Romanos
1655 2793 1990 2851 defecerunt.

2305 1328 2411 1385 κθ’.
2439 1329 2798 1410 Ὅτιᾎταλία
2846 1317 3005 1382 sui.“
3049 1327 3158 1381 τῶν
3184 1328 3575 1401 Λογγιόάρδων
3623 1329 3815 1399 σχεδον

2233 1417 2424 1471 ἅπασα
2460 1412 2824 1490 ἐπεπόρθητο.
2877 1419 2968 1472 Διὸ
3017 1419 3079 1489 δὴ
3111 1420 3207 1472 καὶ
3261 1421 3324 1472 ἐκ
3352 1420 3449 1490 τῆς
3505 1420 3812 1492 συγκλήτου

2235 1509 2434 1582 βουλῆς
2474 1511 2572 1582 τῆς
2625 1512 3003 1582 πρεσϐυτέρας
3043 1511 3260 1582 Ῥώμης
3305 1514 3422 1581 ἅμα
3469 1511 3709 1584 ἱερεῦσιν
3755 1515 3816 1567 ἐκ

2232 1602 2325 1655 τοῦ
2360 1605 2705 1673 προεστῶτος
2738 1602 2881 1674 [τῆς]
2909 1604 3168 1677 ἐνῬώμῃ
3195 1604 3302 1656 τῶν
3336 1605 3499 1676 ἱερῶν
3523 1605 3809 1675 πεμφθέν-

2233 1712 2339 1748 των
2373 1693 2556 1759 τινῶν,
2594 1694 2958 1763 παρεγένοντο
2980 1696 3405 1766 πρεσδευόμενοι
3433 1694 3508 1759 ὡς
3539 1698 3633 1751 τὸν
3655 1698 3815 1752 αύτο-

2233 1786 2498 1855 κράτορα,
2550 1787 2663 1848 τοῖς
2711 1788 2888 1839 ἐκεῖσε
2937 1787 3160 1856 μέρεσιν
3214 1786 3546 1858 ἐπαρκέσαι.
3613 1788 3758 1843 Ἀλλ’
3789 1793 3817 1843 δ

2237 1876 2506 1946 Περσικὸς
2541 1877 2776 1946 πόλεμος
2809 1879 2866 1930 ἐν
2911 1877 3172 1948 Ἀρμενίᾳ
3220 1894 3278 1930 τε
3323 1879 3464 1933 κατὰ
3488 1880 3687 1935 ταυτὸν
3723 1883 3819 1936 καὶ

2236 1968 2294 2030 ἐς
2328 1967 2398 2020 τὰ
2428 1970 2556 2037 περὶ
2583 1969 2682 2038 τὴν
2717 1967 2860 2038 ἑῴαν
2889 1968 3232 2040 ξυνεστηκώς
3258 1987 3315 2023 τε
3345 1972 3439 2024 καὶ
3471 1972 3571 2025 οὐκ
3599 1973 3822 2045 ἀπολή-

2235 2073 2369 2124 γων,
2413 2056 2613 2126 μᾶλλον
2640 2058 2738 2125 μὲν
2769 2052 2860 2110 οὖν
2893 2058 2986 2110 ἐπὶ
3009 2058 3077 2110 τὰ
3116 2060 3338 2129 μείζονα
3370 2062 3610 2133 δυσχερῆ
3640 2062 3818 2117 ἐκτει-

2234 2148 2479 2219 νόμενος,
2533 2151 2789 2219 οὐδεμίαν
2820 2152 3099 2219 ἀξιόλογον
3151 2153 3499 2224 συνεχώρησε
3552 2155 3819 2226 στρατιάν

2233 2257 2294 2292 τε
2324 2243 2412 2293 τὸν
2436 2243 2835 2314 αὐτοκράτορα,
2855 2243 2976 2295 οὐδὲ
3009 2245 3116 2312 μὴν
3136 2244 3466 2314 ἀποχρῶσαν
3487 2249 3602 2309 τοῖς
3637 2249 3818 2301 ἐκεῖσε

2237 2335 2525 2403 πράγμασι
2573 2335 2802 2405 δύναμιν
2855 2335 3078 2388 στεῖλαι.
3131 2336 3321 2406 Ὅμως
3373 2338 3429 2390 δὲ
3471 2339 3569 2391 καὶ
3609 2340 3676 2392 ἐκ
3712 2338 3820 2390 τῶν

2239 2424 2521 2494 παρόντων
2551 2442 2609 2478 τε
2639 2427 2733 2478 καὶ
2757 2425 3121 2496 ἐνδεχομένων
3149 2426 3377 2497 στράτευ
3387 2444 3462 2497 μα
3493 2426 3820 2500 ξυναγείρας

2237 2514 2488 2569 ἔστελλεν
2526 2519 2554 2570 ὁ
2605 2516 2888 2587 βασιλεύς·
2918 2516 3014 2570 καὶ
3051 2517 3148 2588 τὴν
3174 2518 3340 2588 ἄλλην
3376 2517 3585 2571 ἐτίθετο
3617 2521 3819 2590 emps-

2237 2608 2386 2662 λειάν
2417 2627 2474 2663 τε
2510 2611 2606 2662 καὶ
2643 2611 2880 2680 σπουδὴν
2900 2649 2917 2676 ,
2948 2609 3002 2663 εἴ
3187 2627 3337 2677 τινας
3363 2611 3474 2667 τῶν
3499 2613 3822 2682 ἡγουμένων

2236 2700 2332 2753 τοῦ
2369 2700 2758 2770 Λογγιὸἁρδων
2789 2700 2973 2766 ἔθνους
3000 2701 3321 2772 δεξιὼσητκι
3355 2703 3547 2774 δώροις
3588 2705 3824 2757 ὑποπεέ-

2239 2791 2346 2845 ϐων
2378 2793 2469 2845 καὶ
2502 2793 2764 2861 μεγίστας
2793 2792 3264 2862 ἐπαγγελλόμενος
3293 2792 3543 2861 χάριτας.
3585 2793 3729 2864 Ἤδη
3757 2810 3818 2845 τε

2215 2873 2482 2937 ’πλεῖστοι
2530 2882 2640 2940 τῶν
2702 2884 2944 2939 δυνατῶν
2980 2884 3423 2954 μετετίθεντθὼς
3465 2886 3821 2955 Ῥωμαίους,

2110 2969 2114 2972 ’
2163 2991 2206 3051 C
2238 2979 2336 3046 τὴν
2384 2978 2447 3027 ἐκ
2479 2976 2592 3029 -μτοῦ
2625 2974 3024 3048 αὐτοκράτορος
3052 2977 3319 3046 ὡφέλέιαν
3350 2968 3819 3047 προσδεχόμενοι.

633 3058 722 3114 50.
778 3058 1046 3130 Bajanus,
1105 3058 1341 3114 Avarum
1391 3061 1686 3130 chaganus,
1742 3062 1934 3115 eodem
1994 3077 2136 3116 anno

569 3149 868 3218 Targitium
901 3150 967 3203 ad
1001 3151 1409 3221 imperatorem,
1447 3152 1535 3219 qui
1568 3153 1813 3221 praestari
1852 3153 2010 3207 solita
2042 3154 2135 3207 sti-

570 3242 764 3311 pendia
795 3241 1056 3310 exigeret,
1097 3243 1246 3297 misit
1285 3243 1462 3313 (erant
1490 3253 1668 3296 autem
1711 3244 1984 3312 octoginta
2019 3244 2132 3298 mil-

569 3333 636 3386 lia
685 3348 1050 3398 nummorum,
1101 3350 1217 3403 quae
1267 3337 1559 3405 quotannis
1610 3336 2032 3406 pendebantur),
2087 3346 2139 3390 et

567 3426 658 3480 ubi
702 3440 824 3478 cum
864 3425 1082 3493 reliquis
1119 3427 1418 3492 mercibus,
1443 3430 1599 3495 {quas
1652 3436 1882 3493 emerat,
1915 3437 1969 3482 et
2013 3443 2137 3481 cum

569 3532 702 3571 auro
745 3517 811 3570 ad
847 3518 996 3571 illum
1043 3517 1300 3582 redierat,
1352 3518 1638 3584 barbarus,
1679 3519 1824 3573 nulla
1854 3520 2140 3574 occasione

572 3618 665 3662 aut
693 3624 856 3665 causa
888 3608 1146 3675 conﬁcta,
1169 3623 1239 3664 ne
1266 3608 1460 3664 falsam
1492 3610 1705 3678 quidem
1734 3613 2135 3665 accusationem

572 3703 625 3754 in
653 3700 926 3755 Romanos
954 3701 1297 3757 comminisci
1335 3703 1609 3771 dignatus,
1651 3704 2139 3771 impudentissime,

568 3795 658 3864 qui
685 3795 931 3848 barbaris
973 3794 1130 3864 127
1151 3809 1267 3850 mos
1294 3804 1399 3859 est,
1425 3795 1658 3860 foedera,
1682 3811 1800 3864 quae
1825 3811 1946 3850 cum
1979 3795 2140 3851 Tibe-

571 3888 653 3940 rio
685 3886 842 3939 initio
875 3884 993 3955 ejus
1031 3887 1242 3955 imperii
1280 3884 1504 3950 fecerat,
1550 3887 1717 3956 rupit,
1743 3896 1801 3942 et
1839 3902 1960 3942 cum
1995 3887 2140 3942 omni

570 3980 810 4033 exercitu
881 3992 1105 4032 movens
1156 3978 1222 4032 ad
1293 3978 1492 4034 Savum
1555 3976 1776 4033 ﬂuvium
1839 3979 1980 4033 inter
2029 3976 2146 4033 Sir—

574 4069 739 4124 mium
799 4071 1055 4140 oppidum
1111 4069 1236 4139 (hoc
1301 4083 1368 4125 ex
1411 4069 1620 4124 insidiis
1683 4083 1874 4138 capere
1926 4070 2145 4138 cogita-

573 4165 686 4231 bat)
743 4169 796 4216 et
829 4161 1185 4232 Singcdonetn
1219 4172 1395 4216 castra
1441 4161 1612 4228 ponit,
1642 4170 1697 4215 et
1732 4161 1953 4215 ﬂuvium
1983 4172 2146 4231 ponte

571 4251 798 4323 iungere
823 4253 1070 4320 suscipit.
1108 4251 1241 4306 Cum
1265 4261 1442 4306 autem
1474 4253 1708 4318 timeret,
1732 4268 1800 4307 ne
1832 4268 1861 4307 a
1889 4252 2145 4308 Romanis

2311 3067 2372 3123 λ’.
2408 3053 2981 3137 ὊτιΒαῖανὸςμὸτῶν
3018 3068 3324 3139 ’Δσάρων⁶³
3358 3069 3622 3139 χαγάνο;,
3666 3069 3827 3122 οὐδε.

2244 3161 2372 3230 μιᾶς
2428 3159 2684 3231 ἀφορμῆς
2727 3161 2761 3232 ἢ
2810 3160 3062 3230 σκήψεως
3115 3158 3435 3230 λαύόμενος,
3486 3160 3608 3213 οὐδὲ
3646 3160 3824 3232 ψευδῆ

2240 3252 2372 3321 γοῦν
2403 3255 2541 3305 κατὰ
2570 3253 2858 3323 Ῥωμαίων
2888 3253 3067 3306 αἰτίαν
3098 3251 3334 3317 ἀξιώσας
3369 3253 3488 3307 τινα
3518 3255 3823 3318 συνθεῖναι,

2239 3344 2374 3397 ἀλλὰ
2405 3344 2513 3414 γὰρ
2560 3346 2655 3398 καὶ
2699 3347 2844 3400 κατὰ
2873 3347 2990 3399 τόδε
3022 3347 3223 3414 ὁμοίως
3254 3347 3314 3400 τὸ
3361 3346 3478 3410 ἔτος
3523 3348 3827 3417 Ταργὶτιον

2242 3441 2379 3504 πρὸς
2411 3435 2636 3505 βασιλέα
2666 3437 2902 3502 στείλας,
2926 3437 3000 3502 ὡς
3030 3437 3098 3490 τὰ
3135 3439 3499 3509 συνταχθέντα
3530 3441 3828 3510 κομίσαιτο

2241 3523 2350 3574 τῶν
2390 3526 2692 3592 χρημάτων
2743 3525 3092 3596 (ὀγδοήκοντα
3119 3526 3176 3580 δέ
3207 3528 3444 3598 χιλιάδες
3468 3531 3720 3600 ὑπῆρχον
3751 3533 3831 3594 είς

2243 3617 2361 3678 ἔτος
2415 3618 2646 3672 ἕκαστον
2697 3619 3099 3690 νομισμάτων),
3149 3621 3339 3692 ἐπειδὴ
3384 3623 3474 3675 τόν
3532 3639 3590 3675 τε
3659 3623 3828 3678 ἀλλον

2244 3709 2462 3780 φόρτον,
2520 3709 2577 3762 ὃν
2609 3712 2675 3763 ἐκ
2701 3712 2809 3763 τῶν
2843 3712 3140 3782 χρημάτων
3174 3713 3587 3784 ἐνεπορεύσατο,
3630 3715 3730 3768 καὶ
3769 3716 3829 3767 τὸ

2243 3801 2468 3872 χρυσίον
2494 3801 2632 3872 ἔχων
2658 3803 2933 3872 ἐπανῆκεν
2962 3803 3036 3867 ὡς
3065 3804 3248 3868 αὑτὸν,
3283 3807 3491 3868 ἐκεῖνος
3523 3806 3828 3877 ἀναισχυν-

2244 3896 2441 3963 τότατμ
2469 3900 2563 3949 καὶ
2595 3897 2998 3968 βαρϐαρώτατα
3024 3897 3181 3970 ἄφνω
3207 3900 3530 3971 παραλύσας
3559 3901 3663 3965 τὰς
3696 3918 3829 3955 συν-

2246 3986 2442 4056 Θήκας,
2489 3987 2554 4050 ἃς
2598 3989 2732 4059 πρὸς
2781 3989 3030 4059 Τιϐέριον
3077 3991 3180 4062 τῆς
3231 3993 3511 4063 Καίσαρος
3555 3993 3830 4048 ἐπιϐάντα

2246 4078 2414 4149 τύχης
2441 4081 2602 4142 εὐθὺς
2645 4083 2703 4135 ἐν
2735 4082 2934 4152 ἀρχαῖς
2982 4084 3295 4150 ἐποιήσατο,
3336 4084 3428 4136 καὶ
3477 4087 3828 4159 πανστρατιᾷ

2247 4173 2498 4241 κινήσας,
2553 4172 2860 4239 ἀφικνεῖται
2917 4175 3058 4227 κατὰ
3109 4175 3174 4245 δὴ
3228 4175 3318 4227 τὸν
3371 4176 3507 4229 Σάον
3553 4177 3828 4246 ποταμὸν,

2254 4262 2456 4332 μεταξὺ
2490 4263 2717 4334 Σιρμίου
2748 4257 2956 4328 πόλεως
2989 4266 3084 4319 καὶ
3113 4267 3457 4336 Σιγγηδόνος.
3508 4269 3621 4322 Καὶ
3653 4286 3828 4338 γεφυ-

579 4344 936 4411 impedtretur
996 4346 1086 4411 qui
1149 4341 1462 4414 Singedone
1513 4345 1563 4397 in
1635 4345 1900 4413 praesidiis
1958 4357 2136 4409 erant,

2253 4354 2379 4425 ροῦν
2423 4356 2696 4426 ἐπεχείρει
2731 4355 2822 4409 τὸν
2856 4355 3006 4426 ῥοῦν,
3041 4357 3410 4412 ἐπιϐουλεύων
3465 4359 3565 4429 μέν
3613 4361 3829 4432 Σιρμίῳ

582 4435 814 4487 maxime
844 4435 986 4502 quod
1040 4434 1267 4488 multutn
1297 4450 1452 4489 usum
1501 4445 1556 4490 et
1602 4437 1889 4492 scientiam
1923 4441 2139 4492 navium

581 4523 821 4578 ﬂuminis
845 4526 1135 4592 habebant,
1151 4515 1430 4580 consilium
1452 4542 1631 4593 suum,
1654 4538 1937 4598 antequam
1961 4531 2013 4585 in
2035 4531 2148 4584 vul-

577 4631 676 4685 gus
718 4617 1102 4682 innotesceret,
1144 4628 1523 4684 exsecuturus,
1557 4621 1718 4674 multa
1761 4625 1998 4676 vectoria
2029 4639 2147 4694 gra-

579 4710 773 4776 viaque
811 4710 1022 4776 navigia
1053 4711 1106 4763 in
1140 4708 1277 4765 Istro
1315 4727 1409 4781 per
1440 4712 1776 4781 superiorem
1807 4713 2142 4770 Pannoniam

580 4801 775 4869 coegit,
811 4815 877 4854 ex
905 4801 1124 4870 quibus,
1162 4815 1513 4872 quacumque
1540 4804 1778 4858 nancisci
1815 4807 2007 4873 putuit,
2040 4821 2143 4861 non

579 4896 793 4966 quidem
832 4896 897 4950 ad
938 4897 1068 4950 artis
1102 4897 1317 4950 navium
1363 4898 1800 4952 mdiﬁcandarum
1859 4901 2142 4963 rationem,

583 5001 762 5042 tamen
805 5003 967 5044 naves
1016 5003 1078 5043 ea
1125 4991 1516 5060 magnitudine,
1560 5002 1618 5046 ut
1663 4995 1729 5047 ad
1785 4992 1978 5047 bellum
2008 5005 2145 5063 aptae

581 5091 782 5146 essent,
825 5081 1111 5147 exstruxit,
1144 5092 1198 5136 ct
1240 5097 1331 5137 eas
1366 5085 1676 5140 hominibus
1718 5089 1940 5142 armatis
1975 5099 2028 5142 et
2064 5105 2147 5144 re—

585 5175 816 5246 migibus
850 5174 1125 5241 instruxit,
1165 5179 1255 5247 qui
1291 5177 1580 5232 barbarum
1630 5180 1681 5234 in
1721 5195 1925 5234 morem
1969 5183 2149 5236 incon-

584 5267 712 5321 ditis
761 5266 958 5321 ictibus
994 5284 1188 5336 aquatn
1231 5270 1611 5325 verberabant.
1644 5271 1718 5325 Ita
1771 5273 1929 5326 simul
1979 5275 2150 5329 classe

592 5375 786 5428 magno
811 5371 953 5416 tnotn
979 5361 1196 5417 ﬂumine
1226 5363 1467 5428 derecta,
1490 5381 1610 5419 cum
1642 5366 1890 5420 omnibus
1915 5367 2150 5422 Avarum

2249 4449 2316 4517 τῇ
2351 4447 2499 4501 πόλει
2560 4449 2652 4501 καὶ
2701 4450 3160 4519 παραστήσασθαι
3197 4453 3403 4521 ταύτην
3455 4452 3826 4524 βουλόμενος·

2232 4540 2438 4617 ’δείσας
2469 4540 2545 4604 δέ,
2579 4539 2654 4609 μὴ
2689 4539 3049 4611 διακωλυϐείη
3079 4544 3214 4611 πρὸς
3242 4542 3352 4596 τῶν
3390 4543 3680 4613 Ῥωμαίων
3720 4547 3827 4597 τῶν

2252 4632 2724 4700 ὲπιφυλαττόντων
2768 4633 2824 4684 ἐν
2876 4633 3226 4703 Σιγγηδόνι⁶⁹
3266 4637 3358 4688 καὶ
3388 4636 3484 4706 τὴν
3526 4638 3589 4689 ἐκ
3622 4637 3825 4689 πολλοῦ

2250 4721 2346 4777 τοῦ
2399 4725 2589 4794 χρόνου
2639 4725 2837 4794 πεῖράν
2870 4743 2930 4779 τε
2966 4724 3090 4780 καὶ·ι
3108 4729 3414 4798 ἐπιστήμην
3448 4731 3506 4780 ἐν
3555 4733 3678 4792 ταῖς
3733 4730 3824 4782 τοῦ

2254 4815 2504 4887 ποταμοῦ
2552 4821 2745 4872 ναυσὶν
2792 4818 3184 4889 ὑπειδόμενος,
3230 4820 3551 4890 βουλόμενός
3606 4839 3665 4875 τε
3724 4821 3828 4890 πρὸ

2250 4909 2345 4964 τοῦ
2364 4910 2408 4942 ⁸³
2438 4910 2534 4980 τὴν
2576 4910 2767 4981 βουλὴν
2806 4913 2864 4975 ἐς
2893 4911 2952 4964 τὸ
2998 4913 3228 4981 φανερὸν
3265 4913 3517 4966 ἐκπεσεῖν
3540 4915 3600 4967 τὸ
3644 4916 3828 4983 ἐγχεί-

2256 5019 2409 5072 ρημα
2431 5001 2821 5065 τελεώσασθαι,
2863 5003 3022 5056 πλοῖα
3055 5006 3383 5075 συναγεέρας
3417 5005 3560 5058 κατὰ
3590 5006 3691 5074 τὴν
3718 5007 3828 5058 ἄνω

2255 5095 2567 5148 Παννωνίαν
2599 5096 2678 5158 είς
2706 5096 2794 5148 τὸν
2816 5098 3028 5166 Ἴστρον
3058 5097 3226 5152 πολλὰ
3252 5098 3442 5168 βαρέα,
3475 5098 3570 5150 καὶ
3598 5098 3658 5150 ού
3689 5097 3830 5149 κατὰ

2256 5186 2414 5254 λόγον
2440 5188 2537 5256 τῆς
2565 5173 2913 5258 ναυπηλτικῆς
2941 5189 3154 5260 τέχνης,
3185 5189 3336 5258 ὅμως
3367 5189 3428 5241 ἐκ
3455 5188 3567 5240 τῶν
3600 5189 3827 5240 ἐνόντων

2262 5279 2479 5349 μακρὰς
2547 5279 3037 5350 συμπηξάμενος⁶⁸
3086 5282 3477 5350 στρατιώτιδας
3530 5281 3682 5347 ναῦς,
3735 5280 3830 5333 καὶ

2258 5368 2488 5432 πολλοὺς
2523 5371 2581 5422 ἐν
2611 5371 2800 5435 αὐταῖς
2829 5371 3154 5437 ἐπισιὸάσας
3181 5373 3402 5436 ὁπλίτας
3429 5372 3622 5441 ἐρέτας
3649 5389 3734 5436 τε,
3765 5372 3824 5423 οὔ

1888 5523 2119 5580 ΧἈΒΙᾹΞ
2167 5524 2572 5584 LECTIONES.

661 5653 704 5745 :9
733 5653 788 5706 δὲ
823 5671 928 5745 o'nt.
977 5656 1118 5741 vulg.
1150 5657 1240 5745 ﬂ”.
1271 5657 1375 5745 ὑπο
1398 5657 1460 5711 Ν.
1538 5660 1580 5690 ⁸⁸
1607 5660 2269 5745 ξᾼϐἁρωνίμηοἌράβων
2297 5666 2447 5745 vulg.
2524 5668 2566 5698 ⁶²
2593 5669 2894 5741 Σιγγηδῶνι
2921 5672 3122 5742 passim
3186 5674 3326 5745 vulg.
3404 5674 3450 5707 “
3475 5672 3580 5745 πρὸ
3616 5672 3712 5727 τοῦ
3735 5670 3829 5741 Ν.,

590 5726 722 5796 πρὸς
778 5728 943 5798 vnlg,
991 5726 1118 5798 πρὶν
1150 5726 1264 5782 Val.
1334 5729 1377 5758 “
1411 5726 1832 5801 συμπηξὰμενος
1867 5730 1953 5798 Η.,
1989 5726 2281 5804 ἀμπηξάμ.
2311 5726 2462 5807 vulg.
