4070 6328
550 176 659 241 895
1394 181 1788 244 EXCERPTA
1828 180 1931 241 EX
1972 175 2396 241 MENANDRO
2430 174 2928 238 PROTECTORE
3706 172 3803 234 896

551 285 666 339 loca
705 283 871 341 Daras
916 287 1037 356 igne
1074 290 1326 343 vastavit.
1357 289 1462 345 Sed
1494 290 1600 347 title
1624 289 1837 346 Mebodi
1863 290 2012 355 data,
2044 289 2118 343 illi
2149 342 2151 347 ι

2251 288 2486 351 ῖπονδαῖς
2513 287 2574 341 οὐ
2607 303 2898 360 στέργουσι
2955 288 3233 358 Ῥωμαῖοι,
3276 286 3542 356 ἐπαφίησι
3590 284 3681 338 τὸν
3704 285 3807 336 Τα-

554 387 894 434 numeratum
935 381 1000 435 iri
1050 383 1340 450 quotannis
1392 397 1488 452 per
1537 392 1645 440 tres
1678 399 1849 440 annos
1900 384 2119 454 triginta

2251 379 2437 451 ςόσδρω
2479 379 2623 434 κατὰ.
2671 380 2772 449 τῆς
2833 380 3122 450 Ῥωμαίων
3173 379 3550 450 ἐπικρατείας.
3612 378 3721 432 Καὶ
3755 375 3809 440 ὃς

553 469 723 525 millia
756 486 1045 528 aureorum
1074 489 1172 545 pro
1216 476 1468 545 induciis,
1514 488 1776 535 statutum
1803 486 1909 547 est,
1944 486 2004 533 ut
2038 478 2123 533 in-

561 569 705 616 terea
737 563 1010 633 principes
1055 566 1155 620 viri
1189 569 1469 639 utriusque
1498 570 1650 638 regni
1691 570 1744 624 in
1789 586 1953 626 unum
1981 586 2126 626 con-

560 653 827 721 venirent,
870 664 923 710 et
956 656 1134 726 aliqua
1182 659 1391 724 ratione
1440 662 1648 715 ﬁrmam
1683 677 1867 730 pacem
1922 663 2129 718 consti-

561 751 795 801 tuerent.
830 744 888 799 id
944 747 1078 803 utile
1110 750 1225 804 suis
1252 751 1557 807 rationibus
1587 752 1701 807 fore
1725 752 1909 809 Caesar
1936 755 2125 809 existi-

561 835 759 902 mabat,
798 844 853 890 et
882 837 1219 907 providentia
1252 842 1482 908 quadam
1519 842 1789 899 faciebat:
1826 844 2130 899 conﬁdebat

542 926 727 995 tenim,
753 943 811 982 se
842 927 979 983 intra
1007 939 1114 985 tres
1136 947 1307 988 annos
1339 932 1565 989 idoneas
1589 937 1771 1005 copias
1796 947 2130 1005 coacturum,

563 1016 756 1082 quibus
784 1031 843 1069 se
874 1018 1009 1073 satis
1060 1010 1327 1078 munitum
1387 1032 1441 1078 ct
1484 1026 1805 1081 instructum
1841 1029 1908 1083 ad
1952 1026 2134 1084 Persis

565 1108 924 1165 resistendum
964 1113 1291 1177 ostenderet,
1335 1123 1391 1169 ut
1420 1116 1581 1171 etiam
1614 1132 1677 1171 ex
1708 1133 1864 1190 :equo
1908 1135 2030 1174 cum
2053 1120 2133 1176 eis

567 1198 729 1271 158
762 1216 1001 1271 pugnare
1033 1215 1236 1274 posset.
1273 1205 1757 1274 Praesenserantet
1780 1210 1960 1267 Persae
1992 1213 2135 1268 hanc

565 1292 904 1362 imperatoris
947 1298 1365 1366 providentiam,
1394 1301 1535 1369 quod
1584 1301 1728 1356 nulla
1781 1304 1884 1356 alia
1926 1306 2136 1360 ratione

568 1393 847 1463 tant0pere
883 1385 950 1440 de
996 1387 1098 1443 bac
1155 1388 1411 1445 dilatione
1464 1392 1800 1461 impetranda
1840 1393 2134 1463 laboraret,

566 1487 725 1539 quam
765 1483 821 1528 ut
856 1489 953 1544 per
1002 1476 1055 1531 id
1107 1482 1363 1548 temporis
1409 1483 1641 1550 spatium
1684 1483 1906 1540 idoneas
1954 1487 2139 1555 copias

567 1573 918 1635 praepararet.
945 1566 1378 1624 Contemnebant
1415 1582 1594 1627 tamen
1625 1572 1806 1631 Persae
1841 1578 2136 1645 Romanos,

2225 473 2423 544 ἀθρόον
2450 472 2769 544 ἐπιδραμὼν
2802 473 3073 543 ἐνέπρησε
3106 472 3177 526 τὰ
3210 474 3310 526 ὅσα
3333 471 3689 542 πλησιόχωρα
3718 470 3806 523 τοῦ

2228 566 2429 637 Δάρας,
2477 565 2581 631 ἕως
2633 567 2863 637 ἐπείσθη
2901 566 3166 636 Μεϐὠδης
3210 565 3471 632 δέξασθαι
3515 563 3614 627 τὰς
3657 563 3807 635 τριά-

2230 672 2395 710 κοντα
2420 656 2664 725 χιλιάδας
2692 656 2802 711 τῶν
2838 656 3054 726 χρυσῶν
3082 655 3433 727 νομισμάτων
3466 655 3549 708 ἀν’
3570 654 3692 716 ἔτος
3717 657 3810 721 τῆς

2231 747 2570 820 τριετηρίδος
2621 748 2786 803 ἕνεκα
2835 750 3081 821 εἰρήνης,
3117 749 3201 818 ἐφ’
3234 742 3279 816 ᾧ
3322 750 3381 801 ἐν
3415 745 3656 817 τοσούτῳ
3693 746 3811 822 τρὺξ

2231 840 2504 909 ἄρχοντας
2547 839 2816 910 ἑκατέρας
2852 839 3131 903 πολιτείας
3165 841 3245 903 είς
3277 839 3335 892 ἓν
3371 838 3653 904 ξυνιόντας
3694 836 3811 906 βου‹

2231 930 2534 985 λεύσασθαι
2592 932 2740 995 ὅπως
2777 931 2843 1002 δὴ
2899 932 2970 988 τὰ
3026 932 3167 987 ὅπλα
3208 931 3541 986 καταθέσθαι
3594 929 3809 992 τελέως.

2234 1023 2469 1095 Προνοίᾳ
2489 1022 2546 1077 δὲ
2577 1023 2641 1094 δή
2673 1039 2781 1077 τινι
2812 1023 3203 1095 στοχαζόμενος
3230 1022 3324 1079 τοῦ
3360 1022 3723 1083 συνοίσοντος,
3752 1020 3813 1071 τὰ

2233 1113 2415 1168 τοιάδε
2448 1114 2693 1168 ἐπετέλει
2739 1116 2768 1168 ό
2800 1116 3025 1186 Καῖσαρ
3049 1130 3064 1146 ·
3117 1116 3390 1185 ἠπίστατο
3420 1114 3549 1185 γὰρ,
3583 1112 3663 1175 ὡς
3695 1111 3814 1181 ἄχρι

2233 1206 2497 1261 ινιαυτῶν
2523 1206 2692 1277 τριῶν
2714 1206 3012 1277 ἀποχρῶσα
3043 1206 3193 1277 αὐτῷ
3221 1205 3372 1260 εσται
3412 1207 3445 1276 ἡ
3497 1204 3813 1273 παρασκευή

2240 1296 2483 1370 Πέρσαις
2505 1315 2564 1350 τε
2588 1297 2891 1369 ἀξιόμαχος
2912 1299 3342 1371 ἀναφανήσεται.
3364 1297 3770 1368 Ξυνῃσθάνοντο
3794 1296 3814 1327 ⁹

2237 1395 2295 1449 δὲ
2317 1396 2413 1449 καὶ
2435 1395 2643 1467 Πέρσαι
2660 1396 2759 1467 τῆς
2782 1396 3000 1451 τοιᾶσδε
3027 1396 3369 1468 προμηθείας
3397 1394 3496 1447 τοῦ
3519 1395 3813 1464 Καίσαρος,

2245 1486 2322 1552 ὡς
2355 1488 2569 1551 οὐδενὸς
2601 1488 2789 1558 ἐτέρου
2847 1488 3010 1555 ἕνεκα
3070 1488 3278 1558 γίνεται
3340 1486 3488 1557 αὑτῷ
3520 1486 3757 1554 ἀναϐολὴ
3788 1486 3815 1555 ἢ

2245 1578 2618 1655 προορωμένη)
2670 1578 2763 1633 τοῦ
2824 1566 3131 1650 μέλλοντος,
3156 1580 3307 1642 ὅπως
3337 1578 3397 1641 ις
3434 1579 3496 1632 τὸ
3522 1576 3644 1631 δέον
3676 1575 3816 1644 αὺτῷ

570 1662 825 1724 tanquam
851 1657 941 1727 qui
973 1660 1256 1715 adversum
1285 1678 1344 1717 se
1372 1663 1426 1716 in
1450 1665 1565 1719 acie
1593 1675 1741 1720 Stare
1772 1676 1826 1721 et
1854 1670 2138 1737 pugnando

2251 1637 2969 1743 προπάρῶκευασθήσοιντο
3021 1637 3402 1741 αίτθυνάμειςῖ
3444 1637 3819 1739 Κατεφρόνουν

570 1761 726 1813 pares
755 1762 877 1803 esse
906 1765 1012 1804 non
1045 1763 1283 1820 possent,
1319 1755 1530 1810 etiamsi
1581 1756 1796 1826 longius
1833 1769 2045 1831 tempus
2063 1762 2144 1818 iis

569 1837 943 1894 indulsissent.
977 1841 1341 1908 Quamobrem
1368 1858 1651 1915 postquam
1669 1849 1792 1904 belli
1818 1853 2051 1907 cessatio
2077 1853 2143 1906 ad

571 1939 783 1999 tempus
805 1939 918 1985 rata
943 1947 1038 2002 per
1054 1932 1330 1992 Orientem
1349 1936 1476 2003 fuit,
1495 1941 1670 1995 omnis
1694 1950 1872 1996 motus
1891 1941 1941 1996 in
1963 1945 2148 1999 Arme-

574 2024 719 2077 niam
752 2034 835 2079 est
879 2028 1196 2094 translatus,
1225 2038 1279 2086 et
1314 2032 1435 2085 cum
1480 2031 1621 2089 alius
1656 2034 1800 2089 aliud
1852 2049 2046 2091 munus
2092 2038 2143 2091 in

576 2116 662 2169 illa
707 2118 929 2188 regione
972 2120 1169 2190 obiret,
1226 2122 1448 2179 ineunte
1478 2139 1625 2194 vere,
1654 2124 1853 2184 bellum
1877 2137 1961 2185 est
1984 2143 2149 2184 exor-

572 2218 709 2264 tum.

643 2302 731 2361 15.
761 2305 849 2377 (η.
874 2311 937 2364 (.2.
965 2310 1090 2376 576,
1115 2310 1233 2368 Ind.
1253 2314 1309 2382 9,
1330 2314 1527 2373 Justini
1552 2318 1667 2390 12.)
1695 2316 1946 2376 Tiberius
1967 2319 2146 2376 Tbeo-

576 2395 789 2462 dorum,
824 2396 1018 2458 Bacchi
1053 2404 1245 2476 (ilium,
1277 2406 1510 2479 legatum
1547 2411 1613 2466 ad
1646 2426 1828 2481 regem
1862 2412 2149 2468 Persarum

577 2488 768 2558 mittit,
804 2495 985 2562 specie
1022 2499 1240 2566 quidem
1283 2501 1494 2573 gratias
1528 2504 1724 2574 agendi
1771 2519 1958 2570 causa,
2007 2505 2151 2574 quod

580 2577 916 2651 Traianum,
975 2589 1372 2647 nobilissimum
1436 2592 1804 2671 Romanorum
1874 2596 2151 2667 legatum.

578 2686 793 2731 summo
837 2676 1041 2735 honore
1070 2680 1363 2756 aﬂ'ecisset,
1392 2700 1515 2741 cum
1551 2687 1715 2757 paulo
1746 2696 1874 2743 ante
1930 2688 2153 2759 legatio-

580 2779 703 2821 nem
728 2765 846 2840 ejus
869 2774 1325 2842 accepisset..iam
1345 2779 1434 2833 diu
1457 2779 1604 2835 enim
1632 2780 1687 2836 in
1706 2795 1855 2836 more
1874 2792 1993 2837 erat
2017 2791 2155 2852 apud

581 2867 872 2935 utrumth
912 2866 1243 2940 principem,
1280 2881 1405 2941 post
1435 2887 1663 2945 magnos
1708 2873 1914 2945 legatos
1942 2875 2158 2928 mittere

2243 1765 2299 1819 δὲ
2326 1767 2474 1834 ὅμως
2509 1767 2616 1820 τῶν
2653 1766 2966 1836 Ῥωμαίων,
2997 1765 3094 1820 ἅτε
3125 1764 3584 1836 ἀναμαχήσασθαι
3628 1764 3691 1817 οὐ
3735 1762 3821 1815 δυ-

2233 1859 2514 1929 ναμένων,
2536 1859 2584 1911 εί
2612 1860 2705 1912 καὶ
2733 1857 2935 1913 πλείων
2963 1858 3149 1920 αὐτοῖς
3170 1857 3412 1928 ἐνδοθείη
3441 1857 3657 1928 χρόνος.
3675 1854 3821 1909 Ἐπεὶ

2244 1942 2337 2000 οὖν
2361 1949 2619 2019 ἀνακωχὴ
2641 1948 2885 2017 ἐγεγόνει
2920 1948 3023 2002 ἀνὰ
3070 1948 3169 2019 τὴν
3201 1948 3337 2012 Ἕω,
3375 1949 3731 2016 μετενήνεκτο
3769 1943 3819 1995 δὲ

2247 2037 2394 2103 ἄπας
2424 2040 2516 2092 ἐπὶ
2536 2041 2637 2109 τὴν
2668 2040 2961 2110 Ἀρμενίαν
2987 2041 3015 2092 ό
3036 2038 3285 2111 θόρυϐος,
3307 2038 3471 2093 ἄλλου
3495 2037 3628 2093 ἄλλα
3660 2033 3825 2105 αὐτῆς

2247 2130 2803 2202 διακληρωσαμένων,
2829 2125 2966 2202 ἦρος
2985 2128 3546 2217 ἀρχομένουσυνέστη
3571 2126 3819 2197 πόλεμος.

2322 2305 2414 2372 ιγ’.
2448 2306 2573 2359 Ὅτι
2604 2309 2632 2360 ὁ
2682 2306 2933 2376 Τιϐέριος
2984 2308 3013 2362 ὁ
3062 2308 3279 2378 Καῖσαρ
3313 2305 3526 2368 στέλλει
3555 2305 3827 2376 Θεόδωρον

2250 2395 2341 2451 τδν
2374 2396 2591 2468 Βάκχου
2618 2398 3091 2469 πρεσϐευσόμενον
3115 2398 3192 2464 ὡς
3218 2398 3448 2469 βασιλέα
3473 2398 3723 2470 Περσῶν,
3750 2396 3821 2466 τῷ

2252 2488 2429 2542 δοκεῖν
2462 2488 2561 2559 μὲν
2593 2488 3002 2561 ὁμολογήσοντα
3048 2488 3281 2560 χάριτας
3334 2488 3452 2543 ἀνθ’
3483 2482 3557 2543 ὧν
3593 2488 3685 2543 τὸν
3734 2488 3824 2557 μέ-

2253 2598 2438 2650 γιστον
2470 2581 2759 2651 Ῥωμαίων
2790 2574 3131 2654 πρεσϐευτὴν
3160 2584 3217 2647 ἐς
3243 2584 3314 2637 τὰ
3348 2582 3587 2655 μάλιστα
3612 2582 3824 2653 ὶτίμησε

2254 2670 2545 2744 Τραϊανὸν,
2595 2673 2758 2745 ἡνίκα
2783 2673 3019 2745 έναγχός
3067 2691 3131 2747 γε
3177 2675 3351 2747 δήπου
3405 2674 3507 2747 τὴν
3557 2675 3624 2731 δι’
3669 2673 3824 2730 αὐτοῦ

2255 2765 2809 2838 ἑδέξατοπρεσϐείαν,
2844 2763 3083 2826 ἔκπαλαι
3124 2768 3188 2823 τὸ
3237 2768 3438 2823 τοιόνδε
3478 2768 3730 2839 νομισθὲν
3757 2766 3823 2829 ὧι,

2258 2859 2579 2930 ἀμφοτέρας
2632 2845 2935 2929 πολιτείας,
2994 2862 3138 2916 ὥστε
3207 2860 3347 2932 μετὰ
3384 2862 3513 2922 τοὺς
3570 2860 3825 2929 μεγάλους

592 2950 730 3008 alios
794 2955 1071 3024 minores,
1116 2961 1210 3031 qui
1271 2962 1500 3032 gratiam
1567 2977 1790 3037 agerent
1831 2967 1903 3022 ob
1948 2966 2151 3036 priores

2260 2948 2520 3022 πρέσϐεις
2555 2949 2873 3007 στέλλεσθαι
2899 2952 3126 3023 ἑτέρους
3154 2954 3391 3024 ἥσσονας
3427 2953 3530 3022 τῆς
3583 2952 3690 3005 τῶν
3740 2968 3826 3021 με·

583 3038 794 3109 Ielatos
860 3043 1092 3117 benigne
1151 3062 1439 3123 receptos,
1493 3061 1547 3108 et
1605 3054 1903 3109 amicitiam
1962 3054 2155 3110 testiﬁ-

590 3142 871 3190 carentur.
907 3134 1044 3195 Huic
1090 3150 1272 3197 autem
1325 3142 1485 3200 simul
1541 3155 1892 3215 praeceperat,
1925 3155 1985 3201 ut
2047 3147 2159 3216 regi

588 3236 909 3295 exponeret,
956 3244 1016 3286 se
1055 3247 1179 3288 esse
1225 3242 1495 3304 paratum,
1536 3222 1677 3309 (jam
1728 3236 1873 3292 enim
1922 3237 1975 3292 id
2026 3252 2162 3293 eon-

588 3324 899 3388 venerat,)
963 3319 1179 3378 mittere
1250 3325 1305 3380 in
1379 3326 1513 3381 lines
1585 3328 1869 3399 utriusque
1942 3328 2167 3385 ditionis

587 3400 738 3492 viros
808 3410 1056 3488 nobiles,
1123 3415 1216 3486 qui
1298 3417 1365 3473 de
1436 3432 1571 3488 pace
1648 3434 1773 3474 cum
1844 3420 1961 3487 liis,
2029 3436 2169 3492 quos

588 3483 707 3564 ipse
737 3512 802 3552 eo
832 3500 901 3556 ad
932 3503 988 3559 id
1014 3483 1272 3575 mitteret,
1306 3483 1529 3579 agerent
1556 3520 1611 3565 et
1650 3483 2064 3569 controversias
2083 3513 2167 3566 di-

591 3587 870 3648 rimerent.
911 3592 1046 3651 Cum
1107 3594 1426 3655 Theodorus
1484 3601 1549 3655 ad
1594 3600 1769 3661 Daras
1826 3605 2167 3671 accessisset,

590 3676 876 3737 Persarum
912 3699 1005 3740 rex
1031 3686 1103 3744 ibi
1128 3687 1442 3759 reliquerat,
1468 3693 1700 3760 quieum
1724 3707 1791 3748 eo
1820 3694 2168 3761 deducerent,

593 3769 684 3824 ubi
714 3784 895 3842 regem
945 3780 1272 3834 commorari
1316 3782 1732 3850 comperissent,
1780 3798 1869 3849 ne,
1916 3785 2023 3840 ulla
2086 3800 2169 3853 re,

592 3875 716 3931 quae
741 3863 913 3931 legato
947 3871 1192 3938 praestari
1220 3872 1449 3939 solebat,
1483 3873 1713 3939 omissa,
1756 3891 1964 3931 moram
1994 3877 2070 3932 illi
2097 3875 2175 3931 fa-

594 3964 760 4012 ceret.
792 3957 1016 4015 Volebat
1046 3963 1188 4018 enim
1219 3963 1381 4021 simul
1408 3966 1605 4022 bellum
1641 3982 1832 4038 gerere
1861 3978 1917 4025 et
1950 3968 2173 4039 legatio-

593 4064 718 4105 nem
740 4052 991 4124 excipere
1020 4074 1033 4111 :
1060 4057 1140 4113 sic
1164 4058 1310 4116 enim
1340 4073 1402 4116 ss
1429 4058 1687 4117 Romanis
1735 4070 1999 4117 terrorem
2040 4063 2173 4132 inje-

596 4151 808 4200 eturum
849 4159 974 4203 esse
1001 4150 1276 4220 sperabat.
1308 4150 1425 4218 Qua
1462 4152 1533 4209 de
1578 4167 1740 4209 causa
1775 4168 1899 4209 cum
1940 4154 2043 4209 iter
2081 4169 2175 4225 per
2233 4148 2242 4157 “

598 4237 897 4306 regionem,
925 4255 1043 4310 quae
1074 4244 1392 4300 Arestorum
1418 4254 1475 4301 et
1507 4243 1921 4317 Marepticorum
1953 4245 2170 4311 dicitur,

2260 3038 2464 3112 γίστων
2507 3041 2791 3112 πρέσϐεων
2842 3042 3115 3114 ἀποδοχῆς
3172 3061 3233 3098 τε
3265 3044 3422 3098 ἕκατι
3453 3043 3551 3098 καὶ
3584 3044 3827 3114 φιλο-,εροο

2265 3133 2453 3203 σύνης.
2490 3135 2555 3188 Ἀ
2566 3151 2643 3205 μα
2674 3134 2732 3188 δὲ
2760 3130 3067 3190 ἐνετείλατό
3104 3138 3153 3190 οἱ
3180 3136 3553 3207 διαλεχθῆναι,
3592 3135 3669 3200 ὡς
3702 3135 3828 3189 ἑτοι-

2268 3224 2476 3294 μότατα
2501 3223 2637 3293 ἔχοι,
2678 3224 2820 3279 κατά
2852 3223 2915 3277 τὺ
2945 3224 3048 3296 ἤδη
3071 3224 3408 3296 ἑμπεδωθὲν,
3451 3226 3512 3282 ιν
3540 3227 3652 3290 τοῖς
3674 3223 3827 3295 ὁρίοις

2267 3316 2365 3386 τῆς
2405 3314 2520 3368 Ἕω
2540 3315 2746 3370 στεῖλαι
2768 3318 2893 3379 τοὺς
2920 3313 3210 3388 Ῥωμαίων
3234 3317 3503 3389 ἄρχοντας
3533 3313 3828 3388 γνωματεύα

2270 3422 2464 3470 σοντας
2487 3401 2588 3471 ’ξὺν
2624 3410 2738 3471 τοῖς
2784 3406 2878 3463 ὑπ’
2926 3409 3095 3463 αὑτοῦ
3131 3410 3681 3482 ἐκπεμφθησομένοις
3715 3411 3830 3479 ἡγε-

2274 3498 2395 3567 μόσι
2429 3497 2657 3567 Περσῶν
2680 3500 2825 3569 ἀμφὶ
2854 3499 2955 3571 τῆς
3008 3500 3236 3572 εἰρήνης
3291 3500 3385 3555 καὶ
3440 3502 3513 3555 τὰ
3570 3499 3826 3573 ἀμφίϐολα

2269 3588 2770 3661 διευκρινήσοντας.
2802 3590 3079 3662 Θεόδωρον
3125 3592 3226 3663 μὲν
3277 3591 3445 3648 αὐτοῦ
3490 3591 3829 3664 ἀφικόμενον,

2273 3679 2528 3751 βασιλεὺς
2569 3683 2599 3735 ὁ
2638 3682 2869 3753 Περσῶν
2907 3683 3299 3739 καταλέλοιπεν
3328 3686 3390 3739 εν
3424 3685 3502 3757 τῷ
3552 3687 3726 3758 Δὰρας
3769 3687 3827 3753 τῇ

2271 3773 2426 3828 πόλει
2456 3775 2585 3840 τούς
2613 3792 2671 3830 τε
2698 3775 2791 3829 τὸν
2809 3775 2980 3848 ἄνδρα
3006 3775 3254 3844 ἄξοντας,
3288 3776 3744 3848 ἐγκελευσάμενος
3772 3775 3828 3837 ¹⁹.

2273 3864 2404 3927 ἔνθα
2452 3865 2521 3920 ἂν
2579 3865 2803 3937 μάθοιεν
2828 3865 2921 3919 τὸν
2958 3865 3185 3935 βασιλέα
3210 3863 3372 3932 εῖναι,
3402 3866 3829 3931 ὲπικαταλαϐείν,

2273 3958 2350 4025 ὡς
2376 3959 2444 4014 ἂν
2474 3959 2553 4032 μὴ
2578 3961 2647 4016 τὰ
2677 3959 2961 4031 εἰθισμένα
2989 3962 3083 4014 ἐπὶ
3106 3960 3414 4034 πρεσϐευτῇ
3441 3961 3700 4035 πράσσων
3725 3962 3829 4014 ἀνα-

2276 4052 2403 4124 βολῇ
2427 4052 2688 4124 χρήσοιτό
2716 4068 2845 4107 τινι.
2883 4053 3033 4121 Ἅμα
3059 4052 3168 4125 γὰρ
3181 4052 3444 4124 ἠϐούλετο
3465 4054 3564 4109 καὶ
3593 4054 3829 4125 πολέμοις

2274 4144 2484 4214 ὁμιλεῖν
2526 4145 2622 4199 καὶ⁵
2669 4144 2924 4216 δέχεσθαι
2962 4147 3063 4217 τὴν
3111 4146 3459 4218 πρεσϐείαν·
3510 4145 3685 4219 ταύτῃ
3740 4144 3831 4215 γάρ

2278 4234 2609 4319 ὲκφοϐήσειν
2638 4234 2784 4308 ᾤετο
2810 4238 2869 4301 ές
2902 4236 2973 4289 τὰ
3006 4236 3242 4307 μάλιστα
3281 4237 3610 4309 Ῥωμαίους.
3653 4237 3830 4308 Τῷτοι

597 4326 839 4398 fecisset,
889 4331 943 4386 in
978 4332 1412 4392 Persarmeniam
1455 4339 1724 4407 pervenit,
1763 4338 2151 4409 inopinantibus

2273 4329 2380 4399 ἄρα
2407 4327 2507 4398 τὴν
2540 4328 2851 4400 ὁδοιπορίαν
2872 4327 3132 4393 διανύσας
3162 4327 3251 4382 διὰ
3271 4327 3365 4383 τοῦ
3395 4328 3688 4399 λεγομένου
3724 4326 3830 4398 ’Δρ-

601 4416 882 4485 llomanis,
913 4423 1004 4491 qui
1034 4431 1143 4479 tam
1175 4424 1283 4480 cito
1310 4439 1378 4481 eo
1418 4425 1568 4481 illum
1596 4436 1985 4499 perventurum
2034 4444 2151 4483 nunt

2283 4420 2490 4492 ρεστῶν
2524 4420 2787 4491 κλίματος
2830 4419 2927 4475 καὶ
2966 4420 3062 4475 τοῦ
3095 4421 3469 4492 Μαρεπτικῶν
3522 4419 3746 4491 ἀφίκετο
3782 4417 3830 4468 ὲν

599 4522 763 4576 quam
786 4510 1165 4569 credidissent.
1192 4514 1451 4572 Solebant
1470 4516 1618 4572 enim
1639 4515 1817 4573 Persae
1846 4526 2001 4574 antea
2029 4522 2151 4575 circ:

2281 4511 2693 4585 Περσαρμενίᾳ,
2727 4512 2830 4567 οὐκ
2850 4512 3113 4584 οίομένων
3146 4514 3255 4567 τῶν
3295 4511 3586 4584 Ῥωμαίων
3620 4510 3759 4566 οὕτω
3778 4522 3829 4577 τε

600 4596 762 4653 ﬁnem
824 4602 1027 4659 mensis
1073 4604 1163 4673 qui
1219 4604 1426 4661 Latinis
1479 4615 1705 4664 vocatur
1758 4608 2057 4679 Augustus,
2118 4609 2151 4664 it

2280 4606 2455 4677 δήπου
2483 4605 2678 4659 θᾶττον
2708 4604 2860 4676 ἥξειν
2900 4604 3085 4662 αὐτόν.
3121 4604 3404 4659 Είωθότων
3433 4604 3544 4675 γὰρ
3574 4602 3684 4659 τῶν
3714 4603 3830 4699 nep:

600 4688 977 4749 Persarmenia
1007 4710 1288 4767 apparere,
1330 4706 1383 4754 et
1418 4699 1541 4753 inde
1579 4698 1648 4755 ab
1681 4699 1881 4755 bellum
1918 4702 2127 4773 accingi

2285 4698 2394 4751 σῶν
2426 4700 2483 4752 ἐν
2526 4700 2639 4761 τοῖς
2673 4696 2982 4768 ἔμπροσθεν
3023 4699 3238 4769 χρόνοις
3281 4697 3428 4768 ἀμφὶ
3467 4696 3530 4751 τὸ
3558 4697 3731 4766 πέρας
3755 4692 3829 4747 τοῦ

604 4799 749 4841 nunc
796 4793 979 4843 autem
1014 4788 1283 4845 Cliosroes
1321 4790 1474 4860 prius
1506 4790 1635 4846 illuc
1682 4794 1930 4847 accessit.
1969 4794 2151 4848 Accidi

2284 4790 2383 4863 τὴν
2445 4792 2761 4862 ἐπωνυμίαν
2817 4791 3132 4860 Αὐγούστου
3193 4790 3622 4862 κληρωσαμένου
3689 4787 3831 4859 μηνὸς

605 4890 806 4945 autem,
840 4886 899 4934 ut
936 4880 1166 4937 Romani
1197 4884 1366 4939 semel
1406 4884 1687 4954 praeventi,
1719 4900 1841 4939 cum
1870 4886 2075 4941 tardius
2106 4902 2151 4940 rt

2289 4882 2685 4951 ἀναφαίνεσθαι
2730 4882 2870 4937 κατὰ
2918 4880 2984 4953 δὴ
3018 4881 3122 4953 τῆς
3168 4882 3392 4954 Περσῶν
3438 4881 3728 4953 Ἀρμενίας
3758 4881 3832 4931 καὶ

605 4967 709 5027 bus
743 4973 856 5027 suis
886 4975 1317 5043 prosttexisscnt,
1356 4974 1495 5029 nihil
1523 4984 1638 5032 toto
1677 4976 1824 5031 illius
1855 4978 1981 5031 anni
2009 4979 2147 5046 spati

2293 4973 2599 5045 τηνικαῦτα
2656 4974 2748 5027 τὸν
2808 4973 3045 5044 πόλεμον
3092 4975 3452 5046 οσνγκροτεῖν,
3512 4974 3831 5044 προτερήσας

606 5062 842 5120 feliciter
874 5070 929 5119 et
950 5074 1252 5135 opportune
1276 5072 1546 5136 gererent.
1577 5065 1687 5122 Nec
1722 5066 1866 5123 enim
1912 5070 2151 5124 exercitu

2285 5066 2447 5127 αὐτὸς
2475 5066 2803 5137 εἰσήρρησεν
2831 5065 3041 5118 αὐτόθι.
3070 5063 3380 5136 Ξυνηνέχθη
3402 5064 3688 5136 τοιγαροῦν
3709 5062 3833 5122 ἅπαξ

610 5158 978 5213 Romanorum
1017 5157 1275 5215 collectus
1314 5169 1470 5228 erat;
1510 5162 1606 5216 sed
1653 5161 1935 5230 militibus,
1967 5163 2058 5233 qui
2088 5178 2149 5218 su

2289 5157 2864 5229 προκατειλημμένους
2889 5156 2985 5210 καὶ
3006 5157 3488 5228 ὲφυστερήσαντας
3508 5157 3547 5188 ¹¹
3577 5157 3697 5217 τοὺς
3725 5155 3835 5207 Ῥω-

610 5251 784 5307 (ἷυι-εο
821 5261 874 5307 et
912 5250 1200 5309 Theodoro
1229 5254 1527 5320 merebant,
1564 5256 1867 5311 nuntiatum
1897 5269 2034 5321 erat,
2071 5258 2151 5309 im-

2294 5251 2486 5322 μαίους
2514 5250 2579 5302 δι’
2610 5249 2733 5304 ὁῗπου
2756 5247 2851 5303 τοῦ
2884 5249 3036 5311 ἔτους
3072 5248 3224 5302 οὐδὲν
3248 5248 3425 5303 ὁτιοῦν
3458 5249 3600 5318 σφᾶς
3628 5247 3834 5313 διαπρά-

612 5356 919 5415 peratorem
952 5352 1150 5409 iratum
1178 5364 1299 5407 esse
1330 5361 1613 5423 prepterea
1648 5347 1791 5417 quod
1819 5348 1871 5403 in
1899 5344 2147 5401 Albania:

2294 5343 2485 5411 ξασθαι
2517 5344 2573 5396 ἐν
2603 5341 2798 5415 καιρῷ·
2840 5338 2980 5395 οὒτε
3004 5340 3114 5411 γὰρ
3142 5340 3203 5393 τὸ
3233 5341 3550 5412 στράτευμα
3582 5339 3830 5408 ξυνήθροι-

1846 5470 2082 5528 ῩΑιὶὶᾹΞ
2147 5468 2551 5524 LECTIONES.

687 5575 707 5606 ⁸
748 5574 1141 5649 ξυνῃπθάνοντο
1171 5573 1256 5642 Ν.,
1284 5572 1660 5639 ξυνιστανοντο
1695 5568 1841 5641 vulg.
1922 5570 1961 5600 ιθ
1990 5568 2454 5637 ἐγκελευσάμενος
2484 5563 2565 5629 3.,
2600 5560 3038 5631 ἐγκαλεσάμενος
3082 5557 3224 5628 vulg.
3308 5557 3347 5586 ”
3377 5552 3834 5625 ὐφυστερήσαντας

621 5647 769 5718 vulg.
