4052 6342
334 270 439 350 913

1104 287 1202 350 DE
1234 287 1810 350 LEGATIONIBUS‘
1836 288 2323 350 ROMANORUM
2361 290 2471 350 AD
2498 288 2816 352 GENTES.

3494 269 3598 346 9'14

332 400 587 474 ἐπιστολῇ
617 392 950 474 διακομίζων
984 402 1179 470 λόγους
1213 402 1350 474 πρὸς
1373 402 1467 456 τοῦ
1507 402 1732 475 Περσῶν
1758 402 1914 471 βασι-

2027 400 2406 470 Romanorum,
2438 414 2583 458 recte
2611 401 2831 473 quidem
2856 410 2907 454 te
2928 411 3165 468 gereres,
3203 396 3246 452 si
3274 393 3601 453 Persarum-

330 492 490 561 λέως,
532 496 591 548 ἐν
641 490 674 568 ᾖ
718 496 1029 569 ἐγέγραπτο
1085 492 1185 550 ὧδε
1214 514 1227 526 ·

335 585 562 656 ποιῆσαι
589 584 931 657 βουληθείης,
964 582 1009 642 ὦ
1085 588 1373 657 Ῥωμαίων
1446 587 1689 658 βασιλεῦ,
1739 588 1918 651 καλῶς

330 678 399 733 ἂν
413 679 649 750 πράξαις
673 680 801 745 τούς
825 698 885 734 τε
914 682 1011 752 τὴν
1037 684 1375 736 ἀποστασίαν
1388 680 1485 750 τῆς
1504 682 1920 753 Περσαρμενίας
1972 734 1973 737 η

332 771 740 843 βουλεύσαντας
789 775 1089 847 γενεάρχας
1144 774 1383 837 ἐκδιδοὺς
1432 776 1567 844 ἡμῖν
1624 773 1921 845 ὑφέξοντας

330 867 548 931 ποινὰς,
575 867 634 919 ἐν
682 869 791 933 τοῖς
821 868 988 938 ὁρίοις
1018 884 1073 921 τε
1131 869 1229 937 τῆς
1252 865 1477 937 Περσῶν
1528 884 1589 920 τε
1648 868 1741 921 καὶ
1783 864 1917 921 Ῥω-

334 958 513 1031 μαίων
540 960 1091 1031 ἀναρτηθησομένους
1111 958 1325 1023 ’διδοὺς
1357 960 1415 1014 δέ
1434 959 1527 1013 καὶ
1550 959 1649 1028 τὴν
1670 958 1921 1014 ἐντεῦθεν

334 1049 627 1121 συμϐᾶσαν
658 1048 863 1121 ζημίαν
890 1052 1148 1123 Πέρσαις.
1180 1052 1242 1104 Ei
1265 1052 1321 1105 δὲ
1355 1051 1489 1123 πρὸς
1542 1051 1716 1105 ταῦτα
1766 1052 1920 1104 ἐναν-

330 1144 461 1207 τίως
487 1142 653 1214 ἔχεις,
683 1145 885 1213 πρᾶξαι
915 1146 972 1199 τὸ
999 1146 1174 1214 φίλοις
1222 1147 1431 1215 πρέπον
1460 1162 1473 1172 ·
1510 1145 1669 1197 τοῦτο
1690 1145 1748 1198 δέ
1803 1146 1919 1198 ἐστι

332 1235 664 1307 ξυιρδραμεῖν
687 1239 746 1290 ἐν
772 1240 877 1301 τοῖς
903 1238 1074 1309 ὁρίοις
1094 1238 1251 1303 αὖθις
1276 1239 1402 1301 τοὺς
1434 1237 1699 1309 ἑκατέρας
1724 1238 1921 1309 ἄρχον-

332 1347 435 1393 τας
496 1332 799 1397 πολιτείας,
861 1332 931 1384 τὰ
990 1333 1086 1401 τῆς
1139 1334 1386 1403 εἰρήνης,
1418 1332 1491 1395 ὼς
1538 1331 1603 1385 ἂν
1642 1330 1918 1395 δύναιντο,

340 1420 545 1491 μεταξῦ
577 1422 685 1477 τῶν
715 1423 757 1454 ⁸⁷
790 1422 1038 1495 ἀλλήλων
1096 1424 1547 1497 διαϐησομένους.
1615 1424 1733 1494 Ἐφ’
1768 1417 1811 1493 ᾧ
1865 1424 1922 1477 δέ

332 1514 400 1566 τὰ
426 1515 649 1568 τοιαῦτα
702 1515 1006 1587 προελθεῖν,
1073 1518 1365 1588 ἀνακωχὴν
1402 1519 1658 1586 γενέσθαι
1718 1519 1859 1573 τινά.
1898 1538 1917 1571 ι

334 1602 468 1662 Ὧδε
511 1608 613 1678 μὲν
644 1603 738 1663 οὖν
767 1612 860 1663 καὶ
886 1613 920 1681 ἡ
945 1612 1190 1683 Χοσρόου
1221 1611 1406 1681 ἐδήλου
1438 1611 1725 1682 ἐπιστολήο
1769 1612 1923 1664 πλεί-

337 1718 481 1755 στων
511 1701 568 1756 δέ
599 1702 821 1772 ἡμερῶν
849 1701 991 1758 κατὰ
1017 1703 1115 1774 τὴν
1145 1702 1392 1775 βασιλίδα
1421 1702 1575 1756 πόλιν
1604 1703 1924 1773 διαγενομέ-

335 1811 442 1847 νων
464 1792 525 1846 ἐν
553 1797 672 1856 ταῖς
695 1796 753 1849 ἐν
774 1795 923 1865 μέσῳ
954 1795 1261 1860 συνουσίαις
1282 1795 1535 1868 Τιϐερίου
1550 1796 1645 1850 τοῦ
1660 1794 1926 1867 βασιλέως

334 1885 435 1937 καὶ
469 1885 812 1957 Φερογδαθου
872 1886 967 1941 τοῦ
1005 1887 1228 1959 Περσῶν
1279 1889 1640 1957 πρεσϐευτοῦ,
1708 1889 1916 1959 γράφε-

333 1996 425 2033 ται
452 1978 552 2043 μὲν
582 1978 835 2033 ἀπιοῦσιν
870 1980 963 2034 ἐπὶ
991 1980 1087 2052 τὴν
1115 1981 1413 2053 πρεσϐείαν
1468 1982 1711 2055 Ζαχαρία
1736 2000 1795 2036 τε
1830 1985 1925 2037 καὶ

334 2068 598 2143 Θεοδώρῳ
646 2073 755 2135 τοῖς
776 2071 1069 2142 πρέσϐεσιν
1092 2073 1431 2145 ἐνδιατρίψαι
1470 2073 1612 2127 κατὰ
1645 2072 1745 2144 τὴν
1782 2073 1918 2141 Ἕω,

337 2164 432 2216 καὶ
462 2162 523 2216 οὔ
560 2182 614 2218 τι
646 2164 790 2235 μάλα
817 2166 875 2217 ἐν
908 2165 1115 2237 σπουδῇ
1134 2166 1320 2221 θέσθαι
1346 2165 1586 2236 δηλῶσαι
1650 2166 1803 2236 σφῶν
1824 2166 1923 2219 αὑ-

333 2254 442 2309 τῶν
470 2256 569 2324 τὴν
596 2259 905 2327 παρουσίαν
942 2257 1150 2325 βασιλεῖ
1184 2258 1291 2310 τῶν
1321 2257 1568 2328 Περσῶν,
1603 2258 1733 2329 πρὶν
1773 2258 1807 2328 ἦ
1855 2258 1921 2311 ἐκ

334 2347 434 2414 τῆς
469 2347 741 2416 βασιλίδος
806 2349 1035 2419 ἀφεθείη
1065 2349 1407 2419 Φερογδάθης
1433 2352 1460 2403 ὁ
1516 2334 1741 2418 Περσῶν
1791 2366 1926 2420 πρε-

352 2440 609 2508 σϐευτής.
638 2439 1017 2511 Προελθόντων
1030 2440 1086 2501 δέ
1099 2442 1193 2495 καὶ
1208 2441 1583 2513 κεκινημένων
1606 2441 1753 2495 ἐσότι
1778 2441 1927 2495 πλεί-

338 2547 477 2583 στων
496 2531 691 2598 λόγων,
710 2531 987 2602 ἐκπέμπει
1021 2531 1111 2585 τὸν
1132 2532 1200 2584 (ba
1211 2530 1478 2602 ρογδάθην
1498 2534 1526 2585 ὁ
1551 2532 1804 2603 βασιλεὺς
1833 2532 1927 2586 ἐπὶ

336 2621 568 2687 τούτοις,
595 2617 675 2686 οἷς
701 2623 766 2693 δὴ
801 2623 893 2675 καὶ
923 2620 1127 2694 προτοῦ
1169 2623 1469 2695 ἐγεγράφει
1510 2623 1599 2677 διὰ
1643 2624 1753 2693 τῶν
1788 2623 1926 2677 Ῥω-

340 2715 513 2783 μαίων
540 2715 845 2783 πρέσϐεων.
890 2715 1227 2786 Ἐκεχειρίαν
1250 2716 1305 2769 δὲ
1345 2715 1405 2769 οὔ
1438 2734 1489 2770 τι
1518 2715 1657 2788 ᾤετο
1692 2717 1802 2771 δεῖν
1826 2716 1920 2769 ἐπὶ

340 2806 609 2877 μήκιστον
679 2806 869 2878 χρόνον
912 2807 1175 2861 ἐνδιδόναι
1245 2807 1481 2881 Πέρσαις
1510 2823 1524 2838 ο
1576 2809 1825 2879 ἀποχρῆν
1870 2808 1917 2839 ⁸⁵

1272 517 1287 546 ι
1323 496 1387 551 Ei
1449 498 1551 566 μὲν
1605 497 1666 549 τὸ
1711 496 1918 550 δίκαιον

2027 500 2142 555 nios
2163 502 2498 571 genearchas
2523 498 2844 555 defectionis
2866 506 3119 553 auctores
3152 494 3310 553 nobis
3334 497 3596 555 traderes,

2023 601 2079 646 ιιι
2098 594 2318 650 meritas
2366 607 2554 663 pinnas
2603 592 2730 647 mihi
2767 593 2980 657 darent,
3013 599 3067 646 et
3095 590 3147 645 in
3180 590 3375 645 linibus
3405 587 3600 644 Persa-

2025 701 2140 737 rum
2173 694 2227 740 et
2278 684 2648 740 Romanorum
2695 684 3188 753 suSpendercutur;
3218 693 3273 738 et
3310 682 3355 737 si
3405 682 3600 735 damna

2023 777 2203 834 Persis
2251 778 2398 833 illata
2441 780 2788 846 rependeres.
2826 776 2883 833 Si
2915 777 3019 832 ista
3076 775 3372 847 improbas,
3412 772 3604 830 amicis

2023 868 2200 923 omcia
2256 868 2437 925 debila
2494 885 2561 926 ne
2599 872 2856 941 deneges.
2887 869 2999 925 Hoc
3057 868 3278 931 feceris.
3316 868 3359 923 si
3391 868 3607 923 dederis

2024 976 2269 1032 operam,
2308 974 2365 1019 ut
2418 962 2703 1034 utriusque
2753 963 3066 1035 reipublicae
3123 960 3368 1033 primarii
3410 961 3512 1014 viri
3552 961 3604 1012 iu

2027 1056 2275 1110 conliniis
2308 1057 2631 1111 conveniam
2664 1067 2720 1111 et
2768 1071 2983 1125 pacem,
3004 1054 3049 1110 si
3107 1055 3220 1109 lieri
3252 1053 3440 1125 possit.
3466 1053 3608 1107 inter

2027 1157 2314 1217 utramque
2350 1158 2565 1219 gentem
2626 1157 2869 1203 statuant
2927 1157 2982 1203 et
3038 1146 3335 1201 stabiliaut.
3370 1146 3518 1213 Qum,
3556 1157 3613 1201 ut

2028 1238 2093 1292 ad
2120 1238 2320 1293 exitum
2346 1240 2732 1308 perducantur,
2761 1250 2976 1308 oportet
3010 1237 3607 1294 belliintermissionem

2028 1330 2167 1386 Iieri.
2213 1349 2231 1382 ι
2264 1331 2441 1401 Atque
2490 1330 2607 1386 haec
2632 1333 2860 1401 epistola
2888 1331 3147 1387 Chosrois
3164 1331 3607 1386 continebantur.

2026 1424 2162 1479 Dum
2190 1422 2580 1494 Pherogdates,
2612 1422 2902 1479 Persarum
2938 1425 3080 1493 regis
3111 1423 3339 1492 legatus,
3380 1421 3432 1475 in
3462 1423 3607 1491 regia

2028 1518 2159 1572 urbe
2201 1533 2323 1573 cum
2358 1517 2579 1574 Tiberio
2606 1517 2938 1588 imperatore
2966 1517 3147 1587 plures
3186 1517 3300 1571 dies
3338 1516 3609 1584 transigir,

2028 1609 2299 1666 Zachariae
2336 1620 2390 1666 et
2424 1610 2744 1675 Theodoro,
2777 1611 2870 1681 qui
2924 1612 2975 1664 in
3016 1613 3336 1682 legationem
3387 1609 3613 1679 profecti

2028 1712 2218 1768 erant,
2253 1720 2350 1772 per
2390 1704 2599 1760 litteras
2646 1705 3013 1775 significatur,
3051 1714 3105 1759 ut
3158 1706 3207 1758 in
3249 1705 3469 1758 Oriente
3492 1704 3593 1764 sub

2031 1795 2247 1861 sistant,
2273 1809 2451 1863 neque
2481 1812 2638 1851 suum
2671 1796 2963 1851 adventum
3010 1796 3297 1850 Persarum
3329 1794 3440 1864 regi
3472 1794 3611 1848 indi--

2031 1904 2158 1944 care
2186 1888 2466 1956 festinent,
2494 1890 2808 1960 priusquam
2842 1904 2872 1944 a
2902 1889 3046 1959 regia
3072 1889 3203 1945 urbe
3249 1887 3615 1958 l’herogdates

2029 1983 2398 2040 sitdimissus.
2420 1984 2663 2039 Tandem
2697 1986 2996 2056 imperator
3028 1984 3403 2053 Pherogdaten
3431 1983 3608 2037 dimit-

2028 2073 2112 2138 tit,
2146 2072 2309 2147 168
2341 2086 2464 2128 cum
2502 2072 2701 2128 multos
2750 2088 2871 2128 cum
2904 2073 2993 2128 illo
3025 2072 3306 2128 habuisset
3337 2086 3617 2127 sermones

2029 2164 2094 2220 de
2144 2164 2228 2220 his
2276 2179 2397 2234 qua:
2442 2164 2592 2234 prius
2622 2164 2689 2219 ad
2724 2165 3095 2220 Romanorum
3129 2164 3338 2235 legatos
3383 2164 3616 2233 scripse-

2030 2265 2138 2312 rat.
2168 2253 2417 2313 lnducias
2448 2254 2501 2310 in
2540 2254 2918 2329 longissimum
2958 2263 3171 2325 tempus
3212 2253 3397 2310 Persis
3424 2268 3613 2307 conce-

2031 2348 2236 2405 deudas
2256 2363 2497 2417 essenon
2523 2348 2767 2418 putabat.
2796 2347 3056 2403 Sullicere
3078 2350 3220 2402 enim
3258 2350 3488 2401 duorum
3526 2357 3619 2401 aut

2033 2440 2195 2497 trium
2251 2440 2519 2497 mensium
2563 2440 2798 2511 spatium
2830 2440 2902 2507 ei,
2956 2440 3048 2509 qui
3082 2440 3223 2495 bona
3278 2440 3379 2495 lide
3432 2454 3615 2510 pacem

2033 2532 2171 2587 tueri
2200 2533 2549 2601 instituisset,
2595 2547 2770 2603 neque
2798 2548 2894 2601 per
2920 2532 3162 2588 fraudem
3194 2532 3454 2604 longioris
3475 2537 3615 2587 tem-

2034 2626 2181 2693 poris
2241 2638 2533 2696 apparatus
2605 2625 2837 2682 faciendi
2907 2625 3248 2680 occasionem
3326 2635 3615 2697 quaereret.

2033 2714 2128 2771 llis
2200 2716 2270 2771 ita
2339 2718 2602 2772 confectis
2660 2716 2911 2773 discessit
2966 2732 2996 2771 a
3053 2716 3311 2787 Byzantio
3378 2714 3617 2787 Pherog-

2029 2810 2092 2863 da
2103 2820 2202 2865 tes.

338 2902 448 2972 γαρ
478 2900 687 2971 ἔφασκε
724 2901 803 2971 τῷ
847 2901 1159 2975 βουλομένῳ
1184 2905 1283 2973 τὴν
1322 2905 1546 2976 εἰρήνην
1586 2906 1679 2960 καὶ
1735 2904 1813 2977 μὴ
1875 2903 1965 2957 διὰ
2006 2906 2102 2977 τῆς
2172 2906 2265 2959 τοῦ
2316 2908 2525 2979 χρόνου,
2569 2908 2813 2972 πλείονος
2866 2905 3083 2978 ἀπάτης
3150 2906 3617 2977 προμηθευομένῳ

339 2998 697 3067 παρασκευῆς
762 3000 1041 3071 ἀφορμὴν,
1108 3001 1203 3054 καὶ
1252 3001 1343 3055 δύο
1408 3000 1593 3071 μηνῶν
1649 3002 1681 3075 ἦ
1744 3001 1910 3075 τριῶν
1984 3004 2365 3076 παραδρομὴν.
2437 3006 2546 3063 Καὶ
2598 3001 2693 3060 οὖν
2748 3007 2961 3077 ἀπῆρεν
2983 3006 3077 3064 ἐπὶ
3129 3008 3243 3069 τοῖς
3299 3007 3527 3059 τοιοῖσδε
3584 3008 3615 3059 o

336 3091 679 3164 Φερογδάθης
708 3092 771 3146 ἐκ
796 3092 889 3146 τοῦ
922 3091 1238 3157 Βυζαντίου.

408 3186 495 3243 ιθ’.
520 3189 639 3243 Ὀτι
679 3190 945 3258 Ῥωμαῖοι
975 3195 1072 3245 καὶ
1092 3191 1298 3263 Πέρσαι
1324 3191 1718 3262 ξυνεστήσαντο
1744 3191 1810 3247 ἂν
1826 3194 1925 3268 τὴν
1951 3203 1995 3265 c

337 3283 584 3354 εἰρήνην,
622 3283 671 3336 εί
724 3285 799 3357 μὴ
853 3284 1099 3355 Χοσρόης
1153 3284 1325 3355 ᾤχετο
1370 3286 1431 3351 ἐξ
1483 3285 1790 3355 ἀνθρώπων
1823 3287 1917 3340 καὶ

351 3375 647 3447 ’ωρμίσδας
666 3379 691 3429 ὁ
709 3377 975 3447 Χοσρόου,
1000 3375 1354 3447 ἀνοσιουργὸς
1386 3377 1554 3440 ὅντως
1576 3378 1619 3409 ³³
1641 3379 1800 3450 ἀνὴρ,
1820 3377 1917 3449 τὴν

337 3470 551 3539 κίδαριν
589 3469 906 3540 ἀνεδήσατο.
943 3463 1114 3539 Οἶμαι
1141 3467 1240 3538 μὲν
1274 3464 1368 3523 οὖν
1398 3468 1697 3539 ἐγωγενούκ
1717 3470 1915 3534 ἄλλως,

338 3558 479 3629 πλὴν
509 3558 647 3614 ἀλλά
673 3560 768 3613 καὶ
787 3559 861 3623 ὣς
884 3560 929 3591 ’⁸
963 3558 1295 3631 ἐκυρώθηη,
1321 3559 1415 3615 ὅτε
1441 3560 1680 3630 Χοσρόου
1717 3560 1795 3615 ἔτι
1820 3579 1918 3615 πε-

341 3654 548 3723 ριόντος
567 3655 841 3724 Ζαχαρίαν
864 3670 923 3707 τε
945 3656 1040 3707 καὶ
1054 3653 1330 3723 Θεόδωρον
1346 3654 1720 3726 ⁹⁹ἐσφοιτῆσαι
1736 3655 1795 3719 ἐς
1821 3656 1918 3727 τὴν

340 3748 571 3818 Περσῶν
606 3747 1139 3819 πρεσϐευσομένους.
1189 3746 1357 3802 Οὔπω
1404 3748 1514 3819 γὰρ
1547 3747 1646 3819 τὴν
1675 3748 1784 3802 τῶν
1816 3749 1919 3802 Σύ·-

340 3860 451 3910 ρων
497 3843 981 3914 παραμειψάμενοι
1010 3839 1170 3911 ἦσαν,
1218 3844 1312 3897 καὶ
1336 3842 1491 3896 οὐδὲν
1515 3843 1544 3896 ὅ
1573 3859 1627 3895 τι
1654 3844 1753 3911 τῆς
1785 3843 1921 3896 Ῥω-

345 3934 521 4009 μαίων
571 3934 842 4005 ἐνηλλάγη
898 3933 1219 4005 πρεσϐείας.
1258 3935 1349 3993 Διὸ
1399 3935 1494 3988 καὶ
1549 3936 1613 3989 ἐκ
1653 3934 1918 4006 βασιλέως

337 4025 523 4087 αὐτοῖς
547 4024 853 4095 γράμματα
875 4023 1074 4095 ἐστάλη
1111 4025 1328 4096 ἔχεσθαι
1366 4027 1465 4097 τῆς
1492 4025 1800 4098 ὁδοιπορίας
1829 4030 1921 4082 ἐπὶ

339 4119 454 4182 τοῖς
484 4119 668 4182 αὐτοῖς
692 4135 707 4150 ’
742 4118 948 4187 γνῶναι
988 4119 1090 4190 μὲν
1115 4118 1225 4191 γὰρ
1256 4121 1314 4174 ἐν
1350 4120 1501 4191 μέσῳ
1545 4119 1644 4188 τὴν
1675 4119 1917 4192 Χοσρόου

335 4216 617 4284 τελευτὴν,
646 4215 794 4286 ὅμως
831 4215 1009 4270 δὲκαὶ
1052 4216 1188 4286 πρὸς
1234 4214 1325 4269 τὸν
1379 4216 1593 4271 ἐκείνου
1624 4216 1788 4271 παῖδα
1819 4216 1919 4270 οὐκ

336 4308 514 4371 ἄλλως
551 4311 787 4380 φρονεῖν,
825 4310 1059 4378 ἑτοίμως
1100 4307 1157 4362 δὲ
1212 4307 1358 4379 ἔχειν
1405 4308 1496 4361 τὸν
1556 4308 1792 4378 πόλεμον
1826 4308 1919 4361 ἐπὶ

336 4404 454 4465 τοῖς
490 4401 592 4472 ήδη
624 4402 839 4473 Χοσρόη
881 4402 1141 4471 γραφεῖσι
1186 4400 1505 4455 καταλῦσαι.
1541 4401 1662 4454 Ἔτι
1692 4416 1757 4470 γε
1811 4399 1916 4472 μὴν

337 4498 432 4549 καὶ
460 4494 589 4558 τοὺς
614 4494 917 4564 ἀφεθέντας
946 4494 1327 4565 αἰχμαλώτους
1355 4495 1432 4557 ὠς
1461 4493 1528 4546 ἂν
1559 4476 1914 4564 ἒγχειρίσωσι

2104 3194 2190 3250 l9.
2220 3192 2306 3263 (Λ.
2331 3191 2392 3246 C.
2414 3191 2670 3257 580,'ind.
2702 3192 2786 3257 15,
2811 3190 2992 3246 Tiber.
3014 3189 3092 3261 3.)
3117 3192 3417 3248 Romaniet
3436 3191 3619 3250 Persas

2022 3297 2154 3341 sane
2184 3298 2367 3356 pacem
2410 3283 2701 3349 fecissent,
2744 3284 2846 3338 nisi
2890 3282 3166 3338 Chosroes
3224 3296 3291 3338 ex
3342 3283 3616 3338 hominum

2024 3390 2253 3432 numero
2283 3375 2556 3439 sublatus,
2588 3386 2643 3431 et
2691 3375 3031 3443 ﬂormisdas,
3066 3375 3184 3446 ejus
3228 3375 3394 3443 filius,
3418 3376 3616 3435 ferocis

2022 3472 2223 3540 ingenii
2252 3470 2356 3537 vir,
2407 3472 2576 3526 cidari
2605 3472 2891 3527 redimitus
2922 3469 3133 3527 fuisset.
3180 3470 3287 3527 Sed
3326 3482 3438 3527 tum
3475 3490 3609 3545 quo-

2022 3578 2152 3635 que,
2181 3564 2397 3633 opinor,
2426 3562 2561 3617 nihil
2595 3562 2743 3619 aliud
2773 3562 3104 3628 decernitur,
3128 3576 3291 3632 quam
3325 3571 3381 3616 ut
3408 3565 3609 3618 Zacbu‘

2026 3659 2132 3712 rias
2148 3666 2203 3713 et
2224 3655 2539 3712 Theodorus
2562 3691 2581 3722 ι
2614 3665 2870 3727 tanquam
2910 3656 3087 3711 adhuc
3115 3656 3408 3725 superstite
3445 3656 3617 3710 Ches-

2025 3767 2147 3819 roe,
2166 3750 2441 3806 Persidem
2471 3752 2757 3805 intrarent.
2788 3746 3000 3805 Etenim
3034 3758 3159 3807 tunc
3191 3749 3451 3819 temporis
3482 3764 3617 3803 non—

2026 3850 2149 3904 dum
2182 3848 2396 3917 Syriam
2422 3845 2745 3916 transgressi
2765 3852 2943 3909 erant,
2969 3857 3143 3912 neque
3171 3844 3464 3916 quidquam
3496 3845 3617 3899 ideo

2023 3955 2086 3995 ex
2123 3953 2309 3993 eorum
2372 3937 2639 4006 legatione
2670 3942 2931 3990 mutatum
2969 3950 3074 3990 esu.
3102 3934 3287 4003 itaque
3326 3934 3521 3990 litterae
3549 3939 3617 3989 ab

2024 4032 2355 4099 imperatore
2390 4029 2495 4081 illis
2531 4027 2754 4082 reddita:
2789 4036 2937 4092 sunt,
2964 4026 3553 4082 utcontinuarentiter
3592 4044 3608 4080 τ

2023 4123 2125 4178 sibi
2174 4122 2389 4191 quidem
2444 4120 2751 4175 nuntiatum
2816 4135 2967 4184 esse,
3037 4122 3180 4175 inter
3240 4122 3291 4175 id
3356 4123 3616 4191 temporis

2022 4214 2319 4271 Chosroem
2380 4223 2609 4273 mortem
2666 4213 2901 4279 obiisse;
2956 4222 3350 4279 verumtamen,
3408 4228 3465 4269 se
3493 4228 3616 4269 esse

2023 4308 2214 4365 eodem
2259 4308 2311 4361 in
2346 4306 2515 4360 ﬁlium
2560 4304 2777 4371 animo,
2820 4316 2876 4360 et
2920 4314 3170 4378 paratum
3216 4305 3514 4362 secundum
3548 4322 3610 4361 ea

2024 4415 2143 4471 quae
2163 4414 2191 4454 a
2215 4398 2463 4455 Chosroe
2493 4399 2695 4469 scripta
2726 4407 2905 4462 erant,
2932 4412 2961 4451 a
3002 4397 3141 4452 bello
3158 4398 3439 4453 discedere
3464 4414 3479 4464 ;
3520 4414 3615 4454 rc-

2026 4509 2134 4566 que
2166 4504 2453 4564 prepterea
2487 4494 2804 4547 omitterent
2850 4490 3044 4546 Persas
3075 4492 3339 4561 captivos,
3366 4491 3616 4547 libertate

334 4586 413 4657 τῷ
458 4562 684 4659 Περσῶν
729 4586 959 4656 βασιλεῖ.
996 4562 1461 4657 Προσημήναντες
1491 4562 1669 4640 τοίνυν
1698 4562 1746 4639 οἱ
1785 4585 1919 4646 Ῥω·-

2027 4595 2276 4653 douatos,
2310 4588 2362 4642 in
2396 4601 2590 4641 manus
2634 4585 2779 4657 regis
2815 4585 3104 4641 Persarum
3143 4587 3377 4640 tradere.
3427 4587 3615 4654 itaque

338 4680 518 4750 μαίων
548 4678 804 4750 πρέσϐεις
838 4678 935 4733 σὺν
956 4678 1123 4751 πολλῇ
1149 4697 1208 4733 τε
1244 4682 1378 4751 τιμῇ
1400 4680 1497 4737 καὶ
1516 4680 1761 4752 εὐφημίᾳ
1778 4679 1917 4736 κατά

333 4774 432 4844 τὴν
464 4774 681 4828 Νίσιϐιν
697 4774 945 4844 ἐγένοντο
959 4791 975 4807 ο
995 4776 1052 4830 ἐν
1074 4775 1316 4846 θαύματι
1340 4793 1397 4831 τε
1417 4777 1657 4847 μεγίστῳ
1678 4775 1923 4831 ἐποιοῦν-

335 4884 397 4918 το
457 4866 665 4939 Πέρσαι
719 4865 817 4938 τὴν
856 4866 1147 4939 Ῥωμαίων
1189 4868 1333 4940 ἀμφὶ
1384 4869 1510 4933 τοὺς
1562 4867 1923 4942 δοριαλώτους

339 4958 777 5030 φιλανθρωπίαν.
818 4958 907 5013 Ἐν
936 4960 1111 5030 τούτῳ
1165 4960 1222 5015 δέ
1276 4962 1371 5015 καὶ
1421 4960 1672 5032 Τιϐέριος
1702 4966 1730 5016 ὁ
1760 4964 1921 5017 αὐτο·

340 5051 567 5123 κράτωρ
618 5050 828 5106 στέλλει
876 5051 1056 5121 αὖθις,
1097 5051 1195 5106 τοῦ
1234 5049 1368 5126 ἦρος
1396 5054 1727 5127 ἀρχομένου,
1760 5056 1921 5111 Mau-

347 5145 529 5216 ρίκιον
559 5144 703 5199 κατά
732 5143 833 5218 τὴν
863 5145 1003 5217 πρὸς
1032 5146 1326 5217 ἀνίσχοντα
1370 5147 1522 5219 ἥλιον
1577 5146 1920 5218 ἀποκαραδο-

344 5241 583 5305 κήσοντα
609 5245 670 5292 τὸ
710 5238 993 5311 ἐσόμενον,
1020 5240 1484 5313 ἐγκελευσάμενός
1505 5243 1577 5307 οἱ,
1609 5242 1745 5312 πρὸς
1780 5241 1917 5315 ὅπερ

342 5330 411 5385 ἂν
448 5332 477 5384 ὁ
512 5328 740 5404 Περσῶν
791 5331 1045 5403 βασιλεὺς
1089 5337 1297 5405 τραπῇ,
1338 5334 1691 5400 ὑπαντιάζειν
1730 5352 1789 5389 τε
1825 5336 1921 5389 καὶ

344 5412 856 5496 παρασκευάζεσθαι
905 5426 1042 5497 πρὸς
1088 5428 1357 5498 ἑκατέραν
1418 5428 1527 5481 τῶν
1576 5427 1918 5498 πραγμάτων

2028 4681 2399 4738 Romanorum
2434 4679 2617 4748 legati,
2643 4679 2848 4734 nuntiis
2902 4678 3218 4749 prmmissis,
3248 4691 3370 4733 cum
3408 4676 3618 4732 honore

2028 4784 2084 4832 et
2121 4774 2313 4830 faustis
2338 4773 2826 4830 acclamationibus
2870 4771 3101 4828 Nisibim
3139 4778 3520 4841 pervenerunt.
3549 4769 3622 4825 Et.

2032 4869 2211 4925 Persa:
2243 4868 2463 4939 quidem
2498 4868 2868 4922 Romanorum
2904 4880 3027 4939 erga
3063 4866 3310 4933 captivos
3363 4865 3620 4918 humani-

2034 4976 2197 5023 tatem
2240 4979 2563 5035 magnopere
2599 4972 2726 5017 sunt
2787 4960 3059 5016 admirati.
3112 4960 3318 5011 Interea
3362 4956 3613 5015 Tiberius

2031 5059 2349 5127 imperator,
2388 5056 2776 5116 vereineuute,
2811 5050 3165 5107 rursnsmisit
3194 5050 3511 5103 Mauricium
3554 5052 3607 5102 in

2030 5149 2363 5207 Orientaletn
2428 5147 2638 5218 imperii
2697 5155 2927 5217 partem,
2981 5144 3094 5212 qui,
3144 5144 3284 5211 quod
3346 5144 3609 5204 evmiret,

2030 5250 2395 5312 exspectaret,
2455 5251 2508 5297 et
2544 5240 2618 5295 illi
2670 5240 2977 5308 imperavit,
3011 5248 3066 5291 ut
3129 5236 3239 5304 regi
3301 5233 3609 5293 Persarum.

2029 5351 2352 5406 quocunque
2412 5352 2469 5391 se
2520 5341 2795 5395 verteret,
2851 5340 3203 5387 occurreret:
3242 5330 3368 5383 etin
3425 5338 3615 5396 quam-

2030 5446 2239 5501 cunque
2297 5440 2505 5501 partem
2572 5443 2654 5483 res
2684 5426 2957 5487 caderent,
3020 5426 3082 5478 ad
3130 5438 3314 5479 omnes
3366 5436 3526 5475 casus
3554 5437 3612 5477 se

1623 5586 1853 5645 VARM'S
1889 5585 2301 5647 LEC'HONES.

413 5705 466 5787 ’,ζ
494 5704 854 5787 τῷζιξςίηΝ.
931 5707 1420 5787 ηάπεχρῆν-νιιίε.
1498 5711 1542 5745 ⁸’
1572 5712 1745 5777 ὅντως,
1784 5713 1871 5782 ΙΙ.,
1905 5711 2079 5779 οὕτως
2115 5716 2256 5787 vnlg.
2335 5717 2380 5750 ”
2410 5716 2486 5779 ὡς
2533 5714 2681 5787 vulg.
2757 5709 3073 5784 ⁹¹ὲκυρὼθη
3128 5709 3191 5765 ἂν
3225 5711 3336 5768 sits
3382 5707 3449 5766 11.
3501 5704 3611 5762 Val.

350 5773 554 5845 uPost
586 5776 737 5834 Θοόδ.
773 5778 875 5834 ins.
908 5768 1225 5836 συνίεαῖνιῖι
1254 5779 1372 5836 \al.
