4052 6342
326 244 435 309 353

829 238 1265 301 PROCEMIUM
1306 240 1388 302 IN
1430 237 1967 305 COLLECTANEA
2004 240 2101 302 DE
2139 243 2610 307 VIRTUTIBUS
2649 248 2744 309 ET
2780 246 3040 309 VITIIS.

3475 246 3579 311 051

325 376 462 423 σαν,
496 355 633 411 ἀλλὰ
664 354 725 409 τδ
758 356 857 423 τῆς
896 355 1073 426 ψυχῆς
1115 355 1331 424 εὐγενὲς
1374 356 1703 428 ἀκηλίδωτον
1738 355 1906 423 ἀρετῇ

2014 371 2260 426 pravata,
2296 374 2467 430 neque
2529 360 2755 415 mollitie
2804 367 3087 430 corrupta,
3120 358 3213 415 sed
3262 358 3434 415 animi
3472 376 3586 416 uo-

326 440 886 520 συνετήρησαν,οὗτοι
912 449 999 519 δὴ,
1020 442 1167 501 οὗτοι
1200 449 1294 504 καὶ
1325 449 1506 513 πόνοις
1535 449 1903 518 ἐνεκαρτέρη-

326 558 446 603 saw,
487 542 579 593 καὶ
623 540 803 610 λόγοις
846 543 1286 612 ὲνησχολήθησαν
1309 560 1321 572 ·
1360 542 1451 594 καὶ
1488 541 1646 604 ἄλλος
1691 540 1817 593 ἄλλο
1850 557 1902 592 τι

331 634 432 689 τῶν
463 634 578 688 ὅσοι
610 632 973 705 λογικώτερον
1012 633 1350 699 ἐπεϐίωσαν,
1391 635 1638 698 παιδείας
1676 633 1903 702 ἐρασταὶ

330 727 612 795 γεγονότες
647 726 1068 797 σπουδαιότερον
1100 744 1221 780 τινα
1256 726 1666 795 συνεγράψαντο
1692 741 1707 756 ⁶
1744 725 1902 779 τοῦτο

324 819 424 887 μὲν
450 818 548 887 τῆς
565 818 718 886 σφῶν
738 818 918 871 αὐτῶν
938 818 1308 887 πολυμαθείας
1328 817 1524 886 δεῖγμα
1548 818 1775 888 ἐναργὲς
1789 818 1903 879 τοῖς

324 908 625 976 μετέπειτα
656 908 979 963 καταλιπεῖν
1009 908 1347 979 ίμειλτόμενοι
1374 926 1387 940 ·
1421 909 1578 962 τοῦτο
1607 909 1663 962 δὲ
1695 914 1787 961 καὶ
1817 906 1905 959 εὑ·-

325 998 514 1053 ιιλειαν
546 1000 877 1072 ἀείμνηστον
908 1004 971 1054 ἐκ
998 1001 1106 1054 τῶν
1137 1002 1573 1074 ἐντυγχανόντων
1602 1001 1903 1072 καρπώσα-

325 1090 453 1145 σθαι
490 1090 785 1163 μνώμενοι.
819 1092 966 1144 Ἐπεὶ
998 1092 1055 1145 δὲ
1088 1093 1153 1144 ὲκ
1184 1091 1282 1162 τῆς
1315 1093 1424 1145 τῶν
1459 1092 1729 1145 τοσούτων
1764 1090 1903 1145 ἐτῶν

326 1184 669 1256 περιδρομῆς
705 1184 937 1239 ἄπλετόν
968 1203 1020 1238 τι
1056 1185 1248 1256 χρῆμα
1286 1187 1379 1239 καὶ
1416 1188 1758 1257 πραγμάτων
1792 1185 1906 1253 ἐγί-

326 1294 519 1346 γνετο,
546 1281 642 1333 καὶ
672 1278 844 1348 λόγων
875 1280 1135 1334 ἐπλέκετο
1153 1318 1169 1344 ,
1200 1280 1283 1333 ἐπ’
1309 1281 1531 1350 ἄπειρόν
1554 1298 1613 1333 τε
1642 1280 1736 1334 καὶ
1764 1279 1907 1348 ἀμή-

252 1416 265 1427 .
324 1388 489 1443 κανον
528 1374 561 1442 ἡ
598 1373 696 1439 τῆς
741 1374 984 1443 ἱστορίας
1023 1372 1282 1445 εὑρύνετο
1328 1374 1657 1444 συμπλοκή·
1698 1374 1805 1428 ἔδει
1846 1373 1905 1427 δὲ

326 1461 793 1532 ὲπιρῤεπέστερον
831 1461 968 1533 πρὸς
1001 1462 1070 1517 τὰ
1110 1463 1280 1536 χείρω
1313 1465 1412 1535 τὴν
1451 1464 1561 1517 τῶν
1599 1464 1905 1535 ἀνθρώπων

326 1551 659 1625 προαίρεσιν
699 1554 1081 1620 μετατίθεσθαι
1122 1556 1333 1626 χρόνοις
1363 1555 1607 1625 ὕστερον,
1639 1558 1732 1609 καὶ
1757 1556 1908 1626 ὀλιγ-

328 1642 488 1718 ὡρως
524 1646 667 1716 ἔχειν
702 1649 836 1716 πρὸς
870 1651 941 1700 τὰ
970 1649 1110 1703 καλὰ
1139 1650 1234 1702 καὶ
1264 1648 1642 1721 ῥᾳθυμότερον
1699 1651 1908 1703 διακεῖ-

2011 449 2273 503 hilitatt-m
2336 454 2710 506 intemeratam
2751 446 2827 507 ad
2869 453 3125 507 virtutem
3170 464 3588 517 conservat-unt,

2012 542 2063 593 hi
2101 542 2340 609 profecto
2370 554 2423 596 et
2464 544 2603 597 inter
2640 544 2856 598 labores
2899 544 3189 607 durarunt,
3217 553 3271 598 et
3314 545 3484 599 Otium
3532 546 3587 597 in

1994 618 2207 686 litteris
2244 646 2712 703 consumpserunt.
2742 637 2817 689 Ac
2863 635 2908 690 si
2961 635 3051 705 qui
3084 635 3292 689 illorum
3319 636 3485 689 vitam
3537 636 3587 690 in

2011 724 2206 778 Studiis
2240 724 2551 793 diligentius
2598 735 2851 795 egerunt,
2897 724 3216 781 eruditionis
3275 740 3459 779 amore
3506 727 3589 778 in-

2008 812 2263 868 ﬂammati
2299 816 2499 885 aliquid
2550 816 2877 884 impensiore
2928 831 3058 870 cura
3117 815 3581 884 conscripserunt,

2013 910 2205 978 partim
2237 912 2378 980 quod
2419 912 2733 981 multiplicis
2771 913 3037 968 doctrina:
3091 928 3201 967 suae
3234 920 3443 967 certum
3482 913 3587 963 ali-

2011 1002 2151 1071 quod
2209 1005 2439 1072 posteris
2487 1014 2892 1060 moountentum
2950 1004 3261 1075 relinquere
3300 1013 3587 1071 cuperunt.

2016 1096 2211 1161 partim
2249 1094 2411 1150 etiam
2445 1096 2767 1151 immortalis
2796 1098 3069 1153 memoriae
3104 1096 3394 1161 desiderio,
3426 1112 3587 1167 quam

2014 1185 2154 1252 apud
2214 1185 2445 1239 lectores
2478 1196 2959 1254 consequerentur.
3009 1187 3275 1253 Quoniam
3320 1200 3449 1240 vero
3497 1200 3591 1251 per

2015 1283 2094 1328 tot
2130 1290 2404 1329 armorum
2458 1275 2730 1331 curricula
2776 1287 2830 1331 et
2883 1290 2968 1330 res
3022 1278 3297 1330 immensa:
3351 1276 3591 1343 quotidie

2012 1368 2402 1422 exoriebantur
2457 1379 2515 1422 et
2580 1368 2779 1438 scripta
2842 1368 3291 1433 contexebantur,
3348 1366 3590 1420 historiae

2013 1460 2342 1530 conscriptio
2400 1475 2616 1530 semper
2663 1461 2825 1514 latius
2858 1474 2977 1515 sese
3022 1473 3345 1529 propagans,
3381 1458 3587 1512 inﬁnita

2008 1550 2119 1620 jam
2155 1567 2241 1607 res
2268 1561 2409 1617 erat,
2434 1563 2486 1605 et
2515 1566 2631 1616 quae
2666 1552 2884 1605 immani
2919 1550 3116 1621 ingenii
3142 1551 3245 1603 vim
3281 1548 3587 1604 excederet.

2016 1644 2304 1700 Enimvero
2352 1644 2511 1699 aliter
2559 1644 2778 1698 evenire
2826 1659 2930 1696 non
2980 1648 3213 1709 poterat,
3250 1640 3377 1710 quin
3413 1640 3592 1695 homi-

330 1737 458 1791 σθαι
492 1739 628 1809 πρὸς
661 1740 757 1809 τὴν
791 1738 898 1793 τῶν
932 1718 1901 1813 φθασάντωνίγενέσθαι-κατάληψιν,

2018 1753 2143 1790 num
2177 1738 2355 1791 studia
2384 1746 2439 1792 et
2463 1735 2768 1791 voluntates
2816 1733 3208 1804 posterioribus
3259 1731 3590 1801 temporibus

330 1830 572 1883 κατόπιν
617 1833 911 1902 γινομένης
952 1832 1051 1904 τῆς
1089 1832 1324 1903 ἀληθοῦς
1365 1835 1693 1901 ὲπιτεύξεως
1718 1851 1732 1865 ·
1776 1834 1903 1888 ὥστ’

329 1922 580 1975 ἐντεῦθεν
617 1924 809 1995 ἁδηλίᾳ
847 1924 1165 1989 σκιάζεσθαι
1197 1928 1297 1994 τὴν
1327 1927 1425 1996 τῆς
1466 1929 1708 1998 ἱστορίας
1748 1926 1907 1997 ἐφεύ-

331 2029 503 2083 ρεσιν,
539 2014 613 2082 πὴ
651 2017 746 2085 μὲν
778 2016 970 2070 σπάνει
1001 2016 1199 2088 βίϐλων
1225 2019 1543 2088 ὲπωιρελῶν,
1574 2022 1651 2092 τιὴ
1680 2022 1736 2075 δὲ
1768 2021 1906 2090 πρὸς

325 2107 429 2175 τὴν
458 2108 694 2178 ἐκτάδην
722 2109 1051 2181 πολυλογίαν
1079 2113 1593 2184 δειμαινόντωνκαὶ
1624 2099 1907 2188 κατορρω-

326 2195 565 2250 δούντων
593 2214 604 2226 ·
655 2202 684 2253 ὁ
718 2201 815 2268 τῆς
866 2202 1156 2275 πορφύρας
1192 2205 1462 2272 ἀπόγονος
1496 2206 1907 2271 Κωνσταντῖνος

327 2285 357 2338 ό
396 2286 813 2358 ὀρθοδοξότατος
855 2296 947 2345 καὶ
984 2293 1506 2364 χριστιανικὼτατος
1537 2297 1647 2350 τῶν
1684 2296 1905 2352 πώποτε

329 2377 836 2448 βεῦασιλευκότων,
882 2383 1293 2456 όξυωπέστερον
1334 2387 1471 2459 πρὸς
1510 2388 1610 2460 τὴν
1653 2388 1760 2444 τῶν
1801 2405 1904 2443 κα-

326 2471 437 2524 λῶν
456 2473 783 2543 κατανόησιν
801 2474 1167 2547 διακείμενος,
1189 2475 1284 2532 καὶ
1302 2476 1631 2551 δραστήριον
1658 2477 1907 2551 ἐσχηκὼς

329 2564 491 2631 νοῦν,
524 2565 707 2638 ἔκρινε
740 2567 1015 2638 βέλτιστον
1049 2564 1189 2625 εἶναι
1221 2572 1316 2648 καὶ
1350 2572 1706 2643 κοινωφελὲς,
1737 2574 1815 2646 τῷ
1846 2589 1906 2627 τε

332 2657 438 2728 βίῳ
479 2658 833 2731 ὀνησιφόρον,
874 2661 1139 2734 πρότερον
1186 2663 1285 2735 μὲν
1330 2657 1599 2735 ζητητικῇ
1630 2664 1905 2735 διεγὲρσει

331 2748 553 2818 βίϐλους
587 2750 808 2803 ἄλλοθεν
843 2750 1006 2816 ἄλλας
1043 2750 1099 2819 ἐξ
1137 2752 1354 2825 ἁπάσης
1392 2753 1695 2827 ἑκασταχοῦ
1730 2756 1909 2808 οἰκου-

333 2841 507 2912 μὲνης
543 2842 934 2911 συλλέξασθαι,
971 2845 1317 2917 παντοδαπῆς
1350 2846 1404 2899 δὲ
1440 2846 1751 2910 πολυειδοῦς
1789 2851 1907 2901 ἐπι-

330 2937 549 3005 στήμης
576 2937 908 3003 ἐγκύμονας.
943 2937 1175 2993 Ἔπειτα
1200 2938 1260 2991 τὸ
1283 2939 1384 3010 τῆς
1413 2938 1782 3002 πλατυεπείας
1811 2941 1908 3010 μέ-

328 3025 491 3095 γεθος
534 3028 626 3080 καὶ
669 3030 839 3091 ἁκοὲις
878 3020 1407 3093 ἀποκναϊον,’ἄλλως
1438 3047 1497 3083 τε
1542 3030 1633 3084 καὶ
1676 3031 1906 3102 ὀχληρὸν
1936 3070 1979 3127 C

328 3120 429 3174 καὶ
454 3120 710 3189 φορτικὸν
735 3122 1057 3191 φαινόμενον
1082 3122 1194 3185 τοῖς
1226 3120 1462 3186 πολλοῖς,
1495 3121 1603 3176 δεῖν
1626 3120 1781 3193 ᾠήθη
1812 3140 1910 3175 κα-

328 3209 627 3281 ταμερίσαι
658 3208 818 3264 τοῦτο
852 3213 931 3275 είς
966 3211 1401 3282 λεπτομέρειανξ,
1444 3210 1817 3281 ἀνεπιφθόνως
1848 3229 1908 3265 τε

329 3300 613 3371 προθεῖναι
659 3302 791 3355 πᾶσι
834 3303 987 3373 κοινῇ
1031 3300 1139 3374 τὴν
1172 3302 1237 3355 ἐκ
1278 3300 1485 3354 τούτων
1527 3302 1908 3374 ἀναφυομένην

328 3392 599 3460 ὠφέλειαν
620 3409 634 3422 ·
666 3391 740 3457 ὡς
773 3394 834 3447 ὲκ
869 3393 966 3465 μὲν
994 3394 1091 3465 τῆς
1124 3386 1915 3465 ὲκλογῆςπροσεκτικωτέρως

329 3486 430 3541 καὶ
476 3486 913 3557 ὲνδελεχέστερον
954 3480 1409 3559 κατεντυγχάνειν
1446 3491 1569 3554 τοὺς
1610 3493 1909 3562 τροφίμους

330 3578 443 3633 τῶν
486 3578 682 3648 λόγων,
730 3582 826 3633 καὶ
872 3579 1246 3653 μονιμώτερον
1290 3581 1653 3639 ὲντυποῦσθαι
1697 3584 1909 3652 τούτοις

328 3670 430 3741 τὴν
457 3672 565 3726 τῶν
590 3672 764 3743 λόγων
793 3673 1141 3743 εὑφράδειαν.
1170 3675 1551 3745 Μεγαλοφυῶς
1577 3694 1637 3731 τε
1669 3680 1763 3732 καί
1816 3681 1931 3751 ἀνι-η

329 3764 615 3834 επηὸόλως
633 3764 771 3836 πρὸς
792 3766 886 3821 ἐπὶ
909 3765 1119 3831 τούτοις
1148 3785 1281 3822 κατα
1292 3768 1512 3840 μερίσαι
1530 3768 1609 3833 είς
1623 3760 1908 3835 ὑποθέσεις

328 3858 643 3927 διαφόρους,
682 3861 831 3929 τρεῖς
876 3860 969 3913 ἐπὶ
1010 3860 1121 3923 τοῖς
1162 3861 1502 3932 πεντήκοντα
1543 3862 1634 3915 τὸν
1673 3862 1909 3935 ἀριθμὸν

327 3944 519 4013 οὑσας,
552 3950 607 4000 ὲν
638 3943 726 4011 αἷς
757 3949 848 4008 καὶ
880 3949 969 4017 ὑφ’
991 3944 1295 4013 αἷς-ἂπασα
1325 3951 1573 4023 ἱστορικὴ
1606 3953 1909 4027 μεγαλουρ-

330 4039 429 4107 γία
460 4040 825 4110 συγκλείεται.
858 4040 966 4093 Καὶ
995 4041 1095 4095 οὐκ
1125 4041 1272 4097 ἔστιν
1297 4042 1452 4098 οὐδὲν
1479 4044 1588 4098 τῶν
1616 4047 1910 4116 συγκειμέ-

330 4149 461 4199 νων,
512 4133 541 4184 δ
590 4132 941 4203 διαφεύξεται
991 4134 1089 4201 τὴν
1140 4134 1393 4204 τοιαύτην
1441 4135 1550 4189 τῶν
1597 4136 1908 4192 ὑποθέσεων

330 4227 743 4298 ἀπαρίθμησιν,
785 4227 937 4281 οὑδὲν
970 4228 1031 4282 τὸ
1075 4231 1336 4299 παράπαν
1369 4231 1776 4304 ἀφαιρουμένης
1807 4232 1907 4302 τῆς

329 4318 425 4375 τοῦ
453 4320 612 4389 λόγου
640 4319 960 4386 ἀκολουθίας
985 4323 1049 4393 τῇ
1076 4322 1337 4393 διαιρέσει
1358 4322 1466 4376 τῶν
1489 4325 1707 4377 ἐννοιῶν
1727 4341 1740 4355 ·
1770 4324 1906 4379 ἀλλᾶ

2013 1833 2079 1884 ad
2111 1830 2381 1885 deteriora
2418 1843 2475 1884 se
2532 1829 2878 1893 inclinarent,
2913 1830 3139 1881 honesta
3172 1840 3373 1895 susque
3418 1826 3592 1893 deque

2014 1922 2296 1985 baberent,
2328 1931 2383 1975 et
2424 1921 2491 1976 ad
2525 1922 2931 1990 cognoscendas
2982 1919 3222 1987 priorum
3272 1915 3589 1972 szeculorum

2013 2028 2105 2069 ros
2157 2014 2449 2070 evaderent
2499 1996 2940 2085 negligentiores‘,
3004 2008 3420 2081 investigatione
3472 2011 3586 2064 veri

2012 2106 2179 2163 semel
2235 2106 2497 2176 neglecta.
2548 2104 2623 2159 lta
2664 2114 2722 2159 ut
2778 2104 3021 2159 historiae
3068 2102 3305 2170 cognitio
3351 2102 3587 2156 tenebris
3649 2118 3652 2121 ·

2013 2200 2262 2257 obvoluta
2300 2200 2621 2255 redderetur
2656 2200 2885 2265 incerta,
2920 2204 3031 2254 tum
3059 2209 3278 2269 propter
3321 2196 3585 2252 librorum

2013 2291 2223 2345 utilium
2255 2291 2516 2361 inopiam,
2555 2300 2665 2345 tum
2699 2290 2823 2361 quia
2860 2291 2924 2345 ad
2976 2290 3064 2346 illa
3104 2300 3183 2356 tot
3216 2297 3270 2345 et
3315 2296 3466 2343 tanta
3497 2302 3591 2342 vo-

2014 2383 2216 2438 lumina
2248 2383 2404 2452 vulgo
2439 2382 2684 2437 homines
2718 2380 3169 2452 expavesccbant.
3199 2381 3407 2437 idcirco
3450 2379 3595 2437 Con-

2012 2477 2286 2531 stantinus
2324 2475 2802 2545 P’orphyrogeneta
2844 2461 3153 2544 imperator
3195 2472 3436 2531 omnium
3497 2471 3588 2541 qui

2012 2583 2254 2639 unquam
2289 2567 2507 2623 fuerunt
2535 2578 2693 2623 rectae
2718 2566 2838 2622 ﬁdei
2865 2557 3243 2623 tenacissimus
3268 2577 3321 2621 et
3341 2565 3594 2621 christia-

2013 2662 2287 2726 nissimus,
2323 2660 2542 2731 ingenio
2590 2660 2848 2730 praeditus
2887 2661 2954 2716 ad
3002 2674 3183 2716 rerum
3236 2657 3586 2731 pulchrarum

2012 2755 2414 2825 perceptionem
2454 2753 2789 2817 acutissimo,
2828 2767 2892 2808 eo
2923 2752 3157 2823 denique
3195 2758 3456 2821 praestans
3500 2750 3586 2806 ir.-

2015 2845 2331 2916 telligentia,
2389 2854 2447 2899 ut
2506 2843 2666 2901 facile
2730 2843 2945 2916 quidvis
2994 2845 3060 2899 ad
3095 2842 3347 2900 eﬂ‘ectum
3394 2843 3593 2915 perdu-

2013 2947 2177 2999 ceret,
2212 2938 2337 2991 illud
2371 2938 2545 3007 primo
2595 2937 2715 2992 fore
2746 2939 3007 3005 optimum
3041 2948 3125 2993 est
3154 2946 3302 2993 ratus
3348 2946 3402 2993 et
3431 2935 3591 3004 vulgo

2013 3028 2266 3081 omnibus
2296 3028 2450 3091 utile,
2479 3038 2535 3080 ut
2566 3026 2736 3082 libros
2767 3026 3008 3096 undique
3035 3041 3100 3083 ex
3137 3029 3387 3083 omnibus
3440 3027 3591 3083 orbis

2018 3120 2257 3191 partibus
2340 3118 2585 3175 doctrina
2658 3120 2809 3174 varia
2894 3118 3123 3176 refertos
3200 3120 3587 3192 conquireret;

2002 3214 2211 3267 'tlein‘de
2244 3222 2446 3267 vastam
2484 3212 2635 3266 illam
2685 3210 2948 3267 librorum
2982 3211 3177 3267 molem
3210 3227 3331 3283 qua:
3357 3212 3591 3269 lectores

1994 3312 2276 3361 enecabat
2309 3296 2448 3376 (cum
2499 3303 2801 3375 praesertim
2834 3304 3058 3361 molesta
3113 3304 3387 3377 plerisque
3416 3306 3595 3361 omni-

2015 3398 2115 3454 bus
2147 3409 2203 3454 et
2234 3398 2373 3454 taedii
2410 3398 2567 3468 plena
2598 3412 2659 3453 ea
2712 3392 3151 3469 res'videretur),
3181 3397 3235 3452 in
3264 3406 3449 3468 partes
3490 3396 3593 3451 mi-

2016 3504 2173 3545 nutas
2208 3490 2413 3560 putavit
2470 3489 2921 3556 distribuendam,
2953 3498 3004 3543 et
3057 3489 3385 3545 luculentam
3440 3489 3591 3544 utili-

2016 3592 2178 3641 tatem
2233 3596 2357 3651 quac
2408 3589 2616 3651 poterat
2661 3581 2785 3636 inde
2836 3580 3041 3651 percipi
3088 3581 3260 3636 oculis
3310 3581 3588 3635 hominum

2015 3676 2409 3747 exponendam.
2444 3674 2593 3729 Adeo
2635 3682 2695 3728 ut
2747 3674 2852 3730 hoc
2895 3674 3106 3729 delectu
3160 3673 3348 3728 habito
3397 3671 3590 3740 majori

2016 3768 2308 3825 attentione
2338 3777 2392 3823 et
2417 3764 2734 3822 assiduitate
2760 3765 2975 3822 lectioni
3008 3764 3323 3822 incumbere
3361 3765 3591 3820 studiosi

2013 3871 2234 3935 queant,
2266 3869 2321 3916 et
2346 3859 2627 3915 Sermonis
2661 3859 2971 3927 facundiam
3021 3856 3186 3912 altius
3235 3871 3299 3912 ac
3354 3857 3589 3927 peuitius

2017 3956 2197 4010 animo
2234 3954 2567 4023 imprimere.
2616 3950 2730 4009 Hoc
2783 3950 3013 4023 amplius
3050 3944 3346 4023 imperaior
3397 3961 3593 4021 magno

2015 4058 2069 4104 et
2096 4046 2241 4104 felici
2269 4055 2469 4102 conatu
2500 4061 2633 4116 opus
2662 4043 2973 4103 universum
3021 4043 3077 4099 in
3116 4050 3376 4099 tractatus
3419 4042 3594 4098 diver-

2014 4156 2105 4195 sos
2131 4154 2355 4194 numero
2387 4148 2495 4195 tres
2520 4149 2572 4194 et
2599 4138 2991 4209 quinquaginta
3022 4136 3233 4193 censuit
3261 4134 3592 4191 distribuen-

2014 4231 2170 4297 dum,
2202 4231 2253 4286 in
2285 4229 2483 4302 quibus
2505 4230 2765 4301 quidquid
2801 4228 3146 4297 tnagrtiﬁcum
3174 4227 3337 4284 habet
3369 4226 3590 4281 historia

2015 4327 2284 4383 inclusum
2320 4326 2649 4392 continetur,
2685 4337 2863 4395 neque
2914 4322 3379 4400 inest_quidquam
3420 4320 3591 4376 histo-

332 4413 622 4491 σύσσωμον
656 4410 971 4483 σωζούσης,
1005 4415 1099 4468 καὶ
1130 4412 1337 4486 ἑκάστῃ
1371 4413 1624 4473 ὑποθέσει
1662 4424 1904 4487 προσαρ-

2015 4422 2107 4475 riae
2138 4420 2398 4473 insertum
2430 4414 2571 4486 quod
2603 4414 2958 4486 partitionem
3007 4413 3147 4468 hanc
3178 4412 3231 4467 in
3264 4412 3430 4468 hosce
3477 4420 3587 4465 tra~

334 4505 641 4581 μοζομόνης
663 4507 992 4582 τηλικαύτης
1019 4508 1080 4581 οὐ
1110 4508 1386 4578 συνόψεως
1411 4549 1426 4576 ,
1457 4509 1815 4582 ἀληθέστερον
1841 4512 1921 4565 δὲ’

331 4594 543 4663 εἰπεῖν,
572 4593 1037 4666 οἰκειώσεως.Ὦν
1079 4597 1469 4668 κεφαλαιωδῶν
1512 4598 1822 4654 ὑποθέσεων
1864 4601 1898 4670 ἡ

330 4682 677 4762 προκειμένη
708 4690 873 4762 αὕτη,
912 4689 1010 4746 καὶ
1041 4691 1459 4763 ἔπιγραφομένη
1483 4731 1497 4754 ,
1537 4691 1898 4763 περὶνᾶρετῆς

329 4784 423 4837 καὶ
443 4778 646 4846 κακίας
659 4779 1002 4858 πεντηκοστὴ
1026 4777 1160 4836 οὖσα
1180 4781 1457 4855 τυγχάνει⁹
1480 4782 1578 4853 τῆς
1596 4776 1819 4855 πρώτης
1840 4782 1903 4838 τὸ

327 4876 620 4946 ἐπώνυμον
640 4865 912 4948 λαχούσης
931 4874 1069 4946 Περὶ
1092 4874 1407 4932 Βασιλέων
1428 4875 1897 4945 ἀναγορεύσεως.

338 4966 631 5037 Ἐμφαίνει
657 4954 712 5021 δὲ
742 4967 889 5021 τουτὶ
916 4968 978 5023 τὸ
1008 4953 1313 5039 προοίμιον,
1344 4968 1496 5032 τίνας
1526 4969 1576 5022 οι
1605 4968 1754 5038 λόγοι
1783 4968 1899 5021 Παι-

324 5061 494 5131 τέρας
526 5061 841 5132 κέκτηνται,
871 5061 962 5115 καὶ
993 5059 1118 5116 ὅθεν
1145 5060 1601 5125 ἁποκυϊσκονται,
1629 5059 1703 5125 ὡς
1730 5058 1797 5116 ἂν
1824 5058 1902 5135 μὴ

324 5142 463 5205 ὦσιν
520 5150 576 5204 αι
643 5149 1038 5220 κεφαλαιώδεις
1108 5149 1394 5217 ὑποθέσεις
1465 5153 1900 5224 ἀκατονόμαστοι

326 5243 423 5295 καὶ
457 5244 533 5315 μὴ
562 5245 801 5316 γνήσιοι,
834 5244 972 5300 ἀλλὰ
1002 5243 1145 5300 νόθοι
1175 5262 1235 5299 τε
1266 5244 1360 5300 καὶ⁸
1387 5244 1750 5317 ψευδώνυμοι.
1779 5244 1902 5300 Eia“.

328 5333 385 5388 δὲ
416 5334 481 5387 ἐκ
510 5334 618 5389 τῶν
644 5336 1102 5408 ὑποτεταγμένων
1127 5335 1415 5410 χρονικῶν,

2008 4521 2185 4568 ctatus
2208 4509 2489 4583 effugeret.
2520 4509 2708 4581 Neque
2734 4523 2865 4565 vero
2915 4511 2985 4565 ob
3012 4508 3334 4563 divisionem
3372 4514 3593 4563 septena

1999 4606 2228 4673 .tiarum,
2250 4606 2419 4660 series
2443 4603 2623 4674 operis
2651 4602 2817 4658 totius
2846 4601 2955 4657 ullo
2982 4601 3140 4657 modo
3167 4600 3535 4670 corrumpitur
3570 4614 3587 4653 :

2009 4700 2193 4753 verum
2222 4703 2405 4752 servat
2431 4687 2569 4751 haec
2630 4693 2905 4767 synopsis,
2949 4692 3034 4749 vel
3073 4702 3132 4748 ut
3162 4693 3341 4750 verius
3390 4693 3590 4761 dicam,

2008 4788 2123 4845 haec
2147 4802 2324 4843 rerum
2354 4795 2706 4858 cognatarum
2736 4786 2994 4843 adunatlo
3011 4785 3064 4841 in
3085 4785 3313 4856 singulis
3337 4786 3583 4859 partibus

2008 4880 2398 4939 concinnandis
2429 4880 2721 4951 unicuique
2756 4878 3010 4936 tractatui
3047 4879 3459 4936 convenientem
3497 4892 3589 4932 ra-

2007 4972 2232 5027 tionem.
2271 4967 2475 5025 Horum
2509 4985 2637 5026 vero
2663 4978 2990 5026 tractatuum
3021 4982 3263 5040 praesens
3285 4968 3372 5024 hic
3405 4968 3496 5038 qui
3525 4969 3591 5021 tle

2010 5061 2301 5117 virtutibus
2335 5072 2387 5116 et
2426 5060 2942 5128 vitiis'inscribitur,
2970 5060 3164 5116 ordine
3208 5070 3289 5116 est
3316 5059 3589 5130 quinqna~

2007 5152 2265 5227 gesitnus.
2326 5153 2542 5210 Primus
2596 5164 2777 5209 autem
2836 5153 3244 5223 inscriptionem
3307 5149 3470 5204 habet
3522 5150 3592 5204 de

2011 5250 2397 5319 imperatorum
2436 5246 2860 5304 renuntiatione.
2909 5247 3231 5302 Continetur
3276 5246 3438 5297 etiam
3488 5243 3589 5297 hoc

2009 5342 2277 5409 prommio
2308 5345 2436 5409 quot
2480 5351 2660 5408 patres
2690 5340 2982 5394 habuerint
3012 5349 3066 5394 et
3103 5345 3351 5392 auctores
3376 5333 3588 5404 singula

329 5429 557 5499 scripta,
583 5440 638 5485 et
665 5445 893 5499 quorum
921 5440 1074 5499 parta
1109 5430 1218 5486 sint
1242 5428 1508 5503 ingeniis.
1550 5445 1617 5485 ne
1642 5440 1898 5504 excerpta
1940 5431 2053 5488 haec
2117 5434 2426 5489 nominibus
2465 5444 2691 5489 eareaut
2716 5442 2769 5488 et
2817 5431 3122 5487 habeantur
3154 5444 3249 5502 pro
3316 5444 3423 5484 non
3456 5425 3586 5498 legi-

332 5525 503 5589 timis,
544 5534 639 5582 seu
708 5542 806 5596 pro
853 5525 1051 5598 spuriis
1094 5536 1152 5581 et
1224 5526 1523 5586 subdititiis
1571 5525 1807 5587 funibus.
1876 5528 2012 5586 Sunt
2075 5544 2252 5586 autem
2318 5531 2430 5584 lucc
2482 5537 2731 5597 excerpta
2784 5545 2849 5585 ex
2906 5526 3187 5583 annalibus
3253 5520 3394 5581 infra
3461 5523 3589 5601 sub-

355 5627 489 5680 eatis
545 5642 559 5680 :

355 5627 489 5680 estis
545 5642 559 5680 :

327 5624 353 5697 ³
405 5720 475 5779 α’.
511 5721 777 5794 Ἰωσήπου
811 5720 1221 5795 ἀρχαιολογίας,

2090 5722 2140 5775 1.
2178 5720 2252 5775 Ex
2282 5715 2502 5793 Iosephi
2540 5715 2921 5788 antiquitatum
2951 5714 3125 5772 libris.
