4052 6342
248 313 348 380 tm
1776 313 1977 382 VITA.
3388 310 3499 375 978

243 432 313 490 sit
350 452 363 487 :
406 431 534 488 Fuit
571 436 724 489 homo
761 436 950 492 missus
975 453 1006 492 α
1039 436 1166 493 Deo.
1195 435 1299 494 Ubi
1341 452 1470 493 vero
1504 437 1598 492 liei
1645 441 1822 494 etnni-
1851 442 1898 500 Α
1930 435 2058 502 Deo,
2083 435 2157 490 illi
2186 433 2557 500 adhaerebant,
2589 431 2660 488 ita
2688 427 3050 503 utvlmlegis,
3083 427 3339 501 quidquid
3370 442 3508 499 pras-

245 526 482 595 potentis
534 526 928 596 misericordia,
982 530 1139 585 Creta
1190 531 1363 586 insula
1393 539 1474 586 est
1508 540 1820 601 recuperata
1923 538 2162 599 ceperat,
2197 528 2487 583 obtineret.
3365 535 3367 538 ‘

247 633 275 664 ει
331 613 681 681 Christianis,
739 616 808 672 ad
864 618 982 688 ejus
1033 619 1302 675 culturam
1355 620 1496 676 idem
1533 619 1705 676 Nicon
1757 622 1823 677 ab
1994 619 2081 676 ιγ.
2115 624 2290 690 Quare
2313 636 2433 676 cum
2459 633 2650 674 securo
2675 619 2786 690 jam
2820 617 3001 674 animo
3031 615 3100 672 ad
3135 615 3344 671 solitam
3371 627 3507 684 prac-

249 705 476 762 Oriente
499 718 780 772 evocatus,
809 724 838 762 a
865 710 973 766 Deo
1001 711 1254 767 mittitur.
1925 713 2248 770 dicationem
2295 713 2564 779 rediisset,
2621 712 2692 767 ad
2726 709 3050 780 baptismum
3082 722 3293 788 omnes,
3341 717 3507 758 verae-

319 796 384 849 ιι.
448 797 581 851 Cum
639 799 801 868 igitur
867 801 1112 870 regiones
1163 816 1270 856 non
1331 817 1530 872 paucas
1581 803 1824 862 orienta-
1926 821 2032 877 que
2073 807 2195 862 fidei
2243 805 2584 877 disciplinam
2653 802 2904 874 perpulit.
2947 803 3083 858 Tum
3130 815 3316 856 errore
3355 798 3506 853 omni

247 889 378 944 lium
437 892 668 960 partium
713 906 1085 964 peragrasset,
1131 907 1185 949 et
1234 897 1448 967 publica
1491 901 1828 968 paenitentiae
1925 898 2155 955 emedio
2186 897 2416 961 sublato,
2464 896 2707 952 ecclesiis
2738 910 2833 966 per
2865 903 3032 950 totam
3079 888 3306 950 insulam
3335 884 3500 945 :cdili-

246 982 632 1050 prasdicatione
683 984 996 1041 innumeras
1031 997 1216 1056 gentes
1268 989 1335 1042 ad
1379 989 1571 1047 salutis
1610 1003 1827 1061 portum
1921 991 2087 1056 catis,
2117 990 2508 1054 sacerdotibus,
2536 989 2782 1046 diaconis
2837 987 3156 1056 mdituisqne
3187 982 3505 1053 designatis,

247 1089 346 1144 per
407 1076 823 1144 paenitentiam,
882 1079 1231 1150 meliorisque
1289 1082 1412 1136 vitae
1472 1085 1826 1140 mutationem
1927 1081 2151 1152 reliquis
2175 1083 2336 1135 etiam
2366 1081 2626 1137 ritibuset
2654 1079 2994 1136 caeremoniis
3023 1087 3147 1146 apte
3179 1073 3502 1137 distributis,

247 1167 618 1234 perduxisset,
661 1167 730 1223 ad
768 1168 980 1224 Cretam
1030 1172 1260 1227 insulam
1313 1175 1671 1245 navigandum
1721 1176 1826 1232 sibi
1929 1177 2142 1230 vivendi
2178 1176 2384 1246 legibus
2416 1175 2728 1246 descriptis,
2754 1173 3006 1229 omnibus
3041 1172 3272 1240 denique
3305 1185 3423 1237 ane
3459 1169 3509 1220 in

245 1273 371 1312 esse
402 1258 684 1313 intellexit.
737 1260 864 1316 Illuc
896 1261 1039 1317 enim
1071 1263 1255 1320 divino
1283 1267 1516 1335 quodam
1562 1278 1691 1322 nutu
1735 1283 1831 1323 vo-
1927 1265 2114 1318 animo
2133 1272 2312 1331 erant,
2340 1279 2405 1319 ne
2429 1279 2587 1334 quem
2602 1263 2940 1319 Cretensium
2962 1261 3084 1317 boni
3115 1268 3392 1330 expertem
3423 1272 3512 1311 rc-

245 1353 497 1406 cabatur.
543 1351 749 1408 Etenim
781 1355 938 1409 simul
975 1366 1135 1425 atque
1179 1358 1409 1414 insulam
1442 1361 1714 1430 ingressus
1750 1371 1834 1418 est
1935 1354 2231 1425 linqueret,
2291 1355 2483 1410 ordine
2533 1354 2868 1419 constitutis,
2921 1353 3160 1424 Gortyna
3224 1351 3511 1418 discessit,

246 1443 319 1496 ab
352 1445 720 1510 Agarenornm
759 1447 888 1516 jugo
933 1450 1246 1518 nuperrime
1294 1451 1601 1516 liberatam,
1633 1452 1835 1508 Roma-
1936 1449 2206 1519 triumque
2257 1448 2463 1504 dierum
2499 1449 2601 1503 iter
2638 1462 2982 1520 pregressus,
3025 1446 3258 1515 quodam
3291 1445 3347 1498 in
3396 1445 3511 1496 locu

247 1548 432 1602 noque
474 1534 700 1602 imperio
724 1539 1027 1593 restitutam
1081 1555 1178 1610 per
1217 1539 1619 1611 Nicephorum,
1671 1545 1836 1600 fmtlis
1936 1543 2036 1598 sub
2084 1549 2300 1600 noctem
2372 1543 2656 1608 constitit,
2712 1544 2805 1598 ubi
2882 1529 3268 1611 antiquissimi
3304 1538 3509 1605 templi.

245 1635 435 1677 autem
471 1627 802 1683 detestanda:
829 1633 1194 1700 Agarenorum
1238 1635 1643 1704 superstitionis
1673 1639 1838 1692 vesti-
1939 1644 2200 1706 quantum
2241 1649 2309 1692 ex
2337 1635 2623 1691 ruderibus
2654 1633 2927 1705 conjicere
2959 1643 3097 1698 erat,
3130 1628 3352 1698 vestigia
3397 1644 3520 1682 cer-

247 1713 354 1782 giis
392 1715 570 1772 adhuc
597 1716 807 1786 plenam
858 1732 911 1774 et
946 1721 1240 1790 refertam,
1292 1725 1448 1794 cujus
1498 1727 1703 1783 scilicet
1756 1730 1838 1782 in-
1936 1727 2222 1784 nebantur.
2259 1727 2372 1782 Hoc
2423 1728 2476 1782 in
2521 1727 2637 1784 loco
2681 1741 2803 1782 cum
2854 1735 3120 1781 nocturno
3169 1725 3370 1794 hynmo
3415 1722 3517 1774 rite

249 1803 387 1855 enim
453 1805 708 1861 diuturna
757 1817 922 1879 atque
961 1811 1177 1868 assidua
1222 1830 1342 1869 cum
1385 1814 1675 1873 Saracenis
1706 1834 1833 1874 con-
1865 1811 1908 1866 Β
1938 1819 2245 1884 decantato,
2277 1829 2331 1874 et
2357 1817 2638 1888 erucigero
2675 1816 2868 1872 baculo
2900 1815 3048 1869 humi
3083 1813 3283 1877 deﬁxo,
3319 1824 3510 1868 somno

249 1896 562 1963 suetudine,
597 1902 663 1953 ad
694 1899 904 1957 illorum
943 1920 1141 1970 mores,
1187 1909 1320 1977 proli
1362 1910 1551 1965 dolori
1602 1911 1836 1982 abrepti,

249 1986 489 2041 nefanda
527 1990 688 2046 etiam
724 2001 777 2046 et
808 1994 1032 2062 profana
1069 2011 1254 2052 eorum
1285 2000 1435 2070 orgia
1471 2000 1687 2056 fuerant
1719 2016 1836 2055 am-

250 2080 418 2146 plexi.
481 2080 546 2136 Ut
597 2084 757 2152 igitur
794 2101 858 2142 eo
893 2087 1133 2152 delatus.
1176 2091 1420 2149 solemne
1473 2093 1606 2150 illud
1653 2111 1835 2151 suum.

250 2169 629 2226 Pasnitentt'ant
703 2179 842 2248 agite
887 2180 988 2250 (l),
1037 2182 1329 2239 inclamare
1377 2187 1574 2255 cmpit,
1624 2189 1836 2244 attoniti

250 2265 542 2334 peregrino
572 2277 623 2322 et
651 2268 892 2325 inaudito
938 2275 1337 2343 praedicationis
1361 2292 1556 2348 genere
1579 2280 1835 2347 insulani,

248 2355 562 2425 animisque
609 2358 857 2428 incensi,
907 2367 1256 2424 vehementer
1302 2370 1358 2426 in
1407 2385 1530 2426 eum
1573 2376 1830 2429 commoti

249 2458 381 2502 sunt
421 2467 434 2502 :
473 2452 610 2505 adeo
639 2454 878 2521 quidem,
910 2467 967 2510 ut
1002 2473 1206 2521 ,manus
1247 2461 1410 2517 etiam
1457 2462 1658 2521 inferre
1686 2467 1832 2536 cogi-

252 2548 477 2595 tarent:
513 2543 856 2600 manifestum
885 2548 1028 2602 enim
1061 2549 1126 2604 ad
1169 2548 1408 2607 furorem
1430 2553 1548 2608 illos
1585 2555 1839 2626 adegerat

253 2645 341 2684 res
375 2647 516 2686 nova
548 2646 602 2686 et
631 2636 906 2705 inusitata,
939 2653 1340 2712 praeoccupatos
1376 2647 1655 2712 nimirum,
1689 2647 1837 2702 dedi-

254 2734 477 2793 tesque,
536 2735 596 2781 ut
645 2727 912 2795 diximus,

253 2821 620 2875 caeremoniis.

324 2908 417 2964 ill.
445 2909 646 2969 Videns
677 2928 803 2986 ergo
835 2917 1060 2974 immitis
1088 2929 1248 2992 atque
1282 2924 1638 2982 intractabilis
1666 2927 1840 2998 gentis

258 3003 567 3073 ingenium,
602 3010 948 3081 sentiensqne
993 3011 1196 3069 tantam
1227 3016 1498 3083 duritiem,
1555 3019 1652 3075 nisi
1705 3035 1840 3089 pru-

252 3093 409 3149 denti
464 3099 695 3165 quadam
746 3111 863 3158 arte
908 3106 1211 3174 perdomari
1250 3123 1356 3164 non
1400 3124 1556 3178 posse
1597 3127 1838 3166 :secun-

255 3188 385 3242 dam
420 3188 586 3259 (quod
618 3192 794 3264 aiunt)
819 3197 1237 3265 navigationem,
1259 3201 1438 3268 priore
1482 3202 1683 3258 omissa
1709 3240 1724 3266 ,
1755 3204 1838 3256 in-

258 3281 462 3343 stituit,
500 3284 916 3357 sapientumque
966 3290 1290 3347 medicorum
1336 3294 1603 3365 exemplo,
1648 3310 1838 3352 eorum

258 3375 608 3430 curationem
631 3381 868 3447 apposite
894 3382 1052 3437 simul
1073 3397 1134 3438 ac
1166 3385 1391 3440 solerter
1422 3401 1708 3458 aggressus
1736 3397 1840 3445 est.

261 3463 515 3521 Habebat
542 3471 689 3525 enim
714 3469 937 3529 Paulum
962 3475 1013 3530 in
1042 3491 1103 3530 ea
1124 3491 1182 3531 re
1201 3477 1390 3533 ducem
1413 3495 1477 3533 ac
1500 3479 1837 3549 magistrum.

260 3559 458 3629 Itaque
507 3565 728 3619 missam
771 3566 974 3625 faciens
1009 3572 1278 3627 insolitam
1320 3571 1465 3627 illam
1513 3575 1840 3643 praedicandi

261 3656 561 3720 rationem,
616 3658 761 3727 quod
787 3675 855 3716 ex
890 3678 988 3718 usu
1027 3663 1268 3720 futurum
1301 3665 1356 3720 in
1393 3679 1458 3720 eo
1477 3666 1588 3736 jam
1621 3668 1843 3725 elucens

261 3748 554 3815 perSpicax
609 3749 906 3808 futurorum
957 3757 1128 3825 gratia
1164 3759 1552 3827 praemonebat,
1597 3774 1840 3815 seorsum

258 3845 486 3913 aliquos
519 3846 810 3913 abducens,
843 3864 978 3918 quos
1013 3851 1231 3920 reliquis
1266 3851 1716 3923 intelligentiores
1741 3896 1755 3921 ,
1786 3866 1841 3911 et

261 3936 329 3988 ad
391 3934 593 3989 bonum
653 3939 1025 4006 excipiendum
1084 3939 1386 4009 paratiores
1423 3951 1598 4006 norat,
1632 3943 1843 3998 blandis

260 4026 505 4093 primum
565 4030 745 4083 verbis
789 4029 999 4084 illorum
1065 4032 1398 4086 ferocitatem
1446 4032 1640 4097 lenire,
1689 4035 1841 4089 duri-

259 4118 509 4187 tiemqne
547 4119 712 4174 animi
749 4122 992 4178 emollire
1037 4126 1229 4193 coepit;
1277 4124 1473 4180 deinde
1511 4127 1711 4181 sensim
1747 4143 1845 4183 cor

260 4226 610 4276 permovere,
639 4214 851 4269 occulta
888 4214 1146 4284 cuiusque
1193 4213 1334 4270 facta
1377 4215 1458 4287 (ut
1495 4232 1652 4272 meus
1686 4217 1843 4272 .lesns

258 4303 397 4356 olim
424 4302 804 4376 Samaritana)
845 4306 1073 4376 vitaeque
1105 4304 1308 4376 ﬂagitia
1349 4309 1699 4378 redarguens.
1725 4308 1841 4376 Quo

261 4399 475 4449 factum
505 4406 607 4464 est,
635 4406 694 4450 ut
739 4398 990 4452 eximiam
1020 4398 1137 4469 ejus
1173 4399 1426 4455 virtutent
1465 4411 1837 4470 agnoscentes,

985 2735 1376 2802 superstitiosis
1438 2737 1835 2794 Saracenorum

1940 1927 1999 1966 se
2032 1912 2282 1976 dedisset,
2349 1913 2708 1969 lucernarinm
2745 1914 2897 1984 quasi
2944 1911 3126 1966 lumen
3192 1918 3316 1965 ante
3349 1907 3517 1962 bacu-

1939 2003 2048 2059 lum
2084 2003 2137 2059 in
2177 2005 2303 2061 aere
2341 2005 2589 2061 libratmn
2636 2006 2814 2060 videre
2854 2005 2999 2059 visus
3047 2012 3150 2059 est.
3213 2002 3282 2056 At
3327 2015 3518 2056 somno

1941 2095 2164 2152 decusso
2209 2109 2330 2151 cum
2365 2096 2728 2162 surrexisset,
2763 2110 2868 2150 non
2905 2095 3019 2165 jam
3069 2092 3376 2156 somnium,
3420 2092 3516 2146 sed

1938 2200 2066 2240 vera
2097 2187 2233 2241 visio
2266 2186 2474 2257 objecta
2508 2195 2608 2242 est.
2642 2186 2831 2242 Divina
2852 2185 3104 2255 quaedam
3129 2184 3336 2266 lampas
3371 2182 3515 2252 haud

1939 2278 2237 2335 materialis
2270 2293 2301 2335 a
2343 2292 2506 2334 cruce
2546 2279 2852 2345 irradians,
2893 2277 2962 2334 ad
3001 2276 3295 2333 diluculum
3346 2279 3516 2345 usque

1939 2373 2137 2426 astanti
2167 2379 2222 2426 et
2255 2371 2432 2426 oranti
2457 2411 2471 2434 ,
2504 2363 2722 2441 Deoque
2751 2373 2954 2441 gratias
2977 2385 3078 2442 pro
3108 2378 3261 2426 tanto
3295 2381 3518 2426 munere

1938 2461 2116 2531 agenti
2155 2460 2333 2517 lumen
2367 2461 2630 2517 exhibuit.
3209 2457 3225 2468 "
3479 2471 3490 2503 κ

2010 2549 2075 2606 ν.
2110 2550 2356 2620 Cumque
2407 2553 2604 2606 iterum
2655 2553 2765 2609 Deo
2795 2555 2874 2626 (ιιι
2926 2551 3124 2624 patuit)
3165 2550 3246 2606 sic
3283 2543 3514 2631 volente”.

1939 2658 2130 2700 somno
2160 2644 2493 2708 indulsisset,
2540 2655 2748 2702 ornata:
2798 2645 3042 2700 mulieris
3090 2631 3298 2713 species
3349 2629 3492 2712 θρικῖ

1939 2738 2063 2797 ruit.
2095 2753 2214 2806 qua:
2243 2737 2479 2792 dirutum
2513 2738 2769 2808 templum
2805 2738 3093 2792 instaurari
3121 2736 3364 2806 jttbeltal,
3396 2752 3483 2786 ιιιιι

1941 2831 2088 2883 nium
2139 2828 2368 2885 Domino
2421 2832 2498 2883 sic
2541 2829 3152 2900 placereconiirmans.
3199 2827 3293 2881 illo
3340 2837 3515 2880 autem

1942 2923 2331 2993 interrogante,
2359 2938 2606 2991 quaenam
2646 2932 2794 2978 esset
2843 2938 2962 2992 qua:
2993 2923 3116 2976 talin
3146 2936 3243 2988 pro
3290 2920 3518 2986 imperio

1937 3013 2156 3082 juberet
2181 3031 2195 3067 :
2231 3013 2456 3069 Pbotina
2479 3029 2620 3082 sum,
2637 3013 2834 3083 inquit,
2859 3024 3061 3083 martyr
3076 3017 3131 3067 et
3151 3010 3343 3065 famula
3362 3002 3516 3083 Citri-

1947 3105 2039 3162 sti.
2073 3105 2223 3172 Quod
2276 3107 2378 3160 nisi
2400 3105 2571 3175 reipsa
2595 3107 2736 3176 quod
2765 3105 2882 3160 volo
2899 3104 3218 3173 expleveris,
3241 3093 3434 3172 pedem
3452 3117 3514 3155 et

1945 3198 2121 3253 insula
2143 3214 2249 3254 non
2272 3198 2485 3254 efferes.
2512 3198 2875 3271 Experrectus
2899 3196 2964 3251 ad
2985 3198 3097 3252 haec
3129 3205 3370 3262 sanctus,
3389 3208 3513 3262 pro-

1942 3300 2064 3360 pter
2115 3291 2334 3346 visionis
2366 3291 2703 3358 varietatem,
2758 3289 3010 3361 ambiguo
3059 3289 3243 3343 animo
3289 3297 3425 3352 erat,
3464 3297 3520 3340 ut

1949 3384 2110 3440 inane
2136 3385 2315 3453 potius
2361 3386 2685 3440 insomnium
2722 3383 2889 3440 fuisse
2928 3383 3192 3448 crederet,
3223 3397 3384 3451 quam
3431 3380 3518 3436 di-

1947 3480 2088 3534 vina:
2133 3477 2320 3549 gratia:
2370 3477 2807 3535 illustrationem.
2867 3477 3048 3544 Quare
3096 3492 3214 3546 quae
3267 3474 3522 3530 audierat

1947 3580 2330 3636 contemnens,
2382 3580 2615 3640 emptum
2683 3570 2786 3626 iter
2836 3571 3074 3631 tenebat,
3124 3583 3244 3622 cum
3301 3578 3523 3636 repente

1953 3663 2308 3732 interceptam
2344 3662 2446 3717 sibi
2469 3661 2747 3717 oculorum
2767 3661 2938 3717 aciem
2972 3660 3186 3726 sensit,:
3213 3669 3520 3727 eoquetan—

1949 3754 2069 3810 dem
2120 3753 2318 3810 indicio
2344 3753 2506 3809 divini
2545 3753 2788 3809 numinis
2831 3752 3122 3821 imperium
3154 3752 3205 3806 id
3235 3751 3399 3805 fuisse
3428 3765 3520 3803 co—

1947 3847 2130 3918 gnovit
2150 3865 2164 3901 :
2183 3849 2326 3920 quod
2359 3848 2447 3902 ubi
2466 3848 2618 3916 jussa
2641 3849 2865 3917 exsequi
2886 3844 3168 3901 constituit
3189 3845 3365 3899 visum
3396 3859 3519 3897 mox

1950 3939 2161 4008 recipit.
2190 3940 2298 3995 Sed
2329 3940 2584 4010 quoniam
2626 3955 2725 3994 nec
2755 3939 2861 4010 ligo
2890 3939 2941 3994 in
2972 3946 3221 4011 promptu
3248 3947 3388 3999 erat,
3420 3951 3520 3990 nec

1948 4030 2064 4100 pata
2087 4072 2104 4099 ,
2139 4045 2238 4087 nec
2264 4032 2477 4099 adiutor
2508 4032 2650 4087 ullus
2681 4032 2740 4103 (ο
2758 4032 2917 4098 mira,
2949 4028 3203 4097 Domine,
3226 4039 3283 4085 et
3317 4044 3517 4084 arcana

1947 4139 2115 4196 opera
2134 4124 2272 4196 tua!)
2291 4134 2453 4179 nocte
2470 4124 2736 4189 insecuta,
2755 4122 3004 4178 ﬁnitimis
3026 4122 3136 4178 ioci
3147 4122 3339 4196 incolis
3364 4121 3520 4190 ignea

1945 4217 2019 4274 ihi
2048 4218 2303 4273 columna
2333 4233 2427 4287 per
2451 4217 2704 4273 tenebras
2719 4215 2906 4272 lucens
2940 4215 3224 4294 apparuit:
3250 4214 3518 4285 prodigio-

1946 4325 2050 4379 que
2071 4309 2257 4376 exciti,
2274 4309 2451 4366 subito
2468 4318 2843 4374 accurrerunt,
2861 4308 2919 4365 et
2943 4324 3064 4364 cum
3088 4324 3154 4364 ex
3175 4306 3378 4363 Nicone
3397 4323 3518 4377 quae

1951 4401 2181 4467 viderat,
2219 4402 2551 4469 didicissent,
2574 4417 2728 4457 suam
2753 4401 2984 4473 quisque
3004 4387 3222 4473 operam
3247 4401 3520 4462 conferre,

257 4486 556 4542 confestim
600 4488 708 4543 iras
737 4497 996 4558 ponerent
1045 4490 1455 4561 animorumque
1494 4492 1723 4563 impetus
1757 4509 1842 4547 re-
1873 4535 1918 4592 Β
1943 4493 2079 4562 jussi
2117 4495 2388 4548 communi
2415 4508 2604 4550 omnes
2633 4508 2905 4575 consensu
2933 4493 3156 4564 imperio
3197 4502 3516 4562 paruerunt.

260 4590 549 4647 vocarent,
588 4589 645 4635 et
687 4596 846 4650 quem
882 4581 1025 4636 malo
1068 4597 1210 4637 nunc
1252 4580 1563 4650 adiecerant,
1593 4586 1841 4641 eumdem

262 4689 473 4744 magno
503 4688 602 4728 suo
641 4674 783 4729 bono
819 4682 1209 4728 venerarentur
1240 4689 1257 4729 :
1288 4675 1726 4746 propositamqne
1773 4678 1843 4735 ab

257 4785 327 4824 eo
357 4776 568 4823 rectam
603 4766 761 4821 iidem
807 4767 1211 4834 amplectentes,
1258 4770 1364 4823 odii
1403 4769 1621 4825 modum
1655 4753 1722 4826 ad
1751 4771 1842 4824 be-

259 4860 592 4916 nevolentiaa
617 4858 996 4929 profectusque
1027 4861 1107 4915 sui
1136 4861 1406 4917 cumulum
1440 4872 1838 4918 converterent.

259 4953 616 5009 Consuetudo
642 4955 787 5006 enim
817 4949 902 5024 [ιιι
922 4954 998 5007 ait
1019 4953 1126 5025 ille]
1148 4954 1214 5008 ad
1244 4955 1451 5024 majora
1473 4963 1527 5009 et
1551 4953 1845 5021 perfectio-

259 5065 322 5103 ra
356 5048 502 5101 viam
549 5047 736 5101 munit.
761 5045 947 5114 itaque
986 5047 1226 5117 sapiens,
1264 5047 1309 5104 si
1335 5047 1516 5102 minus
1551 5049 1840 5103 verborum

258 5143 444 5212 copia,
481 5155 545 5196 ac
573 5139 816 5194 veritatis
840 5139 1090 5195 facultate
1122 5139 1356 5209 piscator
1387 5149 1521 5206 crat,
1557 5139 1834 5197 hominum

1944 4587 2132 4655 itaque
2171 4587 2355 4643 sedula
2387 4589 2507 4659 ejus
2543 4569 2934 4653 sollicitudine,
2980 4586 3278 4658 vigilantia,
3320 4586 3518 4640 alaeri-

1939 4685 2070 4741 tate,
2106 4693 2241 4746 opus
2273 4688 2548 4741 exactum,
2591 4677 2961 4750 templumque
3014 4678 3270 4748 martyris
3316 4677 3520 4732 biennii

1939 4771 2114 4839 spatio
2165 4771 2462 4839 perfectum
2501 4778 2602 4826 est.
2634 4769 2691 4824 ln
2732 4785 2837 4840 qua
2870 4780 3058 4842 postea
3103 4784 3252 4824 arant
3304 4772 3516 4839 erigen-

1938 4861 2059 4916 dam
2093 4875 2158 4915 ac
2203 4861 2306 4915 rite
2339 4859 2762 4916 consecrandam
2817 4859 3066 4927 curavit,
3094 4859 3518 4926 sacerdotesque

1940 4955 2078 5010 inea
2108 4954 2340 5020 institui,
2385 4952 2655 5023 simulque
2698 4953 2878 5008 omnia
2921 4952 3088 5023 juxta.
3121 4950 3520 5008 ecclesiasticos

1946 5047 2085 5100 ritus
2125 5045 2304 5113 peragi
2330 5042 2674 5112 praescripsit.
2715 5041 3087 5110 Omnibusque
3118 5049 3242 5106 post
3285 5039 3397 5091 lucc
3425 5053 3520 5088 va-

1938 5133 2052 5190 lere
2069 5135 2236 5203 jussis
2259 5172 2276 5198 ,
2307 5133 2572 5202 navigium
2613 5131 2945 5194 conscendit,
2981 5144 3046 5185 ac
3080 5128 3318 5184 secundo
3348 5143 3516 5182 cursu

259 5237 482 5290 animas
508 5233 688 5288 venari
711 5233 913 5300 sciens,
937 5247 1141 5303 easque
1169 5234 1236 5288 ad
1267 5234 1720 5290 immortalitatem
1755 5235 1838 5290 di-
1933 5241 2222 5301 provectus
2265 5229 2630 5300 Epidaurum,
2655 5227 2820 5307 .quod
2879 5223 3154 5279 Damalam
3201 5223 3386 5277 incola:
3425 5237 3518 5276 co-

256 5328 409 5382 vinis
435 5322 690 5394 eloquiis,
729 5333 781 5377 et
814 5339 916 5377 non
964 5321 1212 5378 humanm
1237 5323 1546 5392 sapientiae,
1591 5325 1686 5381 sed
1714 5325 1838 5397 Spi-

259 5418 409 5472 ritus
433 5412 605 5470 sancti
635 5413 874 5467 doctrina
914 5413 1218 5467 traducere.
1265 5411 1340 5467 Ex
1372 5413 1465 5468 illo
1506 5413 1670 5485 igitur
1705 5425 1844 5470 tem-

259 5523 403 5577 pore
447 5503 732 5561 Cretenses
776 5501 1034 5558 Niconem
1082 5511 1338 5574 tanquam
1388 5520 1416 5558 a
1458 5505 1565 5560 Deo
1615 5508 1838 5562 missum

260 5599 576 5668 apostolum
616 5597 942 5655 habuerunt,
995 5608 1268 5667 tutamque
1297 5597 1524 5654 insulam
1548 5599 1664 5669 ejus
1698 5597 1840 5654 fama

261 5691 634 5764 complerunt.
666 5689 1021 5747 Conﬂuebant
1067 5692 1129 5745 ad
1162 5706 1284 5747 eum
1327 5690 1586 5758 universi,
1619 5702 1669 5747 et
1703 5693 1844 5749 sicut

1937 5319 2278 5389 gnuminant,
2337 5317 2425 5371 die
2457 5318 2648 5387 quinto
2692 5316 2963 5387 pervenit.
3011 5314 3144 5370 Dein
3204 5315 3514 5367 universam

1933 5418 2198 5475 Graeciam
2248 5415 2620 5485 paenitentiam
2663 5412 3004 5485 praedicando
3033 5410 3359 5483 peragravit,
3391 5409 3514 5478 pln-

1936 5525 2104 5581 raque
2133 5509 2391 5566 miracula
2442 5517 2699 5579 operatus
2742 5518 2903 5577 atque
2968 5507 3164 5563 uberes
3208 5504 3416 5561 fructus
3444 5519 3515 5560 es

1939 5619 2037 5661 sua
2070 5603 2447 5672 praedicatione
2479 5600 2712 5672 collegit.

2027 5692 2110 5748 \‘l.
2175 5684 2402 5748 Basilius
2461 5697 2815 5762 cognomento
2881 5689 3219 5759 Apocaucus,
3267 5685 3514 5757 praetoris

345 5807 427 5877 (i)
494 5803 624 5862 Inde
668 5803 1396 5886 Msravosiss_appcllatttm
1465 5806 1632 5864 tradit
1695 5806 1979 5863 Baronius.
