4070 6328
532 343 643 413 9ῗ9

1826 351 1883 414 s.
1924 344 2245 435 NICONIS.
2273 342 2570 415 ARMENI

3697 360 3795 424 980

528 472 764 516 munere
793 467 1007 528 auctus,
1026 460 1274 519 Corinthi
1292 453 1640 525 versabatur,
1660 448 2029 533 isthmnmque
2046 460 2109 519 ιιι
2134 468 2183 526 Α
2212 465 2524 519 damnarent
2561 472 2721 533 alque
2754 464 2933 520 munia
2988 480 3106 535 quae
3134 465 3659 541 iusserat,l'aeturos
3680 486 3798 540 pro.

530 552 639 607 lum
665 553 917 621 praesidio
934 564 1121 609 contra
1146 554 1460 627 Bulga‘ricos
1482 558 1727 611 incursus
1743 555 2107 628 tuebatur(2).

532 644 782 701 Graviter
832 654 1008 701 autem
1041 646 1188 702 ilium
1217 648 1449 720 angebat
1480 664 1584 703 non
1633 649 1802 703 solum
1857 634 2112 705 molestus

534 747 601 791 ac
628 733 857 791 diﬁcilis
883 737 1108 792 morbus
1135 751 1242 807 quo
1272 738 1576 805 tenebatur,
1602 739 1696 794 sed
1742 738 1908 793 multo
1940 738 2111 810 magis

529 828 719 899 vigens
754 838 925 883 metus
956 840 1007 883 et
1040 845 1208 897 pavor
1239 828 1536 902 Bulgarica
1579 833 1925 897 incursionis,
1958 828 2111 894 'l‘ama

528 917 818 988 gliscente,
863 931 1077 991 gentem
1136 922 1281 976 illam
1324 931 1431 977 tota
1479 921 1643 994 Epiro
1686 934 2023 995 grassatum.
2060 924 2112 979 in

530 1005 807 1064 Helladam
836 1020 998 1081 atque
1029 1012 1082 1064 in
1112 1009 1542 1083 Peloponnesum
1564 1016 1748 1084 copias
1772 1025 2111 1073 convertere.

529 1100 766 1156 Proinde
812 1104 991 1157 missis
1045 1102 1293 1172 Spartam
1326 1107 1530 1162 nuntiis
1576 1107 1896 1177 Apocaucns
1956 1106 2113 1164 Nico-

531 1209 652 1248 nem
705 1182 978 1249 avet-arat.
1026 1196 1312 1251 Enimvero
1352 1200 1753 1267 compleverant
1795 1198 1911 1269 ejus
1958 1215 2117 1256 aures

530 1303 653 1357 qua:
685 1288 751 1343 de
779 1287 872 1341 illo
911 1289 1107 1357 passim
1156 1289 1536 1351 narrabantur,
1584 1289 1852 1355 prwcipue
1897 1305 2015 1358 quae
2051 1291 2117 1343 de

531 1394 742 1440 summa
771 1379 914 1433 illius
946 1381 997 1432 in
1030 1377 1193 1432 Deum
1223 1379 1416 1433 liducia
1447 1391 1500 1433 et
1533 1380 1782 1433 libertate
1810 1392 2112 1450 acceperat.

530 1469 609 1526 Es
646 1484 754 1540 quo
779 1482 959 1525 autem
1008 1472 1219 1526 virtutis
1244 1472 1362 1541 ejus
1400 1470 1669 1527 illecebris
1701 1472 1821 1540 capi
1852 1484 2114 1543 cmperat,

516 1556 747 1615 beatum
825 1564 946 1632 ejus
998 1562 1201 1616 vultum
1260 1578 1507 1630 cernere,
1546 1578 1846 1634 vocemque
1894 1564 2114 1630 audire,

532 1654 672 1709 votis
696 1654 950 1709 omnibus
984 1656 1269 1726 gestiebat.
1322 1656 1551 1726 Semper
1588 1656 1732 1711 enim
1762 1658 1903 1727 apud
1930 1673 2119 1712 omnes

532 1755 722 1816 gentes
775 1746 829 1800 in
882 1747 1059 1816 pretio
1102 1734 1156 1802 et
1209 1749 1561 1803 veneratione
1612 1746 1714 1803 fuit
1765 1764 1889 1804 vcra
1940 1749 2116 1819 philo-

531 1837 741 1905 sophia.
804 1835 1030 1893 Divinu‘s
1088 1839 1302 1907 quidem
1347 1839 1438 1907 vir
1495 1840 1763 1895 charitate
1824 1850 2111 1908 praestans,

531 1924 804 1999 Apocauci
865 1929 1179 1999 petitionem
1242 1942 1509 1998 propenso
1585 1931 1765 1985 animo
1820 1933 2111 2001 accipiens,

531 2016 807 2087 antiquius
835 2017 988 2071 nihil
1030 2019 1215 2072 habuit
1259 2033 1419 2087 quam
1475 2027 1535 2074 ut
1575 2018 1894 2075 Corinthum
1946 2022 2116 2077 celer-

534 2110 674 2166 rime
705 2111 1079 2167 contenderet.
1111 2110 1229 2177 Quo
1258 2111 1551 2182 appelletis,
1577 2126 1683 2167 non
1715 2112 1888 2168 solum
1926 2113 2120 2168 morbo

534 2215 737 2274 tegrum
765 2217 861 2258 sua
903 2203 1190 2273 praesentia
1234 2203 1502 2272 liberavit,
1536 2205 1629 2259 sed
1669 2212 1816 2258 metu
1857 2205 2024 2259 etiam
2066 2213 2120 2259 et

538 2298 753 2349 terrore
782 2283 1160 2364 Bulgarorum,
1188 2292 1308 2347 illos
1338 2293 1446 2347 alio
1475 2307 1692 2347 cursum
1722 2307 1879 2346 suum
1904 2287 2119 2347 ﬂexisse

535 2383 869 2454 signiﬁcans.
921 2385 999 2439 lta
1046 2386 1196 2454 omni
1251 2399 1317 2439 es
1372 2394 1526 2453 parte
1573 2382 1712 2437 iacta
1762 2390 1847 2437 est
1882 2382 2118 2452 jucunda

540 2462 743 2532 Basilio
786 2473 1008 2532 Niconis
1035 2479 1232 2533 oratio.
1259 2475 1395 2530 Cum
1434 2490 1564 2544 ergo
1590 2474 1704 2527 dies
1746 2484 1953 2541 septem
2011 2472 2122 2527 illic

540 2567 839 2632 posuisset,
916 2568 1293 2635 malorumque
1331 2563 1762 2634 impendentium
1824 2562 1966 2616 illius
2028 2576 2124 2629 per

539 2673 667 2713 eum
702 2658 945 2715 discussa
979 2668 1035 2714 et
1062 2658 1275 2714 sublata
1307 2655 1540 2713 formido
1568 2665 1749 2721 esset,
1783 2654 2001 2709 domum
2038 2669 2124 2710 ret

539 2750 729 2806 vertit.
1296 2784 1317 2791 η
1800 2796 1803 2797 ν

609 2841 725 2902 Yll.
782 2845 938 2898 Anno
992 2843 1402 2912 nongentesimo
1438 2840 1799 2909 octogesimo
1855 2840 2122 2904 secundo.

539 2940 741 3007 praeter
772 2935 907 2992 bella
938 2936 1204 2992 civiliact
1230 2945 1453 2990 externa
1499 2933 1713 3003 aliaque
1762 2932 1903 2988 mala
1929 2933 2126 3003 quibus

542 3018 738 3085 Oriens
764 3028 1142 3092 aiﬂictahatur,
1192 3034 1344 3097 peste
1381 3028 1543 3081 etiam
1575 3025 1870 3090 laboravit,
1900 3039 2023 3079 cum
2057 3024 2123 3078 ad

543 3136 663 3178 eam
693 3122 984 3176 curandam
1034 3120 1451 3185 Lacedaemonii,
1484 3118 1730 3176 destituti
1748 3118 1993 3191 {humano
2033 3132 2128 3172 au-

549 3216 697 3283 xilio,
726 3216 794 3271 add
820 3228 976 3285 opem
1008 3214 1243 3275 divinam
1280 3212 1672 3283 implorandam
1711 3220 2022 3279 assurgunt,
2058 3210 2137 3265 lc-

547 3300 931 3378 gationemque
987 3307 1286 3362 decernunt
1351 3307 1418 3361 ad
1472 3302 1745 3367 ﬂieonem
1777 3304 1954 3357 virum
2005 3316 2134 3362 san,-

552 3388 858 3456 ctissimum
883 3398 984 3468 (5),
1008 3399 1074 3452 de
1105 3412 1206 3467 qua
1236 3397 1289 3451 in
1316 3397 1479 3453 rebus
1504 3395 1574 3451 ab
1604 3395 1721 3465 ipso
1758 3392 2021 3463 praeclare
2048 3405 2138 3461 ge-

548 3490 650 3548 stis
679 3492 781 3547 ista
812 3498 1123 3545 narrantur.
1182 3487 1499 3543 Transactis
1534 3487 1587 3541 in
1625 3501 1688 3539 ea
1736 3484 1993 3555 spelunca
2021 3485 2135 3537 die-

548 3584 651 3648 htts
682 3592 826 3646 octo,
859 3597 886 3635 a
919 3580 1107 3634 morbo
1151 3586 1466 3643 recreatus,
1512 3576 1765 3645 Spartam
1810 3576 1998 3630 venire
2043 3574 2139 3626 ηιμ

554 3672 1026 3742 nuentt,,Amyclas
1069 3670 1369 3726 contendit.
1413 3668 1571 3737 Quod
1616 3677 1675 3723 ut
1714 3682 1935 3723 sensere
1972 3666 2140 3720 Lace-

553 3764 824 3829 daunonii,
854 3762 1048 3819 festiue
1100 3761 1167 3815 ad
1200 3760 1348 3836 illum
1390 3758 1634 3830 primarii
1679 3759 1848 3821 cives,
1888 3768 1943 3813 et
1990 3757 2079 3809 alii
2108 3770 2140 3811 θ

554 3857 710 3928 plebe
738 3855 984 3912 certatim
1020 3852 1377 3914 convolarunt
1404 3850 1565 3907 enixe
1604 3858 1849 3913 orantes,
1884 3856 1941 3900 ut
1971 3846 2137 3914 Spur-
2220 3858 2223 3863 ·

554 3963 666 4008 tam
698 3964 872 4019 usque
903 3948 1088 4002 venire
1131 3945 1304 4001 velit:
1343 3944 1615 4000 invaserat
1665 3942 1811 3996 enim
1859 3940 2137 3995 civitatem

557 4040 812 4110 pestifera
866 4039 1021 4103 lues,
1085 4035 1453 4107 etuplurimos
1507 4032 1714 4089 incolas
1770 4031 2136 4103 absumebat;

558 4143 846 4208 propterea
878 4131 1061 4210 venire
1093 4129 1244 4185 illum
1286 4126 1578 4198 cupiebant
1598 4162 1616 4191 ,
1665 4125 1813 4194 quod
1838 4137 1899 4178 se
1926 4122 2141 4179 .divinis

557 4230 677 4301 ejus
700 4226 951 4297 precibus
1001 4220 1312 4279 liberandos
1339 4219 1713 4285 conﬁderent;
1769 4217 1861 4272 ille
1905 4230 2057 4279 vero,
2089 4224 2143 4268 et

560 4331 756 4389 canora
795 4317 1108 4372 misericors
1131 4352 1149 4379 ,
1191 4322 1248 4368 et
1277 4312 1331 4365 in
1364 4324 1432 4366 eo
1461 4310 1698 4365 maxime
1721 4347 1736 4376 ,
1770 4309 1861 4378 qui
1893 4306 2015 4378 ejus
2043 4321 2143 4372 po-

562 4416 739 4487 pulus,
764 4420 818 4468 et
843 4424 961 4466 sors
990 4407 1158 4483 futuri
1186 4414 1388 4468 essent,
1425 4414 1683 4472 tanquam
1724 4399 1908 4454 futura
1936 4411 2143 4468 praesa-

2215 553 2515 620 mitterent,
2574 553 2705 608 nihil
2783 555 3015 623 amplius
3088 564 3378 612 cunctatus
3432 572 3557 613 cum
3618 549 3796 626 legatis

2217 644 2324 709 illis
2353 644 2627 715 profectus
2652 655 2760 713 est,
2800 660 2909 702 non
2941 648 3266 715 cantherio,
3320 657 3416 702 aut
3470 648 3664 703 lectica
3712 669 3799 704 re-

2215 746 2354 793 ctus.
2393 752 2493 793 nec
2530 738 2699 792 multo
2718 735 2979 794 comitatu
3032 738 3282 808 stipatus,
3337 741 3431 795 sed
3485 742 3606 795 solo
3636 744 3801 795 virtu-

2217 840 2329 884 tum
2362 831 2532 886 cboro
2578 831 2992 901 circumseptus.
3031 828 3113 887 Ad
3150 832 3266 903 ejus
3305 820 3464 902 porro
3512 834 3797 889 adventum

2216 925 2332 980 lues
2360 925 2610 991 cessavit,
2639 931 2701 1001 et
2739 921 2910 980 Judaei
2956 924 3089 981 urbe
3135 925 3274 995 pulsi
3326 936 3475 981 sunt.
3509 924 3624 980 Nec
3677 936 3800 981 vero

2218 1015 2600 1071 Lacedaemone
2634 1013 2863 1085 amplius
2894 1016 3284 1082 excedendum,
3329 1016 3422 1071 sed
3456 1017 3508 1070 in
3559 1031 3621 1070 ea
3678 1032 3801 1086 pera

2217 1118 2383 1179 petno
2430 1106 2755 1161 manendum
2786 1107 3091 1170 constituit,
3162 1108 3234 1161 ita
3273 1115 3329 1161 ut
3362 1122 3465 1160 non
3523 1106 3681 1161 facile
3715 1122 3802 1177 pe-

2218 1202 2341 1255 dem
2377 1199 2484 1254 alio
2513 1199 2751 1262 eii‘erret,
2791 1199 2891 1253 nisi
2926 1215 3048 1255 cum
3083 1194 3385 1253 necessaria
3420 1214 3507 1253 res
3538 1201 3801 1269 quaepiam

2217 1290 2398 1356 aliquo
2433 1299 2671 1348 vocaret,
2714 1300 2764 1341 et
2798 1294 2926 1341 tunc
2960 1302 3176 1356 quoque
3207 1280 3434 1355 gradum
3471 1288 3633 1342 citius
3668 1287 3801 1341 refe-

2222 1382 2398 1432 rebat.
2437 1377 2659 1432 Videres
2704 1380 2873 1445 igitur
2920 1390 3269 1431 accurteutes
3321 1380 3565 1446 quotidie
3590 1394 3658 1431 ex
3689 1379 3803 1431 uni.

2220 1483 2374 1524 versa
2402 1467 2780 1539 Peloponneso
2801 1483 3065 1539 aegrorum
3088 1470 3263 1522 ontuis
3289 1471 3501 1537 generis
3524 1481 3765 1524 catervas
3784 1512 3798 1534 ,

2220 1561 2417 1631 quibus
2447 1561 2538 1617 ille
2576 1577 2679 1616 non
2711 1561 2887 1615 minus
2911 1560 3107 1616 anima:
3131 1575 3293 1631 quam
3340 1561 3589 1628 corporis
3627 1576 3803 1615 curam

2228 1654 2572 1724 impendebat
2604 1668 2617 1706 :
2652 1652 2868 1708 mellitis
2912 1654 3059 1708 enim
3099 1652 3569 1708 adhortationibus
3611 1654 3678 1707 ad
3706 1656 3807 1722 pie-

2224 1747 2349 1801 tatis
2371 1746 2545 1802 zelum
2571 1762 2663 1801 eas
2694 1746 3046 1809 accendebat,
3082 1744 3148 1799 ad
3177 1745 3409 1800 salutem
3437 1746 3635 1815 cuique
3659 1759 3803 1799 suam

2219 1838 2548 1907 poenitentiae
2580 1853 2681 1906 ope
2729 1835 3070 1905 disponebat.
3104 1835 3401 1890 Fortunata
3449 1851 3581 1890 vero
3628 1834 3801 1889 Lace-

2216 1927 2596 1995 dmmon,quc
2630 1925 2789 1979 talem
2833 1925 3099 1980 medicum
3153 1924 3436 1994 civemque
3488 1924 3680 1978 sortita
3726 1939 3805 1980 es.

2218 2019 2371 2088 cujus
2395 2017 2589 2072 divinis
2619 2017 2898 2086 praeceptis
2919 2030 2985 2070 ac
3017 2014 3324 2085 disciplinis
3342 2015 3410 2071 ad
3436 2031 3661 2071 omnem
3684 2017 3785 2069 vir-

2220 2110 2352 2166 tutis
2381 2108 2611 2165 iormam
2640 2108 2813 2164 multo
2843 2109 3042 2162 certius
3090 2109 3404 2177 rectiusque
3433 2123 3597 2175 quam
3636 2108 3806 2161 inani-

2219 2205 2321 2260 bus
2367 2203 2495 2258 olim
2528 2201 2759 2273 Lycurgi
2802 2200 3007 2271 legibus
3052 2198 3417 2271 eﬂingebarei
3450 2198 3682 2270 Subjieit
3713 2200 3797 2254 bis

2221 2296 2289 2351 de
2332 2305 2605 2351 structura
2641 2292 2849 2364 templi,
2882 2301 2997 2347 tum
3054 2292 3170 2360 ejus
3220 2292 3439 2347 hortatu
3466 2293 3753 2347 elaborare
3791 2308 3808 2344 :

2222 2389 2307 2441 cui
2361 2386 2681 2441 adversatus
2725 2395 2811 2441 est
2872 2382 3112 2440 Joannes
3173 2386 3396 2455 quidam
3450 2394 3809 2454 cognomento

2221 2478 2441 2542 Aratus,
2469 2476 2782 2531 Iudaeorum
2801 2485 3088 2545 patronus.
3109 2475 3245 2543 Qua:
3271 2478 3347 2532 sit
3372 2492 3600 2548 passus,
3625 2476 3699 2531 ab
3726 2490 3812 2529 eo-

2221 2570 2345 2625 dem
2380 2578 2600 2625 auctore
2624 2568 2705 2624 sic
2736 2568 2944 2636 accipe.
3240 2580 3243 2583 '

2295 2660 2433 2719 Vili.
2466 2661 2564 2718 Hic
2595 2659 2816 2731 (inquit)
2845 2659 3207 2715 solisinvidize
3224 2660 3458 2717 stimulis
3484 2662 3808 2724 concitatus,

2223 2768 2315 2813 aut
2345 2755 2607 2812 daemonis
2630 2752 2817 2822 potius
2864 2751 3072 2806 scelere
3103 2750 3403 2819 impulsus,
3458 2754 3535 2806 ira
3587 2763 3645 2806 et
3689 2752 3811 2807 odio

2225 2850 2485 2905 adversus
2529 2844 2787 2899 Niconetn
2836 2840 3185 2905 insaniebat,
3216 2841 3385 2897 divini
3428 2826 3611 2911 operis
3648 2858 3811 2911 argu-

2223 2949 2467 3004 mentum
2517 2939 2585 2991 nd
2633 2936 2885 3004 probrum
2938 2939 2996 2987 et
3040 2930 3297 2998 iniuriam
3350 2949 3507 2989 suam
3546 2935 3808 3003 rapiens:

2227 3036 2519 3107 proclivior
2547 3036 2812 3103 siquidem
2846 3045 2928 3092 est
2972 3039 3205 3103 malitia,
3252 3045 3310 3091 ut
3337 3037 3404 3114 ad
3439 3034 3626 3105 pejora
3678 3029 3815 3084 fera.

2158 3150 2205 3215 ρ
2237 3136 2323 3181 ιιιι·
2370 3138 2532 3197 quam
2585 3131 2648 3181 ut
2693 3126 3008 3182 melioribus
3056 3127 3340 3182 inhaereat.
3388 3123 3509 3180 Non
3562 3122 3814 3215 cessabat

2230 3220 2484 3288 egregius
2518 3216 2607 3272 ille
2634 3222 2823 3274 sancto
2872 3218 2928 3274 in
2960 3233 3024 3275 os
3050 3219 3267 3287 obloqui
3288 3259 3303 3285 ,
3341 3226 3630 3287 coeptoque
3670 3213 3811 3283 aperi

2236 3324 2305 3365 ne
2371 3307 2728 3378 colophonem
2798 3308 3040 3372 adderet,
3092 3311 3240 3366 omni
3302 3322 3408 3378 ape
3461 3306 3802 3376 prohibebat.

2237 3402 2469 3459 Prorsus
2497 3398 2644 3456 enim
2680 3414 2803 3453 cum
2845 3402 3070 3471 reliquis
3098 3400 3403 3457 Laconibus
3433 3399 3503 3453 ibi
3539 3413 3648 3452 non
3681 3411 3806 3450 con-

2238 3492 2490 3549 veniebat
2521 3510 2539 3546 :
2572 3489 2715 3544 unde
2740 3499 2795 3544 et
2827 3489 3138 3546 Judaeorum
3174 3491 3355 3560 fugam
3388 3488 3586 3556 injuria
3632 3500 3688 3543 et
3720 3489 3815 3540 im-

2239 3587 2433 3640 merito
2488 3583 2683 3639 factam
2756 3582 3062 3638 amr-nabat
3094 3598 3110 3638 :
3146 3597 3373 3652 eamque
3428 3596 3551 3636 cum
3612 3580 3817 3634 civibus

2240 3677 2370 3730 vitio
2416 3686 2652 3741 vertere,
2701 3686 2867 3747 atque
2897 3676 3016 3730 illos
3061 3675 3167 3731 hoc
3198 3667 3420 3729 nomine
3458 3672 3718 3740 sugillare
3766 3678 3818 3725 et

2242 3766 2526 3821 traducere
2547 3780 2655 3822 non
2688 3768 2999 3821 verebatur.

2310 3861 2403 3917 iX.
2432 3862 2677 3931 Cumque
2706 3861 2904 3931 opiﬁcii
2936 3861 3213 3930 cujusdam
3243 3858 3488 3924 obtentu,
3517 3870 3630 3925 quo
3658 3847 3812 3923 poliri

2239 3965 2291 4011 et
2319 3954 2576 4009 illustrari
2595 3953 2797 4010 textilia
2820 3953 3016 4013 scient,
3042 3932 3353 4006 Judaiorum
3376 3962 3540 4003 unum
3558 3947 3612 3999 in
3636 3944 3819 3999 urbem

2243 4044 2633 4100 introduxisset
2663 4060 2677 4098 :
2711 4042 3026 4099 intercessit
3058 4039 3206 4097 illico
3242 4039 3438 4103 Nicon,
3488 4037 3822 4103 bellatorque

2239 4142 2392 4210 juxta
2436 4138 2754 4207 prophetam
2788 4134 3022 4201 factus‘,
3062 4146 3321 4190 consueta
3354 4130 3579 4185 lenitate
3627 4126 3822 4199 pauln~

2246 4233 2354 4284 lum
2398 4227 2734 4290 intermissa;
2784 4226 3055 4282 leoninum
3095 4224 3338 4278 animum
3388 4221 3585 4283 induit,
3611 4230 3663 4275 et
3691 4217 3823 4272 fuste

2235 4322 2337 4393 qui
2381 4328 2600 4389 prepter
2643 4317 2879 4389 iacebat,
2932 4325 3171 4385 arrepto,
3199 4312 3445 4367 Judaeum
3479 4309 3625 4367 male
3665 4319 3817 4362 acce-

2250 4426 2398 4484 ptum
2469 4411 2614 4467 foras
2676 4410 2951 4475 extrtrsit,
3022 4405 3525 4472 formidabilinrque
3563 4398 3820 4458 hostibus.

561 4508 739 4580 giens,
770 4518 941 4576 eoque
962 4503 1018 4559 in
1076 4501 1196 4556 illos
1228 4498 1566 4568 propensior.
1597 4504 1651 4549 cl
1683 4493 2008 4565 legalitmem
2047 4492 2141 4551 ιιε-
2172 4503 2218 4560 D
2247 4521 2407 4575 quam
2428 4502 2685 4559 Hercules
2698 4500 2787 4557 ille
2801 4515 2897 4555 sua
2912 4499 3064 4554 clara
3083 4496 3234 4552 visus
3248 4491 3819 4551 estJudaeorumenim

564 4603 727 4673 nigne
764 4597 979 4667 excepit
1038 4593 1343 4667 annuitque
1415 4590 1697 4659 petitioni,
1744 4598 1798 4644 et
1842 4586 2147 4658 ingruentis

566 4694 696 4751 mali
725 4688 1123 4762 propulsionem
1171 4685 1484 4756 spopondit,
1525 4683 1773 4739 simodo
1815 4677 2146 4750 ipsiVJudaie

568 4807 687 4851 cam
714 4797 928 4861 gentem
959 4801 1037 4841 ext
1059 4784 1193 4838 urbe
1222 4796 1317 4836 sua
1350 4778 1609 4850 pellerent
1636 4819 1651 4841 ,
1692 4793 1760 4834 ne
1799 4775 2151 4833 exsecrandis

572 4895 759 4936 eorum
810 4877 895 4945 (ut
937 4873 1139 4941 aiebat)
1202 4870 1442 4925 moribus
1491 4869 1829 4940 piaculisque
1868 4866 2155 4936 religionis

572 4970 914 5033 suai'diutins
939 4983 1057 5027 eam
1102 4964 1557 5020 contaminarent.
1593 4961 1649 5015 lu
1681 4960 1768 5017 bis
1790 4994 1813 5026 ,η
1851 4959 1969 5023 ait,
1995 4957 2040 5013 si
2068 4972 2156 5013 me

575 5064 888 5129 audieritis,
923 5071 978 5120 et
1021 5060 1190 5132 pestis
1218 5074 1248 5110 a
1294 5056 1447 5110 vobis
1493 5056 1745 5119 recedet,
1773 5063 1829 5115 et
1877 5066 1977 5122 ego
2009 5050 2155 5121 quod

579 5166 830 5228 superest
859 5155 1005 5219 vitm,
1038 5155 1227 5205 duca’m
1264 5149 1561 5203 vobiscum.
1593 5145 1803 5215 Quibus
1831 5143 2015 5199 verbis
2044 5144 2156 5196 mo“-

582 5254 692 5307 nita
727 5250 831 5304 alia
863 5247 1142 5317 adjicieus,
1169 5256 1361 5297 sacras
1389 5242 1551 5293 etiam
1575 5236 1823 5293 Jeretniae
1846 5249 2003 5290 voces
2028 5233 2159 5288 sub-

584 5344 708 5400 inde
758 5340 1078 5411 aspergebat
1118 5355 1131 5389 :
1174 5336 1284 5389 Via:
1329 5331 1728 5395 tuae=fecerurit
1778 5330 1901 5385 haec
1936 5329 2053 5395 tibi,
2084 5337 2154 5389 let

584 5437 901 5507 iniquitates
937 5443 1039 5487 tuae
1069 5431 1463 5503 praevaluerunt
1493 5434 1552 5481 et
1579 5425 1717 5480 duro
1746 5423 1871 5478 ludo
1903 5435 2155 5493 percussa

587 5545 670 5591 es.
693 5528 939 5599 Cumque
960 5526 1034 5581 illi
1060 5526 1175 5593 ejus
1199 5523 1444 5579 oratione
1469 5518 1722 5575 commuti
1756 5517 1977 5587 .seipsos
2022 5529 2157 5579 cou-

667 5653 685 5684 '
719 5650 799 5707 [sa
852 5665 935 5713 ιιι.
975 5650 1031 5705 2.
1106 5648 1127 5679 ¹
1186 5643 1326 5700 Psal.
1371 5658 1635 5725 csxmtt,
1696 5638 1887 5694 εμπ.»
1932 5652 1936 5656 ‘
2011 5628 2021 5651 ⁵

667 5810 742 5891 (2)
784 5809 919 5867 Vide
940 5809 1226 5865 Barouiutu
1253 5810 1317 5862 ad
1355 5824 1440 5861 an.
1470 5809 1591 5864 981.

2246 4607 2464 4667 gentem
2496 4608 2668 4664 usque
2698 4593 2833 4647 adeo
2860 4591 3241 4654 aversabatur,
3268 4596 3348 4639 ιιι·
3369 4599 3470 4640 nee
3494 4584 3694 4652 lingua,
3728 4589 3824 4631 nec

2247 4690 2471 4749 auribus
2498 4683 3029 4755 usurpare-illorum
3059 4688 3256 4737 nomen
3298 4676 3483 4739 vellet,
3545 4683 3604 4728 ut
3627 4670 3747 4741 iure
3774 4668 3823 4721 in

2254 4782 2407 4837 illum
2434 4779 2653 4836 Davidis
2668 4777 2831 4833 verba
2850 4774 3239 4831 convenirent:
3256 4769 3366 4837 Qui
3382 4768 3601 4823 oderunt
3620 4760 3824 4830 (0,100-

2253 4871 2417 4933 mine,
2448 4870 2684 4935 oderam,
2718 4866 2959 4934 eti-super
2997 4865 3237 4919 inimicos
3266 4872 3412 4914 ‘tuos
3454 4855 3825 4912 tabescebat:

2251 4964 2479 5032 perfecto
2506 4960 2625 5015 odio
2658 4960 2870 5013 oderam
2902 4958 3047 5025 illos,
3080 4953 3356 5011 et-iut’mici
3377 4952 3510 5021 facti
3538 4959 3659 5004 sunt
3680 4946 3824 5006 mihi,

2252 5065 2526 5125 propterea
2563 5052 2777 5108 nomina
2820 5065 3011 5105 eorum!
3044 5048 3203 5103 labiis
3233 5048 3259 5077 ⁵
3288 5047 3416 5100 meis
3469 5060 3574 5099 non
3603 5055 3825 5097 contm-

2253 5146 2489 5201 morub‘o.
2536 5162 2540 5167 ’
2592 5156 2597 5159 '
2746 5158 2785 5179 υ
2888 5166 2898 5175 -
3036 5176 3039 5181 ›
3146 5158 3188 5171 ’³
3328 5175 3331 5179 ‹
3498 5160 3501 5167 ·
3666 5149 3673 5157 ”

2281 5276 2284 5281 ρ
2325 5236 2552 5293 ΧΑΙωα
2591 5250 2720 5290 vero
2748 5250 2895 5289 eumr-
2920 5234 3161 5287 audisset
3196 5247 3227 5284 a
3278 5228 3461 5283 fumre
3502 5240 3695 5281 nomen
3722 5233 3826 5273 Ira-

2256 5328 3013 5394 ltensAratus,’rubietutnens
3032 5326 3341 5395 (utsemper
3373 5320 3545 5373 litium
3579 5320 3827 5371 amsuset

2259 5422 2730 5489 impudensatque
2760 5412 2825 5471 ad
2853 5412 3110 5473 immania
3134 5428 3374 5485 prmeeps
3390 5422 3477 5468 est
3498 5405 3826 5478 improbitas)

2268 5516 2320 5569 in
2369 5521 2616 5569 sanctum
2650 5511 2915 5568 anhelans
2950 5510 3170 5564 lrrnere
3199 5506 3397 5573 ccepit,‘
3417 5494 3671 5560 conviciis
3696 5514 3824 5552 orie-

2340 5799 2415 5868 (3)
2454 5796 2584 5852 Vide
2608 5744 3015 5849 Baronium-ant
3048 5786 3173 5846 983.
