4070 6328
249 302 357 374 981

252 512 400 578 pilus
455 517 636 572 erant,
684 517 745 561 'et
802 522 899 577 pro
939 508 1101 562 larva:
1153 504 1422 561 terriculis
1473 502 1827 557 habebantur.

251 601 364 668 Qui
394 602 497 657 icui
536 603 600 656 ad
630 616 754 654 eum
787 617 920 655 voce
951 619 964 653 :
997 614 1096 653 nec
1135 598 1279 651 enim
1318 595 1646 652 contendere
1678 607 1835 662 pror-

257 713 377 762 sus,
409 711 510 751 nec
539 694 788 749 altercari
814 703 970 748 norat
1003 711 1016 747 :
1048 693 1168 754 Abi,
1199 692 1394 760 inquit,
1427 696 1482 743 et
1507 688 1574 741 ad
1604 696 1658 742 te
1697 686 1832 751 redi,

265 790 476 844 infelix.
511 787 654 843 Delie
681 786 885 842 scelera
914 796 1005 841 tua
1045 801 1057 837 :
1096 785 1242 840 brevi
1272 784 1419 839 enim
1456 783 1681 846 senties,
1714 781 1837 850 quis

265 879 596 952 arrogantia:
621 879 846 941 fructus,
881 888 934 931 et
959 875 1136 946 qualia
1171 875 1427 944 nequitia:
1452 875 1560 929 sint
1595 872 1834 942 prtemia.

261 973 362 1027 liis
383 971 542 1027 dictis
564 981 618 1025 et
648 979 902 1037 tanquam
937 970 988 1022 in
1014 968 1208 1023 mortui
1241 968 1405 1039 (quod
1444 966 1622 1035 aiunt)
1679 980 1840 1019 aures

264 1064 476 1128 effusis,
501 1063 568 1116 ad
594 1061 981 1116 monasterium
997 1075 1284 1131 regressus
1306 1071 1419 1115 est:
1441 1058 1674 1114 hominis
1698 1059 1840 1112 enim

262 1158 510 1209 animum
548 1153 708 1208 verba
758 1163 1256 1222 nonpeuetrarant.
1292 1151 1470 1218 Quare
1510 1164 1616 1205 non
1641 1149 1846 1205 destitit

269 1260 460 1300 amens
495 1244 570 1299 ab
606 1246 844 1313 incepto,
871 1247 997 1312 quin
1030 1243 1288 1300 adversus
1319 1253 1568 1298 sanctum
1601 1244 1666 1296 de
1697 1255 1848 1296 more

268 1333 547 1387 fremeret.
590 1332 950 1401 proscindens
993 1332 1183 1396 illum,
1232 1333 1510 1403 agensque
1555 1342 1665 1386 tom
1716 1334 1848 1385 urbe

266 1411 452 1492 dig'nis
467 1424 647 1478 furore
658 1424 935 1479 ctiusania
950 1423 1335 1492 suaprohris—et
1347 1423 1707 1478 contumeliis:
1722 1424 1847 1489 quin

270 1518 440 1569 etiam
466 1517 642 1571 nriitas
663 1517 984 1578 intentabat,
1023 1516 1269 1572 nesciens
1295 1517 1543 1584 stupidus
1565 1525 1618 1570 et
1633 1531 1848 1580 vecors,

270 1607 553 1672 quodnon
595 1609 852 1676 glorietur
882 1606 1088 1662 malitia
1137 1609 1398 1664 adversus
1434 1610 1708 1674 virtutem,
1755 1625 1852 1664 nec

274 1700 530 1765 proﬁciat
572 1700 1043 1756 inimicus-centra
1069 1701 1273 1757 electos
1319 1701 1431 1766 Dei,
1485 1713 1542 1756 ut
1590 1704 1847 1770 scriptum

273 1803 362 1846 est
405 1810 420 1848 :
461 1792 526 1847 Et
558 1793 704 1863 ﬁlius
750 1796 1045 1864 iniquitatis
1090 1812 1190 1850 non
1235 1807 1456 1864 apponet
1499 1811 1681 1851 nocere
1722 1798 1768 1850 ei
1810 1799 1850 1851 ⁸.

273 1886 421 1948 Quid
462 1893 576 1938 tum
617 1897 798 1939 autem
834 1899 1182 1942 consecutura
1233 1889 1352 1943 est?
1386 1888 1616 1943 Tantum
1661 1889 1853 1955 ah‘fuit,

233 1985 338 2054 ..ιιι
370 1975 488 2042 ejus
530 1977 690 2031 minis
753 1994 816 2033 ac
856 1978 1158 2036 maledictis
1204 1992 1544 2046 avocaretur,
1593 1992 1650 2036 ut
1681 1983 1730 2035 in
1778 1984 1859 2037 his

271 2068 485 2136 potius,
513 2068 736 2129 Domini,
761 2072 1029 2142 exeuipio,
1068 2080 1328 2142 tanquam
1371 2073 1619 2128 laudibus
1671 2075 1858 2130 trium-

268 2162 496 2228 pharet.
533 2160 1010 2219 Dominus'autem
1056 2166 1122 2220 de
1170 2166 1312 2220 callo
1344 2168 1586 2222 auditum
1623 2169 1747 2223 fecit
1773 2167 1862 2237 jn-

277 2253 512 2318 dieium,
547 2262 601 2309 et
633 2255 841 2311 malitia
876 2256 1208 2327 justissimas
1251 2273 1440 2328 penas
1469 2260 1634 2316 dedit.
1692 2261 1862 2316 Verba

279 2345 482 2399 iurem
517 2347 715 2401 misero
752 2349 998 2404 abierunt
1035 2366 1050 2403 :
1095 2365 1216 2404 nam
1252 2352 1442 2422 dignos
1472 2353 1720 2408 amentiae
1758 2368 1869 2407 sua:

278 2439 499 2494 fructus
523 2440 668 2495 tristi
698 2451 754 2495 et
783 2443 1076 2498 miserabili
1122 2445 1247 2499 vita:
1280 2445 1427 2499 exitu
1461 2447 1721 2516 percepit.
1761 2446 1869 2501 Nec

281 2532 444 2584 tarda
478 2531 579 2587 fuit
610 2533 866 2598 vindicta,
901 2533 1081 2606 qualis
1119 2550 1492 2605 saepenumero
1553 2538 1727 2591 divina
1778 2540 1871 2593 ho-

281 2623 466 2676 nitate
495 2624 905 2680 conversionem
942 2627 1289 2694 praestolante
1335 2628 1650 2697 contingere
1672 2628 1812 2685 solet
1853 2648 1866 2684 :

274 2717 390 2771 sed
418 2733 451 2772 e
479 2718 738 2790 vestigio,
801 2720 1111 2790 derepente,
1149 2735 1248 2777 nec
1289 2723 1623 2792 opinantem,
1655 2731 1718 2776 ut
1751 2739 1872 2777 mox

274 2811 497 2875 alicam,
538 2814 828 2881 oppressit.

363 2888 463 2955 Χί.
499 2901 664 2958 Necte
689 2903 933 2973 proxima
967 2905 1161 2971 objecti
1209 2914 1326 2960 sunt
1356 2902 1556 2959 infelici
1585 2905 1688 2959 duo
1718 2921 1876 2960 senes

279 2995 346 3052 in
387 2997 616 3064 somnis.
661 3012 798 3067 quos
837 2997 926 3052 alii
981 2998 1086 3052 duo
1135 2998 1519 3068 sequebantur,
1555 2997 1723 3053 forma
1757 3003 1873 3070 qui-

1767 283 1945 350 “TA

256 431 397 479 rare,
426 414 811 487 proscindere,
854 428 1157 485 quanquam
1210 411 1384 467 inanis
1417 411 1532 465 haec
1564 408 1638 463 illi
1687 416 1828 461 stre-
1857 402 1902 459 Α
1933 398 1997 449 ml

3403 257 3513 321 983

2032 395 2412 466 imperatorem
2436 385 2844 444 reconciliatum
2879 377 3205 436 festinasse“:
3244 366 3358 438 ejus
3387 377 3512 422 Vero

1936 491 2311 560 cognominem
2361 485 2585 539 alterum
2625 479 2794 550 ipsius
2846 473 3082 531 audaci-.e
3134 483 3195 522 ac
3235 461 3512 520 rebellioni

1935 553 2287 640 successisse.
2328 579 2578 633 Attamen
2635 587 2734 626 nec
2773 568 2849 624 illi
2882 564 3218 637 profuturam
3274 553 3517 627 tyranni-

1941 678 2087 742 dem,
2119 689 2216 730 nec
2251 668 2670 740 imperatoribus
2715 660 3052 733 superiorem
3089 652 3224 708 fore.
3260 642 3356 704 llis
3388 661 3519 709 ergo

1931 766 2374 842 przedictionibus
2425 767 2816 818 consentaneus
2868 750 2971 805 fuit
3011 751 3234 802 eventus
3285 749 3340 794 et
3396 753 3517 793 eum

1938 835 2026 937 qui
2076 859 2426 930 prtcdixerat,
2481 846 2852 904 admirabilem
2897 837 3218 896 declaravit.
3263 835 3331 886 At
3386 845 3522 899 pra!—

1942 926 2323 1025 t-oris‘qnidem
2370 945 2614 1018 Gregorii
2662 940 2944 1007 sanctique
2991 926 3425 989 res‘hoc'modo
3463 938 3522 977 se

1945 1052 2164 1106 habent.

2016 1103 2154 1196 iilll.
2191 1137 2588 1206 Peragebantur
2612 1124 2900 1198 aliquando
2936 1117 3267 1187 vespertinum
3285 1103 3470 1165 laudes
3505 1126 3517 1162 :

1946 1237 2120 1306 prima
2153 1205 2347 1286 autent
2367 1221 2718 1282 hebdomadis
2743 1219 2859 1274 dies
2885 1222 3022 1279 erat,
3052 1227 3173 1266 cum
3205 1205 3529 1276 Sphaerista-

1947 1297 2066 1383 rum
2093 1335 2276 1394 aperto
2308 1318 2609 1391 gymnasio,
2641 1315 2894 1383 iuvenum
2928 1306 3188 1372 frequens
3225 1314 3412 1354 manus
3451 1297 3532 1349 in-

1951 1420 2030 1476 fra
2060 1418 2266 1473 sacram
2292 1414 2458 1468 aadcm
2487 1407 2750 1471 constitit,
2793 1413 2952 1471 atque
2985 1400 3129 1454 inter
3161 1395 3296 1448 alios
3335 1401 3533 1460 prietor

1951 1509 2241 1581 Gregorius
2283 1521 2407 1576 pars
2450 1505 2563 1572 ipse
2613 1494 2952 1559 certaminis,
2981 1506 3101 1546 cum
3135 1482 3411 1554 indigenis
3454 1483 3534 1534 lu-

1953 1580 2084 1660 dens
2143 1599 2307 1655 :iudi
2360 1597 2504 1652 enim
2562 1603 2748 1646 amans
2811 1595 2949 1650 erat,
3003 1580 3333 1650 ludicrisque
3373 1592 3533 1644 supra

1956 1699 2168 1753 modum
2209 1695 2538 1764 capiebatur.
2576 1684 2641 1741 Et
2670 1681 2920 1753 quoniam
2962 1675 3252 1732 inconditae
3294 1671 3538 1726 clamaui--

1960 1793 2090 1846 tium
2123 1803 2305 1851 voces,
2334 1796 2439 1837 tam
2467 1777 2790 1837 ludentium,
2821 1786 2982 1840 quam
3003 1764 3360 1838 spectantium
3383 1776 3542 1814 exan;

1961 1883 2263 1939 diebantur,
2286 1877 2532 1940 adeoque
2563 1865 2991 1938 perstrepebant,
3025 1870 3084 1913 ιιι
3111 1874 3141 1913 e
3171 1856 3342 1912 sacris
3383 1855 3540 1922 byn-

1961 1979 2047 2031 nis
2073 1975 2455 2031 avocarent,et
2472 1972 2704 2018 mentem
2738 1959 2789 2012 in
2812 1957 2918 2011 illis
2953 1956 3116 2022 ﬁgere
3139 1965 3242 2004 non
3275 1948 3537 2008 sinerent,

1957 2070 2079 2125 aelo
2104 2066 2196 2121 Dei
2223 2063 2458 2133 percitus
2485 2057 2650 2111 Nicon
2683 2051 2930 2110 celeriter
2968 2050 3312 2118 approperat,
3349 2039 3543 2093 bellni-

1961 2176 2196 2230 namque
2222 2156 2499 2212 hominum
2526 2146 2829 2205 barbariem
2871 2143 3039 2197 libera
3067 2152 3219 2200 voce,
3245 2151 3350 2206 qua
3370 2134 3545 2203 jnstos

1967 2224 2142 2315 decet,
2179 2250 2425 2304 libertate
2453 2241 2702 2309 castigat.
2733 2237 2800 2290 At
2840 2241 3046 2304 praetor
3080 2230 3160 2282 vir
3195 2226 3366 2280 amari
3415 2224 3546 2276 alias

1966 2343 2191 2416 ingenii,
2225 2350 2279 2396 ct
2307 2350 2414 2392 tum
2450 2332 2684 2389 maxime
2727 2329 2851 2382 ludo
2884 2329 3146 2386 intentus,
3183 2328 3242 2373 ut
3276 2318 3365 2388 qui
3396 2330 3425 2368 a
3455 2331 3517 2385 ρει

1935 2473 1938 2476 ~
1971 2440 2120 2496 ribus
2153 2450 2212 2490 se
2232 2430 2376 2487 vinci
2405 2429 2629 2490 doleret,
2692 2419 2970 2492 impotenti
2997 2417 3258 2470 adversus
3302 2419 3546 2466 Sanctum

1973 2541 2125 2588 actus
2165 2527 2339 2591 rabie,
2386 2517 2730 2593 proscindere
2775 2510 3077 2567 maledictis
3115 2517 3417 2572 manusque
3482 2500 3548 2555 ad

1976 2625 2269 2681 vindictam
2293 2630 2456 2672 ausus
2485 2611 2749 2674 attollere,
2781 2607 2911 2661 urbe
2943 2603 3173 2671 denique
3203 2595 3398 2667 expelli
3428 2593 3545 2664 jus-

1975 2723 2069 2776 sit.
2102 2717 2327 2783 Jamqne
2365 2708 2660 2766 ducebatur
2717 2699 2871 2755 hilari
2915 2704 3214 2767 pacataque
3253 2690 3423 2754 vultu,
3453 2690 3554 2741 Do-

1980 2811 2105 2866 mini
2134 2805 2218 2862 sui
2244 2778 2519 2869 exemplo,
2563 2779 2857 2862 leviusque
2893 2787 3145 2857 injuriam
3177 2796 3336 2851 quam
3373 2778 3553 2835 caeteri

1982 2901 2246 2956 maximos
2267 2895 2500 2950 honores
2522 2885 2754 2942 ferebat.

2050 2988 2192 3048 XIV.
2220 2987 2488 3043 Caeterum
2513 2993 2611 3035 nec
2631 2991 2773 3043 sera,
2805 2988 2901 3028 nec
2926 2969 3151 3041 pedibus
3175 2967 3254 3038 (ut
3288 2971 3442 3034 poeta
3470 2960 3556 3013 di-

274 3057 713 3156 utam-eunuchi,
745 3089 1016 3160 sedlonge
1032 3104 1194 3160 quam
1213 3057 1446 3158 humana
1471 3057 1866 3160 praestantiore.
1893 3100 1942 3160 ο
1975 3087 2076 3155 xit)
2105 3082 2253 3137 tarda
2309 3076 2413 3132 fuit
2453 3074 2604 3137 ultio,
2647 3069 2778 3140 quin
2829 3063 3098 3160 velocius,
3134 3057 3442 3160 iunctisque
3472 3069 3560 3108 ve-

279 3183 380 3239 ΑΙ)
408 3183 494 3239 bis
535 3198 659 3239 vero
689 3183 871 3256 ﬂagris
896 3184 1027 3240 caedi
1063 3185 1163 3240 sibi
1192 3185 1492 3249 videbatur,
1518 3191 1572 3239 et
1593 3184 1669 3238 sic
1693 3185 1872 3240 verbis

291 3275 571 3344 increpari
613 3291 627 3328 :
662 3276 942 3344 Quomodo
977 3285 1030 3331 tu
1076 3291 1143 3332 eo
1168 3292 1229 3332 es
1288 3284 1576 3346 provectus
1615 3276 1872 3341 audaciae,

1977 3150 2154 3248 stiqiis
2187 3166 2636 3228 contumeliosum
2679 3169 2862 3218 secuta
2881 3167 2984 3213 est.
3020 3153 3153 3208 Nam
3184 3164 3304 3206 cum
3328 3150 3560 3218 primum

1977 3242 2450 3337 ad'excipiendam
2513 3259 2782 3329 sphaeram
2859 3263 3076 3304 manum
3118 3242 3355 3307 sustulit,
3403 3251 3562 3310 para-

284 3377 356 3421 nt
421 3379 641 3423 servum
693 3367 785 3423 Dei
821 3376 1170 3425 contemnere
1221 3334 1578 3425 et'conviciis
1626 3334 1878 3440 appetere
1979 3366 2075 3437 lysi
2119 3334 2338 3431 repente
2382 3357 2484 3410 icta
2515 3360 2616 3408 est.
2663 3349 2805 3404 Idem
2841 3359 3005 3416 porro
3035 3339 3292 3397 membris
3312 3334 3568 3440 omnibus

289 3476 410 3514 rion
445 3459 759 3516 dubitares?
801 3460 995 3517 deinde
1050 3463 1101 3516 in
1163 3461 1454 3517 obscurum
1499 3470 1621 3531 post
1655 3463 1877 3518 verbera

288 3565 579 3606 carcerem
621 3551 857 3612 detrudi.
905 3550 970 3605 Et
1007 3566 1129 3607 cum
1161 3552 1373 3607 veniam
1420 3551 1604 3608 multis
1652 3561 1880 3620 orasset,

286 3647 388 3700 uix
439 3644 657 3724 tandem
695 3645 936 3700 caedendi
996 3644 1155 3699 linem
1208 3643 1424 3712 fecisse,
1474 3660 1574 3700 nec
1623 3653 1804 3701 tamen
1855 3662 1886 3701 e

287 3722 550 3794 custodia
583 3737 876 3792 dimisisse.
897 3737 1257 3815 Experrectus
1277 3737 1688 3807 igitur,gravem
1705 3721 1885 3793 statim

1981 3425 2161 3512 statim
2179 3425 2394 3507 solutus
2408 3454 2461 3501 et
2485 3451 2792 3501 enervatus,
2818 3436 2882 3491 ad
2907 3433 3227 3491 catholicam
3276 3425 3567 3483 ecclesiam

1942 3553 1947 3557 '
1985 3549 2211 3602 aliorum
2249 3539 2497 3595 manibus
2521 3533 2728 3590 delatus
2757 3537 2860 3586 est.
2901 3527 3005 3583 Ubi
3049 3518 3376 3579 acutissimis
3414 3515 3568 3572 dolo-

1988 3643 2135 3697 ribus
2151 3635 2516 3697 excruciatus,
2544 3634 2770 3682 mortem
2800 3638 2907 3691 prae
2937 3620 3040 3675 iliis
3069 3618 3123 3672 in
3155 3615 3306 3669 lucro
3336 3610 3567 3680 ponens,

1989 3731 2359 3788 lamentabiles
2385 3733 2605 3794 questus
2630 3720 2843 3775 edebat.
2882 3717 3128 3784 Cmnque
3159 3724 3349 3780 magna
3392 3704 3567 3759 medi-

290 3834 348 3886 in
388 3831 597 3885 febrem
634 3828 822 3885 incidit
857 3848 870 3883 :
905 3813 1194 3899 accitoque
1218 3828 1443 3892 Nicone.
1473 3799 1546 3884 ad
1565 3812 1692 3894 eius
1728 3830 1890 3900 pedes
1958 3829 2180 3884 eorum
2208 3821 2495 3879 sedulitate
2515 3825 2819 3874 curaretur,
2850 3821 2906 3866 et
2942 3805 3177 3864 remedia
3212 3802 3393 3858 omnia
3429 3799 3568 3853 infra

288 3922 614 3988 advolutus,
667 3921 1093 3977 misericordiam
1131 3920 1461 3989 imploravit.
1511 3919 1606 3975 Cui
1655 3922 1890 3974 beatus:

287 4016 434 4081 ριιω
467 4015 521 4068 in
556 4029 640 4069 me
663 4013 1007 4082 perpetrasti,
1045 4010 1140 4075 ait,
1176 4027 1238 4065 ea
1269 4010 1365 4065 tibi
1401 4010 1596 4079 frater,
1634 4023 1892 4081 quantum

284 4126 352 4179 5n
394 4123 484 4163 me
513 4117 615 4174 est,
646 4105 1114 4161 candonabuntur.
1167 4104 1272 4160 Sed
1309 4107 1560 4174 quoniam
1620 4105 1740 4160 vita:
1774 4105 1898 4160 linis

286 4207 398 4260 tibi
422 4201 632 4257 corlesti
664 4201 880 4253 decreto
906 4198 1241 4267 praestitutus
1271 4205 1376 4261 est,
1404 4212 1550 4250 nemo
1574 4198 1671 4250 erit
1699 4198 1762 4250 de
1794 4213 1900 4250 αι’-

287 4313 444 4359 vero,
483 4291 939 4363 quemadmodum
984 4290 1060 4342 ait
1089 4288 1358 4358 Propheta
1384 4290 1426 4353 ‘,
1461 4291 1548 4360 qui
1583 4289 1674 4342 Dei
1722 4289 1899 4342 consi-

284 4391 433 4441 {ium
467 4385 733 4453 dissipare
769 4383 953 4451 possit.
983 4379 1048 4434 Et
1081 4379 1167 4434 his
1213 4380 1370 4435 dictis
1399 4382 1464 4435 ad
1502 4381 1889 4436 monasterium

1995 3917 2194 3974 malum
2243 3923 2447 3977 essent,
2485 3911 2557 3963 ita
2597 3917 2652 3961 ut
2689 3905 2862 3960 inanis
2895 3914 2949 3958 et
2982 3915 3115 3955 vana
3156 3896 3330 3952 omnis
3360 3893 3426 3949 ab
3455 3893 3572 3946 illo-

1999 4027 2115 4067 rum
2159 4017 2274 4063 arte
2320 4019 2441 4076 spes
2492 4009 2681 4057 esset:
2721 4011 2941 4054 causam
2980 3991 3218 4063 exquirit
3266 3988 3570 4059 cpiscopus,

1999 4122 2095 4160 cnr
2127 4119 2247 4159 eum
2289 4097 2598 4169 repentinus
2642 4092 2860 4148 morbus
2906 4087 3190 4144 invasisset
3238 4093 3392 4139 :erat
3425 4080 3568 4136 enim

2001 4206 2056 4254 et
2084 4197 2196 4266 ipse
2244 4191 2462 4246 medica:
2502 4185 2634 4243 artis
2669 4180 3052 4255 peritissimus.
3090 4176 3159 4232 At
3195 4174 3307 4238 ille,
3356 4186 3472 4241 quae
3518 4170 3570 4224 in

2002 4289 2257 4345 Nicouem
2301 4283 2616 4346 admiserat,
2675 4277 2754 4332 vel
2801 4275 3001 4330 invitus
3045 4269 3296 4337 exposuit
3357 4286 3367 4321 :
3426 4267 3574 4318 hunc

2004 4381 2131 4437 mali
2158 4378 2240 4432 sui
2281 4377 2484 4432 fontem
2512 4379 2756 4439 et‘caput
2782 4382 2902 4422 esse
2931 4380 3032 4419 non
3062 4359 3427 4417 dissimulans.
3452 4358 3570 4424 Quo

295 4494 564 4535 reversus
597 4486 699 4531 est.
738 4475 815 4529 Illi
841 4489 972 4530 vero
1003 4473 1162 4529 tertia
1195 4483 1316 4544 post
1345 4473 1461 4529 dies
1486 4471 1688 4527 infelici
1717 4483 1891 4529 morte
1922 4450 1966 4506 θ
1993 4470 2206 4542 cognito
2250 4467 2535 4537 episcopus
2579 4457 2886 4533 objurgavit
2933 4454 3024 4511 ille
3081 4452 3295 4524 quidem
3336 4449 3574 4506 hominis

291 4563 470 4623 uitam
532 4565 752 4636 eripuit.
804 4563 884 4618 Ex
923 4563 1029 4633 quo
1082 4573 1257 4617 metus
1292 4563 1481 4633 ingens
1513 4578 1574 4616 ac
1607 4562 1889 4632 trepidatio

292 4661 751 4731 Lacedaamonios
805 4658 1002 4712 invasit
1036 4675 1050 4711 :
1081 4672 1178 4712 nec
1214 4667 1465 4724 repertus
1488 4665 1570 4711 est
1602 4657 1888 4725 quisquam

1989 4565 2347 4621 temeritatem
2388 4574 2494 4615 non
2544 4557 2762 4612 leviter.
2809 4551 2948 4608 Tum
2990 4557 3298 4620 opportuno
3342 4544 3570 4602 consilio

1988 4669 2180 4713 auctor
2209 4650 2334 4718 fuit,
2370 4662 2428 4706 ut
2457 4650 2657 4706 fastum
2688 4654 2937 4718 poneret,
2973 4653 3029 4700 et
3058 4657 3088 4698 a
3119 4641 3325 4698 Nicone
3349 4641 3576 4710 supplex

285 4773 328 4811 ε
363 4746 612 4810 ηιῑηῖιηῖε
643 4751 990 4817 θιηιπκίῐηίε,
1031 4750 1131 4832 (ιιιῑ⁵
1159 4748 1225 4804 τιό
1260 4749 1517 4828 Niconem
1547 4764 1649 4802 non
1677 4749 1896 4806 advola-
1987 4751 2149 4805 illatua
2210 4746 2421 4814 injuriae
2458 4743 2672 4799 veniam
2725 4747 2958 4810 peteret.
3014 4735 3181 4792 Norat
3247 4733 3412 4797 enim,
3439 4731 3580 4784 unde

297 4858 389 4904 τιτι
431 4839 660 4918 ejusque
709 4845 876 4916 jussis
935 4852 1169 4913 pareret.
1226 4840 1410 4896 Fidem
1471 4842 1613 4897 cnim
1694 4839 1898 4895 fecerat

287 4942 567 4999 ontnibus
589 4923 1046 5007 exemplum,ijni
1083 4931 1290 4992 Christi
1331 4922 1515 4990 servos
1542 4933 1771 4986 ludibrio
1796 4935 1893 4987 ha-

261 5023 266 5033 ’
298 5039 441 5090 bent
473 5023 776 5103 {quoniam
801 5029 990 5102 Utique
1033 5013 1331 5109 est-fructus
1356 5020 1528 5098 justo,
1557 5032 1607 5079 et
1641 5011 1888 5108 pensiu-

296 5130 494 5181 (ticam
517 5142 603 5179 eos
627 5128 681 5178 in
702 5136 841 5180 terra
866 5125 911 5178 ⁸.

376 5205 499 5275 XII.
528 5188 1043 5296 Gregorio'prmtori
1079 5215 1130 5269 et
1162 5197 1226 5268 de
1259 5191 1429 5270 Scleri
1479 5183 1666 5265 Surdae
1713 5211 1890 5275 rebus,

1998 4849 2145 4895 certa
2180 4836 2458 4892 medicinas
2483 4845 2609 4903 spes
2637 4840 2805 4886 esset.
2915 4847 2922 4852 ·
3110 4903 3114 4906 Ι

2065 4926 2179 4984 XV.
2225 4927 2411 4982 Paruit
2461 4924 2567 4988 ille,
2623 4922 2948 4992 abjecthue
3007 4917 3146 4971 fastu
3203 4928 3264 4969 ac
3317 4914 3581 4984 praetoria.

1991 5017 2279 5095 'poteStatis
2325 5017 2630 5089 supercilio,
2673 5016 2927 5071 Niconem
2959 5011 3143 5066 multis
3195 5008 3443 5078 precibus
3484 5022 3579 5075 per

1993 5121 2212 5175 nuntios
2253 5117 2501 5172 accersit.
2549 5111 2650 5179 Qui
2683 5110 2900 5182 quidem
2933 5116 3168 5176 accepta:
3206 5101 3414 5173 injuriae
3441 5101 3578 5155 obli-

1996 5201 2099 5275 tus,
2143 5212 2282 5289 dicto
2320 5209 2478 5263 citius
2505 5205 2679 5261 adfuit
2710 5197 2726 5258 ε’
2754 5194 3014 5257 didicerat
3043 5204 3185 5254 enim
3213 5206 3270 5251 ut
3297 5206 3581 5252 contumc~

290 5305 360 5371 et
408 5299 532 5386 post
577 5311 692 5379 ejus
731 5293 762 5366 e
817 5285 1090 5386 Babylone
1139 5296 1393 5371 reditum,
1428 5296 1613 5382 audi're
1658 5291 1894 5371 cupienti
1997 5307 2095 5359 lias
2121 5285 2249 5372 pati,
2289 5299 2618 5357 sic'easdem
2643 5296 2792 5351 ultro
2818 5293 3117 5358 remittere,
3151 5299 3244 5343 aut
3273 5288 3450 5357 potius
3482 5285 3576 5339 be-

300 5389 437 5475 (nec
458 5379 1749 5480 enimabditaintuetidigra‘tim'exsortiemillum
1779 5411 1899 5450 esse
1981 5395 2228 5451 'nefactis
2281 5404 2334 5449 et
2377 5391 2566 5448 oﬂiciis
2620 5397 2992 5464 compensare.
3039 5382 3248 5437 Praetor
3292 5371 3472 5433 autem
3525 5386 3598 5429 ut

296 5491 516 5576 prmtor
540 5475 938 5578 arbitrabatur),
954 5469 1194 5579 narravit
1220 5493 1659 5562 Nicon,Scli.'rum
1684 5489 1864 5560 quidet

1999 5489 2147 5542 illum
2178 5488 2326 5554 vidit,
2351 5487 2415 5542 ad
2440 5485 2555 5556 ejus
2579 5473 2743 5556 pedes
2763 5496 2830 5566 se
2873 5469 3076 5547 alijicit,
3101 5483 3155 5531 et
3180 5475 3266 5547 qui
3293 5471 3448 5529 modo
3475 5474 3587 5526 ιν

382 5651 404 5680 ³
457 5643 866 5703 Psaltxxxvm,
899 5641 1003 5714 ‘25.
1067 5641 1081 5670 ‘
1119 5638 1256 5691 l‘<-.ii.
1310 5653 1478 5694 χχιιι.
1519 5636 1600 5690 lO.

383 5803 476 5876 (ὃ)
506 5802 712 5858 Baron.
751 5818 837 5854 an.
873 5801 996 5852 987.

1680 5637 1695 5662 ’ί
1741 5631 1880 5688 Psal.
1919 5647 2044 5696 l.\‘ll,
2086 5630 2164 5682 l'2.
