4052 6342
453 249 562 316 983

1723 267 1787 331 S.
1828 267 2138 332 NICON'IS
2177 272 2481 337 ABMENI

3620 278 3730 341 982

450 369 627 438 gilius,
654 370 957 445 animisque
994 376 1143 434 I‘erox
1182 377 1296 435 iras
1328 387 1538 437 tantum
1571 395 1625 451 et
1665 384 1892 456 injurias
1924 388 2036 454 spi-

2164 391 2399 451 Iivinitus
2423 397 2627 466 agitata
2669 396 2849 465 lingua
2880 394 2993 451 haec
3018 394 3265 462 audiens,
3311 393 3557 463 nihilque
3577 390 3735 464 petri-

454 476 575 518 iare
621 462 925 535 videbatur,
1008 471 1229 542 supplex
1308 471 1502 539 lactus,
1560 480 1764 533 erroris
1824 480 2039 535 veniam

449 553 661 623 lugubri
691 573 825 615 voce
848 572 1025 633 rogat,
1059 564 1287 636 ejusque
1325 581 1535 635 preces,
1592 570 1810 627 unicum
1854 573 2047 631 salutis

453 661 574 703 sua:
599 647 958 718 pharmacum
995 653 1271 726 implorat.
1309 656 1535 730 Semper
1574 660 1830 716 nimirum
1874 664 2047 719 imbe-

451 737 579 794 cilla
593 755 680 796 res
700 745 1010 813 estvitium,
1026 748 1183 804 fortis
1199 760 1446 806 autemet
1460 751 1667 807 stabilis
1686 754 1880 809 virtus.
1906 755 2045 822 Quid

454 846 593 899 ergo
623 834 689 887 ad
723 833 836 889 haec
865 835 1044 894 divina
1087 838 1286 907 mens?
1324 844 1404 894 An
1445 845 1793 913 exprobravit
1842 847 2047 903 homini

454 925 771 994 amentiam,
802 926 1235 1001 eﬂrcnatamque
1266 933 1581 989 audaciam?
1628 946 1719 989 aut
1766 939 2048 1007 aspernari

455 1029 724 1085 orantem,
747 1028 802 1075 et
829 1023 1088 1092 tantisper
1108 1026 1347 1081 abnuere
1364 1031 1511 1082 visus
1538 1030 1658 1081 est?
1681 1027 1899 1083 Minime
1920 1045 2049 1100 gen-

455 1107 611 1164 tium.
634 1110 734 1178 Qui
763 1112 905 1168 enim
931 1112 1157 1183 Iaceret,
1177 1119 1271 1188 qui
1296 1119 1610 1190 discipulus,
1635 1131 1732 1176 aut
1749 1123 2052 1178 acerrimus

457 1200 637 1269 potius
673 1203 823 1269 mitis
848 1203 989 1261 illius
1032 1218 1086 1260 et
1135 1210 1342 1277 pacifici
1375 1210 1615 1266 imitator
1649 1225 1766 1267 erat
1797 1214 1863 1269 ad
1895 1215 2054 1269 bene-

462 1294 764 1351 Iaciendum
799 1300 972 1369 magis
1012 1316 1175 1370 quam
1213 1303 1279 1357 ad
1306 1303 1647 1371 plectendum
1680 1316 1871 1360 natura
1895 1322 2050 1362 como

459 1390 673 1453 parati?
698 1388 884 1457 Itaque
914 1408 1020 1446 non
1057 1394 1231 1449 solum
1268 1396 1479 1450 veniam
1510 1398 1677 1461 dedit,
1709 1400 1801 1453 sed
1847 1400 2051 1454 sanita-

462 1491 570 1532 tem
605 1480 771 1535 etiam
815 1482 1070 1551 precibus
1120 1488 1254 1552 suis,
1298 1485 1511 1539 admuta
1571 1503 1732 1541 manu
1793 1489 2050 1543 restituit.

458 1570 536 1624 Ita
583 1581 640 1627 ut
682 1576 865 1629 statim
913 1577 1094 1637 cibum
1147 1589 1387 1636 sumeret
1426 1581 1732 1646 incolumis,
1780 1592 1831 1637 et
1886 1583 2054 1639 libere

458 1676 623 1736 atque
649 1670 898 1738 expedita
930 1670 1263 1739 loqueretur,
1289 1675 1553 1728 miraculo
1588 1676 1668 1729 vel
1714 1677 1887 1732 oculis
1918 1678 2051 1747 ipsis

460 1762 551 1828 qui
591 1762 933 1830 spectabant,
962 1764 1119 1819 fidem
1146 1765 1234 1819 vix
1264 1764 1519 1822 faciente.

537 1848 680 1908 XVI.
730 1854 810 1908 Ah
849 1855 1107 1924 improbis
1140 1856 1473 1927 quibusdam
1537 1861 1919 1932 malevolisqnc
1959 1863 2063 1917 ho.

461 1943 701 1999 minibus
740 1961 833 2014 per
865 1946 1188 2002 calumniam
1244 1959 1531 2006 accusatus
1566 1962 1647 2008 est
1669 1951 1911 2010 Joannes
1942 1952 2053 2007 Ma-

459 2024 704 2100 lacenus,
738 2038 1015 2092 nobilitate
1060 2040 1276 2108 generis
1327 2055 1391 2096 ac
1444 2042 1732 2110 splendore
1800 2058 1899 2100 nec
1948 2059 2055 2099 non

463 2142 692 2183 summae
747 2130 1027 2201 sapientiae
1070 2131 1229 2188 laude
1281 2150 1387 2188 non
1443 2133 1585 2190 inter
1617 2134 2058 2192 Lacedaemonios

466 2221 648 2297 modo,
669 2237 852 2278 verum
866 2226 1028 2279 etiam
1056 2236 1161 2281 tota
1183 2223 1403 2285 Hellade
1430 2244 1493 2283 ac
1512 2228 1884 2301 PeIOponneso
1898 2229 2056 2287 facile

464 2312 720 2382 princeps
752 2329 767 2367 :
803 2326 1092 2371 accusatus
1125 2327 1306 2373 autem
1336 2321 1478 2388 apud
1498 2336 1642 2385 eum,
1676 2322 1770 2392 qui
1802 2332 1912 2377 tum
1953 2325 2053 2377 im-

464 2405 599 2471 perii
635 2407 867 2474 sceptris
914 2409 1243 2479 potiebatur,
1296 2410 1553 2467 Basilium
1591 2415 1800 2470 scilicet
1827 2413 2055 2486 Romani

468 2498 693 2552 minoris
750 2499 940 2563 lilium,
994 2518 1177 2571 regum
1229 2506 1469 2560 omnium
1532 2506 2053 2576 fortunatissimum,

468 2593 630 2660 cujus
646 2603 701 2647 et
716 2594 820 2649 vita
850 2594 1094 2660 illustris,
1113 2606 1165 2649 et
1197 2596 1411 2666 imperii
1432 2602 1667 2664 spatium
1690 2602 2053 2671 longissimum

469 2684 672 2750 fuit‘~,et
701 2680 939 2745 victoriae
1000 2698 1054 2742 et
1105 2698 1300 2759 tropaea
1347 2691 1414 2746 de
1471 2693 1719 2750 hostibus
1763 2695 2051 2765 quamplu-

467 2778 630 2845 rima,
687 2794 785 2850 per
817 2795 977 2851 quem
1024 2792 1078 2837 et
1121 2780 1421 2853 Bulgaricte
1467 2787 1642 2853 gentis
1689 2790 1943 2858 princeps
1974 2784 2059 2861 [ut

471 2880 771 2929 memorant
805 2872 1065 2945 historiae]
1103 2872 1317 2929 Samuel
1368 2876 1476 2943 ille,
1530 2879 1736 2934 viribus
1781 2888 1834 2935 ct
1862 2878 2057 2935 robore

470 2964 924 3034 inexpugnabilis,
952 2966 1004 3019 in
1045 2963 1204 3021 Creta
1239 2981 1362 3021 cum
1397 2968 1779 3024 innumerabili
1807 2968 2053 3024 multitu-

472 3054 600 3109 dine
624 3055 973 3126 Bulgarorum
1008 3057 1210 3112 fractus
1248 3067 1300 3111 et
1326 3059 1583 3116 subactus
1609 3069 1693 3117 est
1720 3061 1824 3131 (ii).

542 3143 705 3201 XVII.
765 3145 1053 3202 Mittuntur
1107 3150 1287 3218 itaque
1338 3152 1405 3203 ab
1455 3150 1779 3221 imperatore
1824 3162 2056 3223 satrapae

472 3239 604 3299 duo.
638 3238 870 3296 militum
900 3240 1165 3311 legionem
1202 3243 1506 3310 trahentes,
1537 3251 1599 3299 ut
1621 3242 1961 3302 Malacenum
1989 3262 2057 3303 ex

476 3332 773 3401 improviso
824 3334 1311 3403 comprehendant,
1344 3338 1697 3410 vinctumque
1719 3335 1788 3394 ad
1811 3338 2056 3411 reginam

480 3422 697 3479 urbium
746 3423 948 3479 ducant
981 3442 995 3479 :
1043 3425 1363 3483 defectionis
1409 3430 1554 3484 enim
1591 3442 1645 3485 et
1678 3430 2060 3500 perduellionis

475 3513 691 3584 iii-cunt
743 3514 951 3572 crimen
1008 3516 1394 3575 concinnantes
1448 3521 1653 3585 acmnli,
1717 3522 2061 3591 imperatoris

479 3619 642 3661 aures
671 3603 823 3662 falsa
866 3609 1234 3664 accusationis
1267 3612 1539 3667 calumnia
1584 3613 1957 3684 oppleverant.
1994 3613 2064 3671 Ut

481 3714 615 3769 ergo
659 3700 711 3754 in
755 3697 1138 3779 Lacedaemona
1170 3715 1552 3773 pervenerunt,
1581 3716 1636 3760 et
1686 3707 1861 3761 virum
1908 3707 2063 3777 cujus

482 3807 647 3846 causa
698 3792 846 3855 missi
877 3779 1111 3857 fuerant,
1162 3797 1712 3865 comprehenderunt,
1759 3808 1950 3853 evocat
1978 3799 2065 3854 ille

483 3884 773 3941 confestim
799 3886 973 3940 virum
1004 3879 1095 3941 Dei
1133 3878 1417 3951 Nicouem,
1443 3904 1602 3958 quem
1646 3893 1717 3945 ob
1740 3890 1954 3962 egregia
1986 3890 2064 3945 fa-

484 3970 667 4033 cinora
703 3980 975 4048 preclpuo
1004 3977 1059 4033 in
1101 3977 1304 4035 honore
1349 3980 1601 4049 trahebat,
1671 3982 1931 4053 gravique
1966 3983 2066 4039 do-

484 4072 604 4127 lore
629 4071 827 4127 anxius
855 4089 868 4126 :
896 4067 1029 4135 Ora,
1065 4071 1260 4143 inquit,
1290 4087 1385 4127 ora
1418 4090 1513 4143 pro
1547 4089 1632 4131 me
1661 4076 1882 4143 misero,
1910 4090 2068 4133 serve

481 4156 602 4232 Dei,
626 4179 693 4219 ne
726 4164 1072 4236 imperatoris
1095 4165 1175 4219 ira
1209 4169 1346 4222 male
1368 4181 1605 4235 peream.
1631 4168 1802 4237 Quem
1822 4179 2064 4235 sanctus,

481 4248 702 4315 blandis
730 4268 919 4314 contra
975 4260 1304 4331 mellitisque
1334 4260 1515 4317 verbis
1549 4265 1905 4331 respondens,
1937 4279 2069 4320 cou-

484 4352 707 4408 tirmare
747 4354 989 4408 animum
1016 4352 1181 4421 jussit
1223 4354 1463 4425 nihilque
1501 4356 1707 4412 tristius
1756 4356 2067 4426 formidare.

2153 496 2239 543 tus
2266 489 2570 557 ambigens.
2605 491 2955 547 vehementer
2992 490 3329 546 exhilaratus
3368 499 3473 555 est,
3515 486 3736 558 naviga-

2153 577 2460 647 tionemque
2501 580 2740 636 salutato
2779 579 3007 647 Nicone,
3061 594 3258 649 securo
3291 578 3477 634 animo
3507 592 3740 634 exorsus

2150 681 2255 725 est.
2282 670 2575 740 Postquam
2605 672 2672 728 ad
2700 673 3084 742 imperatorem
3116 672 3385 741 pervenit,
3419 678 3476 725 et
3507 669 3737 724 conficta

2151 762 2221 815 ab
2279 765 2487 817 aemulis
2527 764 2838 819 criminatio
2889 763 3138 820 veritatis
3190 764 3330 829 luce,
3372 761 3468 819 sed
3516 756 3740 814 Niconis

2155 857 2386 907 inaxime
2410 854 2680 921 precibus,
2716 855 2963 911 discussa
3007 863 3112 919 est,
3165 852 3429 920 majorem
3481 850 3743 923 deinceps

2154 944 2294 1012 apud
2358 943 2740 1014 imperatorem
2807 944 3060 1015 gratiam,
3123 944 3415 1015 ampliores
3482 943 3744 998 honores-

2153 1034 2379 1103 gloriam
2409 1044 2464 1091 et
2494 1035 2695 1091 famam
2724 1039 2954 1108 adeptus
2983 1046 3086 1103 est,
3114 1037 3250 1093 adeo
3278 1045 3335 1092 ut
3357 1034 3665 1105 principem
3693 1033 3747 1087 in

2150 1136 2343 1180 senatu
2386 1127 2562 1183 locum
2584 1128 2869 1183 obtineret.

2224 1215 2365 1272 Xli.
2426 1212 2722 1274 Transacto
2773 1230 2898 1290 post
2945 1220 3062 1274 haec
3109 1228 3354 1286 tempore
3401 1233 3507 1276 non
3562 1216 3745 1278 brevi,

2152 1322 2275 1362 cum
2310 1305 2614 1363 Maiaccnus
2640 1308 3108 1377 Constantinopoli
3149 1309 3327 1364 adhuc
3361 1318 3535 1367 esset.
3566 1306 3743 1362 Nicon

2155 1401 2221 1455 ad
2247 1401 2607 1456 immortalem
2629 1403 2951 1469 beatamque
2972 1411 3175 1457 sortem
3202 1401 3438 1457 transiit.
3476 1398 3635 1466 Quod
3664 1398 3753 1452 ille

2154 1510 2277 1550 cum
2300 1496 2620 1563 accepisset,
2652 1504 2709 1552 et
2727 1496 2937 1551 dulcem
2966 1495 3112 1551 illam
3148 1509 3297 1565 spem
3358 1510 3463 1563 qua
3500 1493 3749 1548 futurum

2156 1602 2218 1640 ex
2251 1585 2369 1653 ejus
2397 1585 2580 1641 verbis
2620 1601 2724 1641 non
2756 1586 3051 1651 dubitarat,
3088 1595 3149 1641 ut
3177 1586 3464 1655 optabilem
3495 1584 3616 1652 ejus
3648 1582 3757 1635 vul-

2159 1690 2269 1734 tum
2302 1679 2583 1747 aspiceret,
2620 1677 2724 1734 sibi
2764 1676 3164 1747 quodammodo
3188 1684 3429 1745 ereptam
3467 1676 3704 1729 sentiret
3740 1692 3753 1727 :

2158 1772 2504 1833 vehementer
2551 1772 2674 1839 angi
2734 1770 2937 1837 animo,
2996 1770 3270 1838 variisque
3328 1765 3755 1837 cogitationibus

2155 1875 2386 1919 aestuare
2424 1865 2612 1934 coepit,
2642 1876 2860 1933 gravem
2911 1868 3174 1931 praeterea
3199 1864 3364 1914 vitam
3395 1862 3623 1923 ducere,
3655 1856 3761 1911 nisi

2157 1961 2300 2025 quod
2334 1956 2422 2011 ille
2450 1957 2773 2025 promiserat
2804 1951 2990 2022 perlici
3035 1952 3263 2006 videret.

2228 2048 2347 2103 XX.
2372 2048 2503 2104 Fide
2527 2047 2694 2119 igitur
2714 2045 3070 2101 conﬁrmatus
3094 2045 3291 2114 (neque
3324 2041 3465 2095 enim
3495 2040 3646 2094 illius
3666 2054 3761 2119 ex:

2158 2158 2284 2211 pers
2302 2151 2422 2198 erat
2447 2127 2707 2208 scientiae,
2733 2153 2838 2208 qua
2868 2137 3121 2209 cognosci
3153 2135 3246 2190 Dei
3276 2133 3533 2206 mymeria
3562 2112 3763 2186 solentl

2158 2236 2286 2307 quid
2316 2235 2457 2305 agit?
2498 2248 2606 2303 quo
2636 2247 2694 2287 se
2720 2230 3024 2287 convertit?
3053 2228 3325 2285 Pictorem
3349 2229 3603 2289 advocat,
3644 2234 3767 2278 arte

2160 2342 2435 2400 manuque
2469 2325 2761 2398 insignem,
2792 2334 2849 2378 et
2885 2322 3063 2393 qualis
3102 2321 3311 2387 habitu,
3346 2329 3519 2384 veste,
3546 2317 3769 2385 capillis

2159 2418 2613 2485 sanctusluisset,
2646 2416 2821 2472 verbis
2848 2416 3096 2485 designat
3130 2431 3143 2467 :
3184 2424 3296 2468 tum
3319 2410 3459 2481 aptis
3482 2410 3767 2467 coloribus

2160 2513 2211 2566 in
2264 2510 2447 2566 tabula
2470 2492 2647 2569 totam
2681 2509 2798 2579 ejus
2861 2502 3411 2579 imaginemexprimi
3439 2503 3624 2575 jubet.
3658 2500 3767 2556 Bc~

2158 2615 2353 2656 versus
2407 2601 2624 2656 dominii
2686 2598 2885 2670 pictor,
2948 2610 3125 2664 operte
3196 2593 3539 2663 pretiumque
3610 2599 3766 2647 ratus

2158 2696 2299 2764 quod
2322 2693 2509 2763 jussus
2542 2691 2735 2756 fuerat,
2760 2705 2921 2761 quam
2946 2688 3356 2745 accuratissime
3411 2693 3601 2756 posset
3660 2697 3769 2739 ex-

2158 2786 2310 2855 sequi
2350 2806 2364 2842 :
2391 2795 2511 2857 post
2553 2786 2731 2841 varios
2757 2792 3011 2849 conatus,
3034 2783 3232 2836 frustra
3264 2780 3478 2835 tandem
3505 2794 3570 2835 se
3606 2779 3770 2833 tabo-

2159 2892 2281 2934 rare
2310 2877 2690 2935 animadvertit
2726 2894 2744 2932 :
2784 2890 2884 2931 nec
2907 2875 3052 2930 enim
3099 2888 3163 2929 ex
3188 2871 3297 2927 sola
3332 2870 3656 2926 narratione
3675 2884 3773 2938 po-

2159 2976 2317 3034 terat,
2340 2970 2588 3039 quamvis
2632 2965 2996 3037 peritissimus
3029 2965 3164 3019 srtis
3183 2970 3239 3018 et
3262 2960 3773 3017 exercitatissimus

2084 3094 2131 3158 ε
2156 3070 2325 3124 esset,
2358 3074 2516 3133 quem
2552 3075 2828 3130 nunquam
2854 3059 3087 3121 viderat,
3116 3056 3183 3111 ad
3216 3068 3400 3110 veram
3438 3053 3773 3109 similitudi-

2158 3166 2283 3209 nem
2305 3151 2630 3221 exprimere.
2668 3149 2731 3207 In
2764 3150 2865 3205 hac
2901 3149 3068 3218 igitur
3114 3161 3248 3206 cura
3284 3146 3556 3203 versanti.
3597 3146 3774 3199 vehe-

2161 3253 2475 3315 menterque
2505 3242 2732 3310 dolenti,
2777 3244 2917 3313 quod
2969 3242 3081 3298 oris
3123 3241 3452 3297 lineamenta
3498 3237 3775 3309 effingere

2161 3354 2265 3395 non
2307 3347 2509 3409 posset.
2538 3346 2666 3393 ante
2705 3337 2889 3392 oculos
2938 3342 3163 3409 repente
3192 3333 3408 3390 exstitit
3455 3333 3779 3389 monachus

2160 3430 2403 3502 quidam,
2434 3429 2529 3503 qui
2558 3432 2613 3486 in
2667 3430 2810 3487 edes
2840 3428 2979 3485 clam
3025 3436 3360 3497 penetrarat,
3388 3435 3605 3481 Statura
3638 3439 3774 3495 pro-

2163 3538 2336 3584 cerus,
2370 3524 2554 3578 habitu
2584 3523 2882 3588 eremitico,
2918 3520 3160 3577 obsoleta
3199 3527 3351 3575 veste
3378 3519 3643 3581 amictus,
3680 3533 3779 3571 co-

2164 3631 2248 3668 ma
2295 3613 2570 3684 squalens,
2628 3611 2890 3681 capillitio
2932 3610 3209 3681 barbaque
3259 3609 3438 3677 niger,
3492 3609 3548 3662 in
3594 3608 3778 3661 omni.

2164 3708 2265 3764 bus
2288 3707 2516 3778 denique
2548 3705 2707 3769 beato
2761 3704 2878 3761 viro
2917 3702 3226 3759 simillimus
3256 3716 3276 3756 :
3307 3715 3429 3756 nam
3466 3709 3521 3755 et
3555 3699 3778 3769 virgam

2167 3814 2326 3856 manu
2351 3799 2571 3871 gerebat
2599 3798 2753 3869 cujus
2787 3812 2922 3869 apes
2968 3796 3022 3851 in
3052 3809 3270 3852 erucem
3314 3792 3628 3849 desinebat-
3668 3792 3779 3857 Qui

2168 3891 2373 3961 pictore
2415 3889 2643 3945 comiter
2700 3887 2939 3961 salutato
2976 3887 3230 3943 maeroris
3269 3883 3783 3953 sollicitudinisque

2167 3996 2386 4039 causam
2440 3979 2752 4036 sciscitatus
2800 3988 2907 4033 est.
2952 3976 3047 4032 Ille
3090 3990 3219 4031 vero
3264 3984 3320 4032 et
3376 3990 3599 4030 causam
3644 3988 3781 4031 mox

2170 4075 2404 4146 aperuit,
2447 4082 2498 4129 et
2535 4072 2719 4145 operis
2748 4068 3121 4128 dillicultat‘cm
3164 4069 3578 4126 demonstravit.
3628 4067 3781 4124 Tum

2170 4168 2277 4226 leui
2303 4169 2368 4222 ad
2404 4181 2527 4222 cum
2573 4180 2707 4221 voco
2754 4166 3057 4223 monachus
3120 4163 3269 4230 τηε,
3309 4161 3505 4233 inquit,
3557 4164 3784 4231 aspice.

2172 4262 2361 4328 I'rater,
2387 4259 2515 4314 mihi
2534 4273 2627 4331 per
2650 4256 2833 4313 omnia
2850 4256 3046 4313 similis
3076 4264 3180 4321 est,
3203 4270 3363 4325 quem
3400 4254 3676 4324 depingit
3712 4255 3779 4310 Ut

2140 4340 2145 4343 μ
2175 4346 2301 4424 ergo
2329 4351 2508 4407 acrius
2533 4350 2588 4406 In
2609 4347 2757 4405 illum
2787 4348 2972 4404 oculos
3002 4348 3236 4403 intendit
3267 4347 3463 4417 pictor,
3515 4345 3781 4415 penituso

486 4440 624 4499 Tum
647 4445 844 4501 eximia
873 4448 1108 4515 quadam
1144 4448 1199 4501 vi
1240 4449 1520 4504 charitatis
1558 4465 1754 4505 "tensa:
1781 4450 1943 4506 simul
1968 4464 2059 4527 ae-
2092 4445 2138 4501 ι)
2169 4456 2273 4514 que
2302 4439 2707 4510 circumspexil.
2765 4437 2912 4493 illum
2962 4437 3137 4509 ιρευηι
3182 4451 3305 4493 esse
3331 4437 3572 4527 agnovit.
3604 4450 3777 4503 quem

428 4607 432 4610 ~
486 4538 718 4602 cubans,
774 4546 827 4593 et
880 4538 1081 4593 laetitias
1126 4540 1401 4609 poculum,
1459 4556 1555 4596 ceu
1609 4543 1877 4611 poeticum
1925 4542 2070 4596 illum

488 4631 765 4701 Gygeona,
827 4630 1092 4685 malorum
1139 4632 1383 4687 omnium
1438 4615 1759 4688 oblivionem
1821 4638 2071 4692 merenti

490 4725 809 4795 propitiaris,
840 4725 1124 4778 oraculum
1158 4722 1634 4795 atljccitzllegiant
1686 4725 1864 4791 potius
1910 4725 2076 4781 bene-

492 4818 783 4872 volentiam
840 4816 1179 4887 adepturum,
1244 4817 1411 4872 vitam
1463 4826 1713 4873 anteacta
1774 4818 2069 4873 beatiorem

491 4920 760 4972 acturum,
784 4906 1007 4963 altiores
1036 4908 1103 4961 ad
1130 4909 1398 4963 honorum
1413 4909 1611 4979 gradus
1628 4923 2074 4974 conscensurum,

491 5002 558 5055 de
587 5000 731 5054 omni
757 4999 987 5067 denique
1007 4997 1252 5054 molestia
1282 5008 1336 5053 et
1360 4996 1667 5053 calamitate
1698 4997 2061 5065 triumphatu-

490 5109 610 5149 rum
638 5110 653 5148 :
678 5102 731 5147 et
758 5106 864 5157 me,
892 5091 1091 5162 inquit,
1112 5089 1340 5155 videbis,
1363 5100 1420 5145 et
1446 5091 1501 5145 in
1520 5090 1747 5159 patriam
1776 5089 1876 5145 sub
1904 5091 2064 5145 linem

496 5186 618 5239 vitae
651 5184 963 5239 reverteris.
990 5181 1121 5237 Nam
1152 5192 1207 5238 et
1233 5183 1349 5238 haec
1375 5196 1589 5252 quoque
1616 5180 1782 5235 Nicon
1805 5181 1884 5252 (ut
1909 5196 2074 5252 supra

495 5276 705 5331 dictum
742 5276 845 5346 est)
895 5289 923 5329 a
981 5273 1144 5329 Patre
1190 5270 1453 5329 luminum
1471 5273 1645 5343 gratia
1666 5280 1891 5327 ornatus
1933 5282 2073 5337 erat,

501 5378 553 5420 ιιι
584 5366 763 5420 futura
786 5380 941 5435 atque
971 5379 1037 5419 ac
1067 5362 1357 5435 praesentia
1399 5362 1722 5433 praevideret
1750 5361 1925 5434 Atque
1953 5378 2075 5419 oma-

501 5457 589 5512 nia
629 5473 780 5524 sane,
809 5468 864 5511 ut
893 5455 1245 5528 praedixerat,
1269 5462 1599 5511 evenerunt.
2054 5458 2057 5461 ‘

572 5548 760 5610 XVIII.
798 5550 1107 5609 Maiacenus
1148 5564 1278 5623 ergo
1310 5558 1567 5621 tanquam
1622 5564 1651 5603 ιι
1678 5548 1994 5620 prophetica
2023 5544 2077 5603 et

576 5737 653 5811 (5)
673 5736 871 5794 Baron.
901 5734 967 5792 ad
986 5750 1078 5791 an.
1103 5733 1230 5800 993.

2170 4534 2473 4589 Malaccuus
2506 4530 2681 4585 verbis
2711 4530 3042 4600 designant.
3097 4529 3277 4595 Quare
3302 4528 3372 4582 ad
3404 4526 3654 4581 tabulam
3692 4542 3778 4581 rc-

2169 4628 2362 4691 llexus,
2416 4634 2473 4677 ut
2522 4631 2865 4693 conspectam
2922 4618 3155 4697 formam
3210 4621 3540 4686 imitaretur,
3573 4634 3607 4675 ο
3656 4635 3777 4674 rem

2171 4714 2590 4772 admirandam!
2646 4726 2859 4769 sacnm
2895 4721 2980 4767 ter
3029 4713 3169 4768 beati
3220 4710 3446 4782 striglem
3499 4713 3550 4766 in
3584 4710 3778 4766 tabula

2169 4800 2284 4864 suis
2335 4807 2673 4862 lineamentis
2738 4814 2929 4875 suapte
2979 4819 3287 4873 expressam
3345 4814 3539 4875 sponte
3598 4803 3776 4867 videt,

2170 4913 2406 4967 cumque
2436 4898 2696 4953 miraculo
2720 4896 3130 4968 obstupefactus
3166 4896 3232 4951 ad
3262 4904 3513 4951 sanctum
3561 4895 3772 4960 subito,

2174 4990 2341 5063 Kyrie
2366 4989 2566 5045 eleison
2618 5004 2750 5055 cunt
2782 4988 3010 5045 horrore
3037 4986 3361 5051 inclamans,
3395 5002 3456 5040 se
3489 4986 3775 5051 vertisset,

2177 5082 2325 5138 illum
2355 5082 2584 5151 amplius
2607 5095 2718 5137 non
2750 5079 2907 5136 vidit.
2946 5079 3065 5135 Iam
3107 5078 3251 5136 enim
3285 5080 3624 5134 avolaverat.
3658 5077 3778 5132 Ita-

2170 5191 2278 5246 que
2306 5174 2371 5229 ad
2403 5174 2727 5229 delineatam
2771 5172 3030 5230 divinitus
3079 5170 3311 5227 formam
3362 5169 3573 5240 reliqua
3614 5169 3775 5225 colo-

2175 5284 2291 5322 rum
2322 5265 2593 5338 pigmenta
2616 5265 2899 5335 adjiciens,
2923 5263 3555 5335 perfectansimaginem,
3584 5262 3775 5334 qualis

2174 5360 2436 5431 hodieque
2492 5361 2547 5415 in
2604 5373 2761 5415 sacro
2808 5357 2951 5415 beati
2994 5358 3193 5429 templo
3222 5369 3493 5429 suspensa
3544 5353 3771 5419 visitur,

2172 5457 2421 5512 omnibus
2456 5454 2700 5512 numeris
2732 5454 3005 5519 absolvit,
3052 5453 3345 5523 statimque
3376 5438 3463 5506 ad"
3486 5448 3773 5521 spectabi-

2174 5547 2279 5602 letn
2329 5544 2662 5605 Malacenum
2691 5562 2815 5605 cunt
2843 5546 2933 5603 illa
2960 5557 3262 5618 properans
3302 5560 3317 5600 :
3354 5540 3535 5601 omnis
3574 5541 3679 5610 illi,
3703 5547 3775 5596 Is
