4070 6328
245 275 351 343 935

1763 292 1964 364 YITA.

3407 286 3512 357 986

247 391 580 459 acciderant,
615 394 806 450 ordine
860 397 1189 467 percensuit.
1245 399 1449 466 Quibus
1478 399 1569 458 ille
1601 401 1818 470 auditis,
1852 407 1897 464 Α
1925 402 2118 458 extulit
2144 443 2159 468 ,
2197 416 2316 469 qua:
2346 402 2506 459 hodie
2553 408 2851 470 spectatur,
2887 407 2941 458 et
2976 400 3294 472 pmclarum
3336 400 3509 456 divini

245 502 364 541 cum
418 502 486 542 ex
520 486 697 543 oblata
742 491 934 560 pictori
989 490 1208 549 Niconis
1250 494 1445 564 specie,
1514 510 1580 551 ne
1624 495 1678 550 in
1727 496 1829 551 hac

245 581 464 651 quidem
528 593 681 653 parte
730 584 944 640 inanem
1009 584 1176 641 fuisse
1229 586 1346 657 ejus
1398 589 1825 657 praedictionem,

245 676 745 742 animadverteret,
791 680 990 750 ingenti
1044 681 1239 750 gaudio
1293 682 1568 750 perfusus,
1605 681 1830 737 mirabi-

247 769 379 824 lium
437 768 528 824 Dei
583 786 806 839 operum
860 772 1067 835 laudes,
1108 784 1162 828 et
1203 784 1469 843 quantum
1527 791 1558 829 a
1617 774 1827 843 Spiritu

243 871 435 916 sancto
501 861 729 931 gratiam
782 866 1006 918 sortitus
1066 861 1236 918 Nicon
1285 875 1468 928 esset,
1532 866 1831 934 praedicare

246 969 524 1024 nunquam
565 955 772 1009 destitit
806 973 819 1008 :
857 956 951 1010 sed
994 954 1252 1008 Malaceni
1285 955 1521 1026 quidem,
1569 966 1624 1009 et
1662 971 1832 1010 sacra:

244 1043 498 1115 imaginis
543 1046 764 1100 historia
796 1048 876 1102 sic
914 1061 971 1101 se
1008 1047 1191 1100 habet.

317 1136 460 1191 XXI.
509 1137 662 1191 Venit
719 1139 1081 1193 cubicularius
1125 1140 1340 1209 quidam
1388 1142 1456 1196 ab
1503 1141 1832 1210 imperatore

248 1233 401 1286 aurei
446 1233 633 1286 trinnti
667 1248 831 1288 causa
878 1234 1112 1290 missus:
1142 1237 1254 1304 qui,
1305 1244 1361 1288 ut
1407 1236 1647 1304 pecuniae
1715 1244 1831 1288 tur-

247 1326 441 1392 pieque
485 1327 616 1380 lucri
652 1327 976 1394 percupidus
1016 1337 1153 1392 erat,
1205 1343 1426 1395 magnas
1469 1343 1587 1381 cum
1622 1328 1833 1381 caeteris

247 1417 458 1470 civibus
507 1426 616 1471 tum
671 1417 845 1471 sancti
899 1417 952 1471 in
1001 1418 1193 1488 primis
1249 1418 1501 1472 coenobio
1551 1419 1832 1472 molestias

247 1509 559 1564 exhibebat.
596 1507 782 1563 Solent
836 1511 979 1564 enim
1030 1510 1306 1564 civitatum
1352 1509 1577 1578 imperia
1614 1519 1668 1563 et
1705 1523 1831 1562 exa-

245 1604 460 1656 ctiones
496 1616 606 1655 non
652 1605 821 1670 :rquis
853 1611 905 1656 et
943 1603 1214 1671 benignis,
1252 1603 1343 1656 sed
1391 1602 1724 1668 durioribus,
1778 1611 1833 1655 nt.

246 1696 559 1760 plurimum,
596 1705 651 1748 et
692 1695 1158 1749 inlinmanioribns
1191 1695 1448 1763 delegari.
1482 1693 1704 1748 Frustra
1737 1709 1831 1744 an-

247 1795 358 1841 tetn
396 1786 666 1848 monachi,
708 1786 903 1854 quibus
945 1785 1058 1840 auri
1105 1785 1236 1839 nihil
1279 1795 1417 1852 erat,
1455 1784 1717 1838 immitem
1756 1784 1831 1838 fe—

247 1893 483 1948 rumque
511 1879 665 1932 linire
688 1877 933 1947 precibus
955 1876 1259 1941 Studebant,
1284 1876 1373 1946 qui
1403 1893 1590 1930 aurutn
1619 1877 1829 1940 sitiens,

245 1969 395 2025 velut
454 1971 598 2037 aSpis
648 1970 711 2022 ad
748 1969 1138 2023 incantantium
1191 1983 1348 2021 voces
1390 1967 1830 2033 obsurdescebat,

243 2071 300 2118 et
334 2071 593 2131 tanquam
623 2062 901 2130 spinarum
952 2076 1144 2116 sonum
1186 2062 1286 2114 sub
1314 2060 1485 2115 lebetc
1515 2059 1681 2133 [quod
1706 2061 1832 2113 scri-

242 2169 402 2226 ptum
442 2154 546 2228 est]
587 2156 767 2212 omnia
819 2157 1032 2210 illorum
1076 2156 1236 2210 verba
1268 2153 1672 2218 contemnebat,
1698 2155 1829 2222 quin

239 2257 297 2301 ct
333 2246 576 2302 ferocius
601 2247 952 2308 insolescens.
997 2256 1116 2316 post
1163 2258 1376 2302 atroces
1411 2247 1585 2300 minas
1623 2247 1676 2300 in
1712 2261 1833 2300 car—

239 2355 430 2394 cerem
468 2355 560 2395 eos
590 2339 820 2394 detrusit
848 2355 910 2393 ac
943 2344 1332 2396 monasterium
1366 2342 1536 2410 ipsum
1592 2340 1834 2410 expilare

239 2431 656 2502 depnedarique
698 2447 884 2486 vecors
911 2432 1295 2487 meditabatur.
1333 2430 1486 2498 Quod
1523 2433 1703 2488 caeteri
1739 2449 1836 2487 au-

239 2524 463 2578 dientes
485 2526 572 2594 qni
598 2524 647 2577 in
678 2539 743 2578 eo
778 2527 1191 2587 exercebantur,
1219 2525 1282 2576 ad
1309 2537 1555 2580 sanctum
1583 2527 1834 2596 precibus

239 2616 584 2671 exorandum
620 2628 677 2671 se
713 2625 1034 2670 convertunt
1067 2626 1496 2686 praesentemque
1525 2616 1639 2686 ejus
1674 2631 1833 2687 opem

238 2709 368 2762 sine
402 2721 551 2762 mora
580 2707 785 2776 experti
819 2717 963 2761 sunt.

317 2796 492 2854 XXII.
529 2796 740 2852 Etenim
774 2800 1019 2867 proxima
1059 2809 1236 2865 nocte,
1270 2800 1466 2855 minaci
1499 2810 1659 2869 atque
1696 2798 1839 2855 indi-

239 2890 540 2961 gnabunda
571 2888 713 2944 vultu
739 2893 804 2942 ad
837 2891 1228 2946 cubicularium
1259 2893 1480 2946 veniens
1504 2899 1724 2947 sanctus
1747 2889 1840 2944 Ni—

239 2999 374 3048 eon,
419 2982 600 3036 multis
640 2997 762 3038 eum
812 2983 1128 3037 verberibus
1174 2984 1405 3053 excepit.
1462 2983 1538 3038 Eo
1583 2984 1725 3054 quod
1768 2983 1840 3038 in-

1934 497 2029 551 viri
2087 494 2369 551 consilium
2431 495 2792 566 pietatemque
2864 493 3026 550 tacito
3081 495 3350 565 prmeonio
3421 493 3512 547 de-

1928 588 2121 644 clarat.

2001 679 2189 736 XXIII.
2221 679 2326 734 Sed
2355 679 2422 735 ad
2450 678 2668 749 impium
2692 678 3018 734 Antiochum
3041 679 3406 734 convertenda
3429 690 3512 735 est

1931 773 2124 826 oratio.
2162 769 2396 826 Prteerat
2435 770 2480 825 is
2513 770 2667 825 ducis
2702 779 2972 840 potestate
3036 769 3377 826 ethnicorum
3413 786 3511 824 te-

1933 863 2095 931 gioni.
2123 863 2196 916 Eo
2223 869 2400 916 autem
2433 861 2573 916 inter
2597 870 2788 915 caetera
2815 859 2935 914 vitae
2956 858 3151 930 ﬂagitia
3177 869 3516 930 proceSserat

1933 952 2205 1019 amentiae,
2239 960 2298 1005 ut
2345 953 2519 1020 ipsum
2552 949 2697 1006 beati
2741 959 3125 1005 testamentum
3163 949 3364 1004 violare
3409 967 3511 1004 non

1934 1046 2220 1101 dubitaret.
2270 1046 2454 1114 Itaque
2499 1043 2779 1098 finitimum
2838 1043 3175 1097 ethnicorum
3220 1057 3327 1097 orae
3381 1058 3521 1112 prm-

1938 1140 2080 1192 dium
2117 1139 2400 1204 invadens,
2436 1136 2618 1192 sedem
2654 1137 2707 1190 in
2746 1151 2830 1199 eo,
2867 1135 3291 1192 reclamantibus
3327 1153 3515 1190 mona-

1933 1232 2074 1299 chis,
2111 1233 2506 1298 tentoriumque
2541 1231 2672 1286 fixit.
2717 1229 2782 1285 Et
2808 1247 2872 1285 ne
2901 1229 3026 1300 quid
3058 1229 3251 1284 sceleri
3276 1230 3513 1296 deesset,

1935 1339 2059 1378 cum
2102 1325 2276 1379 locum
2327 1321 2542 1392 perfuso
2597 1323 2943 1377 circumcirca
3003 1337 3194 1377 cruore
3254 1324 3520 1376 contam’-

1936 1426 2159 1480 nasset,
2218 1417 2430 1486 impuro
2506 1417 2558 1468 iu
2611 1413 2887 1468 libidinum
2944 1429 3098 1469 coeno
3167 1412 3521 1481 nefandisque

1935 1508 2165 1580 ﬂagitiis,
2200 1525 2296 1564 suo
2352 1509 2464 1563 illic
2521 1523 2668 1562 more
2718 1506 3081 1575 volutabatur,
3115 1506 3289 1577 quoad
3330 1506 3522 1578 dignos

1938 1601 2257 1657 temeritatis
2299 1616 2407 1656 sua:
2458 1601 2665 1654 fruetus
2719 1616 2746 1651 a
2785 1595 2987 1653 Sancto
3027 1602 3278 1669 perceth.
3312 1599 3361 1654 Is
3393 1615 3523 1672 ergo

1936 1709 2034 1762 per
2072 1704 2284 1748 noctem
2337 1694 2660 1748 formidabili
2724 1695 2979 1763 trucique
3021 1707 3119 1748 ore
3164 1693 3235 1747 illi
3295 1704 3477 1746 astans
3505 1731 3522 1755 ,

1935 1793 2054 1855 post
2085 1785 2370 1841 horribiles
2418 1786 2664 1839 incussos
2699 1793 2958 1851 terrores,
2998 1783 3272 1854 crucigeru
3305 1783 3520 1838 demi-un

1936 1878 2127 1933 baculo
2148 1877 2287 1932 latus
2309 1877 2490 1933 lethali
2515 1877 2665 1946 plaga
2689 1876 2978 1947 percussit.
3003 1877 3114 1943 Qua
3142 1876 3372 1940 excitus,
3398 1891 3519 1928 eum

1934 1983 2218 2030 exeuntem
2261 1971 2544 2026 etentorio
2573 1985 2946 2041 percussorem
2986 1980 3248 2036 notasset,
3309 1970 3524 2023 famulis

1937 2059 2174 2137 quidem,
2202 2076 2259 2120 ut
2286 2081 2407 2121 eum
2433 2063 3158 2135 comprehenderent,cruda
3179 2073 3232 2117 et
3260 2063 3521 2117 lamenta-

1935 2161 1968 2214 li
1992 2162 2025 2215 li
2045 2174 2176 2216 voce
2201 2157 2515 2228 imperabat,
2543 2171 2730 2211 verum
2751 2155 2822 2210 illi
2850 2155 3114 2209 neminem
3141 2153 3414 2208 videbant.
3441 2152 3516 2208 Et

1935 2267 2041 2322 quo
2075 2251 2284 2306 demum
2313 2248 2436 2302 mali
2471 2249 2672 2303 fontem
2710 2245 2872 2302 miser
2911 2261 3231 2316 agnoscens,
3254 2243 3517 2299 Sanctum

1936 2342 2101 2400 fuisse
2132 2327 2488 2412 intelligebat,
2517 2340 2605 2409 qui
2647 2339 2841 2394 vulnus
2871 2338 3143 2393 inflixerat
3180 2337 3516 2393 invasorern-

1936 2451 2043 2507 que
2083 2449 2242 2488 suum
2277 2449 2341 2486 ex
2369 2432 2480 2486 suis
2513 2430 2732 2486 sedibus
2762 2430 2960 2498 pellere
3013 2431 3316 2500 satagebat.
3349 2429 3524 2494 Quare

1938 2541 2235 2583 conscenso
2261 2541 2380 2580 mox
2420 2539 2581 2593 equo,
2604 2521 3045 2576 Lacedretnoncm
3080 2522 3380 2576 contendit.
3419 2519 3524 2573 Sed

1940 2621 2118 2676 stadia
2165 2619 2305 2673 haud
2334 2604 2568 2687 amplius
2611 2615 2824 2688 triginta
2858 2625 3234 2684 processerat,
3275 2629 3398 2669 cum
3433 2615 3527 2666 do.

1939 2712 2065 2767 loris
2099 2693 2396 2765 acerbitate
2427 2711 2704 2771 victus,“
2735 2722 2873 2775 equo
2907 2706 3260 2769 descendens,
3283 2704 3528 2759 mediain

1939 2806 2021 2859 via
2060 2806 2285 2872 turpiter
2303 2804 2351 2856 itt
2382 2818 2601 2856 suorum
2628 2800 2886 2856 manibus
2912 2801 3254 2854 eXanitnatns
3287 2800 3486 2852 interiit
3511 2843 3524 2862 ,

1941 2909 2105 2962 reque
2145 2895 2198 2948 in
2242 2907 2327 2972 eo,
2357 2894 2501 2962 quod
2535 2891 2586 2946 in
2634 2889 2947 2946 Proverbiis
3000 2889 3212 2958 legitur,
3259 2890 3531 2958 expletum

1941 3002 2054 3045 est:
2086 2966 2289 3042 Anime
2308 2988 2614 3056 iniquorum
2632 2985 2932 3039 immatura:
2950 2983 3211 3052 peribunt,
3237 2993 3281 3036 et
3299 2966 3529 3049 perversi

244 3075 448 3146 quiens
478 3073 620 3145 [ejus
663 3075 808 3127 enim
854 3074 1033 3129 verbis
1072 3075 1328 3130 utendum
1365 3073 1472 3146 est]
1519 3074 1834 3130 monasterii
1866 3103 1909 3158 α
1943 3083 1998 3135 in
2050 3089 2216 3134 morte
2251 3079 2520 3164 repentina
2550 3076 2732 3145 (Prov.
2767 3091 2849 3142 ιη,
2887 3091 2999 3132 sec.
3047 3073 3236 3146 LXX.)
3281 3075 3528 3130 Miserum

241 3179 554 3233 curatores,
580 3184 701 3223 cuin
735 3167 831 3237 ipsi
863 3168 995 3223 nihil
1023 3166 1396 3238 deliquissent,
1421 3168 1652 3224 vinculis
1684 3184 1837 3222 man-

240 3264 450 3334 cipasti
504 3281 518 3312 -.
565 3263 706 3330 quod
763 3262 866 3314 nisi
909 3274 1004 3315 eos
1049 3260 1233 3317 statim
1261 3259 1559 3325 exemeris,
1606 3261 1838 3316 acerbus

245 3365 516 3426 prmterea
554 3364 602 3407 te
635 3369 661 3406 v
689 3364 756 3408 tae
787 3354 962 3408 exitus
1004 3361 1209 3408 manet.
1251 3349 1464 3406 Profuit
1508 3350 1747 3423 palatino
1773 3352 1837 3404 ad

243 3453 532 3508 saniorem
595 3459 830 3502 mentem
893 3449 1006 3503 hate
1058 3446 1294 3503 afﬂictio.
1355 3445 1514 3502 Hane
1564 3446 1730 3516 igitur
1786 3454 1839 3500 et

245 3547 466 3598 vinctos
528 3542 718 3596 eduxit
773 3551 828 3595 et
886 3541 950 3593 ad
1004 3539 1262 3609 templum
1307 3553 1624 3608 properans,
1671 3552 1840 3593 saeue

247 3640 428 3691 theca:
458 3635 739 3691 advolutus
769 3649 892 3689 cum
922 3632 1176 3705 lacrymis
1216 3633 1454 3687 audacia:
1491 3647 1602 3686 suae
1631 3631 1838 3686 veniam

246 3749 274 3784 a
333 3730 544 3785 Sancto
585 3727 767 3796 petiit,
833 3726 1194 3780 discessurum
1261 3724 1534 3795 extemplo
1576 3721 1843 3778 Lacedae-

247 3837 422 3881 mone
461 3822 805 3892 promittens,
847 3827 900 3874 et
927 3816 1138 3874 civibus
1171 3833 1363 3873 aurqu
1390 3817 1534 3889 quod
1562 3827 1840 3887 exegerat,

246 3918 599 3978 relicturum,
642 3913 786 3982 quod
816 3926 873 3967 re
904 3913 1015 3982 ipsa
1045 3915 1321 3982 praestitit.
1349 3909 1486 3966 Nam
1550 3911 1732 3967 aureis
1759 3927 1843 3965 se-

250 4010 542 4082 ptuaginta
597 4004 1001 4081 [septingentis]
1028 4006 1240 4063 duobus
1292 4007 1359 4060 ad
1425 4004 1565 4058 beati
1610 4001 1844 4058 loculum

249 4104 512 4176 abjectis,
543 4099 1284 4176 conscensoequoprotinus
1322 4098 1604 4154 abscessit.
1635 4098 1842 4152 Aurum

248 4173 414 4267 ergo,
459 4193 551 4264 qui
582 4173 916 4249 monasterio
959 4203 1071 4247 tum
1113 4199 1364 4261 praerat,
1398 4189 1848 4257 Constantinopo-

251 4277 351 4344 lim
381 4285 528 4342 misit
558 4286 625 4340 ad
656 4283 1022 4354 praepositum.
1047 4281 1101 4338 Is
1134 4297 1262 4337 vero
1294 4282 1560 4350 coemptis
1594 4284 1693 4334 hoc
1725 4270 1848 4347 pre-

253 4382 332 4436 tio
377 4379 552 4433 sacris
584 4377 869 4447 pyxidibus
910 4374 1136 4444 aliisque
1179 4373 1430 4444 pretiosis
1479 4371 1710 4427 vasculis
1743 4388 1846 4426 non

1941 3187 2102 3246 porro
2157 3172 2298 3240 illius
2360 3172 2592 3224 cadaver
2647 3170 2897 3239 Spartam
2951 3168 3232 3230 delatum,
3285 3167 3530 3236 sequenti

1940 3245 2096 3320 nocte
2126 3264 2206 3336 (ut
2240 3274 2495 3319 constans
2534 3261 2674 3315 fama
2717 3262 2820 3331 est)
2868 3260 3024 3332 ignis,
3064 3259 3328 3313 incertum
3370 3245 3532 3324 unde,

1941 3358 1992 3412 in
2028 3357 2260 3410 loculum
2295 3357 2626 3423 irrumpens,
2656 3364 2947 3421 utrumque
2974 3351 3133 3405 simul
3170 3352 3530 3418 consumpsit,

1941 3461 1996 3504 et
2033 3450 2084 3504 in
2118 3449 2357 3503 cinerem
2396 3445 2622 3517 redegit.

2012 3542 2130 3598 Non
2169 3543 2347 3595 minus
2393 3538 2692 3608 pavendum
2723 3545 2800 3590 est
2834 3535 2974 3605 quod
3014 3533 3277 3602 sequitur.
3308 3529 3533 3586 Michael

1944 3637 2032 3691 ille
2089 3633 2560 3702 Chaeresphactes,
2634 3630 2715 3684 vir
2769 3628 2979 3683 scilicet
3040 3626 3305 3686 illustris,
3378 3624 3536 3676 rutili-

1943 3746 2048 3803 que
2069 3729 2210 3786 inter
2234 3727 2668 3784 Lacedsemonios
2689 3735 2902 3780 nostros
2935 3724 3157 3786 honore,
3190 3719 3380 3789 gloria,
3413 3718 3533 3788 opi-

1944 3829 2045 3884 bus
2075 3823 2380 3881 secundus:
2414 3822 2479 3875 ad
2505 3822 2617 3874 haec
2650 3817 2924 3881 facundia,
2953 3813 3150 3880 indole,
3182 3817 3375 3877 lornia,
3407 3826 3533 3864 sua-

1949 3920 2112 3973 vitate
2147 3929 2392 3976 morutn,
2437 3909 2700 3980 sapientia
2747 3908 2960 3976 aliaque
3004 3903 3154 3957 omni
3206 3901 3359 3955 laude
3395 3914 3534 3969 prte-

1947 4019 2099 4064 stans
2131 4014 2277 4071 erat,
2311 4003 2446 4058 adeo
2481 4012 2540 4056 ut
2571 4001 2623 4055 iit
2653 4014 2748 4054 ore
2777 3998 3022 4052 omnium
3053 4008 3174 4048 cum
3209 3991 3530 4046 suavissimo

1947 4117 2107 4158 sensu
2152 4105 2479 4154 versaretur.
2516 4093 2621 4149 Sed
2682 4105 2846 4161 quam
2895 4086 3109 4142 dilﬁcile
3156 4093 3238 4140 est.
3279 4087 3531 4137 humanm

1948 4203 2154 4248 natura:
2184 4189 2355 4246 hostis
2383 4187 2590 4242 insidiis
2624 4197 2898 4254 nunquam
2931 4178 3318 4240 succumbere,
3358 4188 3533 4230 recte-

1949 4301 2054 4356 que
2093 4288 2194 4338 iter
2227 4295 2398 4351 usque
2439 4281 2506 4332 ad
2537 4277 2699 4332 finem
2740 4272 3004 4332 inolenso
3031 4272 3168 4341 pede
3203 4266 3539 4323 decurrere!

1950 4376 2180 4433 Deflettit
2205 4374 2288 4428 vir
2315 4369 2778 4439 incomparabilis,
2808 4379 2861 4421 et
2894 4365 3104 4419 invidia:
3127 4361 3246 4416 face
3274 4375 3538 4415 accensus

251 4474 473 4546 paucis,
498 4470 567 4526 ad
595 4471 986 4526 monasterium
1025 4469 1208 4524 omnia
1239 4466 1444 4529 ἀϐιυιὶι.
1472 4482 1589 4535 qua:
1613 4467 1677 4519 ad
1701 4467 1843 4520 hunc
1873 4459 1920 4520 ο
1945 4479 2133 4526 contra
2184 4466 2565 4521 monasterium
2599 4459 2943 4532 impudenter
2984 4457 3220 4521 exarsit,
3267 4454 3541 4510 levissimo

253 4582 440 4637 usque
470 4565 610 4619 diem
642 4561 826 4633 templi
892 4561 1078 4616 usibus
1121 4559 1500 4631 percommode
1528 4566 1849 4622 cernuntur,

255 4671 312 4715 et
337 4655 688 4729 splendorem
711 4654 787 4710 illi
817 4670 924 4709 non
963 4668 1189 4723 parvum
1211 4653 1434 4716 addunt,
1462 4650 1628 4704 variis
1650 4648 1853 4718 alioqui

254 4762 308 4809 et
360 4749 597 4822 egregiis
650 4748 890 4804 omnium
939 4761 1197 4818 generum
1247 4743 1581 4800 ornamentis
1627 4741 1850 4806 referto,

255 4858 398 4899 cura
443 4842 502 4896 in
547 4840 739 4910 primis
785 4839 1075 4910 studioque
1124 4837 1364 4908 ejusdem
1412 4835 1706 4906 prapositi.
1757 4832 1853 4890 llic

258 4935 413 4991 enim
445 4933 533 4989 vir
565 4933 799 5002 optimus
828 4942 881 4988 et
914 4929 1505 5002 magnificentissimae,
1536 4929 1719 4983 divino
1736 4928 1854 4984 zelo

261 5043 596 5093 succensus,
625 5041 842 5081 onmem
873 5041 1092 5095 operam
1130 5026 1330 5097 posuit,
1372 5033 1430 5079 ut
1477 5023 1657 5090 templi
1703 5033 1858 5077 vetu-

262 5137 474 5181 statetn
521 5128 859 5194 abstergeret
890 5123 1114 5194 ejusque
1144 5121 1382 5193 speciem
1443 5118 1662 5188 penitus
1703 5133 1857 5174 reno-

261 5228 453 5280 varet,
502 5217 643 5285 quod
666 5223 721 5270 et
742 5215 984 5269 donariis
1008 5213 1198 5268 deinde
1239 5211 1654 5282 quamplurimis
1685 5208 1853 5269 auxit,

263 5308 652 5365 columnarum
696 5305 924 5372 fulgere,
975 5303 1263 5376 politorum
1301 5300 1538 5370 lapidum
1582 5297 1856 5353 coloribus

265 5405 461 5469 variis,
503 5405 944 5472 picturarumqne
976 5398 1550 5473 prmstantissitnarum
1594 5394 1855 5450 varietate

264 5483 1022 5565 condecoravit,porticibus
1064 5496 1224 5550 etiam
1260 5505 1314 5548 et
1360 5490 1640 5549 vestibulis
1685 5490 1859 5561 gradi-

270 5594 486 5659 busque
522 5589 899 5646 circumcinxit
935 5607 949 5642 :
986 5587 1050 5642 ad
1096 5601 1219 5643 eam
1269 5583 1502 5654 denique
1538 5579 1852 5653 dignitatem

349 5779 370 5806 ⁸
396 5775 556 5832 Prov.
595 5792 681 5840 tit,
709 5789 817 5828 ειυς.
849 5769 1006 5826 LXX.

1950 4561 2227 4632 cuiusdam
2279 4558 2395 4628 agri
2438 4564 2731 4627 prmtextu,
2771 4567 2932 4622 quem
2975 4549 3171 4606 lzedere
3223 4546 3539 4602 monasterii

1951 4668 2145 4726 pecora
2161 4651 2500 4708 dicebautur.
2520 4646 2660 4715 Ergo
2673 4645 2896 4700 collecta
2916 4643 3344 4698 facinorosorum
3370 4639 3542 4694 homi-

1955 4765 2079 4803 num
2109 4760 2293 4808 tnanu,
2326 4759 2449 4799 cum
2474 4741 2538 4795 ad
2566 4741 2742 4794 locum
2767 4739 3030 4799 venisset,
3061 4736 3294 4807 primum
3326 4734 3542 4804 quidem

1953 4838 2229 4895 Zosimum
2266 4835 2589 4891 monachum
2635 4831 2791 4885 annis
2825 4842 3076 4900 gravem,
3102 4829 3190 4896 qui
3226 4823 3541 4878 monasterii

1953 4947 2046 4988 res.
2068 4928 2412 5003 procumbat,
2438 4924 2572 4981 nihil
2602 4923 2719 4991 ejus
2751 4935 2942 4986 canos,
2971 4933 3072 4974 nec
3107 4918 3362 4971 virtutem
3405 4915 3547 4967 vcri-

1956 5035 2074 5088 tus,
2101 5030 2252 5078 veste
2278 5034 2378 5077 sua
2403 5016 2688 5089 spoliatum
2734 5024 2898 5083 atque
2948 5012 3002 5065 in
3067 5020 3268 5065 terram
3304 5014 3549 5078 prostra-

1955 5113 2317 5185 tum,.pugnis
2348 5111 2688 5179 fustibusque
2739 5108 2809 5161 ita
2836 5103 3075 5166 vexavit,
3108 5111 3168 5155 ut
3201 5110 3410 5154 tantum
3443 5113 3548 5150 non

1905 5220 1915 5229 "
1953 5208 2319 5266 exanimatum
2345 5205 2655 5272 reliquerit;
2694 5200 2888 5256 deinde
2936 5197 3341 5269 Syracusanum
3392 5191 3543 5245 illuni

1959 5301 2273 5374 Dionysium
2298 5299 2500 5353 Imitari
2529 5297 2717 5352 volens
2737 5339 2752 5364 ,
2780 5296 2833 5349 in
2863 5303 3106 5364 agrestes
3135 5291 3300 5343 etiam
3352 5302 3546 5355 operas

1960 5393 2296 5462 famulosque
2315 5390 2507 5446 saivire
2535 5391 2780 5460 parabat,
2799 5387 2901 5442 nisi
2930 5385 3053 5452 fuga
3083 5383 3241 5437 saluti
3273 5396 3383 5434 sua:
3417 5394 3548 5433 con-

1961 5483 2275 5540 suluissent.
2295 5480 2432 5536 Tum
2454 5496 2582 5537 vero
2615 5477 2931 5536 monasterii
2957 5490 3044 5531 res
3067 5489 3257 5531 omnes
3284 5471 3547 5544 Nysorum

1963 5577 2158 5650 prinde:
2187 5578 2456 5648 exposuit,
2492 5590 2597 5632 non
2632 5575 2803 5630 caulis
2854 5572 3007 5644 ipsis,
3057 5579 3424 5643 pecorumque
3459 5577 3545 5618 se-
