4052 6342
492 298 603 378 937

1720 324 2134 386 TllEODOSII
2203 324 2472 387 DlACON
2485 327 2509 386 [

3657 296 3767 384 9-83.

498 437 602 505 ptis
633 450 882 505 parcens,
907 439 1104 507 quibus
1132 440 1290 495 etiam
1325 439 1567 497 ﬂammas
1593 443 1841 511 subjecit,
1866 462 1931 500 ne
1949 446 2075 515 quid
2109 452 2153 508 Α
2184 459 2386 510 nostra,
2421 460 2646 516 pravum
2674 443 2962 509 fictumque
2997 432 3227 493 bom'lnis
3249 437 3490 492 animum
3515 438 3753 505 intuens.

494 535 638 583 esset
665 542 769 595 quo
792 529 894 599 tegi
920 544 1094 600 capra)
1131 546 1367 603 ovesque
1399 543 1451 587 et
1474 551 1500 584 a
1526 532 1702 588 furu-m
1722 534 2067 606 ferarumque

495 618 706 673 insidiis
750 620 960 673 defendi
1009 618 1244 688 possent.
1298 624 1369 677 ita
1421 625 1669 691 demum,
1714 628 1866 696 quasi
1914 641 2067 699 parta

493 708 740 774 victoria,
772 723 962 773 ovans,
992 709 1043 763 iu
1071 726 1207 779 equo
1232 716 1399 766 miser
1424 714 1751 778 exsultabat,
1770 730 1889 768 cum
1916 718 2067 771 subi.-

504 812 611 856 tam
642 802 800 857 illata:
841 814 1027 858 sancto
1050 804 1257 873 injuria:
1288 808 1575 861 vindictam
1606 798 1861 879 expertus
1889 821 1994 867 est.

568 894 754 949 XXIV.
794 895 959 951 Nocte
982 898 1241 963 insecuta,
1278 902 1531 967 terribili,
1556 911 1615 955 nt
1647 904 1697 956 iu
1729 904 1811 958 his
1836 907 2065 971 solebat,

494 996 716 1054 aspectu
747 988 1031 1042 dormienti
1071 1001 1289 1045 sanctus
1312 993 1479 1047 Nicon
1522 1009 1579 1049 se
1621 996 1834 1064 objicit,
1862 999 2068 1068 gravis~

494 1078 756 1148 simisque
801 1091 854 1135 et
907 1085 1189 1138 acerrimis
1216 1087 1393 1141 verbis
1437 1089 1764 1157 increpans:
1797 1089 1935 1156 Quid
1969 1091 2064 1145 tibi

502 1188 732 1238 mecutu,
776 1176 872 1239 ait,
924 1186 986 1231 ut
1020 1186 1226 1232 tantum
1281 1181 1522 1236 audaciae
1554 1183 1856 1252 furoris-que
1881 1187 2066 1238 conci-

495 1280 643 1334 pere,
680 1276 735 1321 et
757 1276 942 1322 contra
974 1284 1069 1323 nos
1120 1271 1394 1343 Deumque
1449 1276 1623 1344 ipsum
1653 1276 1933 1345 insurgere
1960 1291 2066 1329 non

497 1357 862 1425 furinidares‘l
890 1346 994 1415 Sed
1020 1361 1257 1416 diuturni
1290 1366 1611 1433 arrogantite
1654 1366 1808 1436 hujus
1841 1372 2067 1420 conatus

499 1458 601 1503 non
640 1460 820 1517 erunt,
867 1453 1176 1523 seutiesque
1200 1458 1416 1509 tandem
1456 1458 1600 1512 haud
1628 1458 1919 1525 optabilem
1952 1459 2069 1511 exi-

497 1549 607 1595 tum
634 1542 766 1608 fore,
803 1558 866 1598 ac
892 1545 1103 1601 docebit
1146 1548 1479 1614 experientia
1523 1562 1782 1618 quantum
1824 1552 1949 1605 mali
1999 1554 2069 1605 sit

497 1634 795 1699 tenneritas,
823 1645 877 1689 et
903 1636 1133 1705 projecta
1158 1640 1210 1690 iu
1235 1637 1399 1693 Deum
1454 1642 1676 1710 ejusque
1701 1658 1886 1697 servos
1917 1660 2071 1697 arro-

496 1724 715 1792 gantia;
756 1737 916 1797 atque
960 1729 1043 1782 his
1078 1730 1236 1785 dictis
1285 1733 1527 1786 recessit.
1582 1732 1891 1788 Michaelem
1938 1748 2070 1788 vero

2175 540 2349 610 qualis
2379 538 2432 592 in
2455 535 2726 607 plerisque
2755 533 2890 589 solet
2921 546 3039 585 esse
3070 528 3383 583 mortalium
3412 545 3425 580 :
3473 530 3562 594 qui
3628 538 3765 581 lem-

2174 646 2305 699 pore
2333 630 2548 701 quidem
2583 626 2885 680 afﬂictinnis
2913 622 3006 677 Dei
3036 623 3395 676 reoordantur
3416 660 3429 684 ,
3461 635 3757 689 aspernan-

2178 733 2263 777 tur
2284 733 2460 777 autem
2488 736 2607 775 eum
2635 717 2867 784 exempti
2898 716 3051 769 malis
3083 713 3325 767 fuerint:
3354 713 3560 766 irritam
3593 720 3767 780 atque.

2177 815 2396 870 inanem
2434 813 2584 868 abire
2611 793 3056 880 ejus‘orationem
3088 822 3279 875 passus
3306 816 3413 861 est.
3448 806 3648 872 Quare,
3678 805 3758 859 in-

2174 916 2523 978 gravescente
2542 904 2594 957 vi
2615 904 2783 957 morbi
2808 903 2860 954 in
2881 901 3139 954 luctuosis
3168 898 3273 952 illis
3297 897 3517 951 vocibus
3540 910 3762 964 oppres~

2173 1013 2269 1054 sus
2296 1006 2380 1053 est
2434 1015 2449 1051 :
2504 995 2653 1065 gravi
2697 993 2970 1048 ferocibus
3017 990 3372 1059 superiusque
3405 990 3759 1054 documento,

2174 1098 2233 1143 ut
2258 1090 2334 1143 ira
2364 1104 2461 1142 sua
2492 1088 2771 1142 moderate
2804 1085 2880 1139 uti
2909 1085 3142 1148 discant,
3180 1081 3381 1151 Deique
3421 1080 3627 1151 judicia
3667 1095 3752 1133 re-

2175 1179 2497 1236 formident.

2240 1270 2430 1327 XXVI.
2473 1270 2725 1325 Praetoris
2756 1282 2974 1321 nnmere
3001 1266 3266 1336 praeripua
3291 1276 3410 1317 cum
3438 1262 3599 1315 laude
3634 1275 3756 1330 per-

2176 1364 2390 1417 functus
2417 1361 2645 1416 Basilius
2672 1359 2987 1429 Apocanens
3008 1356 3109 1427 (6),
3145 1370 3302 1423 quem
3346 1369 3507 1421 supra
3552 1366 3758 1405 memo-

2178 1457 2412 1509 ravimus
2451 1453 2759 1524 priusquam
2794 1452 2990 1505 rediret
3034 1449 3086 1502 in
3122 1448 3373 1516 patriam,
3406 1445 3754 1499 Lacedaem-

2178 1562 2297 1601 nem
2329 1547 2494 1610 venit,
2524 1556 2577 1597 ut
2607 1558 2816 1597 sacram
2849 1541 2997 1595 Beati
3032 1540 3241 1594 thecam
3262 1540 3534 1600 adoraret.
3564 1549 3760 1590 suum-

2176 1654 2282 1708 que
2312 1638 2364 1693 in
2409 1638 2557 1692 illum
2595 1651 2834 1690 amorem
2865 1644 2920 1688 et
2962 1633 3199 1688 studium
3228 1640 3550 1695 testaretur;
3581 1630 3757 1683 disce.

2178 1731 2313 1785 dens
2354 1740 2533 1784 autem
2577 1728 2861 1784 collectum
2911 1726 3131 1781 vasculo
3178 1740 3335 1779 sacro
3401 1733 3767 1793 unguentum

498 1815 879 1871 ardentissima
916 1817 1062 1873 illico
1092 1819 1258 1875 febris
1285 1822 1564 1886 invasit,et
1593 1840 1715 1879 cum
1744 1824 1893 1880 febre
1917 1841 2076 1896 para-
2110 1801 2150 1856 Β
2183 1824 2325 1893 quod
2370 1820 2777 1877 sanctiﬁcationi
2820 1818 3081 1884 malisque
3131 1816 3335 1871 morbis
3362 1810 3618 1869 Omnibus
3663 1811 3765 1865 de-

501 1905 650 1975 lysis.
678 1906 754 1962 Ita
792 1911 1009 1966 domum
1047 1913 1266 1978 relatus,
1294 1926 1518 1969 mortem
1542 1918 1916 1986 exspectabat.
1938 1916 2075 1974 Cum

500 1999 694 2070 iterum
732 2000 831 2070 ipsi
867 2010 1117 2073 tanquam
1152 2006 1204 2058 in
1252 2010 1445 2062 mentis
1479 2022 1700 2064 excessu
1738 2009 1949 2066 oblatus
1984 2010 2083 2063 Ni-

499 2103 625 2151 con,
658 2092 1012 2146 succensebat
1033 2108 1215 2159 pnrro,
1234 2094 1533 2165 eademque
1554 2114 1673 2153 eum
1699 2099 1857 2154 minis
1881 2114 2081 2169 expro-

502 2179 712 2235 brabat.
754 2179 908 2237 Unde
951 2185 1016 2239 ad
1059 2189 1490 2260 etmsauguineos
1527 2191 1617 2257 qui
1650 2192 1911 2253 aderant,
1944 2207 2071 2244 ron-

502 2286 729 2328 versus:
756 2271 874 2328 Non
900 2276 1110 2342 videtis,
1143 2281 1237 2347 ait,
1264 2284 1583 2337 momehum
1613 2283 1797 2349 istum,
1823 2285 1911 2352 qui
1942 2283 2077 2338 mzbi

503 2362 619 2415 dira
645 2364 823 2418 omnia
844 2354 1161 2423 minitatur?
1180 2368 1315 2425 Tum
1334 2372 1527 2440 expelli
1557 2382 1610 2427 et
1637 2374 1783 2444 abigi
1829 2389 1955 2434 eum
1994 2391 2079 2431 ro-

504 2454 666 2527 gabat
697 2462 860 2523 atque
886 2455 1131 2525 iubebat.

574 2540 741 2595 XXV.
785 2540 979 2599 Verum
1021 2547 1129 2611 illi,
1171 2549 1294 2617 quia
1327 2552 1596 2606 neminem
1625 2553 1909 2621 videbant,
1965 2568 2081 2621 am,-

505 2635 645 2702 plius
685 2637 1058 2696 morabantur.
1104 2640 1265 2696 Paulo
1305 2654 1423 2712 post
1467 2661 1587 2699 cum
1631 2649 1696 2701 ad
1731 2664 1791 2703 se
1843 2651 2074 2718 quodam

508 2726 667 2781 modo
698 2730 983 2796 rediisset.
1025 2748 1091 2789 ex
1129 2735 1407 2806 utriusque
1438 2739 1535 2791 visi
1578 2742 1907 2811 argumentis
1952 2742 2075 2797 mali

506 2821 589 2875 sui
621 2837 836 2879 causam
876 2826 1219 2899 mjectans,
1263 2832 1550 2886 stultitiam
1588 2848 1739 2887 suam
1786 2838 2076 2904 reprehen-

508 2914 636 2970 dere
684 2916 1151 2989 calamitatemque
1196 2921 1476 2977 lamentari
1514 2926 1712 2993 coepit:
1748 2924 1860 2981 Heu
1887 2925 1904 2981 ι
1930 2926 2075 2983 heui

508 3005 714 3076 inquit,
743 3008 866 3077 quia
886 3010 1032 3079 mihi
1073 3028 1215 3067 nunc
1247 3025 1433 3069 contra
1482 3005 1642 3084 quam
1672 3004 1776 3072 Job
1803 3018 2029 3089 contigit
2056 3032 2073 3073 :

512 3092 694 3151 Timor
714 3099 871 3163 enim.
902 3116 1053 3169 quem
1077 3116 1180 3163 non
1203 3102 1469 3170 timebam,
1495 3109 1662 3161 euenit
1690 3108 1838 3174 mihi,
1864 3117 1911 3161 et
1935 3107 2075 3179 quod

2186 1914 2443 1983 pellendis
2469 1913 2767 1982 proﬁcuum
2794 1922 2958 1975 esset,
2988 1912 3201 1965 domum
3245 1909 3385 1964 tulit.
3440 1907 3598 1960 Domi
3636 1918 3783 1974 ergo

2185 2007 2471 2077 quemdam
2499 2021 2562 2060 ex
2593 2004 2823 2070 famulis,
2852 2019 3014 2074 quem
3041 2003 3091 2056 in
3122 2001 3329 2055 intimis
3358 1999 3618 2061 habebat,
3639 2004 3775 2066 ωηο

2186 2101 2235 2152 vi
2265 2098 2559 2166 Ietbalique
2581 2097 2769 2150 morbo
2804 2094 3236 2157 decumbeutom,
3266 2106 3329 2146 ac
3356 2092 3639 2158 desperata
3670 2102 3773 2158 per

2188 2191 2456 2244 medicum
2483 2187 2805 2252 valetudine,
2832 2185 3165 2255 deploratum
3186 2192 3375 2237 nactus
3402 2181 3589 2237 divino
3618 2179 3765 2248 quod

2184 2282 2408 2353 gerebat
2437 2287 2711 2347 unguento
2736 2276 3057 2345 Gregorium
3108 2274 3183 2345 (id
3209 2274 3351 2328 enim
3374 2286 3535 2327 servo
3568 2262 3774 2325 nomen

2183 2372 2338 2445 erat)
2367 2383 2513 2428 certa
2555 2370 2660 2425 fide
2706 2386 2855 2439 spem
2899 2368 3131 2422 fulciens
3165 2366 3399 2421 iuunxit.
3435 2362 3547 2417 Res
3586 2361 3725 2414 mira
3755 2360 3791 2413 !‘

2184 2466 2287 2518 sub
2312 2463 2545 2518 mediam
2582 2476 2791 2515 noetem
2822 2474 2852 2513 e
2888 2459 3027 2514 lecto
3059 2466 3279 2527 repente
3307 2454 3568 2509 desiliens
3596 2466 3773 2523 aeger.

2183 2556 2405 2624 suisque
2426 2555 2652 2622 pedibus
2665 2553 2937 2621 gradiens,
2954 2564 3149 2605 sonora
3178 2563 3307 2602 voce
3324 2547 3415 2616 qui
3442 2545 3605 2598 modo
3630 2544 3776 2597 elin-

2183 2648 2304 2716 guis
2324 2655 2461 2709 erat,
2486 2661 2707 2699 uxorem
2734 2651 2917 2698 vocat.
2947 2644 3267 2716 Apocwcus
3294 2641 3357 2695 ad
3383 2638 3536 2695 vocis
3578 2651 3777 2692 50mm

2183 2739 2415 2805 excitus,
2449 2740 2707 2803 accurrit,
2733 2749 2789 2793 et
2810 2738 3055 2802 sanitati,
3087 2744 3181 2790 aut
3203 2736 3323 2789 vita:
3343 2733 3523 2802 potius
3546 2734 3780 2787 restituo

2183 2840 2296 2885 tum
2313 2845 2558 2895 cernens,
2585 2831 2801 2885 modum
2832 2843 3130 2899 causasque
3170 2829 3489 2896 interrogat.
3522 2820 3672 2879 Tum
3694 2826 3785 2878 ille

2182 2924 2508 2978 mOnachum
2527 2922 2628 2977 sibi
2645 2919 2933 2991 quemdam
2951 2920 3191 3000 adfuisse
3208 2920 3302 2984 ait,
3327 2918 3593 2990 insignem
3612 2928 3789 2972 eruce

2183 3018 2388 3087 virgam
2409 3032 2567 3071 manu
2579 3024 2854 3087 gerentem
2864 3015 3145 3085 {cultuque
3159 3012 3401 3083 corporis
3418 3010 3715 3065 eremitico
3734 3024 3786 3062 et

2184 3109 2431 3164 letbalem
2475 3111 2723 3164 morbum
2760 3108 3008 3178 protinus
3045 3106 3339 3175 depulisse.
3389 3106 3593 3158 Astans
3633 3101 3784 3157 enim

512 3200 617 3241 non
640 3188 872 3253 urebar,
895 3191 1086 3247 accidit
1120 3193 1163 3248 ⁷.
1178 3192 1389 3267 Deinde
1414 3197 1633 3254 sceleris
1652 3201 2079 3256 emendationem
2106 3166 2151 3225 θ
2182 3200 2340 3265 mihi,
2374 3200 2576 3265 aiebat,
2595 3199 2892 3255 monachus
2915 3199 3005 3254 ille
3026 3198 3207 3267 (cujus
3224 3197 3385 3252 etiam
3404 3195 3591 3250 vultus
3609 3193 3795 3247 linea-

514 3279 831 3346 pmnitentia
861 3284 1201 3351 promittens,
1230 3296 1286 3341 et
1313 3288 1451 3355 quod
1484 3299 1596 3343 tum
1625 3300 1971 3363 cmteraqua‘,
1999 3292 2083 3347 iu-
2179 3302 2360 3347 menta
2389 3291 2654 3362 signabat,
2672 3307 2734 3346 ex
2759 3293 2952 3360 quibus
2969 3289 3288 3361 Apbcaucus
3332 3296 3587 3343 sanctum
3615 3285 3791 3340 fuisse

476 3404 479 3405 ν
509 3366 771 3425 consulto
786 3384 997 3445 egerat,
1020 3378 1337 3448 corrigeret,
1370 3387 1478 3434 tum
1506 3382 1782 3437 caularum
1816 3385 2087 3443 cancellos
2182 3383 2397 3452 didicit)
2421 3397 2688 3451 manuque
2706 3382 3045 3453 prehendens
3076 3398 3089 3436 :
3130 3380 3291 3444 Deus,
3324 3377 3522 3449 inquit,
3558 3383 3794 3447 propter

515 3460 710 3553 ferreis
743 3467 1008 3538 repagulis
1038 3470 1362 3539 obvallaret,
1419 3475 1589 3529 morbi
1629 3476 1787 3531 finem
1811 3480 1968 3533 unice
1995 3480 2091 3534 de-
2183 3475 2454 3543 Apocauei
2491 3476 2645 3531 fidem
2678 3478 2842 3529 vitam
2874 3475 2970 3530 tibi
2999 3474 3303 3530 Metanoitm
3326 3470 3585 3543 precibus
3615 3468 3793 3540 largi-

516 3554 862 3621 precabatur.
901 3556 1166 3614 Cteterum
1214 3560 1331 3629 ejus
1373 3578 1558 3633 preces
1601 3580 1628 3617 a
1669 3565 1779 3621 Deo
1820 3568 2089 3625 exaudita
2186 3579 2307 3634 tur,
2339 3577 2395 3624 et
2433 3584 2555 3626 eum
2600 3570 2703 3624 hoc
2742 3569 2885 3625 dicto
2920 3571 3104 3625 statim
3137 3557 3289 3624 abiit.
3325 3565 3438 3639 Ego
3481 3579 3617 3620 vero
3650 3564 3795 3620 inte-

515 3660 626 3702 non
648 3659 805 3716 sont,
840 3650 1096 3709 Dominus
1116 3656 1285 3722 enim,
1322 3656 1411 3726 qui
1445 3655 1600 3711 finxit
1631 3658 1900 3729 sigillatim
1925 3660 2086 3716 corda
2188 3675 2343 3735 grain
2380 3663 2746 3719 valetudinem
2773 3662 3000 3734 adeptus
3029 3674 3173 3718 sum.

588 3762 609 3793 ⁷
636 3761 742 3819 Job
781 3779 863 3828 Ill.
887 3766 981 3824 25.

590 3882 667 3955 (li)
700 3880 893 3942 Ba'ron.
926 3887 992 3943 ad
1016 3900 1106 3944 an.
1139 3888 1235 3945 981

534 4038 3774 4084 35W

670 4480 684 4581 ί
797 4415 2188 4679 THEODOSIUS
2305 4417 3505 4685 MONAGHUS
3574 4516 3750 4705 ε

1494 4913 1565 5000 Ν
1587 4907 1738 5001 ΙὉ.
1826 4911 2065 5001 MAR
2087 4909 2240 4999 UE
2321 4908 2673 5002 FOGGI
2695 4912 2761 5002 Ν
2787 4914 2832 5001 l-

1956 5120 2338 5185 MONITUM
2382 5140 2385 5153 ί
2481 5144 2501 5149 ·’
2534 5142 2557 5173 -έ

1357 5233 1467 5334 DE
1522 5234 2015 5341 THEOD'OSIO
2047 5270 2170 5330 ET
2193 5236 2417 5333 Ews
2442 5238 2985 5345 ΑσιξοΑςιΒυε.
3020 5240 3043 5359 ι’

1389 5411 1395 5438 ἶ
1479 5418 1631 5500 (Πίδιν
1661 5418 1854 5523 3930"“;
1887 5417 2106 5519 ςιρρέηίι.
2140 5433 2278 5521 noua.
2304 5426 2488 5500 Romae,
2518 5429 2656 5499 i777,
2691 5422 2841 5503 fol.):'
2898 5432 2906 5443 ’
2939 5435 2943 5439 ’
3020 5440 3023 5441 ⁷
3082 5428 3087 5435 ’

607 5732 823 5789 Cretam
851 5734 1108 5799 insulam,
1134 5744 1337 5790 centum
1370 5735 1526 5801 olim,
1550 5745 1611 5791 ut
1638 5736 1892 5793 Horatius
1919 5738 2119 5793 cecinit
2145 5738 2239 5793 lib.
2272 5752 2354 5801 Ill,
2404 5735 2492 5789 od.
2524 5732 2617 5801 27,
2658 5742 2918 5800 potentem
2967 5733 3200 5817 oppidis,
3230 5747 3398 5803 quam
3437 5732 3685 5803 Agat-eui
3725 5730 3800 5787 ab

539 5815 799 5893 Hispania
834 5822 1063 5895 profecti
1090 5823 1354 5881 Micbaele
1388 5824 1558 5882 Balbo
1582 5825 1908 5887 imperatore
1937 5840 2026 5880 an.
2057 5825 2187 5881 Chr.
2218 5825 2324 5883 825
2366 5834 2790 5894 occupaverant,
2825 5815 3167 5895 Nicephorius
3203 5822 3444 5891 Pbocas,
3479 5834 3617 5879 tunc
3645 5831 3796 5880 tem-
