4070 6328
516 291 621 356 901
1741 293 2156 355 THEODOSII
2203 295 2474 358 DIACON
2484 297 2512 358 Ι
3651 292 3754 358 992

524 407 654 463 Tum
709 412 846 466 brevi
899 414 1057 467 etiam
1108 408 1437 479 Nicephorus
1493 410 1794 464 scholarum
1846 412 2184 476 domesticus,
2242 413 2578 484 imperatoris
2619 415 2804 485 jussu,
2857 415 3036 471 urbem
3084 416 3352 486 ingressus
3403 432 3522 471 cum
3586 416 3754 468 multis

518 505 702 572 spoliis
747 514 901 574 atque
943 502 1160 571 captivis
1205 519 1237 554 a
1281 503 1391 555 suis
1433 501 1636 556 (edibus
1696 505 1765 554 ad
1811 500 2023 556 Circum
2075 503 2229 570 pedes
2271 505 2420 558 venit
2469 519 2574 558 una
2637 521 2754 560 cum
2818 506 2992 562 Creta:
3032 523 3231 573 amera,
3260 505 3470 575 Curope
3527 507 3754 574 nomine,

522 596 739 666 ejusque
795 596 1096 666 propinquis
1164 593 1423 661 omnibus,
1461 609 1577 647 cum
1627 592 1879 649 Saraceni
1925 610 2100 648 omnes
2164 594 2300 649 albis
2357 597 2586 650 vestibus
2639 599 2813 653 induti
2872 610 3061 653 essent.
3102 599 3179 654 Ac
3233 600 3443 670 quidem
3506 600 3758 667 ritagister

521 697 1069 762 honores-magnaque
1120 692 1336 758 praemia
1380 688 1715 760 imperatoris
1741 689 2056 743 liberalitate
2106 701 2410 746 consecutus
2443 705 2566 757 est;
2619 708 2825 748 umerus
2880 709 2996 749 rero
3045 693 3200 749 donis
3231 693 3475 764 plurimis
3531 710 3758 762 auroque

521 797 677 853 atque
732 790 944 854 argento
1001 786 1064 839 ab
1098 785 1408 852 imperatore
1442 781 1693 844 donatus,
1764 780 1968 850 prtrdia
2028 781 2141 834 ruri
2186 781 2355 836 colere
2399 793 2554 853 atque
2612 783 2853 837 habitare
2899 785 3180 852 permissus
3234 797 3361 842 est:
3391 784 3532 856 quod
3595 798 3757 840 tamen

524 880 782 947 baptismo
859 877 1061 930 initiari
1131 875 1320 939 noluit,
1391 875 1444 927 in
1487 882 1731 927 senatum
1795 874 2007 925 minime
2064 882 2342 937 cooptatus
2397 885 2495 928 est.
2555 873 2728 928 Porro
2782 872 3052 929 Romanus
3110 877 3394 954 imperqtor
3449 880 3759 945 magistrum

530 967 890 1038 Nicephorum
923 970 1112 1022 iterum
1141 968 1194 1022 in
1224 964 1489 1021 Orientem
1511 965 1676 1028 misit,
1703 978 1756 1018 nt
1789 963 2074 1019 Cimoni)th
2107 966 2465 1033 arrogantiam
2493 967 2774 1037 frangeret.
2803 966 3154 1035 Snsceptaque
3179 969 3508 1036 expeditione
3537 973 3758 1039 primum

526 1062 818 1131 Chelepunt
844 1062 1022 1116 urbem
1050 1064 1304 1115 munitam
1333 1062 1487 1127 cepit,
1516 1059 1654 1112 unde
1683 1061 1842 1112 etiam
1871 1057 2157 1124 spoliorum
2183 1058 2282 1110 vim
2315 1074 2559 1127 magnam
2589 1059 2819 1126 collegit.
2850 1058 3084 1112 Videsne
3107 1063 3248 1128 quod
3286 1062 3542 1131 triumphi
3602 1078 3763 1133 genus

527 1154 872 1225 Nicephorns
896 1172 926 1211 e
960 1157 1120 1211 Creta
1154 1155 1320 1208 redux
1341 1154 1550 1210 obivit!
1578 1153 1622 1206 Α
1673 1153 1783 1206 suis
1817 1153 2015 1206 a’dibus
2072 1167 2189 1203 cum
2249 1153 2428 1206 multis
2455 1153 2633 1220 spoliis
2680 1162 2729 1206 et
2781 1154 2998 1221 captiuis
3033 1150 3188 1218 pedes
3250 1156 3305 1208 in
3353 1154 3566 1211 Circum
3608 1159 3766 1224 venit,

534 1265 642 1317 quo
674 1249 882 1303 scilicet
917 1249 1076 1303 modo
1111 1256 1336 1302 ovantes
1374 1244 1766 1316 procedebant,
1806 1260 1912 1298 non
1947 1243 2385 1312 triumphantes;
2419 1243 2489 1298 ita
2522 1253 2598 1307 ut,
2632 1245 2677 1298 si
2724 1245 2860 1300 bene
2905 1247 3067 1301 vertit
3104 1244 3341 1301 Leonem
3379 1247 3761 1312 Combelisius,

533 1361 667 1399 usus
688 1343 760 1395 sit
783 1341 891 1395 Leo
913 1356 1046 1396 voce
1075 1340 1328 1409 triumphi
1370 1339 1478 1393 lato
1514 1338 1692 1402 modo,
1730 1336 2002 1406 quomodo
2037 1335 2199 1389 etiam
2225 1350 2254 1388 a
2280 1332 2489 1390 Latinis
2524 1352 2629 1390 non
2670 1337 2838 1392 semel
2870 1337 3218 1394 factumesse
3251 1340 3524 1396 novimus.
3554 1341 3621 1394 Et
3647 1357 3766 1410 pro-

533 1440 678 1492 fecto
719 1438 765 1491 is
787 1444 924 1500 erat,
965 1436 1054 1502 qui
1078 1434 1150 1487 ob
1178 1434 1396 1488 Cretam
1422 1441 1636 1496 captam
1663 1428 1971 1497 Nicephoro
1995 1429 2317 1492 debebatur,
2356 1428 2528 1482 honos
2547 1431 2840 1485 secundum
2864 1427 3230 1485 Romanorum
3257 1446 3481 1497 morem,
3500 1433 3631 1501 quia
3663 1433 3770 1488 bel-

531 1533 642 1586 lum
678 1529 953 1584 Creticmn
981 1527 1246 1581 indictum
1273 1541 1375 1579 non
1408 1523 1604 1588 inerat,
1642 1533 1699 1578 et
1730 1524 1855 1591 quia
1879 1522 2058 1575 fuerat
2095 1520 2213 1575 sine
2236 1519 2500 1590 sanguine
2531 1522 2864 1587 conlectum,
2908 1524 2974 1579 de
3022 1525 3219 1593 quibus
3260 1523 3565 1580 luculenter
3597 1537 3771 1583 certos

529 1643 628 1682 nos
657 1625 821 1679 faciet
841 1620 1204 1678 Theodosius.
1225 1617 1346 1684 Qua
1383 1619 1449 1671 de
1471 1632 1530 1672 re
1556 1616 1861 1671 Cedrenum
1897 1621 1950 1668 ct
1976 1614 2195 1682 Glycam
2227 1611 2300 1666 ita
2342 1628 2468 1668 esse
2500 1613 2939 1685 interpretando:
2962 1631 3182 1678 censeo.
3235 1627 3294 1672 ut
3343 1617 3578 1671 dixerint
3612 1631 3768 1689 nega-

537 1727 648 1772 tum
684 1717 853 1771 fuisse
878 1713 1184 1783 Nicephoro
1203 1726 1234 1769 e
1252 1710 1410 1764 Creta
1435 1708 1616 1764 reduci
1646 1705 2171 1774 Constantinopolim
2201 1703 2410 1770 venire,
2446 1705 2657 1761 scilicet
2676 1708 2742 1760 ad
2763 1707 3242 1776 commorandum,
3263 1710 3390 1780 quia
3435 1711 3559 1768 hinc
3594 1710 3768 1766 statim

528 1815 718 1884 jussus
748 1822 830 1868 est
868 1811 920 1866 in
951 1808 1165 1881 Syriam
1209 1803 1516 1878 proﬁcisci;
1542 1815 1596 1860 et
1623 1819 1716 1859 eos
1745 1803 1889 1857 haud
1925 1801 2238 1856 meminisse
2285 1800 2568 1870 triumphi,
2611 1817 2770 1870 quem
2794 1811 2923 1856 tunc
2945 1801 3311 1873 Nicephorum
3358 1806 3542 1876 egisse
3591 1817 3770 1860 narrat

535 1908 648 1964 Leo
677 1903 1109 1973 Diaconus,quia
1145 1903 1454 1955 nullatenus
1492 1896 1852 1964 triumphans,
1887 1895 1981 1948 sed
2029 1893 2204 1948 solum
2238 1910 2410 1949 ovans
2452 1894 2504 1948 in
2536 1893 2756 1950 Circum
2797 1896 3148 1963 processerit,
3191 1906 3244 1951 et
3275 1897 3623 1954 solummodo
3659 1911 3771 1968 post

526 2001 926 2070 Cbulepcnsem
953 1998 1231 2052 victoriam
1256 1996 1553 2050 solemnem
1586 1991 1919 2059 triumphum
1946 1991 2141 2059 egerit,
2168 2007 2327 2060 quem
2356 1990 2603 2045 Cedrcno
2633 1990 2806 2046 visum
2833 1994 3066 2047 estsatis
3096 2007 3550 2059 commemorare,
3577 1999 3696 2051 cum
3722 1995 3774 2049 in

532 2110 602 2150 eo
623 2105 820 2166 praeter
849 2089 1224 2146 Bcrrbceensia
1255 2087 1424 2156 spolia
1454 2086 1625 2140 etiam
1667 2082 1878 2140 Cretice
1906 2086 2287 2137 ostentaverit.

610 2189 831 2255 Verum,
862 2195 985 2243 utut
1009 2186 1131 2257 quis
1185 2185 1333 2239 malit
1372 2184 1474 2238 hoc
1502 2181 1817 2250 contigisse.
1855 2188 2066 2234 certum
2098 2193 2201 2246 est,
2234 2180 2378 2250 quod
2414 2178 2748 2250 Nlt‘CPhOI‘IIS
2781 2193 2904 2253 post
2933 2185 3218 2240 victoriam
3243 2186 3515 2242 Creticam
3572 2185 3626 2242 in
3677 2188 3776 2257 Sy-

533 2285 675 2337 riam
710 2283 985 2351 prolectus
1013 2287 1116 2346 est,
1147 2296 1210 2334 ac
1242 2294 1379 2334 nova
1414 2279 1480 2333 de
1512 2276 1832 2348 Chalepensi
1859 2275 2075 2332 sultatto
2100 2286 2374 2349 reportata
2409 2276 2634 2332 victoria
2671 2293 2734 2333 eo
2794 2279 2964 2351 magis
3022 2282 3316 2350 inclaruit;
3359 2293 3412 2340 et
3461 2285 3610 2352 quod
3659 2299 3772 2338 rum

541 2380 762 2434 interim
797 2378 1102 2441 Romanus,
1136 2377 1332 2432 ﬂorens
1389 2374 1511 2429 licet
1544 2384 1725 2438 atate,
1759 2372 2124 2442 vo!uptatibns
2166 2373 2373 2429 fractus
2431 2374 2518 2426 die
2555 2375 2620 2428 l5
2673 2373 2848 2429 Martii
2903 2377 3201 2434 indictione
3260 2391 3414 2435 sexta
3464 2382 3713 2448 obiisset,
3748 2396 3778 2436 s

539 2475 946 2548 Theophanone
975 2475 1208 2531 Romani
1240 2487 1412 2528 uxore
1444 2471 1675 2527 ﬁliorum
1712 2471 1932 2524 nomine
1992 2471 2296 2537 imperante
2341 2471 2633 2525 accersitus
2685 2480 2770 2526 est
2814 2472 3371 2544 Constantinopolim,
3419 2476 3510 2532 ubi
3558 2477 3776 2532 solemni

541 2585 736 2643 pompa
761 2573 830 2629 de
854 2571 1145 2626 Saracenis
1174 2580 1282 2625 tum
1312 2569 1566 2631 Creticis,
1593 2578 1706 2623 tum
1755 2564 2184 2635 Cbalepensibus
2234 2569 2607 2638 triumphavit.
2651 2570 2949 2643 Ἀπριλλίῳ
2981 2572 3039 2626 δὲ
3075 2575 3230 2643 μηνὶ,
3296 2574 3472 2643 inquit
3505 2575 3778 2631 Cedrenus

538 2665 698 2729 ibid.,
733 2665 834 2735 τῆς
867 2663 1037 2734 αὐτῆς
1073 2667 1127 2728 ς’
1164 2660 1511 2722 ζνδικτιῶνος.
1549 2659 1777 2713 εἴσεισιν
1804 2659 1833 2710 ὁ
1863 2657 2058 2722 Quand;
2088 2658 2404 2730 Νικηφόρος
2435 2663 2502 2730 τῇ
2533 2663 2632 2731 τῆς
2683 2660 2980 2731 Δεσποίνης
3010 2662 3255 2716 κελεύσει
3287 2663 3402 2736 (τοῦ
3461 2664 3660 2738 Ἰωσὴφ
3686 2685 3779 2722 κα.-

543 2756 718 2823 Θάπερ
751 2755 843 2807 καὶ
872 2754 1039 2807 πάλαι
1072 2749 1392 2823 κωλύοντος)
1422 2752 1477 2804 ὲν
1503 2751 2073 2806 Κωνσταντινουπό).ει
2103 2767 2116 2782 ·
2150 2753 2241 2804 καὶ
2267 2753 2375 2804 ἀπὸ
2399 2752 2507 2805 τῶν
2538 2755 2601 2804 ἐκ
2630 2754 2730 2822 τῆς
2747 2753 2971 2826 Κρήτης
2995 2754 3254 2828 λαφύρων
3275 2759 3367 2812 καὶ
3393 2755 3495 2829 τῆς
3523 2760 3780 2832 Βεῤῥοίας

539 2849 944 2922 ἐθριάμϐευσεν
978 2851 1038 2903 ιν
1067 2848 1145 2920 τῷ
1171 2847 1516 2919 ἱπποδρόμῳ.
1555 2846 1753 2901 Eadem
1779 2855 1929 2901 sexta
1965 2848 2146 2901 indicti

2170 2865 2269 2914 me,
2301 2865 2473 2904 mense
2500 2849 2689 2918 Aprili,
2715 2853 2872 2920 jussu
2903 2850 3156 2922 Augusta
3209 2848 3547 2924 Nicephorius
3579 2856 3777 2910 Placeas

542 2949 1059 3021 Constantinopolim
1081 2954 1243 3013 venit,
1277 2945 1528 3011 Joseplto,
1566 2957 1621 3000 ut
1647 2956 1786 3010 ante,
1816 2961 1878 2999 ne
1907 2945 2002 2999 hoc
2032 2944 2178 3009 ﬁeret
2214 2945 2473 3002 obstante.
2517 2947 2676 3003 Duxit
2727 2949 3050 3018 triumphum
3086 2949 3140 3002 in
3175 2947 3350 3014 Circo,
3387 2952 3620 3020 inferens
3644 2955 3695 3006 in
3726 2968 3788 3006 ea

543 3044 817 3098 Cretensia
844 3051 893 3097 et
921 3041 1281 3096 Rerrhmensia
1314 3038 1503 3104 spolia.
1539 3037 1797 3092 Eamdem
1823 3051 1935 3089 rem
1974 3037 2164 3090 iisdem
2193 3037 2306 3093 lere
2339 3040 2518 3093 verbis
2551 3041 2622 3095 ita
2653 3051 2837 3095 narrat
2863 3039 3104 3096 Joannes
3134 3041 3489 3112 Curopalates
3526 3045 3579 3098 in
3604 3043 3778 3098 Histo-

548 3142 640 3192 riae
672 3135 996 3204 compendio
1018 3149 1071 3203 p.
1111 3133 1180 3188 66
1213 3150 1227 3188 :
1263 3134 1436 3202 Aprili
1485 3143 1659 3187 autem
1696 3149 1892 3200 mense,
1917 3135 2096 3188 eadem
2119 3144 2266 3188 sexta
2304 3135 2612 3198 indictione,
2647 3135 2854 3190 Pltocas
2875 3135 3030 3204 jussu
3097 3139 3291 3209 regina:
3322 3141 3619 3210 ingreditur
3647 3141 3781 3197 Con-

545 3227 971 3298 stantinopolim,
993 3226 1219 3295 Jorepho
1245 3229 1479 3291 omnino,
1517 3237 1568 3280 ut
1599 3228 1820 3294 pridem,
1853 3229 2184 3294 prohibente,
2215 3236 2262 3280 et
2287 3229 2349 3282 de
2373 3229 2539 3298 captis
2568 3231 2751 3297 spoliis
2779 3242 2825 3282 et
2853 3228 3099 3284 Berrltcea
3133 3232 3476 3300 triumphavit
3510 3234 3564 3288 in
3595 3232 3782 3302 Hippo-

546 3325 753 3376 dromo.
781 3320 1034 3374 Attamen
1067 3333 1241 3386 neque
1265 3328 1391 3372 tunc
1441 3319 1720 3373 immorari
1745 3320 1829 3373 diu
1861 3319 2039 3388 putuit
2085 3316 2424 3390 Nicephorus
2459 3320 2974 3392 Constantinopoli:
3024 3325 3368 3394 comperiens
3421 3327 3563 3383 enim
3612 3328 3780 3399 parari

547 3419 650 3472 sibi
683 3419 877 3471 iterum
916 3414 1140 3470 insidias
1166 3431 1193 3467 τι
1234 3414 1468 3485 .Iosepho
1501 3414 1716 3485 Bringa,
1744 3426 1954 3470 mature
1984 3416 2036 3470 in
2071 3415 2469 3487 Cappadociam
2518 3419 2766 3484 secessit,
2805 3418 2897 3474 ubi
2938 3420 3005 3474 ab
3038 3410 3286 3474 exercitu
3313 3420 3694 3490 imperatorem
3730 3437 3782 3475 se

550 3510 808 3582 appellari
839 3508 927 3564 die
948 3505 982 3560 2
1013 3506 1142 3562 Julii
1174 3521 1364 3576 passus
1390 3517 1494 3572 est,
1527 3519 1582 3562 et
1611 3509 1733 3564 inde
1762 3508 2286 3577 Constantinopolim
2331 3512 2528 3578 rediit,
2549 3523 2952 3582 coronatusque
2975 3525 3058 3568 est.
3092 3528 3121 3566 a
3157 3512 3447 3584 Polyeucto
3479 3518 3781 3584 patriarcha

549 3607 638 3660 die
666 3603 732 3666 15
762 3601 1009 3672 Augusti.
1047 3598 1172 3654 Haec
1201 3609 1279 3655 est
1302 3613 1481 3655 rerum
1538 3600 1730 3665 series,
1772 3609 1825 3654 et
1856 3601 1981 3654 hinc.
2007 3599 2171 3653 facile
2215 3601 2439 3674 intelligi
2473 3613 2649 3674 potest
2672 3619 2780 3674 quo
2806 3604 3146 3675 potissimum
3176 3616 3423 3674 tempore
3459 3605 3789 3663 Theodosius

547 3703 818 3756 Acroases
843 3714 970 3754 suas
1000 3695 1304 3768 Nicephoro
1329 3695 1606 3751 obtulerit.
1642 3695 1778 3749 Cum
1825 3697 1971 3750 enim
2023 3694 2282 3751 obtulerit
2317 3700 2428 3769 jam
2477 3710 2690 3755 mortuo
2728 3699 3016 3774 Rotnano,‘
3045 3709 3100 3753 et
3145 3699 3388 3771 Cltalepe
3415 3701 3551 3757 urbe
3578 3715 3784 3764 eversa,

548 3796 643 3850 sed
681 3804 965 3862 antequam
994 3792 1338 3864 Nicephorus
1363 3794 1428 3846 ad
1449 3793 1738 3861 imperium
1757 3799 1977 3848 evectus
2001 3791 2166 3855 foret,
2200 3801 2371 3848 restat
2389 3794 2655 3850 obtulisse
2678 3794 3003 3851 intermedio
3031 3803 3269 3865 quatuor
3300 3797 3567 3852 mensium
3591 3793 3781 3866 spatio,

552 3893 642 3962 qui
680 3894 1108 3949 intercesserunt
1134 3908 1164 3947 a
1194 3893 1282 3948 die
1314 3890 1382 3947 15
1415 3889 1590 3945 Martii
1634 3891 1700 3967 ad
1733 3891 1875 3945 diem
1903 3890 1939 3945 2
1960 3889 2115 3960 Julii,
2143 3899 2306 3962 atque
2341 3892 2498 3960 adeo,
2527 3901 2587 3948 ut
2618 3890 2877 3958 arbitror,
2898 3907 3079 3948 mense
3107 3891 3302 3964 Aprili,
3323 3907 3432 3964 quo
3456 3892 3781 3964 Nicephorus

552 3986 1018 4057 Constantinopoli
1057 4001 1089 4045 e
1121 3983 1279 4058 Syris
1310 3984 1477 4042 redux
1513 3983 1888 4054 triumphavit.
3463 3972 3469 3977 ’
