4060 6342
442 309 580 376 1063
1251 296 1503 365 ADDEN
1516 300 1611 363 DA
1645 290 1945 361 ROMANI
1986 294 2051 354 Sl

2152 288 2347 356 [ONIS
2380 290 2637 356 AUREA
2674 292 2918 356 BULLA
3563 286 3706 354 1064

440 422 732 488 aediﬁcavi;
769 419 946 475 adhuc
990 423 1175 472 autem
1206 424 1262 470 et
1300 430 1486 469 muros
1529 413 1668 466 a'tos
1695 422 1747 464 et
1773 421 1950 464 turres
1972 414 2025 459 et

2152 402 2340 474 ἀμην·
2379 403 2625 474 καὶπερὶ
2660 384 2822 457 αύτὸν
2857 406 3039 466 οἴκους
3076 401 3417 474 εὐμεγέθεις,
3462 400 3707 466 ξενῶνας

440 518 782 576 munimenta
820 513 1010 578 multa,
1044 526 1151 565 non
1189 506 1617 578 prmeedentibus
1674 501 1897 564 similia,
1926 498 2021 553 sed

2152 494 2330 565 ἰηλαδὴ
2367 497 2461 548 καὶ
2517 494 3042 567 κραὸὗατοστρώσια
3075 496 3163 549 διὰ
3216 495 3344 559 τοὺς
3368 495 3701 564 εἰσερχομέ-

452 608 625 664 multo
668 606 907 661 ﬁrmiora
939 614 993 659 et
1026 601 1380 666 mirabiliora,
1410 608 1468 653 ut
1505 597 1615 651 sint
1645 592 1929 650 monachis
1973 600 2029 645 et

2152 586 2376 653 ιους,ἒτι
2412 587 2468 640 δὲ
2519 588 2615 641 καὶ
2668 588 2826 659 τείχη
2876 589 3114 659 ὑψιπετῆ
3155 590 3253 642 καὶ
3305 587 3551 666 πύργους
3612 586 3711 639 καὶ

445 702 551 772 piis
590 701 728 755 viris
751 708 1037 764 tutamen;
1086 696 1205 749 visu
1239 705 1457 763 quoque
1500 687 1907 762 speciosissima
1928 726 1943 750 ,
1976 691 2032 737 et

446 793 637 848 auditu
688 806 819 848 vere
878 786 1269 860 iucundissima
1315 784 1385 839 ob
1431 781 1687 837 eximiam
1727 775 2026 832 incolarum

445 884 726 939 virtutem.
770 874 907 936 Nam
943 876 1145 934 Christi
1179 871 1444 929 habitatio
1468 880 1569 935 est,
1600 883 1631 923 e
1676 880 1784 938 qua
1835 868 2049 934 corpo-‘

444 975 591 1033 rales
613 984 666 1030 et
690 972 997 1044 spirituales
1021 968 1127 1038 lupi
1152 981 1257 1020 non
1281 974 1502 1035 possunt
1526 963 1739 1032 eripere
1762 973 1891 1014 oves
1909 970 2032 1025 qua

447 1067 521 1122 ibi
551 1068 759 1127 insunt,
800 1062 900 1117 sub
924 1062 1037 1130 jam
1073 1061 1218 1115 dicto
1247 1056 1597 1111 sanctissimo
1644 1052 1811 1107 Paulo
1845 1064 2030 1104 mona-

448 1161 553 1217 cho
602 1168 657 1215 et
698 1158 1017 1230 presbytero
1070 1154 1157 1222 pie
1211 1160 1414 1220 pastas,
1442 1159 1496 1203 et
1517 1147 1619 1202 sub
1669 1144 1889 1200 Christo
1937 1141 2038 1230 Dei.

450 1251 705 1322 praesidio
732 1250 1012 1320 degentes,
1068 1245 1121 1299 in
1151 1252 1362 1309 sancto,
1397 1249 1457 1294 ut
1487 1240 1589 1293 alia
1627 1237 2033 1306 comparatione

452 1355 597 1409 utar,
624 1338 785 1397 alveo
830 1341 931 1406 isto
977 1338 1278 1393 bombilare
1322 1340 1427 1393 non
1457 1340 1760 1396 cessantes,
1816 1327 2035 1382 virtutis

399 1480 415 1487 ..
451 1434 688 1494 fructum
728 1446 1018 1505 sperantes
1081 1430 1237 1486 melle
1270 1426 1593 1488 dulciorem,
1637 1431 1693 1477 et
1729 1420 1780 1475 in
1828 1419 2031 1491 judicia

455 1526 706 1603 Superos:
732 1526 1037 1585 divinitatis
1079 1524 1389 1595 vigilantes,
1423 1528 1478 1575 et
1503 1529 1722 1574 saucias
1750 1528 1945 1571 manus
1976 1512 2031 1567 in

455 1624 705 1679 noctibus
741 1618 1014 1684 tollentes,
1063 1614 1252 1686 procul
1301 1629 1331 1669 a
1362 1608 1754 1682 cupiditatibus
1778 1606 1939 1660 malis
1981 1612 2035 1658 et

454 1716 611 1770 vanis
642 1709 1088 1785 cogitationibus,
1133 1715 1330 1762 terram
1363 1715 1646 1766 eruentes,
1698 1708 1882 1754 mente
1914 1711 2032 1751 evo-

454 1808 655 1871 lantes,
719 1802 914 1875 spiritu
968 1800 1264 1860 ferventes,
1316 1797 1544 1852 Domino
1596 1791 1914 1854 servientes,
1942 1802 2036 1857 spe

458 1900 757 1969 gaudentes
784 1934 800 1960 ,
847 1894 902 1947 in
937 1891 1288 1947 tribulatione
1332 1888 1621 1958 patientes,
1676 1881 1905 1937 orationi
1961 1880 2041 1931 in-

459 1988 728 2053 stantes‘,
755 1983 1168 2041 necessitatibus
1202 1988 1512 2035 sanctorum
1543 1975 2040 2033 communicantes,

472 2079 901 2151 li05pitalitatem
950 2082 1245 2134 sectantes,
1298 2071 1461 2142 juxta
1486 2082 1641 2139 sacra
1669 2063 1909 2121 oracula.
1934 2062 2043 2116 Ad-

462 2174 570 2230 buc
599 2171 761 2227 etiam
789 2183 982 2225 senum
1015 2180 1069 2222 et
1092 2173 1418 2236 aegrotorum
1466 2159 1702 2231 hospitia
1746 2171 1867 2211 cum
1902 2155 2036 2208 duo-

460 2257 649 2319 decim
681 2260 935 2317 oratoriis
976 2256 1275 2321 construxi,
1317 2262 1374 2310 et
1406 2248 1763 2309 oblationibus
1821 2245 2031 2312 multis,

2132 676 2504 751 προμαχῶνας
2528 679 2776 746 πολλοὺς,
2809 682 2909 735 οὐκ
2935 682 2993 734 ὲν
3022 681 3195 752 ὁμοίῳ
3209 680 3319 733 τῶν
3347 661 3540 746 πάλαι,
3570 678 3711 732 ἀλλὰ

2130 773 2265 826 πολὺ
2292 773 2537 843 βελτίονα
2566 774 2658 827 καὶ
2687 774 3138 847 θαυμασιώτερα,
3180 774 3320 827 ὥστε
3368 768 3512 830 εἶναι
3542 754 3725 842 μοναέ

2132 870 2246 937 χοίς
2280 868 2375 921 καὶ
2397 867 2682 920 εύσαΰέσιν
2722 865 2980 939 ἀνδράσιν
3026 868 3329 936 ἀσφάλεια·
3365 864 3716 937 μεγαλοπρε-

2132 958 2209 1030 πῆ
2240 959 2338 1028 μὲν
2358 963 2424 1031 τῇ
2451 961 2571 1032 θέᾳ,
2597 964 2664 1033 τῇ
2698 961 2755 1015 δὲ
2794 963 2931 1032 ἀκοῇ
2973 960 3213 1032 ἀτεχνῶς
3256 962 3595 1032 χαριέστατα
3624 959 3716 1013 διὰ

2130 1053 2231 1120 τὴν
2254 1056 2311 1107 ὲν
2335 1053 2520 1117 αὐτοῖς
2541 1052 2937 1125 εὐδοκιμοῦσαν
2961 1055 3184 1124 ἀρετήν.
3218 1053 3441 1124 Μάνδρα
3478 1054 3577 1106 καὶ
3599 1052 3715 1123 γὰρ

2132 1144 2373 1213 Χριστοῦ
2391 1146 2574 1208 ἑστιν,
2608 1139 2675 1216 ἦς
2700 1145 2749 1197 oi
2788 1146 3037 1213 αἰσθητοὶ
3064 1145 3157 1198 καὶ
3186 1142 3367 1212 von-col.
3394 1144 3551 1197 λύκοι
3576 1142 3718 1195 ἀδυ-

2134 1234 2359 1289 νατοῦσι
2408 1236 2685 1306 σπαράξαι
2736 1236 2804 1290 τὰ
2861 1237 2919 1288 ἐν
2952 1236 3089 1307 αὐτῇ
3142 1235 3409 1306 πρόϐατα.
3455 1235 3563 1289 ὑπὸ
3616 1235 3716 1287 τοῦ

2137 1322 2394 1399 ῥηθέντος
2416 1328 2729 1403 ὠσιωτάτου
2756 1329 2969 1383 Παύλου
3004 1329 3242 1400 μοναχοῦ
3274 1330 3368 1381 καὶ
3398 1327 3718 1399 πρεσϐυτέ-

2136 1435 2231 1490 ρου
2268 1419 2507 1483 εὐσεδῶς
2538 1420 2960 1490 ποιμαινόμενα,
2982 1422 3075 1475 καὶ
3105 1420 3209 1474 ὑπὸ
3235 1421 3336 1492 τῆς
3357 1422 3449 1477 τοῦ
3471 1421 3720 1491 Χριστοῦ

2135 1509 2229 1562 τοῦ
2261 1508 2396 1562 Θεοῦ
2430 1509 2766 1579 ἀντιλήψεως
2793 1510 3144 1581 αὑλιζὸμενα,
3188 1513 3270 1575 είς
3306 1509 3398 1565 τὸν
3422 1511 3571 1584 ἱερὸν
3591 1508 3729 1582 πεδ’.

2135 1600 2332 1672 ἑτέραν
2370 1602 2631 1672 ἐπιϐολὴν
2671 1602 2975 1669 μελιττῶνα
3003 1601 3192 1657 τοῦτον
3224 1604 3588 1675 περιϐομϐεῖν
3619 1601 3733 1676 ἐμοί

2140 1695 2467 1762 μελέστατα,
2505 1696 2592 1748 τὸν
2621 1695 2720 1765 τῆς
2751 1697 2951 1767 ἀρετῆς
2978 1698 3322 1768 ἐργαζόμενα
3342 1696 3555 1768 καρπδν
3578 1697 3723 1767 ὐπέρ

2141 1785 2264 1853 μέλι
2280 1784 2644 1852 γλυκάζον-ια,
2670 1788 2763 1839 καὶ
2786 1790 2875 1839 ἐπὶ
2897 1788 2963 1841 τὰ
2986 1790 3085 1858 τῆς
3112 1790 3438 1861 ύπερουσίου
3460 1790 3725 1862 θεότητος

2140 1878 2387 1947 κρίματα
2419 1879 2804 1951 ἐξεγειρόμενα
2839 1882 2935 1933 καὶ
2959 1882 3111 1945 ὁσίας
3138 1885 3327 1953 χεῖρας
3361 1885 3419 1936 ὲν
3448 1887 3569 1946 ταῖς
3603 1885 3727 1949 νυξὶ

2140 1971 2457 2043 ἐπαίροντα,
2487 1976 2654 2045 χωρὶς
2688 1974 3041 2045 ἐνθυμήσεων
3072 1977 3323 2048 πονηρῶν
3350 1978 3444 2031 καὶ
3469 1981 3724 2049 ματαίων

2139 2065 2507 2135 διαλογισμῶν
2558 2086 2575 2117 ι
2628 2068 2731 2118 Τὸν
2767 2068 2896 2138 χοῦν
2945 2068 3227 2134 κενοῦντα,
3270 2069 3360 2123 τὸν
3410 2071 3537 2124 νοῦν
3595 2088 3725 2124 ms-

2146 2158 2365 2230 ροῦντα,
2396 2156 2475 2228 τῷ
2502 2158 2773 2229 πνεύματι
2806 2162 3019 2225 ζέοντα,
3054 2161 3132 2232 τῷ
3163 2165 3354 2235 Κυρίῳ
3378 2162 3737 2228 δουλεύοντα,

2144 2252 2212 2321 τῇ
2234 2248 2409 2303 ἑλπίδι
2437 2250 2723 2323 χαίροντα,
2756 2254 2821 2323 τῇ
2852 2252 3030 2323 θλίψει
3064 2255 3429 2326 ὑπομένοντα,
3457 2259 3523 2327 τῇ
3559 2275 3731 2330 προσ-

462 2356 520 2413 υι
551 2358 795 2423 decebat,
827 2353 1031 2408 dictum
1066 2350 1451 2404 monasterium
1504 2358 1636 2400 mete
1675 2340 2041 2412 imperatoriae

2152 2343 2282 2411 ευχῇ
2319 2344 2863 2413 προσκαρτεροῦντα,
2890 2347 3013 2423 ταῖς
3041 2348 3255 2417 χρείαις
3280 2347 3389 2402 τῶν
3419 2349 3593 2417 ἁγίων
3612 2366 3732 2403 κοιο

463 2449 741 2521 p0testatis
786 2446 987 2512 ditavi;
1021 2443 1114 2500 sed
1149 2453 1203 2498 et
1230 2440 1549 2511 patriarchae
1578 2434 1861 2507 praesentia
1888 2432 2040 2488 dedi-

2152 2434 2447 2502 νωνοῦντα,
2482 2436 2581 2507 τὴν
2611 2437 2918 2507 φιλοξενίαν
2961 2438 3223 2495 διώκοντα
3262 2461 3279 2493 ι
3320 2443 3461 2497 κατὰ
3502 2445 3570 2497 τά
3609 2443 3734 2515 ἱερὰ

461 2542 727 2599 catiouetn
766 2540 885 2610 ejus
923 2536 1295 2594 illustraudam
1327 2532 1533 2610 curavi.

2156 2527 2333 2595 λόγια.
2366 2528 2489 2581 Ἔτι
2515 2529 2572 2581 δὲ
2627 2533 2997 2602 γηροτροφεῐά
3020 2551 3080 2586 τε
3119 2535 3216 2588 καὶ
3240 2538 3565 2606 νοσοκομεία
3590 2539 3732 2606 μετὰ

468 2634 680 2690 καὶδύο
722 2607 822 2689 καί
853 2631 985 2687 δέκα
1038 2607 1462 2701 παρεκκλησιῶν
1504 2625 1829 2695 συνέστησα,
1873 2619 1970 2676 καὶ
1990 2618 2308 2691 ἀναθήμασι
2363 2622 2577 2685 πολλοῖς
2614 2623 2689 2686 ὡς
2745 2626 2891 2690 εἰκὸς
2950 2628 3050 2699 τὴν
3116 2629 3375 2700 ῥηθεῖσαν
3418 2632 3587 2702 μονὴν
3631 2631 3731 2704 τῆς

466 2729 744 2803 βασιλείας
773 2744 874 2799 μου
926 2724 1346 2781 κατεπλούτισα.
1380 2721 1541 2777 Ἀλλὰ
1589 2721 1682 2775 καὶ
1705 2719 1847 2793 μετὰ
1890 2716 2304 2790 πατριαρχικῆς
2340 2719 2647 2788 παρουσίας
2682 2720 2774 2773 τὸν
2828 2722 3225 2796 ἑγκαινιασμὸν
3266 2726 3442 2795 αὐτῆς
3467 2726 3726 2792 ἐδόξασα.

533 2826 588 2877 2.
612 2822 748 2877 Cum
783 2829 964 2875 autem
1012 2829 1132 2890 post
1156 2817 1547 2873 dedicationem
1580 2825 1636 2873 et
1681 2812 2045 2871 consecratio-

2229 2809 2299 2884 β’.
2355 2814 2509 2868 Ἐπεὶ
2536 2815 2591 2867 δὲ
2628 2816 2766 2886 μετά
2794 2816 2884 2871 τὸν
2918 2819 3313 2890 ἑγκαινιασμὸν
3344 2814 3440 2876 καὶ
3469 2821 3569 2891 τὴν
3595 2822 3734 2876 καθ-

470 2936 592 2976 nem
612 2916 900 2974 restant-sti
920 2916 1102 2987 templi
1125 2925 1177 2970 et
1208 2914 1437 2970 reditum
1452 2911 1786 2968 sanctissimi
1817 2909 2051 2981 patriar-

2155 2905 2376 2978 ιέρωσιν
2407 2908 2498 2961 τοῦ
2539 2910 2696 2977 ἁγίου
2722 2911 2853 2964 ναοῦ
2893 2913 2987 2965 καὶ
3013 2913 3114 2986 τὴν
3149 2915 3408 2972 ἐπάνοδον
3435 2916 3532 2970 τοῦ
3557 2919 3734 2986 ἁγιωα

474 3011 590 3065 chae
619 3008 823 3064 domini
852 3004 1265 3076 Theophylacti,
1309 3003 1651 3060 dilectissimi
1686 3001 1779 3056 ﬁlii
1817 3001 2051 3072 impera-

2158 2996 2325 3050 τάτου
2342 3000 2697 3075 ,πατριάρχου
2725 3002 2895 3072 κυροῦ
2920 3001 3321 3075 Θεοφυλάκτου,
3347 3008 3735 3063 ποθεινοτάτου

469 3105 620 3159 toria:
645 3100 927 3171 potestatis
958 3111 1115 3163 mea,
1147 3107 1201 3151 et
1233 3096 1532 3167 spiritualis
1559 3094 1661 3151 mei
1693 3091 1879 3162 patris,
1910 3088 2051 3161 quod

2160 3088 2277 3141 υἱοῦ
2332 3091 2433 3161 τῆς
2485 3091 2766 3162 βασιλείας
2819 3111 2920 3166 μου
2974 3099 3191 3152 καὶτοῦ
3221 3102 3594 3170 πνευματικοῦ
3632 3119 3735 3171 μου

471 3192 527 3248 in
558 3194 742 3247 animo
772 3189 889 3245 eral.
912 3190 1132 3259 explere
1164 3186 1552 3243 convenienter
1576 3183 1891 3254 dijudicavi,
1920 3196 2051 3252 quo-

2161 3181 2391 3253 πατρὸς,
2422 3184 2484 3237 τὸ
2507 3187 2650 3239 κατὰ
2684 3188 2857 3259 θυμὸν
2886 3191 3239 3261 ἐκπληρῶσαι
3263 3186 3502 3261 εὐλόγως
3532 3194 3739 3265 διενοή-

477 3290 622 3342 niam
656 3284 772 3351 ejus
802 3282 1054 3353 precibus
1080 3280 1192 3336 Deo
1224 3279 1464 3348 acceptis
1490 3277 1669 3331 triduo
1711 3285 1866 3330 antea
1897 3287 2051 3329 sana-

2158 3275 2281 3345 θην,
2320 3276 2508 3350 ἐπειδὴ
2536 3280 2656 3344 ταῖς
2682 3280 2872 3334 τούτου
2899 3282 3236 3339 θεοπιιθέσιν
3252 3286 3436 3355 εὐχαῖς
3467 3288 3738 3358 πρότριτα

474 3390 560 3434 tus
597 3394 765 3443 eram,
799 3384 852 3430 et
898 3382 1131 3441 aegrotus
1178 3386 1303 3426 cum
1338 3384 1515 3425 essem
1570 3368 1842 3425 relevatus
1881 3380 2057 3431 eram,

474 3470 618 3544 quod
660 3469 818 3540 paulo
861 3477 988 3523 ante
1049 3465 1211 3520 limen
1248 3463 1446 3517 inferni
1499 3461 1721 3516 subiens
1752 3459 2057 3515 faciendum

467 3567 858 3647 iudicaveram,
911 3563 1184 3633 ingressus
1221 3574 1337 3615 sum
1371 3573 1492 3613 eum
1521 3555 1788 3625 aliquibus
1831 3568 1861 3609 e
1903 3566 2061 3607 sena-

481 3644 692 3715 toribus
745 3658 797 3713 in
831 3654 1271 3727 gazophylacium
1314 3651 1676 3722 imperatoriae
1721 3660 1854 3701 mea:
1902 3644 2079 3700 Pote-'

476 3751 655 3813 statis,
681 3756 735 3803 et
757 3749 896 3802 inter
915 3741 1525 3816 fragmentaveueramli
1550 3739 1674 3794 libri
1694 3756 1711 3791 ι
1727 3738 1918 3793 ivilicte
1936 3752 2060 3792 cru-

475 3844 555 3899 cis
571 3841 808 3898 omnium
836 3841 1137 3894 maximum
1152 3836 1584 3892 ctadmiratione
1619 3826 1835 3904 dignius
1856 3833 2061 3904 eligens

478 3931 605 4002 (fert
627 3933 770 3985 enim
796 3930 1057 3983 hactenus
1087 3928 1143 3981 in
1174 3941 1235 3983 se
1253 3925 1546 3981 Dominica:
1571 3923 1839 3994 passionis
1872 3938 2061 3978 monu-

478 4034 679 4089 menta,
724 4038 885 4076 unum
917 4021 1192 4076 clarorum
1236 4018 1505 4085 foramen,
1549 4018 1745 4087 quibus
1806 4015 2060 4072 Deilicata

480 4131 606 4170 caro
641 4114 849 4169 Domini
892 4113 993 4168 mei
1047 4112 1217 4167 divisa
1252 4123 1335 4167 est
1360 4119 1414 4166 et
1451 4109 1779 4167 ablutionem
1813 4119 2062 4177 peccato-

484 4225 600 4262 rum
631 4216 941 4261 nostrorum
973 4204 1168 4274 largita
1200 4214 1305 4270 est,
1337 4204 1544 4259 scilicet
1576 4201 1694 4257 fons
1729 4198 2060 4257 sanctissimi

478 4301 756 4371 sanguinis
804 4298 1083 4367 manavit),
1112 4296 1453 4352 altitudinem
1502 4296 1706 4351 habens
1750 4310 1871 4350 cum
1924 4294 2058 4350 obli-

2159 3369 2426 3440 ύγιάσθην
2456 3372 2550 3425 καὶ
2587 3374 2847 3445 κλινήρης
2875 3375 2950 3429 ὢν
2989 3376 3537 3448 ἀνέλαδονὲμαυτδν,
3574 3382 3602 3433 ὃ
3628 3381 3739 3452 πρὸ

2162 3462 2360 3534 μικροῦ
2389 3465 2479 3517 τὸν
2509 3466 2661 3518 οὐδὸν
2690 3467 2888 3532 emata;
2925 3470 3017 3522 τοῦ
3050 3468 3178 3543 ᾅδου
3222 3468 3531 3542 διεκρίνατο
3574 3490 3738 3541 ποιη-

2159 3558 2303 3620 τέον,
2337 3557 2583 3627 εἰσῆλθον
2612 3560 2747 3629 μετά
2778 3578 2941 3614 τινων
2971 3562 3069 3633 τῆς
3101 3564 3409 3634 συγκλήτου
3442 3568 3501 3617 ἐν
3523 3564 3603 3635 τῷ
3634 3566 3739 3637 θη-

2163 3649 2588 3719 σαυροφυλακίῳ
2619 3652 2716 3718 τῆς
2748 3654 3015 3720 κραταιᾶς
3064 3670 3166 3725 μου
3197 3653 3475 3725 βασιλείας
3503 3658 3599 3709 καὶ
3626 3658 3736 3709 τῶν

2158 3739 2359 3809 τιμίων
2394 3740 2568 3807 ξύλων
2602 3741 2698 3794 τοῦ
2730 3741 3023 3816 ,ζωοποιοῦ
3061 3746 3307 3816 ,σταυροῦ
3363 3748 3425 3800 τὸ
3480 3749 3737 3817 μέγιστον

2162 3833 2381 3886 πάντων
2410 3835 2506 3887 καὶΙ
2546 3834 2823 3904 θαύματος
2854 3838 3007 3903 ἄξιον
3058 3837 3233 3910 εὑρὼν
3266 3841 3444 3911 (φέρει
3485 3843 3581 3897 καὶ
3626 3843 3737 3911 γάρ

2161 3927 2328 3979 είσέτι
2373 3927 2431 3981 ὲν
2484 3928 2662 3999 ἑαυτῷ
2694 3931 2763 3983 τὰ
2784 3928 2877 3985 τοῦ
2905 3933 3235 3986 Δεσποτικοῦ
3283 3935 3485 3997 πάθους
3524 3937 3737 4006 μνημό-

2162 4035 2321 4087 συνα,
2368 4022 2498 4091 μίαν
2553 4022 2660 4075 τῶν
2709 4022 2865 4093 ἥλων
2898 4024 3061 4096 ὀπὴν,
3096 4021 3287 4097 ἀφ’ὦν
3340 4030 3372 4097 ὴ
3421 4028 3737 4099 τεθεωμίνη

2163 4115 2303 4186 σὰρξ
2331 4115 2422 4169 τοῦ
2450 4117 2653 4187 Κυρίου
2697 4134 2801 4187 μου
2851 4122 3161 4192 περιεπάρη
3192 4121 3286 4173 καὶ
3332 4122 3391 4175 τὸ
3441 4123 3759 4193 καθάρσιον’

2164 4208 2271 4261 τῶν
2289 4208 2577 4278 ἁμαρτιῶν
2603 4210 2760 4282 ἡμῶν
2786 4212 3096 4281 ἐδωρήσατο
3117 4214 3280 4285 ἧτοιὴ
3307 4213 3461 4277 λιϐὰς
3486 4215 3579 4268 τοῦ
3603 4233 3735 4269 παν·

2165 4302 2323 4369 αγίου
2384 4302 2734 4372 κατεκενώθη
2796 4304 3071 4375 αἵματος),
3121 4305 3254 4375 ὕψος
3305 4294 3427 4377 ἔχον
3464 4309 3604 4377 μετὰ
3630 4310 3737 4361 τῶν

480 4392 603 4461 quis
654 4392 901 4460 partibus
948 4398 1001 4444 ct
1034 4391 1196 4444 rectis
1242 4404 1405 4442 unum
1434 4387 1682 4462 mcirciter
1730 4388 1964 4441 cubitale
2009 4396 2051 4440 et

2166 4395 2478 4466 ἐγκαρσίων
2504 4396 2598 4450 καὶ
2634 4396 2730 4449 τοῦ
2766 4397 2915 4450 ίστοῦ
2940 4399 3069 4452 ὡσεὶ
3099 4400 3217 4462 ἑνὸς
3238 4402 3459 4471 πήχεως
3484 4405 3580 4456 καὶ
3609 4405 3736 4474 μιᾶς

482 4502 641 4539 unam
672 4484 956 4554 pralinam,
975 4482 1309 4537 latitudinem
1329 4491 1506 4535 autem
1527 4482 1670 4536 circa
1694 4481 1830 4536 duos
1847 4482 2051 4551 digitos

2170 4488 2496 4558 παλαιστῆς,
2532 4488 2733 4550 πλάτος
2758 4491 2814 4543 δὲ
2842 4490 2976 4544 ὡσεὶ
3007 4492 3102 4549 δύο
3141 4492 3420 4547 δακτύλων
3448 4497 3545 4549 καὶ
3574 4496 3736 4567 βάθος

483 4577 881 4632 etsoliditatem
903 4592 1069 4630 unum
1093 4575 1345 4646 digitum,
1367 4576 1577 4645 pondus
1601 4590 1732 4630 vero
1752 4583 1920 4629 totum
1938 4592 2070 4631 cen-

493 4679 603 4720 tum
641 4667 860 4722 circiter
889 4668 1275 4735 drachmas;et
1304 4667 1550 4722 manibus
1574 4682 1795 4723 sumens
1812 4678 2065 4725 sanctum

494 4760 640 4816 hunc
672 4760 1006 4823 thesaurum,
1041 4759 1380 4814 tremendum
1423 4759 1681 4815 vexillum
1707 4762 1948 4817 caelestis
1976 4776 2067 4819 reo

505 4853 608 4923 gis,
625 4850 835 4922 signum
857 4850 998 4919 quod
1016 4850 1072 4904 in
1100 4849 1237 4906 smlo
1261 4850 1469 4919 parebit
1488 4852 1581 4906 ﬁlii
1602 4852 1833 4908 hominis
1851 4854 2067 4925 quando

494 4944 705 4999 venerit
726 4944 790 4997 ad
808 4943 1153 5011 iudicandum
1177 4945 1329 4997 vivos
1353 4951 1406 4997 et
1429 4952 1705 5012 mortuos;
1727 4947 1828 5001 hoc
1847 4960 1973 5014 ergo
1990 4947 2069 5001 di-

492 5034 676 5088 vinum
705 5035 1122 5089 instrumentum
1143 5033 1331 5089 salutis
1354 5045 1553 5091 nostrae
1575 5046 1886 5095 reverenter
1907 5040 2071 5109 depo-

498 5132 579 5183 sui
606 5129 747 5182 intra
778 5135 991 5182 sanctas
1009 5142 1200 5181 manus
1241 5128 1569 5183 sanctissimi
1597 5127 1747 5182 Pauli
1774 5128 2073 5200 Xeropota-

493 5220 657 5285 meni,
676 5230 732 5274 ut
751 5221 821 5273 sit
840 5220 1011 5274 donec
1025 5219 1207 5274 veniat
1224 5217 1482 5274 Dominus
1498 5220 1856 5277 inalienabilis
1872 5222 2071 5279 oblatio

493 5314 635 5370 dicto
670 5313 1133 5369 venerandissimo
1169 5313 1503 5370 monasterio
1537 5330 1671 5369 meae
1708 5316 2071 5385 imperatoriae

496 5410 799 5476 potestatis;
832 5411 970 5479 quod
1004 5412 1324 5466 comitantes
1349 5425 1470 5466 cum
1492 5416 1860 5469 ecclesiastica
1889 5427 1941 5471 et
1966 5418 2068 5471 mi-

496 5502 638 5554 litari
674 5517 883 5570 pnmpa,
912 5514 970 5554 ut
993 5503 1256 5557 coﬂocent
1288 5502 1413 5559 illud
1446 5504 1497 5559 in
1534 5517 1720 5561 sancto
1755 5512 2065 5565 monasterii

499 5598 804 5650 sanctuario
836 5598 889 5650 in
922 5596 1404 5654 sanctiﬁcationcm
1453 5610 1506 5657 et
1539 5602 1929 5661 munimentum
1963 5608 2065 5663 im-

576 5774 597 5806 ¹⁵
614 5775 785 5863 _Rom.
822 5796 922 5850 xu,
965 5779 1051 5838 12.

2165 4578 2301 4633 ὡσεὶ
2328 4582 2445 4646 ἑνὸς
2465 4570 2756 4649 δακτύλου,
2791 4582 2956 4653 ὁλκὴν
3011 4584 3067 4637 δὲ
3112 4585 3174 4640 τὸ
3231 4589 3339 4641 πᾶν
3390 4588 3555 4643 αὐτοῦ
3610 4590 3736 4645 ὡσεὶ

2167 4673 2420 4743 δραχμὰς
2453 4674 2647 4728 ἑκατόν
2670 4690 2685 4705 ³
2719 4676 2816 4730 καὶ
2853 4677 2959 4733 ἀνὰ
3008 4679 3196 4748 χεῖρας
3227 4679 3407 4733 λαόὼν
3437 4681 3627 4734 τοῦτον
3650 4681 3737 4734 τὶν

2165 4763 2325 4833 ἅγιον
2361 4758 2655 4837 θησαυρὸν,
2681 4765 2781 4836 τὴν
2819 4767 3053 4839 φρικτὴν
3082 4770 3323 4839 σημαίαν
3374 4770 3471 4823 τοῦ
3513 4773 3739 4840 ὲπουραυ

2166 4865 2283 4917 νίου
2322 4864 2611 4934 βασιλέως,
2646 4866 2708 4919 τὸ
2759 4867 2817 4921 ἑν
2842 4867 3058 4937 ούρανῷ
3109 4870 3485 4939 φανησόμενον
3514 4873 3737 4940 σημεῖον

2168 4958 2260 5011 τοῦ
2280 4959 2411 5012 Υίοῦ
2446 4958 2540 5012 τοῦ
2572 4958 2864 5030 ἀνθρώπου
2894 4960 2987 5015 τοῦ
3022 4962 3310 5031 μέλλοντος
3337 4963 3597 5032 ἔρχεσθαι
3623 4968 3738 5034 κρί-

2168 5068 2258 5104 ναι
2284 5053 2491 5115 ζῶντας
2525 5055 2620 5106 καὶ
2647 5053 2875 5123 νεκρούς
2899 5067 2913 5082 ο
2941 5052 3099 5105 τοῦτο
3124 5052 3187 5123 δὴ
3223 5054 3325 5124 (τὸ)
3351 5054 3626 5109 (λειότατον
3644 5056 3736 5125 ὅρ-

2169 5161 2333 5211 γανον
2366 5144 2462 5214 τῆς
2492 5145 2766 5215 σωτηρίας
2792 5145 2947 5216 ἡμῶν
2965 5146 3206 5210 εὐλαϐῶς
3236 5147 3481 5220 ἐπέθηκα
3504 5153 3622 5214 ταῖς
3646 5150 3735 5202 τοῦ

2173 5238 2466 5291 ὀσιωτάτου
2487 5239 2700 5291 Παύλου
2728 5239 2821 5290 τοῦ
2839 5239 3302 5312 Ξηροποταμηνοῦ
3329 5243 3513 5309 ἁγίαις
3534 5245 3737 5315 χερσὶν,

2171 5332 2317 5394 ὅπως
2346 5331 2429 5400 είη
2463 5333 2569 5396 ἕως
2613 5333 2809 5405 ἀνέλθῃ
2840 5335 3041 5404 Κύριος
3077 5334 3441 5407 ἀναφαίρετον
3483 5338 3737 5408 ἀνάθημα

2169 5426 2233 5490 τῇ
2268 5423 2497 5493 ῥηθείσῃ
2525 5423 2945 5496 σεϐασμιωτάτῃ
2979 5427 3111 5497 μονῇ
3158 5412 3259 5495 τῆς
3307 5426 3591 5497 βασιλείας
3616 5444 3734 5497 μου,

2168 5518 2552 5585 ἐφοδιάσαντες
2582 5504 2713 5571 αὐτὸ
2750 5518 2889 5587 μετὰ
2934 5518 3397 5589 ἑκκλησιασηκῆς
3438 5519 3534 5572 καὶ
3572 5534 3737 5591 στραέ

2168 5612 2434 5680 τιωτικῆς
2462 5611 2813 5683 προπομπῆς,
2843 5611 2931 5667 ἴνα
2956 5611 3269 5667 ὰποθέσωσι
3293 5611 3451 5666 τοῦτο
3469 5613 3528 5667 ὲν
3550 5612 3625 5683 τῷ
3642 5612 3735 5682 τῆς
