4074 6338
490 263 621 333 1⁷071

485 378 725 450 prta-fert,
782 373 969 442 utique
998 370 1062 425 uti
1111 367 1227 439 ejus
1286 375 1498 422 militioni
1534 364 1897 421 demittendus
1926 360 2047 450 liic-‘

482 449 656 518 ioclcs
676 461 817 524 erit;
861 473 963 527 qua
998 472 1062 508 an
1100 456 1264 509 etiam
1324 454 1490 507 multo
1540 453 1708 523 possit
1756 466 1872 505 esse
1910 449 2047 502 infe-—

481 548 611 611 rior,
657 557 799 599 nunc
822 539 1341 608 circumspiciamus.
1744 591 1749 596 ,

554 630 747 684 Notum
795 628 847 680 in
902 624 1098 694 vulgus
1150 632 1233 677 est
1268 620 1435 681 multa
1477 635 1599 676 eum
1664 620 2049 690 imperatorem

484 720 537 771 in
614 710 1015 786 provinciarum
1073 700 1545 761 administratione
1613 716 1885 758 mutasse:
1951 703 2050 756 has

481 803 602 856 aliis
657 796 1064 864 magistratibus
1121 791 1436 853 mandasse,
1479 788 1925 843 iilarumnumina
1959 793 2051 840 aut

485 883 771 941 sustulisse
799 892 1022 949 prorsus
1047 884 1220 930 aute:
1255 874 1399 930 binis
1447 888 1606 928 unam
1643 882 1697 927 et
1727 873 1965 926 vicissim
1984 886 2046 924 cx

483 985 589 1025 una
640 968 793 1021 binas
843 963 1073 1017 fecisse:
1124 959 1400 1014 Hierocles
1468 973 1596 1012 vero
1657 972 1777 1011 cum
1804 956 2050 1011 Orientis

482 1054 636 1109 nobis
679 1046 1053 1104 annumerarit
1110 1042 1437 1114 provincias,
1465 1041 1695 1109 singulis
1739 1055 1865 1094 suos
1906 1056 2049 1107 prae-

480 1140 688 1210 positos
740 1134 1044 1201 imponens,
1070 1126 1299 1185 fortasse
1327 1126 1411 1181 bis
1466 1127 1517 1180 in
1547 1126 1833 1179 consilium
1868 1122 2050 1177 missis

479 1208 534 1279 et
568 1235 752 1276 secum
794 1216 1022 1271 invicem
1057 1211 1385 1280 comparatis
1422 1224 1574 1265 suam
1633 1208 1788 1262 uotis
1833 1216 2051 1262 :ntatcm

464 1296 1003 1367 «eatenderit/Viam
1058 1300 1197 1353 hanc
1226 1312 1393 1367 nuper
1436 1298 1714 1365 ingressus
1747 1304 1829 1348 cst
1868 1290 2050 1347 erudi-

488 1407 573 1449 tus
597 1398 787 1447 auctor
816 1380 1434 1452 Dissert.Chorograph.
1456 1379 1575 1435 ltal.
1611 1379 1752 1434 med.
1772 1378 1867 1433 sevi
1900 1376 2047 1432 Sect.

482 1482 538 1543 5,
573 1477 729 1546 cujus
780 1474 1025 1536 ductum,
1060 1476 1247 1522 nostra
1296 1468 1497 1535 passim
1560 1465 1965 1534 adspergcntes,
1997 1462 2048 1514 in

479 1566 569 1619 his
622 1555 955 1626 vestigandis
1008 1565 1321 1622 sequemur.
1389 1550 1532 1620 Ergo
1573 1564 1695 1603 cum
1757 1546 1982 1602 mutatis
2020 1560 2049 1598 a

477 1645 788 1703 Justiniano
846 1637 1253 1710 provinciarum
1306 1635 1717 1704 magistratibus
1745 1633 2047 1687 ordiamur.

472 1731 639 1788 ‘Jubet
694 1727 785 1782 ille
827 1723 1047 1781 Novella
1090 1720 1162 1775 ει
1190 1738 1239 1776 c.
1270 1723 1298 1775 'l
1357 1730 1411 1774 ut
1451 1720 1544 1790 qui
1570 1718 1809 1775 Pisidiae
1838 1716 2046 1788 prresit,

476 1828 674 1886 ιιι-αξιοι·
743 1808 1119 1865 .lnstinianeus
1168 1805 1239 1860 sit
1287 1814 1339 1859 et
1400 1814 1657 1870 vocetur;
1720 1818 1825 1871 quo
1859 1801 2047 1886 eodem

478 1884 685 1955 honore
714 1892 1003 1966 Lycaoniae
1055 1890 1364 1960 praefectum
1398 1888 1530 1943 Nov.
1560 1886 1631 1939 ‘25
1660 1901 1708 1941 c.
1740 1886 1757 1939 l
1796 1896 1849 1939 et
1870 1884 2047 1938 Thra-

476 1984 576 2041 cia:
615 1980 748 2036 Nov.
790 1977 862 2033 26
911 1985 1101 2041 ornat;
1134 1986 1363 2043 quarum
1411 1970 1809 2039 provinciarum
1843 1982 2052 2038 praepo-

477 2069 566 2123 siti
606 2064 843 2121 iiieroeli
920 2069 1045 2116 sunt
1102 2055 1436 2111 consulares.
1501 2052 1751 2107 Decernit
1790 2059 2048 2121 praeterea

474 2149 774 2220 utPhrygia
802 2142 1089 2199 Pacatiana
1108 2150 1156 2194 et
1192 2140 1317 2195 item
1336 2135 1545 2192 Calatia
1575 2136 1750 2207 prima
1778 2135 2054 2220 spectabi-

477 2236 582 2291 lein
610 2218 667 2287 iu
686 2240 960 2302 posterum
990 2224 1240 2279 comitem
1272 2221 1539 2287 habeant;
1574 2220 1662 2274 cui
1685 2218 1899 2288 utrique
1917 2232 2052 2302 con-

478 2300 769 2375 stt-larisab
798 2309 1043 2367 ilierocle
1070 2306 1381 2378 imponitur.
1414 2305 1500 2359 Est
1525 2306 1573 2356 in
1594 2304 1925 2376 Fynecdemo
1951 2300 2054 2355 Pa-

479 2400 767 2473 phlagonia
782 2395 883 2452 sub
900 2401 1228 2456 correctore,
1251 2389 1341 2461 qui
1357 2386 1489 2443 Nov.
1510 2386 1577 2442 29
1604 2395 1799 2473 praeter
1813 2393 2046 2473 creatur,

478 2468 745 2545 ctlsauria
780 2482 880 2537 sub
908 2476 1161 2550 pratside,
1192 2486 1351 2545 quem
1400 2474 1650 2529 comitem
1676 2468 1809 2524 Nov.
1838 2470 1907 2522 Ἦ
1929 2485 2050 2525 esse

476 2571 608 2627 vult.
634 2567 872 2636 Denique
893 2561 1147 2618 Phoenice
1162 2556 1504 2614 adLibanum
1522 2554 1847 2621 moderatmi
1872 2553 2047 2607 Edict.

475 2658 531 2725 ι,
561 2656 798 2722 itemque
833 2647 1032 2702 Arabia
1069 2643 1451 2709 subjiciuntur,
1478 2642 1719 2712 quatltac
1760 2642 1809 2693 in
1846 2638 2047 2725 Notitia

479 2722 707 2811 praesidi,
735 2743 793 2799 et
831 2729 1101 2789 consulari
1145 2728 1291 2784 dicto
1346 2738 1472 2783 sunt
1508 2727 1809 2811 audientes.
1835 2722 2048 2811 tiaram

476 2804 656 2880 autem
692 2804 1135 2877 constitutionum
1173 2812 1440 2883 pleraeque
1468 2826 1587 2863 cum
1627 2807 1884 2863 Belisario
1905 2806 2043 2862 V.C.

462 2893 697 2967 consule
718 2905 1035 2969 Silll‘etillﬂ‘,
1062 2903 1183 2968 jure
1214 2899 1399 2967 utique
1431 2896 1636 2966 optimo
1661 2895 1914 2949 statuitur
1944 2892 2047 2961 Sy—

476 2995 793 3051 necdemum
822 3000 947 3043 ante
986 2983 1301 3040 Belisatium
1329 2980 1602 3037 consulem
1620 2992 1927 3048 annumque
1946 2977 2048 3032 535

468 3078 807 3153 publicatum
848 3071 1119 3127 videt-inti
1153 3068 1297 3123 enim
1355 3065 1407 3121 id
1454 3064 1813 3128 concesseris,
1867 3061 2046 3117 danda

476 3149 615 3220 ratio
653 3160 759 3215 erit
787 3157 1136 3228 quamobrem
1168 3152 1223 3208 in
1251 3152 1455 3215 libello,
1480 3166 1588 3220 quo
1639 3149 2044 3221 provinciarum

474 3250 819 3320 magistratus
836 3258 900 3296 ex
919 3242 998 3295 sui
1020 3239 1282 3310 temporis
1301 3252 1454 3320 more
1474 3234 1748 3320 Hierocles
1766 3235 2044 3299 describit,

472 3318 621 3391 nulla
674 3342 896 3401 prorsus
943 3322 1365 3395 deprmtoribus
1413 3318 1769 3376 Justinianeis
1792 3321 2044 3374 modera-

474 3411 1024 3487 toribusquementio
1056 3412 1166 3465 tiat.
1203 3412 1321 3475 Quo
1378 3408 1552 3479 magis
1593 3421 1725 3463 vero
1763 3406 2046 3474 scriptoris

472 3516 604 3561 a-tas
650 3502 717 3557 ad
764 3498 1022 3569 liquidum
1075 3492 1430 3565 perducatur,
1477 3492 1528 3545 in
1585 3504 1680 3546 eas
1732 3490 2042 3558 provincias

472 3600 758 3663 pergamus
780 3596 917 3652 quas
971 3580 1269 3649 imperator
1294 3587 1400 3663 aut
1439 3576 1653 3663 sustulit
1682 3574 1922 3663 funditus
1952 3582 2045 3663 aut

470 3659 627 3731 novis
670 3669 839 3726 titulis
890 3665 1043 3719 auxit
1086 3662 1395 3717 autetiam
1457 3660 1639 3729 plures
1663 3674 1782 3713 esse
1832 3659 2038 3728 jussit;

470 3772 702 3831 quarum
759 3753 803 3809 sl
838 3746 1039 3806 nullum
1105 3748 1158 3803 in
1200 3745 1534 3817 Synecdenro
1580 3743 1834 3831 indicium
1892 3757 2046 3813 repe-

470 3826 602 3909 rias,
656 3838 789 3912 quid
833 3834 976 3892 aliud
1010 3829 1364 3912 'proiiteberis
1393 3843 1560 3912 quam
1588 3826 1707 3912 illis
1741 3842 1864 3912 eum
1921 3843 2044 3881 mu-

472 3909 770 3984 tationibus
803 3934 926 3977 esse
958 3913 1232 3988 priorem?
1256 3910 1521 3967 Memorat
1550 3911 1664 3966 hac
1689 3909 1890 3966 Notitia
1920 3926 2045 3981 pro-

470 4012 705 4067 vinciam
738 4000 1109 4060 llonoriadem
1167 4008 1222 4053 et
1271 3996 1486 4067 praesidi
1519 3994 1769 4065 subiicit:
1794 4009 1910 4049 eam
1946 3992 2044 4048 Ju-

471 4096 741 4154 stinianus
798 4088 931 4144 Nov.
969 4085 1039 4140 29
1070 4082 1172 4138 c.l
1232 4081 1457 4150 abrogat
1480 4090 1533 4133 et
1584 4080 1888 4135 arctissime
1938 4077 2046 4133 Pa-

473 4177 776 4253 phlagoniae
831 4169 1222 4243 agglutinatam
1256 4165 1349 4253 uni
1381 4163 1596 4253 prartori
1631 4163 2043 4253 mandat,_t'bo-re

469 4248 565 4321 atati.
588 4248 697 4319 Ιἑῶν
728 4259 921 4321 ἐθνῶν,
958 4254 1150 4324 inquit,
1191 4248 1400 4303 τούτων
1475 4248 1667 4320 ἔχοντα
1716 4249 1814 4318 τὴν
1868 4248 2043 4320 ἀρχὴν

468 4352 759 4432 ῄνωμὲνην
805 4343 898 4397 καὶ
945 4340 1073 4432 μειξν
1120 4334 1244 4392 ἀντὶ
1268 4332 1549 4432 δνῗῖνὶεῶν
1576 4331 1913 4432 ἐξεπροσθξνῖ
1947 4349 2045 4432 (ἔα-

473 4416 674 4507 {rivos
716 4416 1113 4498 Παφλαγονίας
1161 4436 1222 4475 τε
1266 4419 1366 4474 καὶ
1400 4418 1727 4507 Ῐρνωρινάδᾳς
1760 4416 2043 4507 accidebat.

483 4503 781 4590 ἔπραίτορα.
825 4509 1026 4566 Dividit
1084 4515 1341 4590 praterea
1389 4503 1784 4590 Cappadociam
1836 4518 1903 4557 ex
1935 4503 2041 4557 Va-

466 4588 632 4660 lentis
655 4595 879 4668 Augusti
914 4594 1164 4649 instituto
1187 4589 1239 4644 in
1274 4588 1449 4655 binas,
1472 4588 1809 4643 consularem
1834 4597 2041 4641 utram—

458 4704 594 4759 nque,
623 4686 668 4742 si
702 4683 984 4756 plerosque
1019 4692 1120 4733 ms.
1188 4689 1439 4745 sequare,
1484 4689 1620 4745 quos
1684 4671 1817 4728 Nov.
1878 4673 1946 4728 30
1987 4673 2040 4727 in

466 4787 629 4829 unam
687 4768 895 4824 videtur
945 4772 1231 4820 constare:
1292 4760 1499 4825 Πᾶσαν,
1551 4759 1747 4830 inquit,
1799 4759 2043 4814 ἀνθυπὰ-

466 4874 619 4912 τειαν
671 4850 920 4923 γενέσθαι
965 4865 1023 4901 τε
1058 4849 1153 4902 καὶ
1215 4843 1495 4899 καλεῖσθαι
1553 4842 1874 4915 βουλόμεθα.
1914 4841 2043 4911 Qua:

470 4956 651 5001 tamen
704 4954 773 4995 an
802 4939 1037 5000 vincere,
1070 4934 1212 5004 quod
1250 4933 1362 4985 viro
1389 4930 1704 4987 doctissimo
1734 4930 2040 4995 videbatur,

467 5030 699 5102 possint,
746 5038 803 5079 re
853 5037 978 5076 vera
1032 5017 1394 5074 Iustinianum
1453 5029 1517 5069 ex
1580 5013 1785 5099 duabus
1819 5012 2036 5083 Cappa-

469 5098 640 5170 dociis
667 5126 828 5165 unam
882 5104 1239 5162 exstruxisse.
1273 5118 1375 5155 non
1409 5100 1608 5170 injuria
1634 5098 1883 5153 dubites:
1916 5112 2040 5152 nam

469 5198 670 5255 diserte
694 5190 930 5249 Nov.20
982 5204 1033 5245 c.
1069 5187 1273 5257 prima
1340 5184 1697 5255 Cappadocia:
1753 5182 2038 5254 praesidem

469 5289 779 5359 dignatione
808 5267 1180 5355 proconsulari
1212 5276 1635 5359 condecoratum
1665 5273 2041 5359 fuisscgdoce-

469 5357 589 5441 tur;
636 5369 902 5441 estquein
939 5366 1052 5437 ipsa
1078 5362 1215 5419 Nov.
1249 5363 1317 5418 50
1340 5378 1392 5417 c.
1420 5358 1487 5415 10
1514 5360 1794 5429 utriusque
1829 5357 2040 5429 Cappa-
2101 5410 2109 5418 ,

470 5456 637 5512 ducite
692 5452 927 5510 mentio:
957 5450 1019 5504 Ei
1040 5449 1097 5503 δέ
1119 5442 1204 5511 τίς
1239 5444 1300 5512 ἐξ
1342 5444 1608 5516 ἑκατέρας
1644 5443 2044 5507 Καππαδοκίας

486 5542 614 5613 δίκη
666 5537 1042 5594 πεντακοσίων
1082 5530 1598 5619 ὲλάττωνΙΧρυσῶν
1649 5529 1911 5602 ἑφέσιμος
1961 5530 2045 5600 γί-

466 5643 656 5698 νηται.
696 5624 886 5693 Neque
924 5620 1117 5685 enim,
1157 5619 1200 5675 sl
1237 5618 1527 5697 utramque
1577 5618 1631 5672 in
1668 5632 1831 5672 unam
1882 5630 2039 5671 com-

469 5719 756 5773 mutasset,
783 5707 1067 5775 utriusque
1118 5703 1373 5761 distincte
1396 5702 1650 5771 deinceps
1684 5700 2037 5757 meminisset.

455 5797 600 5856 Esse
657 5795 713 5851 in
746 5789 1035 5848 Haloandri
1072 5789 1310 5846 editione
1353 5787 1515 5847 novi:
1550 5786 1611 5842 Et
1662 5787 1719 5842 δέ
1745 5803 1829 5853 τις
1870 5787 2032 5860 ἑτέρα

1512 255 1889 318 ADDL‘NDA.
1935 278 2003 289 -
2042 252 2103 311 P.
2148 246 2660 312 WESSELINGII

2157 362 2221 414 ἐκ
2248 363 2345 432 τῆς
2366 352 2908 435 Κατέπειδξκῖάςδίκη
2935 377 2947 416 :
2981 361 3075 418 sed
3103 362 3252 434 prius
3294 346 3719 435 praeoptaverint,

2161 457 2269 498 tutu
2336 452 2481 515 quod
2554 450 2730 501 oratio
2789 448 2980 518 ἑτέραν
3048 447 3203 519 δίκην
3266 453 3345 503 vix
3397 450 3555 518 ferat,
3612 464 3717 508 tutu

2159 532 2415 597 quoniam
2461 530 2822 603 Cappadocia!
2854 534 2975 588 dum
3016 543 3280 602 nusquam
3312 534 3723 602 esscjubentnr,

2116 624 2269 687 'turn
2318 617 2477 685 ctiam
2539 618 2681 686 quod
2762 619 2948 686 primae
3021 616 3375 685 Cappadocia:
3442 620 3725 688 proconsul

2158 708 2390 763 creetur,
2451 701 2686 755 secunda
2726 716 2833 755 non
2875 701 3078 756 addita.
3112 698 3406 771 Utcunque
3441 702 3492 756 id
3516 704 3728 757 cecide-

2161 784 2250 846 rit,
2282 783 2592 854 insignitam
2627 786 2966 857 Cappadocia
3003 786 3352 841 mutationem
3387 787 3575 854 Subiit,
3605 788 3727 842 Hic-

2160 869 2290 922 rocli
2346 886 2466 923 cum
2521 869 2918 941 Synecdemum
2953 874 3213 929 scriberet
3239 874 3579 941 ignoratam;
3614 888 3731 943 qua

2157 955 2257 1007 etsi
2296 967 2361 1008 ex
2426 957 2748 1024 proconsule
2796 956 3153 1027 Cappadocia:
3208 960 3383 1026 prima
3436 958 3718 1027 explorata

2154 1047 2258 1105 est,
2293 1039 2489 1109 negligi
2542 1051 2719 1095 tamen
2753 1042 2913 1096 nolint
2963 1044 3203 1113 ejusdem
3242 1042 3592 1113 imperatoris
3638 1045 3728 1099 de-

2155 1134 2305 1177 creto
2364 1126 2543 1193 gentis
2588 1126 2707 1191 ejus
2750 1127 3161 1196 dispositionem
3216 1129 3639 1183 ecclesiasticam
3674 1131 3720 1183 in

2158 1207 2320 1261 alium
2340 1211 2583 1264 ordinem
2618 1210 2800 1265 ‘i‘uisse
2833 1228 3173 1268 conversam.
3228 1211 3345 1267 Huc
3374 1229 3549 1283 usque
3589 1215 3724 1269 bina:

2154 1291 2370 1346 fuerant
2429 1293 2805 1365 Cappadocum
2858 1298 3202 1365 mctropolcs,
3266 1299 3451 1365 prima
3521 1297 3726 1370 Cappa~

2156 1376 2325 1433 «locis:
2363 1376 2631 1443 Caesarea,
2661 1380 2910 1435 secundae
2944 1378 3158 1450 Tyana:
3198 1380 3417 1435 tertiam
3456 1380 3723 1436 Mucia-sm:

2156 1458 2429 1531 Tyanensi
2493 1464 2795 1517 detractam
2860 1473 2915 1517 et
2968 1463 3423 1536 Jusﬁuiatmpolin
3452 1482 3729 1535 nuncupa-

2156 1552 2265 1599 tam
2321 1548 2497 1601 tertia:
2533 1545 2887 1617 Cappadocia:
2925 1548 3041 1616 ipse
3097 1549 3588 1619 imposuit.0pera:
3608 1565 3727 1618 prc-

2157 1631 2287 1684 tium
2328 1630 2489 1685 fuerit
2528 1644 2594 1687 ea
2649 1631 2713 1687 de
2748 1646 2804 1686 re
2852 1644 3200 1702 perorantem
3244 1634 3435 1688 audire
3483 1634 3726 1705 Euphra-

2156 1724 2263 1769 tzun
2308 1716 2651 1787 Tyanensem
2689 1718 2999 1788 episcopum
3035 1718 3235 1775 Collat.
3290 1716 3327 1772 ν
3359 1733 3517 1774 conc.
3578 1719 3730 1773 Cou-

2155 1803 2507 1870 sta'ntinopol.
2551 1814 2616 1869 tt,
2646 1815 2699 1872 p.
2730 1803 2819 1860 96.
2855 1822 2871 1855 ι
2900 1804 2958 1860 la
2996 1804 3107 1869 illo,
3136 1804 3329 1873 inquit.
3365 1814 3611 1871 tempore
3637 1806 3730 1857 sub

2156 1882 2428 1955 Tyanensi
2460 1887 2685 1941 civitate
2701 1897 2819 1940 erat
2840 1896 2893 1941 et
2921 1886 3131 1940 Dohara
3161 1896 3209 1940 et
3232 1886 3549 1953 Naziauzus,‘
3567 1902 3730 1956 usque

2156 1974 2220 2024 ad
2257 1981 2495 2042 tempora
2534 1972 2693 2039 hujus
2738 1974 2810 2041 pit
2846 1972 3079 2042 imperii.
3114 1973 3399 2029 Piissimus
3418 1986 3604 2029 autem
3632 1974 3729 2026 im~

2158 2062 2520 2126 peratorcum
2579 2058 2995 2126 mctropolitana
3057 2058 3182 2128 jura
3219 2058 3460 2114 dedisset
3526 2058 3725 2113 civitati

2157 2154 2276 2209 quae
2338 2140 2611 2209 quondam
2653 2142 2872 2212 quidem
2924 2141 3223 2206 Mucissus,
3275 2158 3423 2200 nunc
3474 2156 3607 2199 vero
3644 2143 3733 2198 ‘Ju-

2156 2224 2537 2295 stinianopolis
2587 2234 2948 2295 nuncupatur,
2992 2241 3138 2282 cum.
3166 2227 3287 2282 aliis
3331 2228 3647 2283 civitatibus
3680 2239 3732 2283 ct

2158 2307 2369 2361 Dobara
2402 2318 2455 2362 et
2480 2306 2810 2364 Nazianzum
2846 2310 3074 2379 subjecit
3123 2311 3197 2365 ei.
3234 2328 3253 2362 ι
3291 2309 3414 2365 llaec
3452 2313 3497 2365 si
3550 2308 3611 2365 in
3636 2312 3733 2380 Sy-

2157 2391 2417 2446 nacdemo
2450 2394 2711 2462 praateriri
2754 2394 2993 2463 potuisse
3037 2395 3335 2464 putaveris,
3371 2398 3515 2465 quod
3545 2411 3575 2449 a
3622 2394 3730 2449 Nu-

2158 2477 2273 2530 titia
2306 2477 2675 2534 ecclesiastica
2707 2479 2778 2533 sit
2821 2480 3088 2539 diversus.
3110 2482 3292 2536 debuit
3318 2492 3498 2536 tamen
3533 2480 3731 2535 Mutis-

2155 2574 2249 2615 sus
2282 2562 2495 2617 urbium
2535 2561 2782 2632 catalogo
2808 2564 2994 2630 inseri,
3030 2579 3140 2620 non
3172 2566 3485 2636 regionibus
3507 2568 3620 2619 sive
3651 2568 3731 2617 vi-

2156 2646 2257 2711 cis,
2306 2655 2366 2700 ut
2416 2648 2493 2712 tit,
2520 2648 2563 2702 si
2589 2657 2702 2717 post
2727 2648 3042 2717 metropolis
3070 2649 3391 2719 dignitatem
3417 2649 3492 2705 illi
3522 2650 3721 2719 oppido

2154 2730 2402 2785 collatam
2444 2731 2606 2786 fuerit
2648 2733 2908 2802 scriptus.
2944 2733 3023 2787 Ad
3069 2734 3185 2789 huic
3221 2735 3453 2801 accedit,
3482 2734 3721 2791 lleleno-

2154 2823 2375 2883 pontum
2415 2814 2689 2869 consulari
2742 2827 2797 2869 et
2840 2813 3278 2872 Polemoniacum
3328 2818 3557 2873 Pontum
3590 2833 3726 2887 pra:-

2154 2897 2253 2951 sidi
2301 2899 2352 2951 in
2402 2898 2504 2952 hac
2551 2898 2752 2953 Notitia
2803 2901 3048 2967 attribui,
3081 2898 3302 2956 Novella
3326 2918 3456 2957 vero
3487 2901 3558 2957 28
3597 2904 3725 2957 abo-

2154 2980 2250 3036 lito
2296 2981 2449 3035 Ponti
2502 2981 2863 3039 Polemoniaci
2899 2984 3055 3039 titulo
3080 2984 3506 3055 Ilclencpontum
3537 2991 3720 3043 mode-

2156 3066 2683 3122 ratoriiustinianco
2726 3069 3019 3123 committi.
3062 3068 3234 3124 Porro
3278 3072 3398 3126 dua:
3434 3080 3637 3127 tantum
3671 3073 3722 3125 in

2154 3150 2775 3224 SynecdcmoArmenite
2796 3154 2997 3221 insunt,
3024 3170 3157 3225 quas
3186 3156 3536 3211 multifariam
3556 3166 3724 3212 sectas

2152 3235 2492 3293 Justinianus
2546 3238 2698 3309 (non,
2726 3228 2784 3291 ut
2822 3251 3110 3307 perperam
3150 3239 3468 3295 Eustathius
3510 3243 3559 3294 in
3599 3241 3721 3293 Din-

2152 3336 2270 3392 nys.
2305 3321 2723 3391 Pcricges.69l,
2780 3320 3051 3393 Justinus)
3097 3336 3335 3395 quatuor
3390 3323 3611 3380 Novella
3656 3325 3713 3379 3!

2149 3421 2271 3461 esse
2292 3418 2452 3477 atque
2472 3406 2656 3461 haberi
2686 3406 2815 3462 vult.
2832 3404 3014 3463 Taceo
3042 3425 3165 3479 quae
3195 3409 3516 3466 Justinianre
3539 3411 3720 3481 prima:

2149 3503 2311 3544 causa
2355 3491 2661 3545 decreverit
2695 3490 2833 3545 Nov.
2875 3492 2964 3558 il,
2997 3500 3165 3561 utque
3219 3494 3460 3565 in-Syria
3532 3495 3709 3549 Theo-

2150 3573 2450 3640 doriadem,
2500 3590 2567 3629 ne
2616 3576 2847 3645 egregiae
2897 3573 3195 3632 Theodorae
3252 3580 3428 3635 honor
3491 3580 3717 3644 deesset,

2149 3657 2482 3727 provinciam
2542 3659 2608 3713 de
2634 3675 2738 3726 qna
2779 3659 2998 3715 Novella
3034 3661 3087 3723 8,
3117 3662 3441 3718 condiderit.

2218 3741 2346 3797 Mihi
2382 3758 2505 3812 qua:
2539 3744 2752 3798 abunde
2796 3743 2863 3798 ad
2921 3754 3137 3800 aetatem
3181 3746 3463 3818 scriptoris
3529 3764 3718 3805 eruen-

2150 3826 2270 3883 dam
2305 3826 2575 3881 videntur.
2618 3826 2814 3885 Posses
2858 3828 3056 3899 alioqui
3082 3830 3282 3885 auxilio
3318 3844 3515 3887 vocare
3542 3833 3717 3895 urbes,

2148 3927 2283 3983 quas
2326 3926 2423 3968 suo
2458 3911 2831 3967 etTheodorre
2868 3914 3083 3968 nomine
3110 3914 3350 3970 illustres
3386 3931 3509 3972 esse
3540 3917 3722 3981 voluit.

2149 3997 2203 4051 in
2255 4010 2420 4050 unum
2474 3996 2776 4066 catOIOgum
2828 4013 2857 4049 a
2894 3994 2962 4054 Ν.
3007 3997 3312 4053 Aletnanno
3353 4001 3419 4054 ad
3475 3999 3721 4071 ProcOpii

2150 4081 2294 4139 Hist.
2336 4081 2540 4136 Arcan.
2601 4097 2650 4137 c.
2724 4081 2785 4135 ll
2836 4082 3136 4153 cunjt‘cms,
3181 4085 3235 4138 ni
3264 4095 3317 4138 et
3366 4084 3483 4140 alia:
3549 4085 3723 4143 [orent

2149 4182 2378 4237 quarum
2400 4167 2665 4221 rationem
2718 4166 2997 4223 Hierocles
3049 4167 3247 4223 nullam
3308 4169 3528 4227 habuit.
3569 4172 3720 4238 Quod

2149 4253 2293 4309 enim
2323 4249 2569 4308 Justinus
2606 4252 2812 4322 primus
2843 4253 3127 4308 Anazarbo
3170 4264 3334 4324 atque
3368 4254 3587 4311 Edessa:
3616 4256 3722 4326 pri-

2150 4339 2350 4394 stinum
2378 4352 2573 4392 nomen
2590 4338 2836 4402 abstulit,
2855 4338 3067 4408 utrique
3097 4337 3522 4408 Justiuopoleos,
3552 4352 3725 4409 quoet

2148 4424 2364 4495 prioriin
2388 4422 2762 4491 Mopsuestana
2794 4424 2998 4495 synodo
3014 4423 3158 4495 (licet
3182 4423 3724 4495 Jtzstinianoiiolitana

2149 4506 2453 4576 metropolis
2481 4506 2639 4579 vulgo
2666 4523 2718 4577 p.
2745 4508 2850 4563 152
2875 4519 3007 4565 tom.
3038 4508 3106 4562 12
3126 4508 3188 4563 C.
3222 4508 3287 4565 Ο.
3307 4512 3522 4581 edatur)
3541 4525 3725 4578 supcr-

2150 4594 2247 4660 bit,
2286 4591 2544 4663 imposito
2600 4591 2757 4647 titulo
2787 4592 2926 4661 apud
2953 4592 3245 4663 Euagrium
3290 4596 3375 4651 IH.
3422 4595 3483 4650 Ε.
3517 4596 3550 4651 4
3580 4595 3613 4651 8
3672 4604 3727 4648 et

2150 4677 2535 4746 Theophanem
2562 4673 2829 4747 Chorogr.
2866 4693 2919 4747 p.
2960 4676 3084 4738 146.
3122 4693 3186 4733 eo
3210 4694 3500 4749 nusquam,
3554 4697 3725 4751 quan-

2151 4764 2351 4820 tumvis
2412 4762 2485 4816 illi
2523 4763 2752 4832 tempori
2820 4762 3120 4832 proximus,
3154 4764 3579 4836 inSynecdemo
3628 4767 3722 4820 bas

2150 4849 2310 4903 urbes
2356 4848 2405 4900 di
2414 4854 2631 4916 gua‘tur.

2222 4931 2317 4986 illa
2353 4946 2482 5002 ergo
2506 4946 2626 5001 quae
2680 4930 2731 4985 in
2783 4931 2968 4987 medio
3019 4932 3198 5002 posui,
3257 4933 3391 4987 satis
3454 4947 3719 5003 superque

2149 5018 2400 5071 evincent
2438 5016 2570 5071 nibil
2595 5032 2780 5072 eorum
2797 5031 2916 5085 quae
2936 5016 3273 5073 Justinianus
3298 5018 3719 5073 novavitliiero-

2150 5101 2310 5167 ειιηι,
2354 5115 2471 5155 cum
2508 5101 2647 5155 hanc
2684 5100 2941 5157 Notitiam
2974 5101 3237 5170 vulgaret,
3265 5103 3599 5158 inaudivisse
3626 5103 3674 5155 vi
3699 5133 3714 5143 -

2149 5185 2297 5252 deri;
2346 5186 2589 5257 adeoque
2643 5197 2770 5242 ante
2837 5184 3155 5240 Belisarium
3209 5187 3513 5255 consulem,
3569 5187 3717 5258 cujus

2126 5268 2351 5327 annum
2401 5271 2586 5341 plures
2640 5270 2853 5325 illarum
2909 5272 3357 5327 constitutionum
3405 5272 3712 5343 pra-ferunt,

2148 5358 2393 5430 principe
2459 5367 2635 5411 tamen
2684 5355 2991 5412 Iustiniano
3050 5357 3356 5428 scripsisse.
3420 5356 3553 5412 Nam
3597 5369 3715 5413 tunc

2149 5446 2296 5501 hunc
2326 5444 2605 5500 consulem
2644 5441 2761 5498 fato
2789 5443 3153 5509 concessisse,
3186 5443 3330 5514 quod
3365 5444 3480 5499 viro
3509 5443 3712 5499 erudito

2150 5531 2205 5587 in
2232 5540 2465 5586 mentem
2505 5529 2653 5584 venit
2710 5527 2990 5595 arbitrari,
3026 5528 3117 5584 vix
3164 5529 3402 5585 indidem
3450 5529 3708 5600 coegeris.

2150 5614 2332 5672 Potuit
2347 5629 2478 5670 sane
2500 5611 2716 5684 vulgato
2735 5611 3277 5685 Synecdemoomnia
3289 5628 3407 5684 quae
3429 5613 3715 5683 imperator

2150 5708 2464 5767 mutaverat
2528 5701 2749 5763 addere,
2806 5712 3109 5770 novamque
3144 5699 3262 5771 eius
3284 5699 3576 5758 editionem
3627 5711 3715 5767 po.

2153 5782 2391 5844 blicare:
2440 5794 2495 5842 at
2519 5783 2572 5841 id
2613 5782 2849 5843 voluiSse
2877 5782 3021 5845 unde
3048 5784 3468 5856 cognoscemus?
3498 5782 3633 5853 Quid
3664 5778 3711 5836 si
