4060 6342
287 265 412 330 1οΠ

347 378 459 440 Col.
492 378 615 436 Ml.
659 380 994 452 Ἡράκλεια.
1028 386 1337 447 Secundum
1366 390 1645 461 dignitatis
1670 391 1848 447 locum

286 464 333 520 in
352 463 557 534 Europa
573 475 698 536 post
717 469 920 541 regiam
936 473 1127 530 urbem
1149 476 1388 542 tenebat,
1410 475 1671 545 Procopio
1684 474 1853 533 Fabr.

288 547 475 605 Justtn.
504 548 562 613 4.
596 550 652 612 9.
679 560 851 621 teste;
880 567 932 612 et
964 559 1218 626 quoniam
1252 559 1380 615 huic
1413 557 1695 631 metropoli
1723 558 1854 615 olim

285 633 546 688 subditqu
584 634 903 708 Byzantium
951 651 1092 707 erat,
1151 646 1489 701 consuetudo
1547 655 1607 701 ut
1674 644 1853 700 ﬂera-

284 717 501 774 cleensis
531 721 820 793 episcopus
858 724 1201 796 Cpolitanum
1236 730 1599 800 patriarcham
1632 732 1858 803 iuaugtto

204 814 212 820 ·
288 809 431 884 raret
456 812 623 875 atque
651 806 927 863 ordinaret
962 810 1222 884 deinceps
1261 814 1453 882 valuit,
1500 816 1661 872 sicuti
1694 814 1857 872 Codi-

288 900 381 940 nus
406 883 558 943 Ollio.
600 888 698 961 Cp.
728 906 778 946 c.
809 891 879 947 20
913 883 1215 952 admonuit.

350 968 485 1024 lbid.
538 971 1052 1045 Ἀρκαδιούπολις.
1084 979 1348 1054 Bergnlen
1370 981 1710 1040 Theodosius
1744 983 1863 1041 sive

286 1056 542 1112 Arcadius
574 1060 774 1130 (neque
829 1063 974 1117 enim
1030 1066 1389 1137 scriptoribus
1449 1068 1724 1138 convenit)
1779 1070 1867 1123 iu-

286 1140 542 1194 stauravit
577 1151 633 1196 et
661 1143 879 1199 Arcadii
901 1148 1125 1205 nomine
1153 1151 1496 1220 praelustretn
1527 1166 1653 1210 esse
1673 1152 1859 1223 jussit.

290 1224 643 1295 'l‘beOphanes
702 1228 936 1287 Arcadio
966 1231 1260 1308 Chronogr.
1329 1252 1385 1307 p.
1434 1237 1523 1305 66,
1580 1238 1862 1295 Cedrenus

285 1310 412 1376 patri
434 1309 758 1395 Theodosio
793 1315 1083 1389 Compend.
1129 1321 1316 1392 p.266
1353 1325 1565 1379 tribuit.
1600 1324 1861 1395 Apposita

283 1405 393 1449 erat
428 1394 653 1467 Ergino,
686 1415 791 1469 quo
842 1401 911 1457 de
948 1404 1016 1459 ad
1050 1408 1179 1462 Ant.
1229 1405 1353 1464 Itin.
1383 1423 1442 1480 p.
1486 1407 1618 1476 230,
1652 1394 1813 1464 lluvio
1846 1425 1860 1463 :

285 1487 466 1562 auctor
497 1495 801 1555 snonymus
843 1486 909 1541 de
961 1486 1140 1545 Leone
1191 1493 1427 1548 Armeno
1481 1507 1533 1562 p.
1569 1491 1677 1548 454
1709 1516 1718 1547 ;
1752 1492 1864 1548 Καὶ

283 1560 530 1650 sabbata-0;
576 1564 683 1630 ἓως
726 1567 1231 1639 Ἀρκαδιουπόλεως
1267 1575 1365 1629 καὶ
1396 1560 1739 1649 napis-avre;
1769 1577 1865 1650 τὴν

296 1644 552 1733 illi!”
573 1650 841 1725 (ποταμὸς
870 1655 927 1710 δὲ
950 1650 1106 1723 οὗτός
1137 1663 1305 1732 ἐςτιν)
1331 1644 1489 1733 εὗροκ)
1513 1661 1642 1717 λαὸν
1674 1644 1864 1719 πολύν).

286 1726 416 1819 ἔδει)
451 1728 707 1804 Rhegina
734 1753 842 1792 non
867 1738 1009 1797 alius
1038 1751 1121 1799 est
1153 1759 1216 1798 ac
1243 1726 1438 1815 Ergin'a
1470 1745 1583 1803 sive
1606 1746 1866 1819 Erginus.

284 1810 546 1898 Excerpta
580 1833 610 1872 e
640 1820 928 1880 Strabonis
951 1824 986 1880 I.
1018 1825 1074 1891 7,
1104 1842 1158 1898 ι).
1190 1828 1294 1884 530
1314 1810 1339 1881 ἶ
1360 1829 1483 1883 ’Ότι
1517 1832 1544 1884 ὁ
1576 1810 1871 1885 νῦννποτα-

285 1897 383 1987 pb;
428 1897 665 1987 ξξιγινὶα
722 1905 782 1959 ἂν
834 1906 1027 1981 Θρᾴκῃ
1101 1897 1439 1984 ἑαλούμενος
1486 1914 1717 1987 Ἐρίγων
1776 1911 1866 1985 ἦν.

285 1980 407 2069 lino
430 1985 661 2057 Ῥηγῖνα
689 2001 741 2045 et
783 1980 1050 2064 Ἐργῖνοξ,
1097 1980 1383 2069 Apollonio
1421 1980 1571 2056 Melae
1601 1980 1655 2057 et
1694 1980 1871 2058 Plinio

282 2068 589 2128 celebratus
621 2091 633 2125 :
664 2091 785 2128 nam
824 2075 1024 2149 Erigon
1059 2068 1383 2138 Masedonize
1416 2095 1535 2138 erat
1573 2084 1795 2139 llntnon.
1832 2084 1835 2085 ⁷

352 2151 489 2239 Ibid.
525 2156 719 2226 Βιζύη.
765 2160 902 2217 Urbs
947 2178 1016 2219 ex
1068 2162 1247 2221 Plinio
1298 2180 1351 2223 et
1383 2168 1677 2225 Ptolemaeo
1708 2179 1872 2239 atque

286 2237 508 2324 alii-sicst
540 2244 849 2302 notissima.
873 2246 946 2302 Τὸ
974 2249 1074 2320 τῆς
1102 2251 1306 2323 Βιζρης
1336 2252 1615 2324 πολίχνιον
1646 2237 1872 2309 Zonaras

286 2320 631 2409 inllichaele
666 2327 831 2385 Balbo
866 2346 919 2402 p.
950 2332 1083 2398 tte,
1122 2320 1379 2407 Kéospov
1406 2320 1612 2409 Βέξοης
1641 2339 1692 2393 in
1724 2339 1870 2393 Hist.

286 2404 563 2478 Disputat.
593 2409 813 2467 Maximi
845 2425 897 2470 et
925 2413 1217 2478 Theodosii
1243 2404 1374 2476 tom.
1401 2418 1468 2475 lIl
1495 2404 1598 2490 Op.
1626 2421 1871 2477 Sirnton-

285 2490 337 2544 di
368 2507 446 2577 Ap.
497 2494 628 2550 355.
662 2497 809 2569 Βύξη
847 2500 898 2554 in
934 2501 1086 2558 Actis
1118 2504 1319 2563 concil.
1345 2504 1604 2577 Ephesini
1629 2517 1686 2563 et
1713 2504 1875 2563 Chal-

288 2575 613 2653 ccdoncnsis
642 2584 866 2651 passim,
902 2587 995 2640 sed
1027 2601 1333 2656 perperam,
1366 2575 1587 2645 dicitur.

357 2656 501 2720 Ibid.
536 2664 785 2721 Πάνιον.
830 2668 944 2724 Hoc
968 2685 1032 2723 ex
1066 2670 1408 2728 Constantini
1440 2672 1476 2727 l.
1510 2690 1571 2739 tr,
1605 2669 1796 2727 'I'ltem.
1842 2672 1863 2729 l

288 2745 511 2818 vulgato
540 2752 922 2820 praeponimus.
954 2751 1241 2810 Maritimte
1267 2753 1514 2809 Thracia:
1536 2755 1596 2825 al
1617 2755 1872 2826 παράλιοι

290 2828 388 2899 τῆς
443 2830 666 2904 Θρᾴκης
720 2836 905 2901 πόλεις
935 2879 951 2903 ,
1006 2838 1070 2889 τό
1132 2854 1193 2891 τε
1246 2837 1448 2892 ῘΙὰνιον
1496 2840 1588 2893 καὶ
1628 2841 1663 2911 ὴ
1705 2841 1874 2912 Ἡρά-

290 2913 472 2980 κ).εια,
504 2920 707 2975 suntin
734 2920 968 2979 Ccdreni
998 2912 1303 2993 Corripend.
1332 2936 1393 2993 ρ.
1423 2923 1563 2989 H7;
1597 2925 1740 2980 unde
1765 2926 1875 2981 eul-

290 2997 432 3069 ligas
466 3002 609 3057 haud
646 3005 876 3062 multum
912 3004 1174 3065 Heraclea
1218 3016 1487 3065 semotum
1524 3007 1692 3065 fuisse
1720 3008 1875 3079 oppi-

292 3083 445 3140 dum.
492 3085 703 3146 Clarius
745 3089 797 3145 id
842 3091 1027 3148 videas
1076 3102 1142 3148 ex
1192 3092 1358 3148 Suida
1394 3095 1446 3147 in
1476 3092 1695 3160 Πὰνιον,
1728 3105 1872 3150 etes

292 3169 530 3227 concilio
564 3172 840 3244 Ephesiuo
893 3190 951 3246 p.
986 3175 1114 3243 790,
1159 3174 1249 3231 ubi
1285 3174 1547 3233 Heraclea
1580 3186 1636 3232 et
1667 3177 1872 3233 Panio'u

291 3255 549 3311 eumdem
595 3258 907 3335 episcopum
947 3254 1170 3320 habent.
1206 3261 1395 3317 Postea
1439 3272 1618 3318 tamen
1650 3263 1877 3329 singulis

291 3340 567 3412 episcopis
590 3356 935 3413 paruerunt;
965 3347 1106 3402 unde
1125 3345 1353 3402 consilio
1386 3347 1482 3416 Cp.
1520 3364 1574 3419 p.
1602 3347 1708 3403 500
1746 3347 1874 3420 Ῥη-

292 3425 447 3489 γίνος
500 3425 796 3493 ἐπίσκοπος
848 3429 1050 3484 Πανίου
1094 3430 1195 3502 τῆς
1242 3428 1476 3503 Θρᾳκῶν
1520 3437 1705 3504 χώρας
1743 3433 1877 3504 δεῖξ’

291 3505 474 3563 bendo
505 3508 743 3566 adfuisse
772 3512 993 3569 dicitur.
1834 3503 1844 3511 ’

366 3591 507 3647 Ibid.
541 3595 763 3663 Ὀρνοι.
796 3595 948 3654 Frid.
996 3596 1254 3656 Morellus
1303 3599 1355 3656 in
1403 3600 1741 3657 Constantini
1768 3601 1803 3657 l.
1837 3617 1877 3658 II

298 3672 483 3731 Thom.
517 3679 538 3730 l
585 3678 827 3750 Ὀρεινὸς
870 3681 972 3752 legi
1015 3697 1175 3751 posse
1204 3684 1515 3751 suspicatur
1539 3700 1638 3756 pro
1680 3685 1877 3755 oppido

296 3768 680 3818 montanorum
712 3762 958 3820 Thraciae
1014 3763 1356 3836 pepulerunt,
1402 3783 1540 3839 qitos
1600 3769 1877 3841 Ὀρεινοὺς

295 3842 596 3917 XenOphon
638 3849 673 3902 l.
706 3850 737 3903 7
769 3850 973 3920 Erped.
1008 3851 1131 3923 Cyri
1164 3863 1337 3911 vocet.
1391 3857 1460 3909 At
1504 3856 1665 3926 lmjus
1706 3856 1882 3910 nomi-

296 3931 386 3985 nis
411 3933 672 3990 urbemin
708 3933 941 3991 Thracia
980 3952 1139 3993 nemo
1170 3938 1358 4003 novit;
1401 3936 1591 3994 fuisset
1620 3951 1880 4009 praeterea

296 4025 453 4070 θυι-ει
494 4016 722 4088 Europae
755 4020 889 4075 lines
924 4019 975 4074 in
1024 4018 1242 4092 Scythia
1270 4022 1546 4091 provincia
1570 4025 1639 4079 ob
1666 4039 1727 4078 ea
1763 4040 1883 4093 quae

295 4099 597 4172 Xenophon
639 4102 778 4175 Exp.
810 4102 936 4177 ϐυτ.
992 4107 1025 4162 7
1070 4121 1124 4175 p.
1176 4102 1283 4163 320
1336 4120 1620 4163 memorat.
1658 4108 1771 4181 Ego
1815 4109 1884 4165 de

296 4188 442 4240 Arzo
473 4197 528 4241 et
562 4185 744 4243 Tonzo
789 4190 1156 4259 cogitaverant
1194 4208 1209 4245 :
1246 4191 1340 4246 sed
1381 4207 1503 4247 cum
1554 4193 1731 4262 plura,
1764 4207 1884 4262 qua:

299 4270 388 4322 vix
419 4272 562 4339 apud
612 4272 750 4328 alios
800 4275 1062 4343 reperias,
1108 4274 1162 4329 in
1196 4273 1540 4346 Synecdemo
1565 4276 1674 4331 sint
1697 4277 1881 4344 obvia,

299 4350 435 4407 nihil
468 4356 867 4413 constituerim.
1802 4424 1803 4427 η

370 4435 511 4493 ibid.
567 4441 785 4508 Γάνος.
840 4438 1037 4496 Suidas
1077 4440 1140 4496 τὸ
1179 4442 1315 4512 πρὸς
1351 4445 1420 4516 τῇ
1462 4442 1655 4516 Θρᾴκῃ
1684 4444 1811 4516 ὅρος
1846 4445 1880 4516 ἡ

299 4520 492 4585 Γάνος.
520 4522 600 4577 Ta
624 4524 717 4578 τοῦ
748 4524 920 4581 Γάνου
941 4523 1043 4597 ὅρη
1075 4534 1341 4582 memorat
1369 4534 1556 4581 auctor
1579 4541 1883 4599 anonymus

298 4605 369 4660 de
398 4606 580 4666 Leone
611 4610 850 4666 Armeno
896 4626 950 4680 p.
999 4611 1127 4667 455.
1174 4611 1311 4667 Hinc
1340 4612 1613 4680 conjicere
1646 4612 1769 4668 licet
1794 4630 1887 4669 ur-

302 4695 425 4745 bem
450 4690 662 4749 Canum
689 4697 755 4750 ad
776 4694 1159 4765 Propontidem
1181 4698 1427 4768 ejusdem
1445 4698 1677 4754 nominis
1702 4710 1885 4755 monte

302 4776 470 4835 fuisse
506 4777 826 4843 incinctam,
865 4780 1103 4849 pessime
1152 4791 1336 4835 autem
1386 4780 1630 4836 habitam
1684 4783 1883 4839 essein

299 4862 513 4917 Libanii
536 4862 689 4929 Apol.
729 4863 1063 4919 Damnst/ten.
1099 4873 1230 4922 tom.
1261 4864 1301 4930 I,
1333 4882 1388 4934 p.
1411 4866 1541 4930 451,
1574 4869 1661 4921 ttbi
1695 4869 1885 4939 Σέριον

298 4949 481 5018 τεῖχος
513 4947 612 5002 καὶ
641 4948 904 5021 Δόρισκον
932 4951 1026 5003 καὶ
1047 4950 1324 5021 Μυρτῖνον
1346 4951 1439 5003 καὶ
1468 4951 1634 5017 Γάδος
1661 4954 1754 5006 καὶ
1781 4954 1885 5007 Σα-

300 5032 419 5087 νίδσ
458 5033 664 5106 χώραν·
709 5032 812 5090 εἷθ’
852 5033 995 5103 ὑπὲρ
1030 5034 1259 5101 τούτων,
1288 5028 1364 5089 ὧν
1389 5035 1509 5090 οὐδὲ
1543 5037 1614 5091 τὰ
1645 5037 1885 5109 ὀνόματα

305 5118 491 5187 ἴσμεν,
539 5117 974 5189 ἐξανιστάμεθας
1022 5119 1308 5189 scripsisse
1353 5119 1599 5191 Σὲρῤιον,
1635 5121 1802 5187 Γάνος
1831 5135 1887 5179 et

303 5202 502 5256 Γανὶδι
533 5215 600 5257 οι
635 5200 915 5268 Eschinc,
966 5218 1128 5272 quem
1163 5202 1409 5259 imitatur
1445 5206 1522 5272 (in
1562 5204 1884 5274 Ctesiphoni.

304 5302 357 5354 ρ.
389 5286 501 5355 65)
534 5298 587 5340 et
627 5285 839 5342 Valesio
876 5286 942 5342 ad
976 5284 1425 5358 lIarpocratiuuis
1471 5288 1760 5360 Μύρτανον
1794 5307 1885 5348 co-

303 5386 553 5440 gnoscrs.
766 5416 773 5423 .

375 5455 513 5512 Ibid.
549 5458 940 5522 Καλλίπολις.
990 5455 1328 5513 Recentioris
1356 5456 1457 5511 :cvi
1488 5455 1706 5514 Graecos
1738 5459 1887 5513 Καλ-

304 5540 419 5594 λίου
491 5541 647 5594 πόλιν
709 5541 1008 5610 appellasse
1074 5540 1206 5593 alius
1271 5538 1705 5595 animadversum
1766 5543 1883 5599 luit.

306 5626 545 5681 Causam
602 5625 841 5680 habuere
886 5624 1035 5695 ‘quod
1083 5639 1201 5677 eam
1251 5638 1282 5678 ει
1330 5622 1502 5679 Callia
1537 5667 1552 5686 ,
1590 5624 1885 5683 Athenien-

307 5710 445 5763 sium
500 5712 661 5772 duce,
690 5710 990 5767 conditam
1049 5707 1219 5765 luisse
1268 5709 1669 5781 cxisdmarent,
1702 5722 1753 5765 ut
1796 5711 1881 5769 Jo.

307 5792 610 5854 Cinnamus
646 5795 696 5862 5,
729 5795 780 5850 5.
1478 5854 1482 5857 ,
1654 5806 1661 5813 ’

1124 273 1521 338 COMMENT.
1564 274 1645 337 IN
1689 272 2105 336 HIEROCLIS
2145 271 2695 359 SYNECDEMUM.

3406 266 3543 335 1078

2025 389 2159 447 Ibid.
2191 390 2459 461 Μόριζος.
2494 389 2886 447 Constantinus
2931 389 3197 464 Μήριξος.
3238 390 3542 448 Undeblo-

1954 476 2122 532 rellus
2160 490 2174 529 :
2208 475 2439 532 Herisus
2470 494 2541 531 an
2576 475 2843 532 Meritus?
2874 487 2929 529 ut
2964 473 3175 531 Plinius
3207 485 3353 532 vocat
3392 492 3546 531 man-

1958 572 2060 615 tent
2107 559 2369 626 Thraciis,
2421 564 2473 616 in
2520 577 2622 625 quo
2662 560 2869 630 forlean
2909 560 3031 614 urbs
3060 561 3165 615 sita
3200 561 3345 629 fuit;
3382 576 3542 631 quam

1958 660 2081 701 cum
2113 661 2273 702 nemo
2319 645 2555 714 noverit,
2609 644 2942 715 conjecturae
2993 644 3137 701 haud
3192 646 3538 702 accesserim.

1958 729 2181 787 Rectius
2208 732 2311 787 huc
2344 731 2654 788 referuntur
2684 729 2927 801 ejusdem
2974 730 3132 786 Plinii
3164 746 3239 795 tv,
3266 729 3351 796 Il,
3385 730 3546 784 Mori-

1956 816 2099 880 seni,
2147 817 2241 886 qui
2288 816 2540 872 Thraciae
2598 825 2812 887 partem
2863 813 3223 884 incoluerint;
3273 815 3548 885 laudoquc

1958 898 2041 957 Io.
2074 900 2437 963 Harduimmt,
2465 903 2610 972 quod
2666 900 2721 955 in
2778 910 3059 957 reccntata
3108 899 3267 956 Plinii
3308 900 3548 957 editione

1961 984 2224 1041 Morinum
2260 988 2326 1040 ad
2365 1000 2465 1041 eos
2491 984 2790 1042 firmandos
2822 985 3192 1041 advocaverit.

2032 1107 2165 1164 Ibid.
2200 1108 2471 1182 Σιλτική.
2500 1108 2899 1168 Constantinus
2942 1110 3204 1181 Σαλτική.
3254 1108 3449 1166 Posses
3482 1123 3547 1163 ex

1962 1193 2145 1263 priore
2174 1194 2453 1267 Σιντικήν,
2480 1211 2545 1252 ex
2585 1196 2887 1266 posteriore
2928 1194 3260 1263 Βισαλτικήν
3290 1192 3547 1258 formare,

1966 1277 2069 1332 nisi
2107 1278 2392 1349 regionum
2446 1294 2509 1336 ea
2559 1289 2745 1335 essent
2776 1279 3107 1351 cognomina
3138 1287 3194 1333 et
3241 1276 3383 1332 ultra
3415 1276 3552 1330 lines

1966 1360 2200 1431 Europae
2232 1376 2425 1419 versus
2466 1361 2864 1419 Macedoniam.
2904 1362 2961 1418 Si
3002 1361 3237 1433 Σαλτική
3269 1360 3450 1431 potior
3479 1359 3553 1415 sit

1968 1446 2115 1511 (nam
2142 1442 2439 1501 Bisanthen
2472 1447 2523 1501 in
2562 1462 2693 1507 voce
2728 1446 2902 1501 latere
2929 1462 3035 1501 non
3076 1455 3323 1517 apertum
3367 1445 3496 1513 est),
3523 1457 3556 1499 a

1968 1526 2229 1590 Saltibus.
2262 1536 2321 1583 ut
2354 1530 2601 1600 pluribus
2647 1532 2699 1584 in
2751 1529 3111 1601 Synecdemo,
3141 1544 3335 1584 nomen
3368 1528 3556 1582 venire

1965 1612 2162 1680 potuit.
2211 1611 2460 1686 [Σιντικὴ
2507 1613 2629 1670 eod.
2678 1611 2980 1680 Leidensis,
3026 1622 3082 1667 et
3129 1622 3295 1669 recte.
3350 1611 3557 1668 Sintica

1968 1696 2119 1768 regio
2151 1699 2348 1755 veteris
2392 1697 2742 1761 Macedoniae,
2791 1699 2856 1753 de
2885 1713 2987 1766 qua
3021 1696 3201 1751 Livius
3232 1696 3268 1751 l.
3320 1712 3469 1763 suv,
3502 1711 3556 1751 c.

1970 1781 2093 1846 ult.,
2135 1781 2479 1854 intelligitur.
2508 1782 2825 1854 Wesseling.
2865 1783 3113 1855 Prolegg.
3145 1798 3197 1852 p.

2041 1901 2174 1959 Ibid.
2211 1904 2498 1960 Σαυαδία.
2530 1903 2623 1961 Sic
2663 1904 2805 1960 main
2838 1921 2869 1959 e
2900 1920 3004 1960 ms.
3034 1920 3346 1976 quanquam
3374 1904 3558 1959 Σαϐα-

1968 1987 2058 2042 δὶα
2090 1989 2269 2045 verius
2307 1991 2551 2046 videtur.
2591 1990 2741 2054 Sola,
2772 1992 2916 2060 quod
2951 1990 3154 2047 rescire
3176 1988 3352 2061 potui,
3381 1990 3558 2059 Ephe-

1970 2072 2075 2126 sini
2097 2062 2330 2129 concilii
2374 2074 2507 2130 Acta
2533 2075 2691 2130 urbis
2728 2077 3047 2130 memoriam
3078 2083 3387 2130 servarunt.
3417 2075 3558 2143 Sup-

1972 2156 2174 2227 plicant
2224 2158 2470 2227 patribus
2512 2159 2757 2231 episcopi
2803 2156 3031 2230 Europa:
3063 2174 3117 2229 p.
3168 2158 3294 2223 790,
3328 2168 3460 2212 tom.
3487 2155 3556 2223 γ,

1968 2238 2034 2294 C.
2068 2236 2137 2296 ϐ.
2170 2240 2254 2295 bis
2296 2242 2479 2297 verbis
2506 2259 2519 2295 :
2551 2241 2709 2297 Vetus
2742 2258 2852 2299 mos
2886 2244 3023 2314 viget
3057 2244 3111 2297 in
3136 2242 3419 2311 provinciis
3446 2240 3559 2294 Eu-

1976 2340 2135 2392 ropaz,
2180 2329 2320 2396 quod
2368 2326 2567 2397 singuli
2596 2328 2827 2397 episcopi
2854 2327 2987 2385 duos
3016 2313 3097 2384 vel
3126 2336 3231 2383 tres
3252 2326 3349 2382 sub
3380 2344 3435 2382 se
3458 2328 3559 2381 ha-

1970 2409 2123 2461 beant
2152 2410 2506 2480 episcopatus.
2550 2407 2705 2467 Unde
2744 2409 3023 2467 Heraclea:
3048 2412 3323 2484 episcopus
3359 2410 3455 2466 sub
3501 2426 3559 2466 se

1970 2490 2123 2545 habet
2171 2490 2486 2549 Heracleam
2533 2504 2582 2549 et
2615 2491 2848 2563 Panion,
2875 2497 3151 2566 episcopus
3181 2504 3357 2551 autem
3385 2493 3557 2565 Byses

1970 2574 2066 2628 sub
2100 2591 2155 2629 se
2182 2574 2359 2646 Byzm
2381 2587 2431 2631 et
2456 2579 2857 2650 Arcadiopolm,
2883 2579 3138 2637 Cwlemis
3161 2596 3284 2637 vero
3315 2580 3562 2635 similiter

1972 2656 2157 2714 Calan
2196 2674 2244 2715 et
2289 2660 2614 2732 Callipolin;
2648 2680 2807 2733 porro
2850 2669 3125 2737 episcopus
3156 2665 3434 2723 Sabsadiw
3459 2664 3560 2717 sub

1971 2758 2027 2797 se
2086 2742 2240 2799 habet
2293 2744 2615 2801 Sabsadiam
2668 2759 2716 2802 et
2776 2750 3237 2819 Aphrodisiadent.
3285 2748 3328 2804 E
3358 2748 3557 2819 quibus

1973 2828 2331 2897 paucissimos
2359 2829 2490 2885 olim
2517 2830 2573 2887 in
2608 2831 2819 2903 Eumpa
2840 2833 3017 2906 fuisse
3044 2836 3329 2906 episcopos
3358 2844 3559 2904 εοειιοσ

1973 2914 2201 2981 scimus,
2249 2925 2306 2970 et
2331 2914 2625 2974 Sabadiam
2676 2918 3063 2989 Aphrodisiadi
3090 2922 3326 2977 vicinam
3378 2933 3555 2972 :nam

1974 2994 2299 3054 Sabsadiam
2333 3001 2585 3058 eamdem
2617 3012 2780 3074 atquc
2802 3005 2943 3060 hanc
2966 3019 3092 3062 esse
3121 3018 3283 3060 nemo
3315 3000 3558 3060 addubi-

1976 3085 2193 3140 taverit.
2222 3083 2338 3140 Sita
2378 3088 2479 3143 fuit
2532 3089 2585 3142 in
2623 3088 2874 3145 Thraciae
2918 3089 3139 3161 regione
3172 3088 3424 3159 Sapaiea,
3452 3089 3557 3143 Σα-

1977 3171 2176 3239 παικῇ,
2215 3170 2279 3223 de
2307 3178 2409 3240 qua
2440 3170 2764 3229 Ptolemaeus
2788 3170 2843 3239 3,
2868 3173 2926 3235 ‘2.
2960 3173 3098 3228 cuia
3131 3174 3337 3243 Sapazis
3371 3172 3422 3227 id
3458 3188 3557 3226 no.

1977 3268 2097 3307 men
2136 3254 2308 3310 iussit.
2358 3256 2530 3313 liabet
2562 3258 2833 3325 Appianus
2866 3258 2925 3311 Β.
2959 3258 3020 3313 C.
3058 3258 3112 3323 4,
3143 3276 3197 3327 p.
3238 3257 3375 3312 l037
3418 3273 3431 3307 :
3473 3255 3557 3310 Τὰ

1977 3336 2143 3391 στενὰ
2160 3328 2422 3415 saan
2451 3341 2546 3395 καὶ
2578 3341 2897 3413 Τουρπίλων
2928 3343 3204 3412 angustias
3235 3342 3546 3411 Sapazorum

1979 3429 2033 3476 ct
2057 3418 2406 3491 Turpilorum
2433 3426 2483 3479 in
2510 3425 2908 3497 Thracia,quas
2932 3425 3222 3483 Norbanus
3245 3434 3301 3482 et
3318 3425 3559 3481 Ceditius

1974 3506 2329 3574 occuparint;
2365 3510 2506 3565 unde
2537 3523 2824 3579 perperam
2869 3524 2923 3580 p.
2961 3508 3102 3565 1025
3136 3508 3386 3581 ejusdem
3435 3508 3559 3564 libri

1975 3589 2047 3643 τὰ
2080 3591 2247 3645 στενὰ
2275 3592 2560 3665 Τορπίδων
2608 3598 2704 3649 καὶ
2735 3593 3067 3650 Σαλαπαιων
3100 3593 3263 3651 iidem
3297 3592 3561 3649 insedisse

1978 3672 2247 3731 feruntur.
2280 3674 2604 3749 Quanquam
2658 3693 2728 3735 ne
2782 3678 2863 3735 sic
2914 3679 3134 3751 quidem
3190 3679 3330 3733 bona
3376 3677 3559 3734 omnia

1980 3757 2184 3815 fuerint
2214 3779 2228 3814 :
2266 3761 2433 3832 ign0ti
2476 3765 2621 3818 enim
2652 3764 2813 3836 plane
2860 3764 3070 3837 Turpili
3101 3772 3251 3830 sunt,
3284 3762 3339 3818 in
3367 3761 3559 3830 Corpi-

1979 3841 2062 3899 los
2086 3858 2150 3899 ex
2184 3844 2359 3902 Plinio
2386 3857 2441 3903 et
2472 3847 2658 3905 Solino
2695 3849 2961 3905 mutandi.
2994 3848 3234 3920 Sapaeos,
3272 3857 3330 3903 ut
3376 3848 3442 3902 ad
3468 3862 3564 3904 eos

1981 3926 2288 3993 redeamus,
2327 3929 2500 3987 Sabos
2527 3932 2738 3999 Σάϐους
2774 3934 2868 3989 alii
2891 3943 3114 4000 vocant,
3154 3941 3213 3986 ut
3244 3930 3566 3989 Eustathius

1980 4013 2037 4067 in
2062 4011 2581 4089 Dionys..Perieges.
2608 4016 2770 4085 1069,
2792 4015 3138 4086 iudidcntqnc
3168 4016 3383 4071 Sabazii
3412 4015 3565 4071 Iovis

1982 4104 2039 4151 et
2066 4096 2262 4153 Bacchi
2293 4101 2505 4154 titulum
2552 4112 2804 4171 repetunt
2841 4120 2856 4156 :
2899 4100 3236 4157 Scholiastcs
3281 4102 3334 4154 in
3367 4101 3564 4155 comici

1983 4178 2208 4250 Vespas.
2246 4198 2296 4239 ν.
2329 4184 2362 4239 9
2395 4202 2409 4239 :
2440 4185 2708 4250 Σκϐἅζιον
2737 4186 2793 4238 δὲ
2823 4187 2914 4239 τὸν
2947 4184 3201 4239 Διόνυσον
3239 4186 3291 4238 οἱ
3338 4184 3561 4256 Θρᾷκες

1978 4267 2248 4334 καλοῦσι,
2302 4271 2395 4323 καὶ
2442 4270 2653 4334 Σάϐους
2705 4273 2833 4334 τοὺς
2882 4272 3050 4341 ἱερεῖς
3100 4269 3289 4326 αὑτοῦ,
3327 4270 3368 4323 Δ
3406 4269 3565 4324 Saliis

1985 4352 2287 4421 Thracibus
2335 4352 2550 4409 Sabazii
2593 4354 3011 4419 sacerdotibus,
3065 4354 3227 4424 σάϐη,
3285 4352 3561 4418 σαὸἀζειν,

1985 4430 2251 4502 Σαϐάζιος
2283 4436 2627 4506 formarunt;
2663 4454 2898 4511 cumque
2947 4439 3213 4496 Sabadius
3272 4454 3377 4492 non
3424 4437 3566 4493 alius

1986 4526 2057 4580 sit
2077 4524 2407 4597 (Macrobius
2434 4523 2658 4582 Saturn.
2693 4527 2742 4593 Ι,
2771 4527 2837 4583 18
2867 4545 2877 4579 :
2908 4524 3049 4581 Item
3084 4527 3138 4580 in
3166 4525 3392 4580 Tltra’ciu
3415 4540 3565 4581 sum-

1982 4608 2101 4665 dem
2135 4608 2317 4679 haberi
2356 4608 2536 4667 Solem
2584 4621 2741 4680 atque
2772 4609 3018 4666 Liberum
3052 4610 3370 4680 accipimus,
3413 4622 3565 4679 quens

1984 4694 2065 4751 illi
2107 4695 2403 4751 Sabadium
2441 4704 2805 4765 nuncupantes
2834 4695 3116 4768 magnifica
3150 4695 3401 4766 religione
3429 4694 3564 4749 cele-

1986 4780 2186 4849 brant),
2230 4781 2390 4848 plane
2426 4780 2555 4834 mihi
2587 4780 2886 4849 persuadeo
2915 4783 3107 4836 urbem
3158 4778 3445 4835 Sabadism
3474 4788 3567 4832 aut

1987 4863 2307 4921 Sabasdisnt
2363 4879 2493 4921 vero
2546 4862 2714 4921 fuisse
2746 4866 2987 4930 nomine,
3021 4876 3183 4934 atque
3217 4881 3245 4919 a
3289 4864 3433 4918 cultu
3466 4862 3567 4916 Sa-

1987 4950 2152 5016 bazii,
2182 4959 2274 5005 aut
2301 4950 2543 5005 vicissim
2579 4949 2868 5007 Sabazium
2898 4951 2966 5006 ab
2994 4950 3145 5017 urbe,
3182 4966 3246 5005 eo
3268 4949 3423 5004 titulo
3444 4964 3567 5005 esse

1985 5045 2256 5088 ornatam.
2291 5033 2406 5089 Non
2447 5034 2663 5100 desunt,
2694 5035 2889 5101 lateor,
2915 5035 3011 5105 qui
3036 5033 3341 5105 Phrygibus
3383 5031 3523 5107 Saba
3544 5063 3565 5071 υ

1987 5117 2131 5172 slum
2187 5117 2371 5173 deberi
2427 5129 2691 5184 censent;
2742 5135 2861 5191 quae
2904 5136 2991 5175 res
3034 5118 3270 5187 Opinioni
3305 5119 3436 5172 nihil
3471 5116 3569 5173 no-

1987 5201 2204 5256 cuerit;
2242 5199 2547 5272 Phrygibus
2578 5202 2721 5258 cnim
2758 5215 2813 5257 ct
2854 5203 3163 5259 Thracibus
3214 5210 3382 5257 multa
3410 5211 3569 5257 erant.

1986 5285 2295 5341 communia
2348 5300 2546 5351 sacra,
2595 5288 2791 5355 quibus
2843 5287 2912 5339 τὰ
2966 5284 3205 5351 Σαϐάζιοι
3256 5286 3453 5343 Strabo
3501 5286 3568 5340 lt)

1988 5387 2041 5441 p.
2090 5370 2189 5424 471
2233 5379 2530 5425 acceusct:
2568 5386 2635 5426 ne
2673 5386 2817 5427 nunc
2855 5372 3030 5427 dicam
3068 5371 3306 5443 Phryges
3334 5386 3365 5426 c
3396 5370 3570 5426 Thra-

1988 5468 2111 5509 cum
2166 5454 2363 5509 linibus
2427 5456 2476 5508 iu
2523 5453 2709 5511 Asiam
2765 5457 3158 5526 commigrasse
3221 5456 3491 5527 perhiberi
3538 5472 3567 5509 a

1990 5540 2255 5594 Strabone
2309 5547 2362 5593 et
2406 5538 2677 5596 Ilcrodoto
2704 5554 2803 5609 vti,
2838 5540 2926 5605 75,
2978 5550 3252 5611 utcunque
3287 5539 3566 5605 reciderit,

1992 5625 2150 5694 digna
2184 5624 2370 5695 utique
2423 5625 2657 5683 Sabadia
2687 5625 2862 5681 luerat
2891 5639 3009 5695 quae
3057 5627 3201 5681 inter
3236 5624 3569 5693 episcopales

1990 5710 2216 5781 Europze
2237 5712 2393 5769 sedes
2424 5713 2475 5768 in
2498 5712 2559 5767 (ὲ.
2588 5726 2615 5767 a
2644 5712 2698 5767 S.
2736 5710 2901 5768 Paulo
2930 5709 3124 5781 Ccogr.
3157 5710 3214 5766 S.
3243 5710 3416 5767 locum
3453 5721 3571 5766 tuc—

1988 5805 2157 5854 retur.
