4074 6338
561 271 700 343 1083

561 395 740 465 posito
769 393 872 452 loci
926 413 1117 453 nomen
1150 412 1311 465 esse;
1351 415 1659 468 quampiam
1687 416 1810 456 eum
1849 392 2131 468 hucusque

559 481 761 535 frusrra
791 483 1037 551 qumsivi.
1066 483 1138 538 De
1166 484 1407 553 Axiopoli
1441 486 1506 539 ad
1547 484 1671 540 Itin.
1707 486 1773 540 Α.
1809 500 1864 554 p.
1896 483 2025 538 224.

626 565 749 625 Col.
783 567 902 621 Ml.
936 568 1263 624 Καπίδασα.
1297 567 1389 625 Sic
1418 579 1638 640 praestat
1668 586 1699 624 e
1736 587 1866 627 mss.
1906 581 1960 624 et
1991 568 2136 625 Con-

549 652 802 707 'stantino
833 654 902 709 ob
918 654 1042 710 Itin.
1066 655 1129 709 Α.
1152 671 1499 713 consensum.
1526 657 1779 713 IIorellus
1802 673 1926 712 eum
1946 654 2133 713 Comi-

549 738 696 811 ;dava
742 738 1014 796 Ptolemaei
1073 741 1203 798 Itin.
1236 760 1317 808 ιιι,
1352 743 1385 800 8
1445 745 1632 799 eadem
1666 753 1873 811 censet,
1914 742 2133 806 Daciam

560 822 836 882 Ptolemaei
866 843 987 881 cum
1015 826 1242 900 Scythia
1282 829 1593 884 confundit.

634 909 766 967 Ibid.
804 911 1060 981 Κάρσος.
1111 914 1515 986 Κάρποςιιιθιθ
1561 915 1967 970 Constantinus.
2013 913 2137 969 Vid.

568 996 699 1049 irin.
762 995 825 1051 Α.
898 1013 953 1067 p.
1001 998 1107 1053 221
1158 1010 1208 1055 et
1257 1014 1398 1071 seq.,
1454 1000 1540 1055 tibi
1591 1008 1645 1056 et
1692 1001 1773 1055 ha-
1820 999 1984 1055 urbes
2053 1014 2141 1053 re-

561 1092 877 1138 CCIISI’JIIIII'.

635 1164 775 1220 Ibid.
833 1167 1136 1237 Ἀλμυρίς,
1194 1166 1317 1224 Vita
1380 1169 1439 1224 S.
1500 1168 1730 1238 Epicteti
1789 1176 1843 1223 et
1894 1166 2138 1222 Astionis

563 1265 610 1305 c.
638 1248 714 1307 6:
752 1249 813 1304 In
852 1250 1166 1322 Scytharum
1197 1252 1326 1318 ﬁnes
1362 1255 1588 1323 ingressi
1629 1253 1682 1305 in
1716 1250 2142 1321 Aimyridensem

563 1336 823 1390 ciuitatem
856 1338 1192 1391 devenerunt.
1244 1335 1301 1391 Si
1349 1337 1573 1395 Morello
1619 1338 1821 1402 credis,
1884 1352 1990 1390 non
2033 1335 2138 1389 alia

567 1416 837 1490 Ilalmyris
868 1429 952 1475 est
978 1434 1045 1477 ac
1076 1420 1478 1491 Salmydessus,
1516 1436 1691 1491 neque
1718 1422 1769 1475 in
1799 1420 2020 1474 dubium
2047 1434 2142 1472 vo-

565 1503 674 1558 cari
707 1518 863 1573 posse
897 1514 1081 1573 putat;
1108 1513 1163 1559 et
1193 1514 1374 1559 tamen
1404 1505 1753 1562 falsissimum
1780 1517 1883 1560 est.
1913 1504 2138 1575 lialmy-

562 1590 643 1645 ris
686 1589 737 1643 in
775 1588 963 1644 ultima
1005 1590 1107 1645 iuit
1136 1590 1357 1661 Scythia
1402 1590 1670 1662 Procopio
1713 1589 1892 1660 xEdif.
1931 1589 2134 1645 Justin.

563 1692 638 1739 iv,
672 1675 703 1729 7
735 1684 980 1739 auctore,
1022 1677 1267 1744 proxima
1316 1677 1454 1732 Istro
1497 1674 1695 1743 ﬂuvio;
1756 1673 2137 1746 Salmydessus

564 1774 694 1814 vero
724 1759 837 1814 sive
877 1757 1266 1832 Ilaimydessus
1305 1762 1617 1816 vastissimo
1651 1772 1919 1816 terrarum
1961 1770 2134 1815 tractu

563 1843 690 1898 inde
738 1842 1031 1898 dissociata
1081 1855 1133 1899 et
1186 1842 1358 1902 Ponto
1415 1845 1468 1898 in
1516 1846 1697 1900 Astica
1757 1846 1975 1914 regione
2023 1848 2137 1899 sive

564 1926 822 2007 Ithodope
849 1929 1125 1998 provincia
1159 1929 1427 2001 apposita.
1454 1927 1576 1985 Vid.
1609 1929 1826 1983 Arriani
1862 1926 2135 1999 Periplum

562 2013 706 2068 circa
740 2013 928 2067 tinem.

632 2093 767 2151 Ibid.
797 2096 1089 2166 Ἐπαρχτα
1104 2096 1458 2166 Ἰλλυρικοῦ.
1483 2093 1609 2151 Haec
1625 2104 1678 2149 et
1702 2104 1993 2164 sequentes
2012 2110 2145 2164 pro-

565 2179 757 2234 vincia:
778 2179 1035 2248 praelecto
1055 2180 1307 2249 primario
1319 2177 1521 2252 Illyrici
1553 2180 1810 2235 suberant
1835 2179 2141 2247 :complec-

564 2265 777 2318 tebatur
790 2265 931 2319 enim
948 2262 1493 2337 Illyrieumoricntale
1504 2261 1872 2319 Macedoniam
1886 2264 2139 2333 primam,

566 2347 859 2401 secundam
888 2363 1010 2418 qua:
1037 2359 1096 2404 et
1127 2348 1403 2413 salutaris,
1450 2346 1812 2416 Thessaliam,
1858 2348 2139 2415 Achaiam,

570 2430 814 2495 Cretam,
852 2431 1073 2503 Epirum
1106 2443 1347 2488 ueterem
1376 2442 1432 2487 et
1469 2448 1688 2497 novam,
1713 2432 1932 2489 Daciam
1968 2435 2140 2488 medi-

568 2524 875 2571 terraneam
924 2525 981 2573 et
1024 2517 1323 2582 ripensem,
1364 2515 1687 2570 Dardaniam
1735 2527 1788 2571 et
1840 2516 2141 2583 Prazvalim,

565 2597 1024 2666 quemadmodum
1054 2596 1267 2652 Neritia
1297 2600 1427 2665 imp.
1461 2597 1666 2654 Orient.
1702 2616 1750 2654 e.
1802 2601 1823 2655 Ι
1868 2612 1919 2656 et
1942 2600 2014 2655 2i
2052 2603 2144 2657 do-

566 2692 672 2737 cet.
698 2682 927 2739 Additur
956 2684 1022 2738 ab
1054 2682 1304 2739 IIicroelc
1334 2683 1634 2749 Pannonia,
1654 2688 1800 2755 quod
1827 2699 1951 2740 eam
1972 2699 2143 2756 nuper

560 2766 925 2833 Iustinianus.
951 2776 1010 2825 ιιι.
1045 2771 1097 2825 in
1138 2769 1357 2825 Novella
1398 2770 1453 2823 ll
1491 2780 1596 2836 est,
1626 2770 1984 2840 reciperarat.

636 2852 771 2910 Ibid.
815 2854 1259 2923 Θεσσαλονίκη.
1294 2851 1422 2907 Erat
1456 2850 1848 2919 Thessalonice
1872 2861 2147 2922 metropo-

568 2941 636 2995 lis
684 2950 741 2996 et
808 2950 971 3011 caput
1022 2939 1427 3010 provinciarum
1471 2956 1591 3009 quae
1640 2942 1739 2993 sub
1791 2941 2144 3009 dispositione.

568 3023 807 3095 praefecti
839 3026 1094 3096 prazlorio
1123 3025 1319 3097 Illyrici
1353 3033 1529 3080 erant.
1552 3023 1950 3090 Theodoretus,
1975 3024 2042 3078 II.
2075 3023 2140 3079 E.

568 3108 1154 3178 ν,1ἹεΘεσσαλονῐκη
1201 3108 1353 3167 πόλις
1401 3109 1516 3167 ἐστὶ
1568 3109 1799 3179 μεγίστη
1852 3110 1946 3162 καὶ
1983 3109 2147 3163 πιλν-

570 3193 879 3261 ἁνθρωπος,
922 3194 1001 3257 εἰς
1038 3192 1137 3264 μὲν
1198 3194 1258 3244 τὸ
1314 3192 1641 3247 Μακεδόνων
1694 3193 1845 3258 ἔθνος
1880 3195 2142 3260 τελοῦσα,

571 3275 853 3346 ἡγουμένη
884 3276 939 3330 δὲ
970 3276 1065 3330 καὶ
1105 3276 1401 3339 Θετταλίας
1451 3278 1543 3329 καὶ
1583 3275 1808 3346 Ἀχαΐας
1844 3279 1938 3331 καὶ
1965 3281 2147 3348 μέντοι.

574 3360 671 3412 καὶ
708 3359 884 3414 ἄλλων
909 3358 1248 3432 παμπόλλων
1281 3359 1471 3425 ὲονῶν,
1502 3361 1602 3413 ὅσα
1629 3361 1735 3414 τῶν
1752 3361 2025 3433 Ἱλλυρίων
2057 3364 2147 3417 τὸν

571 3441 821 3514 ὕπαρχον
863 3443 1164 3516 ἡγούμενον
1218 3443 1352 3514 ἔχει.
1392 3444 1522 3499 Vide
1556 3444 1719 3501 llenr.
1767 3443 2041 3501 Valesiani
2081 3446 2148 3500 ad

571 3525 850 3581 Socratem
901 3526 973 3581 11.
1004 3526 1075 3585 Ε.
1102 3545 1155 3594 ν,
1191 3528 1281 3594 Il,
1308 3540 1365 3583 et
1399 3527 1459 3584 P.
1493 3528 1560 3584 de
1596 3527 1773 3584 Marca
1825 3527 2053 3585 Dissert.
2086 3531 2151 3586 de

576 3610 860 3667 I’rimatib.
885 3611 977 3678 37,
1002 3625 1112 3669 etc.

643 3710 781 3769 Ibid.
806 3712 1111 3783 Εὔρωπος.
1161 3716 1284 3771 Duae
1327 3726 1454 3771 sunt
1493 3715 1596 3772 hoc
1640 3718 1860 3773 nomine
1887 3717 1938 3771 in
1975 3715 2152 3774 Mace-

574 3797 735 3853 donia
764 3800 1032 3865 civitates,
1059 3799 1227 3856 altera
1259 3802 1311 3855 in
1342 3802 1625 3870 Atniopiis.
1659 3801 1828 3857 altera
1865 3801 1931 3856 ad
1958 3801 2150 3856 Axium

573 3883 794 3937 llumen.
831 3880 1073 3954 Utraque
1112 3899 1174 3939 ex
1210 3883 1503 3942 Ptolemaeo
1550 3896 1603 3942 et
1652 3885 1825 3941 Plinio
1871 3886 2150 3958 notissima

564 3965 835 4025 1-31.1on
863 3967 984 4022 Δίον
1014 3972 1354 4041 praestiterit,

649 4065 781 4139 Ibid.
820 4068 1089 4137 Βεῤῥοια.
1118 4052 1205 4123 ssc
1234 4052 1648 4135 Constantinus,
1680 4068 1770 4124 lib.
1806 4085 1846 4124 ιι
1878 4067 2058 4130 Theat.
2083 4070 2152 4139 2;

574 4166 681 4223 qua
714 4151 779 4209 de
812 4166 868 4207 re
899 4152 1101 4208 dictum
1133 4153 1268 4208 alias
1306 4163 1407 4208 est.

646 4246 1088 4319 Ihid.‘Eopda;'a.
1123 4249 1325 4305 llocltt
1358 4252 1540 4306 verius
1569 4250 1638 4306 ob
1664 4248 1973 4321 Polybium,
2015 4267 2152 4314 avu,

578 4333 647 4388 I9
707 4334 865 4403 elegi.
926 4331 1094 4406 Vulgo
1156 4334 1400 4406 Ἐορόἑα,
1463 4333 1826 4390 Constantino
1865 4333 2155 4405 Ἐορδαῖοι.

580 4415 837 4488 liegionis
879 4426 962 4472 est
1003 4414 1330 4473 Macedonia:
1381 4432 1599 4482 nomen,
1647 4423 1757 4473 non
1802 4419 2000 4475 urbis:
2033 4434 2155 4474 nam

576 4498 661 4554 ιο.
680 4498 986 4557 Harduinus
1015 4500 1081 4559 ad
1106 4493 1276 4554 Plinii
1305 4500 1340 4557 l.
1372 4516 1447 4565 tv,
1474 4515 1525 4557 c.
1558 4502 1644 4568 10,
1672 4500 1938 4557 Eordeam
1966 4503 2156 4559 urbem

577 4600 643 4639 ex
675 4583 830 4640 Livio
866 4596 1170 4647 memorans
1210 4602 1239 4641 a
1288 4596 1416 4641 vero
1456 4586 1755 4642 aberravit.
1817 4585 1956 4643 Vide
1996 4586 2159 4643 modo

581 4670 1013 4737 praestantissimi
1069 4670 1358 4741 scriptoris
1408 4670 1444 4725 l.
1494 4687 1645 4735 χχχι.
1692 4687 1745 4727 c.
1783 4671 1853 4727 59
1894 4684 1942 4725 et
1980 4672 2068 4734 40,
2104 4681 2160 4728 et

581 4754 618 4807 l.
651 4768 781 4819 Lttt,
826 4769 878 4811 c.
909 4753 1083 4821 ὅλοι
1104 4755 1236 4814 nihil
1260 4754 1559 4815 dubitabis.
1605 4756 1824 4830 Ἐορδῑα
1855 4754 2159 4827 Thucydidi

581 4853 642 4905 ιι,
671 4838 763 4896 99.

654 4935 789 4999 Ibid.
826 4937 1255 5007 KéJJn.Plaeet
1280 4937 1381 4993 boe
1407 4946 1605 5007 praeter
1637 4953 1769 4994 mss.
1801 4938 2161 4995 ilorrstantino

584 5023 931 5094 imperatori;
983 5040 1158 5096 neque
1205 5040 1305 5093 ego
1344 5039 1442 5095 pro
1492 5023 1720 5091 rejiculo
1770 5026 2052 5080 habuerim
2095 5028 2163 5081 ob

584 5107 762 5165 uenas
792 5108 927 5164 Itin.
969 5109 1038 5164 ιι.
1076 5126 1128 5180 ν.
1157 5108 1280 5164 606.

655 5202 791 5261 Ibid.
846 5207 1169 5277 Ἀλμωπ[α.
1203 5207 1345 5263 Bene
1387 5207 1459 5262 ita
1500 5207 1738 5262 correxit
1766 5206 2080 5263 Harduinns
2110 5210 2162 5263 in

585 5287 745 5359 Plinii
775 5288 813 5343 l.
844 5304 918 5352 tv,
942 5304 989 5345 c.
1019 5291 1106 5348 IO.
1138 5290 1398 5357 Regionis
1430 5306 1625 5347 nomen
1658 5301 1762 5357 est,
1790 5293 1944 5363 cujus
1976 5294 2166 5349 incolae

588 5374 888 5443 ’Λλμωπες
920 5372 1220 5445 Thucydidi
1256 5392 1313 5440 ιι,
1347 5376 1435 5433 99.
2114 5380 2119 5385 ’

659 5470 795 5531 Ibid.
832 5471 1127 5542 Λάρισσα.
1170 5473 1431 5530 Exsulare
1488 5476 1629 5532 hanc
1679 5490 1747 5532 ex
1806 5477 2167 5535 Constantino

590 5554 626 5609 l.
657 5570 692 5611 ιι
729 5554 909 5611 Them.
953 5557 1019 5624 2,
1077 5562 1164 5613 ubi
1208 5557 1485 5615 Hierocles
1516 5562 1889 5625 .exscribitur,
1962 5564 2170 5618 monuit

590 5640 654 5696 L.
690 5638 1020 5699 llosteinius.
1071 5644 1230 5701 Forte
1278 5662 1382 5703 non
1420 5647 1599 5701 male:
1638 5664 1812 5715 neque
1846 5647 1988 5702 enim
2028 5641 2170 5704 inter

1607 285 1855 346 ADDEN
1874 285 1987 344 DA.
2034 306 2096 319 -
2138 277 2211 344 Ρ.
2271 280 2787 347 WESSELINGII

3680 278 3834 347 108$

2241 398 2379 455 hanc
2415 401 2605 458 referri
2646 404 2862 473 possit:
2902 401 3005 461 nisi
3049 392 3095 459 si
3131 416 3196 460 ea
3241 398 3405 457 fuerit
3432 414 3603 472 quam
3635 399 3733 456 hic
3774 400 3831 454 in

2238 480 2377 539 Ossa
2416 486 2669 543 collocat.

2314 569 2449 626 Ibid.
2498 572 2759 629 Λάκκου.
2808 570 2921 629 Hoc
2965 572 3380 639 Constantinus,
3419 572 3639 627 Λαόκου
3685 586 3831 627 mss.

2238 652 2572 721 prmierunt’:
2602 668 2782 712 utrum
2814 658 2998 715 verius
3043 659 3138 724 sit,
3187 673 3296 714 non
3350 666 3557 715 temere
3603 657 3852 713 dixero:

2240 735 2449 794 Tamen
2480 740 2675 812 ecquid
2712 743 2839 798 inde
2866 743 3111 815 exsculpi
3143 742 3312 814 possit
3351 756 3684 810 quieramns.
3723 740 3834 794 In,-

2241 821 2585 892 telligendam
2631 840 2753 882 esse
2789 826 3100 883 Heracleam
3146 825 3469 896 Pelagonia
3530 824 3832 881 concilium

2240 903 2652 981 Constantinop.
2692 914 2991 967 secundum
3024 914 3264 969 ostendit
3296 929 3309 965 :
3338 910 3636 983 subscribit
3676 910 3831 976 enim

2242 990 2424 1049 collat.
2455 993 2515 1056 8,
2553 1011 2604 1065 p.
2641 994 2765 1058 528.
2801 996 3067 1069 Bénigaus
3116 996 3524 1052 Heracleolanw
3568 995 3833 1071 ciuitatis,

2241 1091 2358 1144 quae
2380 1086 2458 1132 est
2494 1079 2681 1147 prima,
2717 1080 3075 1147 Macedonia,
3114 1083 3420 1152 episcopus,
3459 1076 3635 1136 uicerit
3666 1090 3833 1149 agens

2244 1156 2382 1244 Elia
2417 1164 2802 1236 archiepiscopi
2836 1163 3384 1244 Thessalonicemium
3416 1166 3690 1228 civitatis;
3740 1163 3835 1231 qui

2242 1243 2434 1301 Collat.
2466 1246 2776 1319 lBenignus
2804 1243 3079 1306 Heracleae
3101 1250 3403 1322 Pelagonia:
3434 1250 3659 1305 dicitur.
3679 1246 3840 1303 Nihil

2245 1327 2501 1385 Heraclea
2536 1332 2653 1387 haec
2677 1334 2948 1402 discrepat
2978 1335 3046 1390 ab
3072 1335 3162 1389 illa
3191 1349 3353 1404 qliam
3372 1330 3728 1400 Ptolemaeus,
3751 1348 3835 1398 ιιι,

2243 1414 2312 1468 ιδ
2345 1415 2396 1468 in
2428 1414 2754 1493 Lyncestide
2785 1420 2958 1487 ponit,
3017 1420 3124 1475 sita
3172 1419 3370 1489 quippe
3427 1419 3482 1474 in
3534 1418 3839 1487 utriusque

2244 1500 2478 1572 regionis
2512 1501 2743 1567 ﬁnibus;
2782 1518 2901 1573 quae
2926 1519 3086 1560 causa
3145 1514 3230 1559 est
3271 1518 3369 1559 cur
3394 1501 3670 1566 Norisius,
3717 1501 3845 1557 Diae

2242 1595 2369 1638 seri.
2424 1588 2488 1639 de
2530 1585 2744 1655 Syuado
2784 1585 2850 1650 γ,
2878 1599 2933 1643 et
2977 1604 3077 1656 ego
3123 1587 3287 1642 nimis
3335 1585 3409 1642 illi
3458 1586 3728 1647 credulus
3766 1583 3841 1641 ad

2244 1673 2372 1725 Ant.
2409 1669 2532 1726 Itin.
2568 1688 2623 1742 p.
2648 1672 2773 1738 3l9,
2798 1690 2866 1729 ex
2893 1674 3044 1730 Actis
3072 1672 3290 1728 concilii
3314 1671 3654 1732 Chalcedon.
3676 1685 3741 1741 ν.
3767 1668 3841 1727 98

2245 1753 2553 1825 Dionysium
2602 1759 2917 1827 episcopum
2961 1756 3239 1814 Heracleae
3271 1754 3664 1826 Lyncestidum
3707 1755 3842 1810 huic

2242 1838 2365 1891 urbi
2422 1839 2761 1908 imposuerit,
2814 1842 2867 1898 in
2897 1857 3021 1895 eum
3070 1856 3314 1897 errorem
3366 1838 3561 1896 Latina
3613 1838 3847 1895 consiiii

2247 1923 2493 1980 Versione
2524 1925 2823 1995 impulsus;
2858 1941 3032 1996 neque
3070 1927 3218 1984 enim
3263 1928 3309 1981 is
3347 1925 3629 1982 Heraclea:
3663 1923 3845 1981 Mace-

2245 2006 2421 2064 (Ionia:
2448 2009 2662 2079 primae,
2696 2012 2780 2065 cui
2811 2009 3274 2067 Chalcedonensis
3304 2011 3523 2067 concilii
3583 2018 3843 2078 tempore

2245 2088 2537 2157 Quintilius
2589 2105 2816 2163 praeerat
2875 2111 2941 2150 ex
3000 2096 3151 2151 Actis
3215 2094 3577 2159 notissimus,
3635 2109 3734 2163 pra
3754 2094 3841 2149 sol

2246 2176 2367 2241 fuit,
2403 2179 2496 2234 sed
2524 2176 2795 2237 Heraclea:
2818 2180 2993 2237 Latmi
3029 2183 3081 2235 in
3109 2180 3292 2242 Caria,
3321 2192 3375 2235 ut
3396 2179 3587 2235 Grieca
3618 2177 3757 2233 inibi
3782 2187 3843 2233 et

2246 2278 2300 2331 p.
2342 2260 2450 2317 667
2483 2265 2747 2322 iudieant.
2794 2264 2911 2320 iam
2950 2280 3071 2319 cum
3105 2263 3362 2320 Homelea
3396 2267 3512 2320 haec
3543 2264 3839 2318 ΛΥΝΚΗ-

2249 2345 2487 2401 ΣτῐΔΟΣ
2517 2350 2793 2405 diceretur
2815 2361 2869 2403 et
2904 2347 3191 2418 Pelagonia
3245 2348 3398 2420 regio
3432 2350 3524 2402 'ab
3582 2346 3845 2404 Hierocle

2248 2431 2574 2488 Macedonia:
2613 2433 2867 2489 secundae
2905 2422 3285 2489 contribuatnr
3309 2473 3324 2497 ,
3379 2432 3615 2488 fortasse
3660 2432 3845 2487 ΛΑΚ·

2247 2517 2392 2571 ΚΟΥ
2433 2519 2651 2571 t’tulum
2680 2516 2806 2572 inde
2828 2517 3035 2570 librarii
3060 2555 3075 2583 ,
3107 2530 3231 2572 cum
3277 2520 3331 2571 in
3363 2518 3561 2572 mendo
3590 2518 3843 2585 vocabit-

2248 2602 2357 2655 lum
2393 2610 2557 2666 esset,
2593 2602 2751 2657 nobis
2787 2600 3147 2671 reliquerunt,
3183 2612 3239 2655 ut
3273 2601 3440 2656 multa
3472 2602 3600 2656 alia.

2318 2685 2454 2740 Ibid.
2504 2687 2811 2755 Ἀνταγνιά
2840 2685 3159 2755 Γεμινΰου.
3189 2684 3610 2750 Constantinus,
3642 2686 3842 2743 Ἀντά-

2249 2771 2355 2835 viz,
2387 2771 2647 2844 Γέμινὸος
2667 2789 2679 2801 ·
2721 2770 2920 2839 quibus
2950 2784 3051 2840 ego
3088 2771 3400 2841 nominibus
3423 2770 3479 2824 in
3513 2766 3842 2826 Macedonia

2251 2856 2415 2908 urbes
2446 2855 2644 2924 legisse
2672 2867 2780 2909 non
2810 2855 3084 2909 recordor.
3106 2851 3410 2908 Videndum
3440 2863 3527 2908 est
3557 2869 3627 2908 an
3662 2854 3846 2908 Ἀντι-

2251 2939 2437 3005 γόνεια
2476 2938 2811 3005 Μυγδονίας,
2856 2938 2925 2992 de
2955 2949 3062 3006 qua
3111 2936 3319 2993 Plinius
3347 2935 3679 2993 Ptolemaeus
3712 2939 3844 2995 Ste-

2252 3025 2463 3094 phanus
2502 3033 2665 3090 atque
2689 3022 2802 3089 alii,
2834 3021 2957 3078 huic
2984 3012 3251 3093 originem
3283 3022 3519 3077 dederit.

2321 3108 2453 3163 Ibid.
2488 3107 2763 3174 Νικέδης.
2789 3105 3028 3161 Nicetam
3055 3104 3302 3163 Thracia
3328 3106 3521 3164 urbem
3550 3122 3617 3161 ex
3642 3108 3681 3162 l.
3710 3124 3849 3166 ιιι*

2252 3191 2395 3247 Hist.
2427 3192 2647 3247 Miscetl.
2676 3192 2808 3247 Abr.
2827 3190 3064 3248 Ortelius
3085 3188 3369 3246 Thesauro
3398 3193 3633 3250 inseruit
3655 3214 3669 3247 :
3694 3212 3843 3261 carri,

2253 3281 2297 3334 si
2326 3280 2481 3335 bona:
2511 3280 2634 3336 ﬁdei
2663 3289 2828 3343 esset,
2879 3280 2986 3334 huc
3032 3292 3396 3351 arcesserem.
3430 3276 3613 3335 Verba
3671 3290 3846 3338 sunt:

2256 3361 2401 3417 Tunc
2441 3362 2759 3417 Anchialum
2802 3371 2856 3418 et
2897 3360 3099 3417 Beroen
3163 3364 3482 3432 dimittentcs
3539 3360 3851 3419 Christiani

2253 3449 2528 3521 fugerunt,
2554 3444 2759 3503 nemine
2779 3459 3137 3519 persequente,
3164 3446 3513 3517 Nicetamque
3544 3457 3594 3501 et
3624 3448 3850 3504 Brobati

2253 3542 2487 3588 castrum
2509 3546 2553 3588 et
2583 3536 2695 3587 alia
2725 3534 2966 3603 quadam
3000 3531 3274 3601 prmsidia.
3297 3530 3414 3597 Quo
3444 3532 3627 3586 minus
3664 3542 3849 3588 tamen

2255 3616 2543 3673 Anastasio
2576 3616 2755 3684 fidam,
2787 3613 3167 3687 Theophanes,
3188 3628 3349 3680 quem
3375 3616 3699 3685 exscripsit.
3723 3616 3851 3672 facit

2256 3700 2655 3772 Chronogruph.
2707 3717 2759 3771 τι.
2794 3692 2901 3755 429
2929 3715 2943 3755 :
2976 3699 3110 3752 Τότε
3155 3701 3252 3753 καὶ
3292 3699 3586 3769 Ἀγχίαλον
3619 3702 3720 3752 καὶ
3748 3701 3849 3754 Βε-

2259 3784 2410 3855 ροεην
2436 3785 2665 3855 ἀφέντες
2686 3786 3007 3856 Χριστιανοὶ
3027 3786 3251 3852 ἔφυγον,
3274 3783 3501 3855 μηδενὸς
3526 3783 3847 3851 διώκοντας,

2254 3871 2495 3925 Νἱκαιάν
2521 3888 2580 3923 τε
2614 3873 2708 3925 καὶ
2736 3869 2831 3923 τοῦ
2857 3869 3141 3942 Προϐἀτου
3164 3871 3401 3940 κάπρον
3428 3871 3520 3923 καὶ
3553 3868 3699 3924 ἄλλα.
3727 3887 3849 3926 τινα

2258 3954 2612 4027 ὀχυρώματα.
2648 3955 2807 4009 Unde
2829 3954 3064 4008 Nicaeam
3091 3995 3104 4017 ,
3139 3952 3389 4008 Thracia:
3427 3953 3690 4023 episcopo
3718 3954 3849 4011 sub-

2255 4041 2452 4106 ditam,
2513 4050 2574 4095 ut
2623 4040 2915 4095 concilium
2965 4037 3239 4092 Nicaenum
3300 4037 3604 4094 secundum
3656 4055 3715 4110 p.
3746 4039 3852 4096 590

2261 4132 2562 4189 monstrat,
2595 4125 2783 4180 urbem
2806 4161 2822 4188 ,
2858 4132 3072 4178 vertere
3100 4122 3287 4177 debuit
3325 4131 3378 4176 et
3402 4120 3647 4179 fortasse
3683 4126 3850 4180 etiam

2261 4209 2501 4278 scripsit.
2534 4210 2675 4263 Sunt
2712 4210 2855 4263 enim
2900 4207 2956 4262 in
3018 4206 3243 4260 historia
3300 4220 3363 4259 ea
3417 4206 3639 4261 urbium
3713 4210 3850 4265 tituli

2262 4295 2464 4365 passim
2492 4293 2923 4364 corruptissimi,
2957 4292 3059 4347 levi
3096 4307 3283 4363 Opera,
3317 4292 3363 4346 si
3392 4289 3771 4364 Theophanes
3800 4298 3850 4349 in

2261 4379 2553 4435 consilium
2610 4378 2882 4441 mittatur,
2934 4375 3257 4445 reﬂagendi,
3321 4383 3375 4431 et
3421 4390 3567 4446 saepe
3607 4379 3854 4439 maximo

2261 4456 2422 4533 hujus
2449 4462 2754 4526 commodo,
2780 4462 2927 4516 velut
2954 4475 3074 4515 cum
3103 4459 3300 4515 ibidem
3318 4468 3584 4515 memorat
3613 4476 3629 4515 :
3664 4461 3852 4534 Ἐξῆλτ-

2262 4546 2355 4602 θεν
2401 4544 2624 4617 Μιχαὴλ
2673 4546 2815 4601 κατὰ
2869 4545 3197 4614 Βουλγάρων
3229 4544 3666 4614 συνεξελθούσης
3705 4545 3852 4618 αὐτῷ

2263 4628 2358 4686 καὶ
2402 4624 2717 4701 Προκοπίας
2747 4630 2851 4694 ἕως
2885 4629 3162 4693 Τζουλοῦ·
3217 4631 3308 4684 ubi
3358 4627 3730 4700 Τζουρουλοῦ,
3784 4631 3851 4685 de

2265 4729 2372 4784 quo
2401 4712 2528 4770 Ant.
2564 4704 2693 4770 Itin.
2728 4728 2779 4783 p.
2814 4715 2940 4777 159,
2975 4714 3144 4768 fuisse
3180 4713 3513 4767 Anastasius
3536 4716 3849 4781 testabitur,

2267 4809 2489 4854 vertens
2524 4816 2537 4851 :
2570 4794 2841 4868 Egressus
2887 4809 2959 4851 est
3032 4799 3320 4866 imperator
3378 4796 3606 4851 Michael
3669 4808 3852 4853 contra

2268 4882 2527 4955 Bulgares
2556 4893 2604 4938 et
2640 4899 2756 4937 cum
2785 4898 2845 4937 eo
2871 4882 3031 4937 simul
3064 4880 3325 4950 Procopio
3361 4898 3524 4950 usque
3572 4879 3848 4937 Zeralum.

2269 4968 2444 5039 Atque
2502 4971 2600 5022 hoc
2637 4966 2835 5021 obiter.
2899 4965 3154 5023 Nieedcm
3215 4966 3449 5021 inveniri
3518 4981 3711 5037 posse,
3752 4967 3850 5023 uisi

2269 5070 2425 5124 opem
2474 5052 2727 5107 meliores
2764 5064 2927 5133 manu
2971 5051 3183 5105 exarati
3237 5049 3455 5107 codices
3498 5049 3723 5119 ferant,
3760 5053 3852 5107 de-

2268 5152 2448 5209 spero.
3616 5198 3621 5201 _

2341 5221 2474 5277 Ibid.
2510 5221 2806 5290 Διόόορος.
2867 5218 3059 5273 Verum
3111 5232 3232 5274 esse
3281 5216 3523 5292 Δόϐηρος
3580 5219 3639 5275 in
3700 5219 3853 5276 Plinii

2256 5308 2307 5361 tl.
2358 5322 2450 5371 tv,
2505 5321 2552 5360 c.
2595 5306 2663 5360 I0
2722 5305 3031 5360 Ilarduinns
3086 5303 3507 5372 monuit..Ejus
3568 5306 3854 5375 episcOpns

2270 5392 2698 5449 Chalcrdonensi
2733 5393 2939 5461 synodo
2972 5389 3148 5445 adfuit
3170 5430 3185 5453 ,
3220 5404 3617 5461 perperamque
3654 5407 3714 5461 p.
3758 5389 3851 5445 ΞΠ

2273 5479 2571 5539 ἐπίσκοπος
2609 5474 2887 5547 Δουϐήρου
2931 5474 3271 5538 Μακεδονίας
3296 5474 3526 5546 πρώτης
3573 5490 3854 5546 nuncupa-

2274 5576 2379 5627 tur,
2419 5580 2470 5633 p.
2512 5561 2635 5616 671.
2852 5625 2855 5629 γ
3299 5577 3307 5585 ·
3798 5574 3803 5578 ’

2282 5634 2286 5641 ’
2345 5648 2478 5704 lhid.
2538 5646 2832 5718 Ἰδομένη.
2890 5646 3007 5702 Non
3067 5648 3226 5705 aliter
3286 5648 3581 5705 Ptolemreo
3633 5646 3848 5703 dicitur.

592 5726 861 5795 Larissas,
893 5744 1025 5798 quas
1050 5722 1370 5787 scholiastes
1390 5730 1657 5801 Apollonii
1689 5732 1909 5799 Rhodii,
1946 5734 2092 5801 1.40,
2118 5746 2172 5791 et
2276 5735 2577 5809 Thucydidi
2612 5750 2669 5800 ιι,
2706 5733 2803 5791 I00
2842 5732 3106 5806 Εἰδομένη
3133 5776 3147 5800 ,
3195 5749 3224 5789 e
3276 5750 3383 5805 quo
3423 5733 3629 5804 pariter
3678 5729 3856 5786 videas

597 5812 901 5887 Stephanus
939 5830 1277 5887 enumerant,
1313 5820 1419 5878 ulla
1452 5830 1533 5879 est
1564 5836 1681 5893 qua:
1709 5821 1772 5879 ad
1802 5820 2167 5889 Macedoniam

2282 5822 2499 5880 habere
2542 5820 2687 5880 haud
2725 5819 2881 5893 longe
2907 5816 3123 5879 alI‘uisse
3158 5836 3172 5874 :
3226 5812 3445 5877 Tabulae
3473 5816 3753 5875 ldomeuia
3777 5810 3849 5868 il.
