4060 6342
188 266 306 338 1089

184 386 350 458 injuria
394 380 613 454 colligas
662 382 865 449 Saltus,
909 384 1001 453 qui
1054 399 1179 439 rnox
1232 391 1557 455 sequentur,
1598 383 1727 437 huic

185 470 305 535 urbi,
335 467 594 538 siquidem
626 467 866 535 ejusdem
892 468 1136 540 episcopi
1163 482 1308 523 cura:
1337 468 1552 523 luerunt
1584 482 1729 522 com-

184 553 332 619 missi,
370 552 574 605 vicinos
604 549 793 607 fuisse.
825 550 1020 622 Itaque
1052 561 1105 605 et
1128 553 1238 606 ‘h'ac
1272 551 1399 606 sede
1439 549 1734 621 episcopali

184 636 481 710 Ceogmphia
510 635 781 692 S.Caroii
813 652 844 691 a
874 637 932 692 S.
965 635 1131 691 Paulo
1166 644 1452 706 augeatur.

242 721 349 777 Col.
391 720 513 775 144.
534 722 1177 791 Σατιτοσουραμίνσιον.
1200 717 1591 775 Constantinus
1605 714 1737 768 Βου-

184 806 495 878 ρθαμίνσιος,
525 806 665 861 unde
699 808 879 862 serius
901 804 1177 861 videbitur
1201 798 1409 867 Σαλτδς
1427 796 1738 871 Βουραμίν-

185 908 300 956 σιος,
323 899 410 947 aut
433 900 489 945 ut
506 886 898 945 Constantinus
917 889 1066 959 legit,
1086 898 1140 943 et
1160 904 1280 942 mm
1303 885 1505 948 Σαλτδς
1524 882 1735 949 Ἰόὸιος,

184 994 265 1047 pro
303 990 404 1046 quo
430 975 820 1030 Constantinus
866 973 1115 1027 Ἰωάννου
1151 972 1286 1043 βίος.
1318 971 1527 1026 Nomen
1575 977 1659 1024 est
1707 982 1736 1019 a

177 1062 320 1132 iugis,
358 1060 564 1115 crebris
607 1059 894 1114 arboribus
944 1059 1209 1122 consitis,
1248 1072 1368 1125 quae
1398 1057 1448 1110 in
1493 1051 1737 1107 Pharsali

186 1146 356 1200 vicinia
388 1154 558 1198 erant.
597 1142 844 1197 Lucanus
892 1158 962 1203 νι,
992 1144 1097 1198 576
1136 1159 1148 1196 :
1195 1157 1298 1211 qua
1330 1140 1463 1210 juga
1515 1139 1739 1190 devexus

182 1227 448 1281 Pharsaiia
489 1226 711 1297 porrigit
762 1222 1004 1281 Hamus.
1039 1224 1163 1292 Cui,
1198 1226 1336 1296 quod
1382 1222 1626 1278 Haemum
1672 1233 1738 1272 ex

182 1311 346 1366 ultima
377 1312 605 1366 Thracia
639 1312 742 1367 huc
781 1312 1143 1376 transtulerit,
1186 1313 1228 1366 si
1278 1309 1444 1364 tidere
1476 1307 1639 1370 nolis,
1673 1319 1739 1359 ex

182 1391 426 1452 Strabone
462 1408 518 1451 et
563 1395 776 1452 Caesare
819 1397 967 1451 nullo
1003 1398 1219 1470 negotio
1256 1406 1559 1464 cognosces
1591 1389 1739 1460 jugis

181 1490 228 1532 et
252 1481 468 1537 saltibus
499 1482 644 1535 hunc
679 1488 910 1535 tractum
941 1478 1110 1537 fuisse
1143 1493 1420 1549 asperum.
1459 1474 1532 1530 De
1573 1473 1740 1528 titulis

182 1566 355 1618 horum
390 1564 624 1619 saltuum
655 1564 701 1619 si
735 1563 1037 1632 rogaveris,
1066 1563 1175 1617 alio
1211 1563 1304 1617 tibi
1332 1576 1467 1632 opus
1502 1558 1609 1613 erit
1640 1558 1739 1611 do-

179 1663 310 1707 ctore
341 1669 353 1706 :
391 1668 489 1722 ego
516 1653 658 1708 enim
688 1668 809 1706 cum
845 1649 1211 1722 ignarissimis
1236 1648 1371 1703 seio.

244 1736 363 1789 ibid.
406 1734 618 1805 Nﬁaoc
663 1737 992 1801 Σκόπελος.
1035 1733 1207 1788 Habet
1249 1747 1369 1787 eam
1418 1727 1739 1783 Ptolcmteus

178 1818 301 1875 circa
320 1818 697 1875 Thermaieum
716 1822 916 1875 sinum.
942 1817 1126 1871 Ituheu
1153 1816 1442 1886 episcopus
1462 1810 1738 1865 Σκοπέλου

178 1908 441 1961 scribendo
472 1904 651 1961 adfuit
698 1905 942 1961 Concilio
971 1902 1183 1957 Nic-aeno
1218 1901 1492 1964 secundo;
1528 1911 1628 1951 nec
1656 1910 1741 1949 as-

179 1992 523 2046 severaverim
573 2000 789 2054 tamen,
826 2006 946 2045 cum
996 1987 1175 2057 plures
1225 2000 1292 2041 co
1333 1985 1442 2039 sint
1496 1980 1737 2044 nomine,

178 2077 289 2133 huic
319 2078 505 2133 insulas
534 2076 843 2147 impositura
883 2073 1071 2129 fuisse.

236 2161 361 2216 Ibid.
406 2160 546 2215 Ὑπὸ
598 2160 964 2215 ἀνθύπατον.
1005 2158 1115 2212 Duo
1147 2162 1303 2211 erant
1349 2150 1590 2209 Orientis
1638 2150 1742 2202 im-

178 2244 292 2315 perii
322 2244 694 2314 proconsules,
729 2242 869 2297 Asia:
914 2250 971 2297 et
1010 2238 1250 2304 Achaiae,
1295 2248 1353 2293 ut
1386 2234 1559 2291 Nam.
1612 2233 1739 2301 imp.

181 2334 329 2387 0r.c.
354 2330 584 2386 I.d0(‘t:t.
624 2327 921 2399 Uzriusque
954 2326 1319 2381 meminerunt
1366 2323 1739 2392 imperatores,

178 2419 304 2474 iilius
332 2418 382 2472 in
414 2416 449 2471 I.
485 2416 543 2484 4,
577 2431 626 2471 ε.
656 2417 755 2470 Th.
792 2416 858 2469 de
887 2414 1162 2471 Patrociu.
1188 2409 1468 2473 Vicorum,
1501 2407 1659 2474 hujus
1684 2403 1723 2459 l.

178 2507 262 2559 ull.
306 2503 367 2558 de
413 2502 555 2557 lion.
592 2499 820 2555 Vocant.
864 2496 1165 2554 \'E'ITIUS
1205 2491 1513 2551 AGOHIUS
1549 2489 1742 2546 PIUEO

178 2586 540 2643 TEXTATUS
579 2583 989 2641 PROCONSUL
1026 2578 1309 2637 ACHAIA‘J
1346 2589 1429 2635 est
1478 2579 1529 2632 in
1586 2574 1740 2630 Thes.

178 2692 221 2744 p.
250 2674 406 2742 MCH,
438 2673 494 2727 Ξ.
534 2671 728 2727 Sedem
760 2673 1003 2728 Corinthi
1040 2670 1291 2724 [rubuisse
1310 2683 1373 2722 ex
1405 2665 1439 2719 ι.
1467 2663 1521 2718 2.
1554 2678 1605 2719 c.
1639 2661 1742 2715 Th.

175 2766 232 2821 de
261 2765 511 2819 Accusat-
536 2760 847 2832 etLAristitlc
870 2770 1001 2816 tom.
1034 2757 1075 2827 I,
1102 2771 1156 2827 ρ.
1186 2757 1255 2813 45
1286 2763 1429 2809 recte
1449 2752 1742 2821 colligitur.

233 2850 361 2906 Ibid.
394 2848 688 2918 Σκαρφέα.
710 2847 991 2919 Σκάρφεια
1020 2844 1223 2901 reetius
1251 2840 1362 2897 alii.
1395 2838 1525 2894 Erat
1546 2836 1746 2893 Locro-

175 2951 280 2990 rum
319 2930 819 3003 Epicuemidiorum
848 2932 996 2998 urbs,
1032 2942 1138 2983 non
1170 2925 1396 2981 multum
1430 2939 1456 2977 a
1484 2920 1749 2976 Thermo-

175 3020 332 3092 pytis;
366 3035 472 3091 qua
517 3017 587 3074 de
617 3016 718 3070 viri
755 3015 900 3072 docti
940 3016 1008 3074 ad
1052 3013 1314 3084 Stephani.
1345 3019 1399 3063 et
1446 3006 1747 3063 Palmerius

171 3105 229 3162 (ἰ.
253 3110 309 3160 Δ.
350 3120 400 3171 ν,
434 3105 490 3159 ὅ.
955 3122 960 3127 ·
989 3163 1000 3172 κ

233 3191 358 3246 Ibid.
399 3188 706 3243 Ὲλατίνα.
735 3185 827 3241 Sic
853 3198 985 3240 mss.
1010 3176 1401 3238 Constantinus
1424 3175 1461 3231 l.
1489 3192 1550 3241 ιι,
1575 3174 1745 3237 them.

172 3275 201 3330 5
239 3276 519 3330 Ἐλευσῖνα
555 3275 684 3343 legit
707 3316 720 3338 ,
753 3287 872 3341 qua:
906 3282 1084 3323 tamen
1118 3284 1238 3321 cum
1270 3268 1321 3319 itt
1352 3262 1527 3318 Attica
1558 3260 1746 3329 fuerit,

172 3362 369 3434 longius
401 3361 469 3416 ab
508 3361 752 3425 urbibus,
786 3356 982 3427 quibus
1012 3356 1113 3408 hoc
1154 3352 1273 3406 loco
1307 3350 1484 3405 cincta
1516 3358 1620 3413 est,
1666 3361 1742 3400 rc-

171 3430 322 3501 cedit.
346 3446 525 3501 Credo
550 3442 801 3497 Ἐλατεία.
834 3442 1049 3505 venisse
1078 3438 1144 3493 ab
1172 3435 1440 3501 Ilierocle,
1465 3446 1585 3502 qure
1610 3430 1750 3486 Pho-
1788 3476 1791 3479 .

170 3531 294 3587 cidis
328 3532 456 3586 urbs
488 3545 595 3584 non
642 3529 782 3582 male
818 3527 905 3579 hic
948 3523 1235 3577 Ioeahitnr.
1274 3517 1586 3573 lieddamus
1628 3529 1745 3569 cant

172 3616 382 3671 Libanio
412 3624 548 3669 tom.
582 3611 622 3677 I,
643 3629 696 3678 ιι.
722 3611 839 3676 H0,
862 3608 949 3662 ubi
978 3610 1044 3663 de
1064 3604 1323 3661 IEschine
1348 3621 1357 3655 :
1378 3601 1615 3655 Ἐκεῖνον
1639 3592 1748 3667 ἐγὼ

173 3703 258 3753 καὶ
300 3701 396 3771 τῆς
438 3703 502 3752 ἐν
541 3694 851 3768 Χαιρωνείᾳ
894 3693 1154 3760 αἰτιῶμαι
1202 3687 1597 3771 συμφορᾶῗςνςᾼή
1650 3685 1751 3754 μὲν

172 3787 269 3858 γὰρ
299 3768 444 3856 μάχη
465 3782 644 3836 ταῦτα
685 3778 930 3849 ἐποίησε,
950 3774 1054 3847 ,τὴν
1086 3773 1141 3827 δὲ
1184 3768 1597 3858 ἐξοδονγΕΩΤΕι
1620 3783 1751 3858 κατ-

171 3851 496 3943 ieiuniis.
545 3868 639 3923 Sic
691 3868 858 3920 edunt
923 3860 1321 3943 emendantque
1371 3857 1436 3943 ενΔ
1488 3851 1748 3923 Βοιωτίᾳ.

172 3938 373 4024 Quanto
399 3938 597 4011 melior
631 3950 1077 4017 ‘E).a't'ceta,qnam
1109 3942 1296 3998 critice
1318 3938 1601 3995 addicente
1624 3938 1750 3992 rhe-

175 4023 266 4099 tori
314 4040 562 4099 restituit
604 4038 687 4092 vir
725 4035 972 4106 egregius
1018 4029 1103 4085 Ti.
1138 4023 1581 4083 Hemstcrhusius
1652 4025 1749 4076 tir-

173 4142 380 4199 matque
400 4127 648 4196 ejusdem
670 4105 904 4178 oratoris
937 4118 1115 4172 verbis
1141 4126 1274 4169 tom.
1306 4112 1349 4176 ι,
1376 4128 1430 4181 p.
1456 4111 1559 4165 155
1588 4105 1751 4178 ςἘγὼ

168 4214 220 4267 δὲ
251 4192 338 4267 καὶ
363 4192 474 4266 των
504 4213 561 4265 ἐν
598 4204 908 4281 Χαιρωνείᾳ
949 4201 1134 4258 κακῶν
1158 4198 1420 4268 αἰτιῶμαι
1444 4197 1533 4250 τὸν
1567 4192 1754 4265 Αἰσχί-

172 4318 281 4371 νην,
312 4300 426 4353 Οὺιι
449 4298 519 4352 ἂν
551 4295 661 4366 γὰρ
700 4290 927 4364 ἐξῆλθεν
957 4293 1036 4353 εἰς
1066 4285 1409 4359 Χαιρώνειαν
1453 4281 1750 4353 Ἀθηναῖοι,

169 4386 245 4457 μὴ
300 4380 754 4454 κατειλημμένης
798 4376 1101 4440 Ἐλατείας.

240 4450 374 4525 Ibid.
410 4450 553 4523 Bos"
576 4450 676 4521 real
711 4450 952 4532 Δριμὺα.
987 4456 1253 4529 Coujungi
1302 4455 1415 4509 haec
1454 4453 1507 4507 in
1549 4450 1753 4507 Farne—

166 4555 331 4610 sianis
364 4540 587 4611 schedis
611 4548 669 4603 L.
694 4546 1025 4603 Holsteiuius
1057 4544 1285 4607 monuit,
1317 4539 1465 4610 quod
1482 4535 1635 4591 facile
1658 4550 1755 4606 pa-

174 4641 290 4707 tiar,
327 4639 490 4695 modo
524 4652 593 4690 ne
629 4650 725 4705 pro
752 4633 940 4687 eadem
976 4628 1297 4684 habeantur.
1328 4624 1484 4679 Prius
1516 4623 1569 4676 in
1600 4621 1753 4675 Botov

171 4727 329 4796 Bojon
378 4724 534 4779 abire
573 4722 762 4784 debet,
794 4717 1047 4788 oppidum
1091 4711 1305 4767 Doridis
1353 4708 1487 4766 satis
1530 4718 1752 4796 notum,

171 4794 391 4867 alterum
420 4811 473 4865 in
505 4806 810 4879 Δρυμαίαν,
842 4818 968 4873 qure
999 4800 1142 4855 inter
1174 4795 1421 4879 Phocidis
1454 4794 1698 4862 regiones
1724 4807 1756 4848 a

171 4899 364 4965 Plinio,
400 4878 605 4951 rectius
638 4893 705 4947 ab
733 4889 854 4943 aliis
884 4889 1023 4941 inter
1051 4883 1212 4939 urbes
1242 4878 1499 4935 refertur.

235 4960 371 5038 Ibid.
401 4978 652 5034 Aath'a.
691 4972 924 5028 Δαυλίαν
966 4968 1065 5039 τῆς
1089 4965 1323 5026 Φωκίδος
1357 4963 1517 5017 habet
1542 4960 1757 5034 Thucy-

172 5071 315 5127 dides
345 5067 523 5133 u,29,
555 5078 715 5135 quam
752 5058 1029 5113 Daultdem
1076 5054 1165 5109 alii
1219 5057 1430 5115 vocant,
1462 5065 1568 5121 qua
1601 5051 1667 5105 de
1696 5063 1755 5104 re

171 5156 230 5211 L.
262 5154 439 5210 Holst.
484 5152 536 5205 in
568 5147 915 5214 Stephanum.

240 5239 369 5295 Ibid.
424 5233 736 5304 Χερώνεια.
769 5229 881 5285 Ιιιιο
902 5226 1235 5299 Χαιρώνεια,
1261 5236 1318 5282 ut
1344 5225 1751 5282 Constantinus.

171 5330 519 5381 Chaeroneam
572 5319 792 5375 Bazotite
842 5316 1052 5381 urbem,
1104 5316 1198 5370 sed
1251 5312 1504 5369 Phocidis
1560 5312 1756 5366 tinibus

174 5416 517 5484 proximam,
569 5407 877 5477 Stephanus
939 5420 967 5458 a
1019 5402 1321 5469 Chazrone,
1376 5401 1644 5473 Apollinis
1700 5410 1756 5456 et

175 5499 384 5553 'I‘herus
418 5492 632 5564 Θηροῦς
666 5494 798 5556 tilio,
837 5493 997 5561 initia,
1024 5500 1077 5545 et
1105 5506 1296 5545 nomen
1330 5488 1609 5557 accepisse
1656 5502 1753 5542 re-

174 5582 294 5650 I-tI'I,
321 5591 375 5636 et
410 5590 536 5634 ante.
563 5592 685 5633 eum
722 5593 788 5632 ex
825 5574 1056 5630 Hesiodo
1087 5573 1385 5629 Pausanias
1435 5572 1656 5629 Baeotic.
1701 5589 1752 5628 c.

173 5667 259 5724 40.
316 5663 508 5721 Fuerit
566 5674 747 5718 tamen
797 5659 1075 5716 Chaeronis
1124 5670 1296 5713 mater
1350 5674 1479 5713 vero
1538 5659 1755 5713 nomine
1800 5726 1801 5729 η

173 5750 355 5806 Thuro
392 5747 586 5820 Θουρὼ
635 5758 881 5818 oportet,
915 5744 961 5800 si
1008 5744 1124 5800 urbi
1175 5746 1302 5799 huic
1344 5746 1555 5805 \‘icinns
1601 5746 1755 5801 collis

169 5836 395 5911 Θούριος
414 5844 470 5892 et
496 5834 683 5907 Apollo
697 5831 930 5889 Thurios
962 5830 1085 5911 inde
1115 5846 1308 5909 nomen
1342 5830 1669 5903 acceperim,
1697 5842 1752 5889 ut

966 270 1364 345 COMMENT.
1408 270 1487 333 IN
1529 269 1949 347 IIIEROCLIS
1990 271 2536 337 SYNECDEMUM.

3278 281 3419 347 1090

1839 383 2162 443 Plutarchus
2195 388 2248 442 in
2281 388 2435 443 Sulla
2464 405 2517 459 p.
2547 388 2650 443 465
2677 399 2866 445 auctor
2917 401 3029 458 est;
3064 394 3205 460 quod
3242 396 3420 463 ipsum

1836 477 1890 522 et
1918 482 2104 525 eorum
2156 474 2485 541 opinatione,
2512 488 2673 544 qnam
2701 474 2898 529 ibidem
2930 474 3249 530 Plutarchus
3277 492 3423 531 com-

1837 564 2124 646 memorat,
2158 556 2481 621 ﬁrmabitor,
2515 559 2604 628 qui
2639 573 2668 611 a
2696 558 2854 621 bove,
2882 574 2988 628 quo
3015 558 3251 614 Cadmus
3286 563 3423 617 duce

1840 638 2054 691 itineris
2088 648 2206 693 erat
2241 656 2390 704 usus,
2420 656 2690 710 quemque
2720 640 2832 712 θὼρ
2860 641 3147 697 Pltmuices
3186 644 3427 712 appella-

1840 720 1992 787 bant,
2044 723 2278 780 nominis
2310 740 2529 779 causam
2568 716 2901 795 repetebant.
2929 726 3093 780 Miror
3117 738 3295 782 autem
3324 726 3425 783 0r~

1840 805 2087 861 cbomeni
2120 808 2319 862 nullam
2347 808 2435 861 hic
2460 808 2724 864 rationem
2761 809 2977 878 haberi;
3006 827 3126 881 qua:
3160 811 3213 865 in
3244 821 3423 866 trans-

1842 905 2003 946 cursu
2047 891 2345 960 juvabitur.
2390 890 2577 959 Ilefert
2608 892 2868 949 Diodorus
2901 909 2971 957 tv,
3008 910 3062 964 p.
3099 894 3205 949 2‘26
3236 903 3289 950 et
3322 897 3425 951 hoc

1840 976 1982 1031 inter
2012 976 2258 1031 Ilerculis
2289 978 2552 1045 stupenda
2585 993 2747 1047 opera
2793 996 2806 1032 :
2854 978 2945 1031 Ἐν
2991 980 3048 1032 δὲ
3088 983 3154 1051 τῇ
3190 980 3424 1052 Βοιωτίᾳ

1836 1061 2152 1115 τούναντίον
2186 1061 2471 1131 ἐμφράξας
2501 1060 2562 1113 τὸ
2587 1061 2717 1130 περὶ
2750 1061 2840 1116 τὸν
2863 1063 3151 1117 Μινυεινὺν
3178 1064 3420 1137 ῥεῖθρον,

1840 1148 2065 1217 ἐποίησε
2094 1144 2375 1217 λιμνάζειν
2408 1146 2508 1216 τὴν
2536 1142 2747 1216 χώραν.
2778 1144 3084 1201 Paltnerius
3126 1149 3420 1207 Exercitui.

1843 1248 1893 1302 p.
1934 1233 2035 1286 IUO
2057 1233 2238 1286 nescio
2267 1229 2410 1297 quod
2436 1229 2593 1284 nobis
2624 1229 2890 1301 Μινυήῖον
2911 1230 3130 1301 ῥεῖθρον
3161 1230 3425 1300 obtrudit,

1842 1336 1947 1386 quo
1983 1318 2028 1373 si
2062 1332 2190 1373 mss.
2222 1315 2384 1377 lectio
2422 1314 2651 1387 margini
2680 1317 2897 1385 appicta
2933 1316 2985 1370 in
3017 1317 3300 1371 consilium
3332 1319 3428 1371 ad-

1843 1404 2115 1467 Itlbeatur,
2152 1400 2309 1455 facile
2337 1396 2682 1454 Carebimus:
2715 1401 2839 1456 inde
2869 1400 3012 1456 enim
3050 1400 3192 1455 haud
3230 1417 3428 1472 magno

1843 1488 2117 1542 molimine
2134 1493 2388 1556 exsurget
2418 1484 2477 1537 τὸ
2510 1486 2637 1556 περὶ
2660 1485 2748 1539 τὸν
2790 1484 3047 1539 Μινύειον
3100 1483 3427 1556 Ὀρχομενὸν

1842 1574 2080 1645 ῥεῖθρον.
2125 1570 2321 1627 Verum
2357 1571 2460 1625 hoc
2495 1585 2615 1625 esse
2666 1569 2935 1626 Homerus
2967 1570 3133 1625 Iliad.
3168 1571 3207 1623 Β
3238 1569 3341 1625 Sis
3373 1581 3427 1625 et

1842 1658 2185 1730 Thucydides
2216 1672 2288 1721 tv,
2324 1656 2410 1719 76,
2437 1654 2771 1727 Ὀρχομενὸν
2818 1655 2910 1709 τὸν
2934 1657 3193 1709 Μινύειον
3236 1658 3424 1727 εριιθίο

1846 1746 2041 1809 lantes,
2075 1744 2380 1797 ostendunt.
2409 1740 2630 1807 Fluvios
2662 1751 2743 1795 est
2772 1740 2954 1808 Melas,
2986 1740 3287 1797 ἀνατέλλων
3319 1741 3426 1793 ὑπὸ

1843 1832 1943 1901 τὴν
1996 1830 2150 1883 πόλιν
2191 1826 2297 1881 τῶν
2341 1825 2711 1896 Ὀρχομενίων
2761 1826 2931 1889 πολὺς
2964 1827 3058 1880 καὶ
3091 1824 3337 1895 πλώϊμος
3370 1828 3427 1878 ὲν

1843 1912 2047 1984 πηγαῖς
2083 1910 2243 1981 μόνος
2273 1907 2383 1963 τῶν
2434 1907 2765 1975 Ἑλληνικῶν
2797 1906 3081 1978 ποταμῶν,
3117 1921 3173 1960 ut
3220 1907 3431 1962 Plutaro

1844 1999 1979 2052 chus
2015 1998 2066 2050 in
2104 1995 2258 2050 Sulla
2299 2009 2350 2065 p.
2378 1991 2482 2047 465
2512 1993 2605 2047 ait.
2635 1991 2947 2046 Firmautur
2977 1992 3179 2062 reliqua
3212 1993 3429 2061 egregio

1844 2081 2044 2153 Iapidt‘.
2071 2079 2225 2150 cujus
2252 2079 2583 2147 epigramma
2617 2074 2847 2131 Douian.
2888 2075 3143 2147 luseript.
3172 2074 3344 2133 Class.
3390 2090 3427 2139 ι,

1843 2165 1913 2222 98
1945 2180 2117 2235 nuper
2150 2164 2409 2219 insertum
2436 2168 2542 2223 est,
2585 2160 2681 2217 sed
2735 2161 3045 2215 mendosius
3091 2171 3427 2228 excerptum.

1856 2251 2006 2305 Adde
2036 2248 2284 2305 eumdem
2320 2246 2670 2301 Plutarchum
2708 2247 2761 2299 in
2793 2241 3046 2313 Pelopida
3080 2259 3134 2313 p.
3161 2244 3287 2298 Q86.

1916 2335 2053 2389 Ibid.
2092 2335 2423 2403 Ἄμφισσα.
2463 2330 2592 2385 Erat
2639 2331 2690 2385 in
2742 2329 3030 2388 Ozoiarum
3080 2340 3134 2382 et
3178 2329 3436 2387 Phocide

1848 2420 2068 2487 ﬁnibus,
2115 2418 2307 2475 stadiis
2358 2416 2461 2472 120
2519 2414 2738 2486 Delphis
2795 2424 3074 2485 separata.
3130 2416 3430 2470 Pausanias

1846 2505 2013 2563 Pltoc.
2047 2522 2095 2561 c.
2130 2506 2222 2561 58.

1917 2590 2051 2645 Ibid.
2081 2590 2317 2659 Τιοώρα.
2352 2587 2465 2642 Sita
2493 2595 2609 2642 erat
2647 2586 2710 2640 ad
2739 2586 3068 2640 Parnassum
3104 2585 3295 2640 stadiis
3323 2585 3433 2639 eir-

1846 2677 2071 2733 citerSO
2096 2695 2123 2729 ιι
2168 2676 2406 2745 Delphis,
2445 2672 2733 2736 Pausania,
2765 2673 2847 2726 cui
2883 2670 3118 2742 Τιθορέα
3178 2682 3230 2725 et
3268 2670 3425 2724 Τιθοη

1849 2762 1998 2833 pata,
2031 2760 2175 2830 quod
2197 2770 2251 2815 ct
2277 2758 2585 2828 Stephanus
2611 2772 2677 2811 es.
2708 2770 2773 2811 eo
2808 2757 2992 2819 habet,
3022 2765 3156 2811 teSle
3185 2753 3351 2812 Phoc.
3377 2774 3432 2815 ι.

1848 2861 2021 2901 xxxn.
2052 2845 2371 2900 Plutarchus
2400 2842 2451 2897 in
2482 2839 2632 2897 Salia
2656 2856 2706 2911 p.
2726 2840 2821 2894 .561
2857 2856 3016 2913 paene
3044 2855 3166 2896 cum
3186 2838 3434 2898 Hierocle

1847 2934 2142 2995 consentit,
2172 2931 2405 3001 Τιθόραν
2434 2926 2726 2997 appellant.
3008 2996 3009 2999 η
3186 2926 3187 2929 “

1916 3018 2051 3074 Ibid.
2095 3018 2441 3087 Ἀμϐροσος.
2497 3011 2837 3083 Ἀμῦρυσος,
2863 3012 2945 3065 vel
2991 3009 3259 3082 geminata
3302 3010 3434 3067 sibi-

1846 3104 2015 3168 lante,
2062 3113 2121 3157 ut
2172 3102 2312 3171 apud
2362 3098 2691 3156 Pausaniam
2746 3096 2963 3153 Phocic.
3022 3112 3073 3154 c.
3120 3111 3307 3164 um,
3343 3098 3433 3153 ubi

1848 3191 2143 3251 Parnasso_
2179 3188 2492 3260 apponitur.

1920 3275 2054 3330 Ibid.
2084 3272 2381 3340 Ktopwrt'a.
2425 3268 2742 3339 Κορώνεια,
2774 3267 2888 3322 Sita
2924 3267 3168 3324 Coronea
3207 3268 3434 3323 crat-ad

1848 3359 2123 3415 Phliarum
2150 3371 2365 3419 amnem
2388 3393 2403 3418 ,
2431 3354 2475 3407 si
2506 3352 2798 3409 Plutarcho
2837 3354 2889 3406 iu
2932 3351 3205 3422 Lysandro
3248 3367 3300 3421 p.
3331 3350 3437 3407 μεθ

1849 3443 2067 3508 credis;
2093 3442 2139 3497 si
2162 3437 2445 3495 Pausaniae
2473 3436 2694 3493 Basoh'c.
2722 3454 2772 3491 c.
2802 3453 2985 3502 xxxv,
3014 3435 3091 3492 Ad
3120 3433 3435 3504 Phaiarum;

1852 3543 1907 3587 nt
1938 3532 1990 3585 in
2027 3527 2202 3583 altero
2240 3532 2363 3580 ntro
2398 3523 2588 3578 vitium
2628 3522 2778 3586 insit,
2814 3522 2975 3576 sicuti
3006 3522 3124 3576 sine
3153 3520 3316 3575 dubio
3349 3532 3434 3574 est

1850 3618 1905 3673 in
1938 3616 2172 3671 Isocrate
2206 3612 2271 3666 de
2302 3608 2418 3678 Big.
2452 3624 2506 3679 p.
2536 3604 2632 3661 591
2671 3608 2801 3661 edit.
2841 3603 3003 3660 Basil.
3050 3603 3106 3658 Ὀ
3149 3604 3204 3657 δὲ
3251 3605 3439 3674 πατὴρ

1848 3698 2018 3756 αὐτοῦ
2056 3696 2368 3769 μαχόμενος
2399 3696 2456 3747 ἐν
2495 3689 2810 3763 Χαιρωνείᾳ
2842 3690 2956 3753 τοῖς
2987 3687 3270 3757 πολεμίοις
3301 3688 3439 3741 ἀπέ-

1852 3786 2014 3840 οανεν
2047 3800 2063 3839 :
2099 3780 2197 3849 legi
2228 3778 2373 3833 enim
2400 3779 2459 3829 ὲν
2482 3775 2769 3848 Κορωνείᾳ
2812 3775 2994 3839 debet,
3029 3771 3438 3845 atlstipulorqne

1850 3865 2163 3927 emendanti
2190 3860 2600 3917 Hemsterhusio
2623 3858 2909 3913 nostro.ihi
2936 3855 3136 3913 Clinias
3160 3854 3435 3919 occubuit,

1853 3953 2083 4010 testibus
2115 3948 2334 4005 Platone
2366 3947 2417 4000 in
2454 3943 2727 3998 Alcibiade
2755 3959 2793 4011 t,
2828 3958 2881 4014 p.
2914 3941 3017 3997 112
3051 3949 3102 3997 et
3147 3937 3438 3994 Plutarcho

1851 4039 2021 4095 Alcib.
2055 4052 2107 4107 μ.
2139 4034 2261 4091 tat.

1922 4124 2058 4178 Ibid.
2091 4118 2370 4191 Στήραις.
2401 4113 2629 4171 Videtur
2672 4128 2793 4169 esse
2829 4112 3047 4185 Στιρις,
3076 4109 3437 4167 Phoceusium

1852 4205 2131 4277 oppidum,
2168 4205 2233 4258 de
2257 4218 2364 4271 quo
2392 4199 2689 4254 Pausanias
2725 4198 2937 4252 Phocis.
2970 4213 3019 4252 c.
3052 4211 3216 4251 xxxv.

1925 4292 2061 4347 Ibid.
2106 4284 2505 4351 Ἀναστάσιος
2541 4282 2691 4339 Mss-
2719 4283 3062 4346 Ἀναστάσις,
3088 4296 3195 4353 quo
3222 4280 3438 4335 nomine
3496 4344 3499 4345 ν

1853 4372 1980 4435 licet
2031 4391 2100 4430 nu
2128 4374 2230 4427 lam
2258 4361 2430 4441 hujus
2471 4385 2579 4424 ora:
2624 4369 2809 4423 urbem
2850 4368 3112 4431 noverim,
3162 4376 3214 4420 et
3254 4363 3438 4436 plures

1853 4476 1975 4519 sese
2016 4459 2132 4529 ejus
2166 4467 2510 4527 occupatura:
2546 4453 2728 4508 locum
2763 4449 3025 4516 olle-rant,
3074 4450 3203 4504 nihil
3257 4459 3436 4502 tamen

1855 4559 2066 4605 mutare
2116 4544 2359 4599 sustineo
2410 4557 2423 4594 :
2466 4540 2595 4610 quid
2645 4538 2687 4593 si
2745 4537 2888 4591 enim
2947 4535 3309 4591 Boemicarum
3345 4542 3439 4588 aut

1816 4625 1820 4628 ⁴
1853 4632 2108 4691 Phocidis
2152 4630 2331 4698 aliqua
2362 4641 2557 4682 nomen
2604 4621 2865 4678 mutarit?
2902 4630 3276 4691 exspectemus
3309 4634 3439 4688 ergo

1855 4720 2028 4776 donec
2072 4712 2280 4771 meliori
2317 4728 2475 4766 manu
2521 4709 2724 4765 exarati
2756 4708 2968 4763 codices
3011 4706 3152 4761 aliud
3190 4704 3433 4770 jubeant.

1924 4802 2063 4859 Ibid.
2100 4802 2387 4868 Ἓκεψος.
2421 4795 2577 4850 Haud
2624 4797 2736 4850 seio
2780 4809 2847 4846 an
2896 4791 3152 4863 Αἴδηψος,
3206 4789 3438 4845 Euboee

1854 4887 2132 4959 oppidum,
2170 4885 2360 4949 fuerit;
2396 4894 2495 4935 nec
2523 4880 2720 4935 morari
2750 4892 3074 4948 quemquam
3109 4876 3263 4931 debet
3294 4877 3436 4945 quod

1858 4958 2047 5029 insula).
2104 4980 2457 5041 pra'ponutnr
2490 4985 2504 5021 :
2532 4965 2936 5036 apertissimum
2992 4958 3193 5032 quippe
3239 4971 3318 5016 est
3352 4960 3441 5029 ju-

1856 5068 2000 5115 stum
2031 5056 2302 5119 ordinem,
2350 5050 2703 5122 negligentia,
2736 5059 2795 5103 ut
2831 5059 2977 5118 puto,
3013 5045 3314 5110 librarium,
3353 5044 3439 5098 hic

1856 5158 1977 5200 csse
2009 5140 2339 5211 neglectum,
2372 5152 2544 5205 neque
2576 5144 2885 5189 accuratam
2919 5134 3055 5187 situs
3084 5130 3320 5184 habitam
3353 5145 3441 5181 ra-

1858 5232 2081 5282 tionem.
2109 5225 2340 5281 Carolus
2370 5240 2397 5277 a
2425 5222 2486 5281 S.
2520 5219 2686 5275 Paulo
2714 5220 2878 5289 νήσου
2915 5217 3149 5278 Εὐϐοίας
3190 5215 3435 5267 emendat

1856 5325 1912 5369 et
1947 5313 2071 5368 huic
2112 5309 2232 5365 urbi
2282 5303 2615 5380 agglutinat;
2649 5321 2754 5377 quo
2806 5304 2966 5359 modo
2996 5299 3177 5357 omnia
3206 5296 3261 5352 in
3304 5299 3439 5352 vado

1858 5399 2081 5455 fuerint.
2448 5402 2451 5403 ⁷
2840 5394 2841 5397 “

1927 5485 2059 5541 Ibid.
2103 5482 2461 5553 Βουμέλιτα.
2494 5477 2768 5547 Nusquam
2806 5476 2947 5530 hanc
2978 5472 3154 5541 legere
3194 5466 3436 5523 memini.

1855 5570 2107 5637 Possunt,
2155 5572 2198 5624 si
2244 5567 2566 5629 vocabulum
2613 5571 2914 5624 secaretur,
2980 5559 3102 5613 inde
3152 5553 3341 5617 Βοῦλις
3385 5562 3440 5607 et

1856 5658 2077 5721 Λίλαια,
2108 5655 2359 5711 Phocidis
2393 5654 2573 5719 urbes,
2602 5649 2781 5715 nasci;
2820 5649 2961 5719 quod
2996 5661 3126 5701 mss.
3162 5660 3265 5699 non
3289 5642 3441 5697 addi~

1857 5746 2103 5801 centibus
2127 5759 2248 5798 cum
2281 5734 2825 5809 temerariumjideti
2853 5724 3088 5805 queat,ti
3116 5730 3438 5800 corrigendo

1861 5843 2166 5904 temperare
2202 5828 2371 5885 satius
2406 5827 2529 5882 erit.
