  <div class='ocr_page' id='page_1' title='image "/cluster/home/n/w/nwhite01/storage/ocr_20150623/113/mdp.39015078384305/554.png"; bbox 0 0 4074 6338; ppageno 0'>
   <div class='ocr_carea' id='block_1_1' title="bbox 142 300 320 371">
    <p class='ocr_par' dir='ltr' id='par_1_1' title="bbox 142 300 320 371">
     <span class='ocr_line' id='line_1_1' title="bbox 142 300 320 371; baseline -0.028 0"><span class='ocrx_word' id='word_1_1' title='bbox 142 364 152 371; x_wconf 93' lang='grc'>.</span> <span class='ocrx_word' id='word_1_2' title='bbox 193 300 320 367; x_wconf 69' lang='grc'><strong>1093</strong></span> 
     </span>
    </p>
   </div>
   <div class='ocr_carea' id='block_1_2' title="bbox 199 417 1768 495">
    <p class='ocr_par' dir='ltr' id='par_1_2' title="bbox 199 417 1768 495">
     <span class='ocr_line' id='line_1_2' title="bbox 199 417 1768 495; baseline 0.004 -26"><span class='ocrx_word' id='word_1_3' title='bbox 199 417 423 489; x_wconf 69' lang='grc' dir='ltr'><strong>Ἐφύρα,</strong></span> <span class='ocrx_word' id='word_1_4' title='bbox 475 434 532 476; x_wconf 89' lang='lat' dir='ltr'><strong>re</strong></span> <span class='ocrx_word' id='word_1_5' title='bbox 575 420 701 494; x_wconf 87' lang='lat' dir='ltr'><strong>ipsa</strong></span> <span class='ocrx_word' id='word_1_6' title='bbox 741 422 1108 495; x_wconf 88' lang='lat' dir='ltr'><strong>adstipulante</strong></span> <span class='ocrx_word' id='word_1_7' title='bbox 1143 442 1207 482; x_wconf 81' lang='lat' dir='ltr'><strong>ex</strong></span> <span class='ocrx_word' id='word_1_8' title='bbox 1236 423 1615 486; x_wconf 83' lang='lat' dir='ltr'><strong>Constantino.</strong></span> <span class='ocrx_word' id='word_1_9' title='bbox 1661 423 1699 476; x_wconf 90' lang='grc' dir='ltr'><strong>Ι.</strong></span> <span class='ocrx_word' id='word_1_10' title='bbox 1731 423 1768 476; x_wconf 79' lang='grc'><strong>2</strong></span> 
     </span>
    </p>
   </div>
   <div class='ocr_carea' id='block_1_3' title="bbox 189 501 799 577">
    <p class='ocr_par' dir='ltr' id='par_1_3' title="bbox 189 501 799 577">
     <span class='ocr_line' id='line_1_3' title="bbox 189 501 799 577; baseline 0.01 -21"><span class='ocrx_word' id='word_1_11' title='bbox 189 501 375 558; x_wconf 79' lang='lat' dir='ltr'><strong>Them.</strong></span> <span class='ocrx_word' id='word_1_12' title='bbox 409 504 442 560; x_wconf 82' lang='grc'><strong>6</strong></span> <span class='ocrx_word' id='word_1_13' title='bbox 480 509 799 577; x_wconf 68' lang='grc' dir='ltr'>ιιι-ωοριιινί.</span> 
     </span>
    </p>
   </div>
   <div class='ocr_carea' id='block_1_4' title="bbox 255 588 1766 666">
    <p class='ocr_par' dir='ltr' id='par_1_4' title="bbox 255 588 1766 666">
     <span class='ocr_line' id='line_1_4' title="bbox 255 588 1766 666; baseline 0.001 -22"><span class='ocrx_word' id='word_1_14' title='bbox 255 588 370 647; x_wconf 89' lang='lat' dir='ltr'><strong>Col.</strong></span> <span class='ocrx_word' id='word_1_15' title='bbox 417 592 537 645; x_wconf 66' lang='lat' dir='ltr'><strong>III.</strong></span> <span class='ocrx_word' id='word_1_16' title='bbox 575 591 698 646; x_wconf 81' lang='grc' dir='ltr'><strong>Νέα</strong></span> <span class='ocrx_word' id='word_1_17' title='bbox 732 596 982 650; x_wconf 75' lang='grc' dir='ltr'><strong>Σικυών.</strong></span> <span class='ocrx_word' id='word_1_18' title='bbox 1009 594 1147 651; x_wconf 89' lang='lat' dir='ltr'><strong>Olim</strong></span> <span class='ocrx_word' id='word_1_19' title='bbox 1187 595 1382 666; x_wconf 79' lang='lat' dir='ltr'><strong>Sicyon</strong></span> <span class='ocrx_word' id='word_1_20' title='bbox 1412 591 1766 649; x_wconf 84' lang='lat' dir='ltr'><strong>Corinthiaco</strong></span> 
     </span>
    </p>
   </div>
   <div class='ocr_carea' id='block_1_5' title="bbox 189 672 1769 744">
    <p class='ocr_par' dir='ltr' id='par_1_5' title="bbox 189 672 1769 744">
     <span class='ocr_line' id='line_1_5' title="bbox 189 672 1769 744; baseline 0.002 -19"><span class='ocrx_word' id='word_1_21' title='bbox 189 672 330 726; x_wconf 87' lang='lat' dir='ltr'><strong>sinui</strong></span> <span class='ocrx_word' id='word_1_22' title='bbox 363 675 682 743; x_wconf 87' lang='lat' dir='ltr'><strong>accubabat,</strong></span> <span class='ocrx_word' id='word_1_23' title='bbox 705 678 868 734; x_wconf 88' lang='lat' dir='ltr'><strong>indea</strong></span> <span class='ocrx_word' id='word_1_24' title='bbox 893 678 1164 733; x_wconf 74' lang='lat' dir='ltr'><strong>Demetrio</strong></span> <span class='ocrx_word' id='word_1_25' title='bbox 1179 676 1485 733; x_wconf 84' lang='lat' dir='ltr'><strong>Poliorcete</strong></span> <span class='ocrx_word' id='word_1_26' title='bbox 1504 676 1556 729; x_wconf 90' lang='lat' dir='ltr'><strong>in</strong></span> <span class='ocrx_word' id='word_1_27' title='bbox 1588 675 1769 744; x_wconf 78' lang='lat' dir='ltr'><strong>proxi-</strong></span> 
     </span>
    </p>
   </div>
   <div class='ocr_carea' id='block_1_6' title="bbox 192 759 1773 826">
    <p class='ocr_par' dir='ltr' id='par_1_6' title="bbox 192 759 1773 826">
     <span class='ocr_line' id='line_1_6' title="bbox 192 759 1773 826; baseline 0.001 -16"><span class='ocrx_word' id='word_1_28' title='bbox 192 773 335 811; x_wconf 86' lang='lat' dir='ltr'><strong>mum</strong></span> <span class='ocrx_word' id='word_1_29' title='bbox 353 768 407 812; x_wconf 91' lang='lat' dir='ltr'><strong>et</strong></span> <span class='ocrx_word' id='word_1_30' title='bbox 439 769 630 814; x_wconf 86' lang='lat' dir='ltr'><strong>natura</strong></span> <span class='ocrx_word' id='word_1_31' title='bbox 661 763 927 817; x_wconf 88' lang='lat' dir='ltr'><strong>munitum</strong></span> <span class='ocrx_word' id='word_1_32' title='bbox 959 763 1149 818; x_wconf 87' lang='lat' dir='ltr'><strong>collem</strong></span> <span class='ocrx_word' id='word_1_33' title='bbox 1184 762 1466 826; x_wconf 83' lang='lat' dir='ltr'><strong>translata,</strong></span> <span class='ocrx_word' id='word_1_34' title='bbox 1505 769 1640 814; x_wconf 88' lang='lat' dir='ltr'><strong>teste</strong></span> <span class='ocrx_word' id='word_1_35' title='bbox 1675 759 1773 812; x_wconf 61' lang='lat' dir='ltr'><strong>Dio</strong></span> 
     </span>
    </p>
   </div>
   <div class='ocr_carea' id='block_1_7' title="bbox 190 842 1774 916">
    <p class='ocr_par' dir='ltr' id='par_1_7' title="bbox 190 842 1774 916">
     <span class='ocr_line' id='line_1_7' title="bbox 190 842 1774 916; baseline 0.012 -24"><span class='ocrx_word' id='word_1_36' title='bbox 190 842 322 895; x_wconf 65' lang='lat' dir='ltr'><strong>Coro</strong></span> <span class='ocrx_word' id='word_1_37' title='bbox 352 857 443 908; x_wconf 78' lang='lat' dir='ltr'><strong>xx,</strong></span> <span class='ocrx_word' id='word_1_38' title='bbox 480 859 531 912; x_wconf 89' lang='lat' dir='ltr'><strong>p.</strong></span> <span class='ocrx_word' id='word_1_39' title='bbox 564 843 671 898; x_wconf 82' lang='grc'><strong>827</strong></span> <span class='ocrx_word' id='word_1_40' title='bbox 704 854 758 900; x_wconf 87' lang='lat' dir='ltr'><strong>et</strong></span> <span class='ocrx_word' id='word_1_41' title='bbox 787 844 1074 905; x_wconf 86' lang='lat' dir='ltr'><strong>Plutarcho</strong></span> <span class='ocrx_word' id='word_1_42' title='bbox 1104 845 1341 901; x_wconf 91' lang='lat' dir='ltr'><strong>Demetr.</strong></span> <span class='ocrx_word' id='word_1_43' title='bbox 1386 861 1443 916; x_wconf 81' lang='grc' dir='ltr'><strong>ι).</strong></span> <span class='ocrx_word' id='word_1_44' title='bbox 1483 842 1621 909; x_wconf 78' lang='grc' dir='ltr'><strong>90ος</strong></span> <span class='ocrx_word' id='word_1_45' title='bbox 1653 857 1774 914; x_wconf 59' lang='lat' dir='ltr'><strong>quae</strong></span> 
     </span>
    </p>
   </div>
   <div class='ocr_carea' id='block_1_8' title="bbox 191 929 1147 987">
    <p class='ocr_par' dir='ltr' id='par_1_8' title="bbox 191 929 1147 987">
     <span class='ocr_line' id='line_1_8' title="bbox 191 929 1147 987; baseline 0.009 -9"><span class='ocrx_word' id='word_1_46' title='bbox 191 941 386 982; x_wconf 80' lang='lat' dir='ltr'><strong>novam</strong></span> <span class='ocrx_word' id='word_1_47' title='bbox 417 943 524 984; x_wconf 86' lang='lat' dir='ltr'><strong>non</strong></span> <span class='ocrx_word' id='word_1_48' title='bbox 553 929 690 984; x_wconf 85' lang='lat' dir='ltr'><strong>male</strong></span> <span class='ocrx_word' id='word_1_49' title='bbox 720 933 823 985; x_wconf 89' lang='lat' dir='ltr'><strong>dici</strong></span> <span class='ocrx_word' id='word_1_50' title='bbox 857 931 1147 987; x_wconf 78' lang='lat' dir='ltr'><strong>aﬂirmant.</strong></span> 
     </span>
    </p>
   </div>
   <div class='ocr_carea' id='block_1_9' title="bbox 262 1011 1775 1087">
    <p class='ocr_par' dir='ltr' id='par_1_9' title="bbox 262 1011 1775 1087">
     <span class='ocr_line' id='line_1_9' title="bbox 262 1011 1775 1087; baseline 0.001 -23"><span class='ocrx_word' id='word_1_51' title='bbox 262 1011 394 1068; x_wconf 90' lang='lat' dir='ltr'><strong>Ibid.</strong></span> <span class='ocrx_word' id='word_1_52' title='bbox 426 1014 685 1083; x_wconf 75' lang='grc' dir='ltr'><strong>Αἴγειρα,</strong></span> <span class='ocrx_word' id='word_1_53' title='bbox 715 1016 938 1085; x_wconf 77' lang='grc' dir='ltr'><strong>Αἴγιον.</strong></span> <span class='ocrx_word' id='word_1_54' title='bbox 973 1017 1065 1072; x_wconf 86' lang='lat' dir='ltr'><strong>Sic</strong></span> <span class='ocrx_word' id='word_1_55' title='bbox 1109 1017 1366 1087; x_wconf 88' lang='lat' dir='ltr'><strong>oportuit.</strong></span> <span class='ocrx_word' id='word_1_56' title='bbox 1399 1013 1502 1070; x_wconf 82' lang='lat' dir='ltr'><strong>Ms.</strong></span> <span class='ocrx_word' id='word_1_57' title='bbox 1535 1013 1775 1084; x_wconf 75' lang='grc' dir='ltr'><strong>Αῐγηραι</strong></span> 
     </span>
    </p>
   </div>
   <div class='ocr_carea' id='block_1_10' title="bbox 189 1097 1773 1165">
    <p class='ocr_par' dir='ltr' id='par_1_10' title="bbox 189 1097 1773 1165">
     <span class='ocr_line' id='line_1_10' title="bbox 189 1097 1773 1165; baseline -0.001 -13"><span class='ocrx_word' id='word_1_58' title='bbox 189 1098 414 1165; x_wconf 74' lang='grc' dir='ltr'><strong>Αἰγεων.</strong></span> <span class='ocrx_word' id='word_1_59' title='bbox 473 1098 711 1165; x_wconf 83' lang='lat' dir='ltr'><strong>Utraque</strong></span> <span class='ocrx_word' id='word_1_60' title='bbox 761 1102 899 1154; x_wconf 79' lang='lat' dir='ltr'><strong>drbs-</strong></span> <span class='ocrx_word' id='word_1_61' title='bbox 944 1100 1145 1155; x_wconf 82' lang='lat' dir='ltr'><strong>veteris</strong></span> <span class='ocrx_word' id='word_1_62' title='bbox 1198 1098 1415 1154; x_wconf 62' lang='lat' dir='ltr'><strong>Achaiae</strong></span> <span class='ocrx_word' id='word_1_63' title='bbox 1469 1114 1536 1153; x_wconf 83' lang='lat' dir='ltr'><strong>ex</strong></span> <span class='ocrx_word' id='word_1_64' title='bbox 1595 1097 1773 1151; x_wconf 82' lang='lat' dir='ltr'><strong>tabula</strong></span> 
     </span>
    </p>
   </div>
   <div class='ocr_carea' id='block_1_11' title="bbox 194 1177 1780 1253">
    <p class='ocr_par' dir='ltr' id='par_1_11' title="bbox 194 1177 1780 1253">
     <span class='ocr_line' id='line_1_11' title="bbox 194 1177 1780 1253; baseline 0.001 -20"><span class='ocrx_word' id='word_1_65' title='bbox 194 1179 617 1250; x_wconf 82' lang='lat' dir='ltr'><strong>Pentingerana,</strong></span> <span class='ocrx_word' id='word_1_66' title='bbox 647 1199 766 1253; x_wconf 72' lang='lat' dir='ltr'><strong>quae</strong></span> <span class='ocrx_word' id='word_1_67' title='bbox 802 1182 869 1236; x_wconf 80' lang='grc'>12</span> <span class='ocrx_word' id='word_1_68' title='bbox 901 1181 973 1236; x_wconf 84' lang='grc' dir='ltr'><strong>Μ.</strong></span> <span class='ocrx_word' id='word_1_69' title='bbox 1001 1181 1059 1240; x_wconf 90' lang='lat' dir='ltr'><strong>P.</strong></span> <span class='ocrx_word' id='word_1_70' title='bbox 1091 1185 1267 1253; x_wconf 82' lang='lat' dir='ltr'><strong>spatio</strong></span> <span class='ocrx_word' id='word_1_71' title='bbox 1301 1189 1606 1248; x_wconf 87' lang='lat' dir='ltr'><strong>separat,et</strong></span> <span class='ocrx_word' id='word_1_72' title='bbox 1638 1177 1780 1234; x_wconf 68' lang='lat' dir='ltr'><strong>Pauo</strong></span> 
     </span>
    </p>
   </div>
   <div class='ocr_carea' id='block_1_12' title="bbox 191 1265 1778 1331">
    <p class='ocr_par' dir='ltr' id='par_1_12' title="bbox 191 1265 1778 1331">
     <span class='ocr_line' id='line_1_12' title="bbox 191 1265 1778 1331; baseline -0.003 -11"><span class='ocrx_word' id='word_1_73' title='bbox 191 1265 341 1320; x_wconf 86' lang='lat' dir='ltr'><strong>siana</strong></span> <span class='ocrx_word' id='word_1_74' title='bbox 379 1283 470 1331; x_wconf 81' lang='lat' dir='ltr'><strong>tu,</strong></span> <span class='ocrx_word' id='word_1_75' title='bbox 495 1267 561 1321; x_wconf 67' lang='grc'>24</span> <span class='ocrx_word' id='word_1_76' title='bbox 594 1278 649 1321; x_wconf 87' lang='lat' dir='ltr'><strong>et</strong></span> <span class='ocrx_word' id='word_1_77' title='bbox 678 1266 746 1321; x_wconf 87' lang='grc'>26</span> <span class='ocrx_word' id='word_1_78' title='bbox 775 1269 1057 1324; x_wconf 86' lang='lat' dir='ltr'><strong>notissima</strong></span> <span class='ocrx_word' id='word_1_79' title='bbox 1089 1276 1192 1323; x_wconf 86' lang='lat' dir='ltr'><strong>est.</strong></span> <span class='ocrx_word' id='word_1_80' title='bbox 1221 1265 1374 1320; x_wconf 89' lang='lat' dir='ltr'><strong>Prior</strong></span> <span class='ocrx_word' id='word_1_81' title='bbox 1412 1267 1614 1320; x_wconf 68' lang='lat' dir='ltr'><strong>ultimae</strong></span> <span class='ocrx_word' id='word_1_82' title='bbox 1644 1275 1778 1317; x_wconf 63' lang='lat' dir='ltr'><strong>teta-</strong></span> 
     </span>
    </p>
   </div>
   <div class='ocr_carea' id='block_1_13' title="bbox 193 1341 1776 1419">
    <p class='ocr_par' dir='ltr' id='par_1_13' title="bbox 193 1341 1776 1419">
     <span class='ocr_line' id='line_1_13' title="bbox 193 1341 1776 1419; baseline -0.001 -17"><span class='ocrx_word' id='word_1_83' title='bbox 193 1349 262 1403; x_wconf 93' lang='lat' dir='ltr'><strong>tis</strong></span> <span class='ocrx_word' id='word_1_84' title='bbox 313 1347 535 1407; x_wconf 65' lang='lat' dir='ltr'><strong>Crazcire</strong></span> <span class='ocrx_word' id='word_1_85' title='bbox 580 1350 842 1406; x_wconf 76' lang='lat' dir='ltr'><strong>Botsdtza</strong></span> <span class='ocrx_word' id='word_1_86' title='bbox 900 1341 1172 1416; x_wconf 48' lang='lat' dir='ltr'><strong>dicta&#39;est,</strong></span> <span class='ocrx_word' id='word_1_87' title='bbox 1236 1365 1380 1419; x_wconf 69' lang='lat' dir='ltr'><strong>saepe</strong></span> <span class='ocrx_word' id='word_1_88' title='bbox 1435 1363 1498 1404; x_wconf 88' lang='lat' dir='ltr'><strong>co</strong></span> <span class='ocrx_word' id='word_1_89' title='bbox 1558 1349 1776 1402; x_wconf 81' lang='lat' dir='ltr'><strong>nomine</strong></span> 
     </span>
    </p>
   </div>
   <div class='ocr_carea' id='block_1_14' title="bbox 191 1431 1632 1504">
    <p class='ocr_par' dir='ltr' id='par_1_14' title="bbox 191 1431 1632 1504">
     <span class='ocr_line' id='line_1_14' title="bbox 191 1431 1632 1504; baseline -0.001 -16"><span class='ocrx_word' id='word_1_90' title='bbox 191 1437 334 1504; x_wconf 86' lang='lat' dir='ltr'><strong>apud</strong></span> <span class='ocrx_word' id='word_1_91' title='bbox 371 1435 660 1504; x_wconf 82' lang='lat' dir='ltr'><strong>Georgium</strong></span> <span class='ocrx_word' id='word_1_92' title='bbox 692 1434 994 1491; x_wconf 82' lang='lat' dir='ltr'><strong>Phranzam</strong></span> <span class='ocrx_word' id='word_1_93' title='bbox 1032 1437 1210 1498; x_wconf 69' lang='lat' dir='ltr'><strong>obvia,</strong></span> <span class='ocrx_word' id='word_1_94' title='bbox 1244 1444 1304 1488; x_wconf 91' lang='lat' dir='ltr'><strong>ut</strong></span> <span class='ocrx_word' id='word_1_95' title='bbox 1329 1435 1366 1488; x_wconf 93' lang='lat' dir='ltr'><strong>l.</strong></span> <span class='ocrx_word' id='word_1_96' title='bbox 1395 1448 1454 1499; x_wconf 88' lang='grc' dir='ltr'><strong>ιι,</strong></span> <span class='ocrx_word' id='word_1_97' title='bbox 1491 1433 1546 1497; x_wconf 81' lang='grc'>2,</span> <span class='ocrx_word' id='word_1_98' title='bbox 1579 1431 1632 1487; x_wconf 84' lang='grc'><strong>9.</strong></span> 
     </span>
    </p>
   </div>
   <div class='ocr_carea' id='block_1_15' title="bbox 268 1515 1776 1590">
    <p class='ocr_par' dir='ltr' id='par_1_15' title="bbox 268 1515 1776 1590">
     <span class='ocr_line' id='line_1_15' title="bbox 268 1515 1776 1590; baseline -0.001 -20"><span class='ocrx_word' id='word_1_99' title='bbox 268 1520 401 1573; x_wconf 87' lang='lat' dir='ltr'><strong>Ibid.</strong></span> <span class='ocrx_word' id='word_1_100' title='bbox 461 1518 731 1588; x_wconf 82' lang='grc' dir='ltr'><strong>Μεθώνη.</strong></span> <span class='ocrx_word' id='word_1_101' title='bbox 780 1519 907 1573; x_wconf 84' lang='lat' dir='ltr'><strong>Mss.</strong></span> <span class='ocrx_word' id='word_1_102' title='bbox 971 1519 1073 1575; x_wconf 91' lang='lat' dir='ltr'><strong>hoc</strong></span> <span class='ocrx_word' id='word_1_103' title='bbox 1127 1519 1357 1590; x_wconf 86' lang='lat' dir='ltr'><strong>probant</strong></span> <span class='ocrx_word' id='word_1_104' title='bbox 1412 1534 1427 1570; x_wconf 89' lang='lat'>:</span> <span class='ocrx_word' id='word_1_105' title='bbox 1477 1515 1707 1571; x_wconf 83' lang='lat' dir='ltr'><strong>Carolus</strong></span> <span class='ocrx_word' id='word_1_106' title='bbox 1748 1529 1776 1569; x_wconf 90' lang='lat' dir='ltr'><strong>a</strong></span> 
     </span>
    </p>
   </div>
   <div class='ocr_carea' id='block_1_16' title="bbox 192 1597 1779 1674">
    <p class='ocr_par' dir='ltr' id='par_1_16' title="bbox 192 1597 1779 1674">
     <span class='ocr_line' id='line_1_16' title="bbox 192 1597 1779 1674; baseline -0.002 -17"><span class='ocrx_word' id='word_1_107' title='bbox 192 1602 252 1657; x_wconf 91' lang='lat' dir='ltr'><strong>S.</strong></span> <span class='ocrx_word' id='word_1_108' title='bbox 289 1603 456 1658; x_wconf 88' lang='lat' dir='ltr'><strong>Paulo</strong></span> <span class='ocrx_word' id='word_1_109' title='bbox 487 1604 713 1658; x_wconf 71' lang='lat' dir='ltr'><strong>Msdava</strong></span> <span class='ocrx_word' id='word_1_110' title='bbox 741 1597 996 1674; x_wconf 68' lang='lat' dir='ltr'><strong>i&#39;ulgavit.</strong></span> <span class='ocrx_word' id='word_1_111' title='bbox 1032 1604 1186 1658; x_wconf 80' lang='lat' dir='ltr'><strong>Prius</strong></span> <span class='ocrx_word' id='word_1_112' title='bbox 1219 1601 1548 1674; x_wconf 76' lang='lat' dir='ltr'><strong>Thucydidis</strong></span> <span class='ocrx_word' id='word_1_113' title='bbox 1593 1609 1779 1670; x_wconf 84' lang='lat' dir='ltr'><strong>patro-</strong></span> 
     </span>
    </p>
   </div>
   <div class='ocr_carea' id='block_1_17' title="bbox 191 1685 1778 1758">
    <p class='ocr_par' dir='ltr' id='par_1_17' title="bbox 191 1685 1778 1758">
     <span class='ocr_line' id='line_1_17' title="bbox 191 1685 1778 1758; baseline -0.002 -15"><span class='ocrx_word' id='word_1_114' title='bbox 191 1689 338 1743; x_wconf 90' lang='lat' dir='ltr'><strong>cinio</strong></span> <span class='ocrx_word' id='word_1_115' title='bbox 389 1699 558 1743; x_wconf 85' lang='lat' dir='ltr'><strong>tutum</strong></span> <span class='ocrx_word' id='word_1_116' title='bbox 614 1700 697 1744; x_wconf 90' lang='lat' dir='ltr'><strong>est</strong></span> <span class='ocrx_word' id='word_1_117' title='bbox 746 1690 782 1742; x_wconf 86' lang='grc' dir='ltr'>ι.</span> <span class='ocrx_word' id='word_1_118' title='bbox 817 1707 891 1752; x_wconf 81' lang='grc' dir='ltr'>ιν,</span> <span class='ocrx_word' id='word_1_119' title='bbox 930 1705 978 1744; x_wconf 92' lang='lat' dir='ltr'><strong>c.</strong></span> <span class='ocrx_word' id='word_1_120' title='bbox 1013 1690 1104 1754; x_wconf 80' lang='grc'><strong>45,</strong></span> <span class='ocrx_word' id='word_1_121' title='bbox 1159 1689 1432 1758; x_wconf 82' lang='lat' dir='ltr'><strong>posterius</strong></span> <span class='ocrx_word' id='word_1_122' title='bbox 1471 1685 1778 1752; x_wconf 84' lang='lat' dir='ltr'><strong>Strabonis,</strong></span> 
     </span>
    </p>
   </div>
   <div class='ocr_carea' id='block_1_18' title="bbox 192 1769 1776 1842">
    <p class='ocr_par' dir='ltr' id='par_1_18' title="bbox 192 1769 1776 1842">
     <span class='ocr_line' id='line_1_18' title="bbox 192 1769 1776 1842; baseline -0.003 -16"><span class='ocrx_word' id='word_1_123' title='bbox 192 1771 231 1826; x_wconf 90' lang='lat' dir='ltr'><strong>I.</strong></span> <span class='ocrx_word' id='word_1_124' title='bbox 279 1787 400 1834; x_wconf 76' lang='lat' dir='ltr'><strong>vni,</strong></span> <span class='ocrx_word' id='word_1_125' title='bbox 451 1789 504 1842; x_wconf 89' lang='lat' dir='ltr'><strong>p.</strong></span> <span class='ocrx_word' id='word_1_126' title='bbox 543 1774 648 1827; x_wconf 70' lang='grc'><strong>’574</strong></span> <span class='ocrx_word' id='word_1_127' title='bbox 690 1781 744 1826; x_wconf 88' lang='lat' dir='ltr'><strong>et</strong></span> <span class='ocrx_word' id='word_1_128' title='bbox 795 1773 1073 1827; x_wconf 68' lang='lat' dir='ltr'><strong>qusania:</strong></span> <span class='ocrx_word' id='word_1_129' title='bbox 1105 1773 1141 1827; x_wconf 92' lang='lat' dir='ltr'><strong>l.</strong></span> <span class='ocrx_word' id='word_1_130' title='bbox 1180 1788 1240 1838; x_wconf 97' lang='grc' dir='ltr'><strong>ιι,</strong></span> <span class='ocrx_word' id='word_1_131' title='bbox 1298 1788 1350 1826; x_wconf 91' lang='lat' dir='ltr'><strong>c.</strong></span> <span class='ocrx_word' id='word_1_132' title='bbox 1385 1771 1475 1826; x_wconf 68' lang='grc'>54.</span> <span class='ocrx_word' id='word_1_133' title='bbox 1506 1769 1776 1842; x_wconf 78' lang='lat' dir='ltr'><strong>Oppidum</strong></span> 
     </span>
    </p>
   </div>
   <div class='ocr_carea' id='block_1_19' title="bbox 192 1854 1262 1911">
    <p class='ocr_par' dir='ltr' id='par_1_19' title="bbox 192 1854 1262 1911">
     <span class='ocr_line' id='line_1_19' title="bbox 192 1854 1262 1911; baseline 0.001 -3"><span class='ocrx_word' id='word_1_134' title='bbox 192 1867 312 1909; x_wconf 81' lang='lat' dir='ltr'><strong>erat</strong></span> <span class='ocrx_word' id='word_1_135' title='bbox 342 1857 606 1909; x_wconf 85' lang='lat' dir='ltr'><strong>inunitum</strong></span> <span class='ocrx_word' id='word_1_136' title='bbox 634 1859 684 1910; x_wconf 90' lang='lat' dir='ltr'><strong>in</strong></span> <span class='ocrx_word' id='word_1_137' title='bbox 719 1857 920 1911; x_wconf 79' lang='lat' dir='ltr'><strong>ISlhmO</strong></span> <span class='ocrx_word' id='word_1_138' title='bbox 954 1854 1262 1911; x_wconf 71' lang='lat' dir='ltr'><strong>Troezenio.</strong></span> 
     </span>
    </p>
   </div>
   <div class='ocr_carea' id='block_1_20' title="bbox 267 1935 1777 2013">
    <p class='ocr_par' dir='ltr' id='par_1_20' title="bbox 267 1935 1777 2013">
     <span class='ocr_line' id='line_1_20' title="bbox 267 1935 1777 2013; baseline 0.001 -22"><span class='ocrx_word' id='word_1_139' title='bbox 267 1939 405 1996; x_wconf 90' lang='lat' dir='ltr'><strong>Ibid.</strong></span> <span class='ocrx_word' id='word_1_140' title='bbox 452 1939 727 2009; x_wconf 62' lang='grc' dir='ltr'><strong>Τρυζέια.</strong></span> <span class='ocrx_word' id='word_1_141' title='bbox 779 1939 890 1995; x_wconf 90' lang='lat' dir='ltr'><strong>lmo</strong></span> <span class='ocrx_word' id='word_1_142' title='bbox 958 1941 1215 2013; x_wconf 77' lang='grc' dir='ltr'>Τροιζὴν,</span> <span class='ocrx_word' id='word_1_143' title='bbox 1263 1949 1355 1994; x_wconf 86' lang='lat' dir='ltr'><strong>aut</strong></span> <span class='ocrx_word' id='word_1_144' title='bbox 1410 1935 1684 2011; x_wconf 75' lang='grc' dir='ltr'><strong>Τροιζήνη</strong></span> <span class='ocrx_word' id='word_1_145' title='bbox 1712 1952 1777 1992; x_wconf 72' lang='lat' dir='ltr'><strong>ex</strong></span> 
     </span>
    </p>
   </div>
   <div class='ocr_carea' id='block_1_21' title="bbox 193 2023 1181 2086">
    <p class='ocr_par' dir='ltr' id='par_1_21' title="bbox 193 2023 1181 2086">
     <span class='ocr_line' id='line_1_21' title="bbox 193 2023 1181 2086; baseline 0.003 -9"><span class='ocrx_word' id='word_1_146' title='bbox 193 2023 508 2086; x_wconf 78' lang='lat' dir='ltr'><strong>Ptolemaeo,</strong></span> <span class='ocrx_word' id='word_1_147' title='bbox 544 2025 647 2080; x_wconf 89' lang='lat' dir='ltr'><strong>nisi</strong></span> <span class='ocrx_word' id='word_1_148' title='bbox 681 2033 736 2080; x_wconf 82' lang='lat' dir='ltr'><strong>ct</strong></span> <span class='ocrx_word' id='word_1_149' title='bbox 768 2025 820 2080; x_wconf 97' lang='lat' dir='ltr'><strong>id</strong></span> <span class='ocrx_word' id='word_1_150' title='bbox 851 2025 904 2079; x_wconf 92' lang='lat' dir='ltr'><strong>in</strong></span> <span class='ocrx_word' id='word_1_151' title='bbox 937 2026 1065 2078; x_wconf 75' lang='lat' dir='ltr'><strong>vitio</strong></span> <span class='ocrx_word' id='word_1_152' title='bbox 1091 2027 1181 2080; x_wconf 87' lang='lat' dir='ltr'><strong>sit.</strong></span> 
     </span>
    </p>
   </div>
   <div class='ocr_carea' id='block_1_22' title="bbox 269 2108 1782 2179">
    <p class='ocr_par' dir='ltr' id='par_1_22' title="bbox 269 2108 1782 2179">
     <span class='ocr_line' id='line_1_22' title="bbox 269 2108 1782 2179; baseline 0.002 -19"><span class='ocrx_word' id='word_1_153' title='bbox 269 2108 404 2162; x_wconf 83' lang='lat' dir='ltr'><strong>Ibid.</strong></span> <span class='ocrx_word' id='word_1_154' title='bbox 452 2111 742 2176; x_wconf 67' lang='grc' dir='ltr'><strong>Πὶνιαιερα.</strong></span> <span class='ocrx_word' id='word_1_155' title='bbox 797 2109 906 2163; x_wconf 89' lang='lat' dir='ltr'><strong>lloc</strong></span> <span class='ocrx_word' id='word_1_156' title='bbox 957 2119 1048 2163; x_wconf 84' lang='lat' dir='ltr'><strong>aut</strong></span> <span class='ocrx_word' id='word_1_157' title='bbox 1107 2108 1354 2179; x_wconf 73' lang='grc' dir='ltr'>Πίναυρα</span> <span class='ocrx_word' id='word_1_158' title='bbox 1408 2121 1538 2162; x_wconf 90' lang='lat' dir='ltr'><strong>mss.</strong></span> <span class='ocrx_word' id='word_1_159' title='bbox 1592 2109 1782 2178; x_wconf 70' lang='lat' dir='ltr'><strong>prurie-</strong></span> 
     </span>
    </p>
   </div>
   <div class='ocr_carea' id='block_1_23' title="bbox 193 2189 1780 2264">
    <p class='ocr_par' dir='ltr' id='par_1_23' title="bbox 193 2189 1780 2264">
     <span class='ocr_line' id='line_1_23' title="bbox 193 2189 1780 2264; baseline 0 -18"><span class='ocrx_word' id='word_1_160' title='bbox 193 2191 572 2246; x_wconf 78' lang='lat' dir='ltr'><strong>runt.\ierum</strong></span> <span class='ocrx_word' id='word_1_161' title='bbox 622 2204 704 2247; x_wconf 90' lang='lat' dir='ltr'><strong>cst</strong></span> <span class='ocrx_word' id='word_1_162' title='bbox 751 2193 1096 2264; x_wconf 65' lang='grc' dir='ltr'><strong>Ἐπίδαυρος,</strong></span> <span class='ocrx_word' id='word_1_163' title='bbox 1153 2192 1300 2247; x_wconf 85' lang='lat' dir='ltr'><strong>cultu</strong></span> <span class='ocrx_word' id='word_1_164' title='bbox 1359 2190 1658 2262; x_wconf 63' lang='lat' dir='ltr'><strong>Esculapii</strong></span> <span class='ocrx_word' id='word_1_165' title='bbox 1699 2189 1780 2246; x_wconf 83' lang='lat' dir='ltr'><strong>la-</strong></span> 
     </span>
    </p>
   </div>
   <div class='ocr_carea' id='block_1_24' title="bbox 194 2274 941 2332">
    <p class='ocr_par' dir='ltr' id='par_1_24' title="bbox 194 2274 941 2332">
     <span class='ocr_line' id='line_1_24' title="bbox 194 2274 941 2332; baseline -0.001 -1"><span class='ocrx_word' id='word_1_166' title='bbox 194 2290 349 2331; x_wconf 82' lang='lat' dir='ltr'><strong>mosa</strong></span> <span class='ocrx_word' id='word_1_167' title='bbox 381 2288 436 2331; x_wconf 86' lang='lat' dir='ltr'><strong>et</strong></span> <span class='ocrx_word' id='word_1_168' title='bbox 469 2274 714 2332; x_wconf 83' lang='lat' dir='ltr'><strong>Trorzeni</strong></span> <span class='ocrx_word' id='word_1_169' title='bbox 749 2278 941 2331; x_wconf 71' lang='lat' dir='ltr'><strong>Vicina.</strong></span> 
     </span>
    </p>
   </div>
   <div class='ocr_carea' id='block_1_25' title="bbox 266 2359 1778 2433">
    <p class='ocr_par' dir='ltr' id='par_1_25' title="bbox 266 2359 1778 2433">
     <span class='ocr_line' id='line_1_25' title="bbox 266 2359 1778 2433; baseline 0.003 -23"><span class='ocrx_word' id='word_1_170' title='bbox 266 2359 407 2416; x_wconf 84' lang='lat' dir='ltr'><strong>Ibid.</strong></span> <span class='ocrx_word' id='word_1_171' title='bbox 482 2359 622 2428; x_wconf 77' lang='grc' dir='ltr'><strong>Ἱερὰ</strong></span> <span class='ocrx_word' id='word_1_172' title='bbox 680 2363 862 2430; x_wconf 74' lang='grc' dir='ltr'><strong>μόνη.</strong></span> <span class='ocrx_word' id='word_1_173' title='bbox 905 2359 1190 2431; x_wconf 69' lang='grc' dir='ltr'><strong>Ἑρμιόνη,</strong></span> <span class='ocrx_word' id='word_1_174' title='bbox 1239 2376 1358 2430; x_wconf 76' lang='lat' dir='ltr'><strong>quze</strong></span> <span class='ocrx_word' id='word_1_175' title='bbox 1407 2369 1459 2416; x_wconf 89' lang='lat' dir='ltr'><strong>el</strong></span> <span class='ocrx_word' id='word_1_176' title='bbox 1520 2360 1778 2433; x_wconf 82' lang='grc' dir='ltr'><strong>Ἑρμιών,</strong></span> 
     </span>
    </p>
   </div>
   <div class='ocr_carea' id='block_1_26' title="bbox 193 2444 1784 2516">
    <p class='ocr_par' dir='ltr' id='par_1_26' title="bbox 193 2444 1784 2516">
     <span class='ocr_line' id='line_1_26' title="bbox 193 2444 1784 2516; baseline -0.001 -17"><span class='ocrx_word' id='word_1_177' title='bbox 193 2453 250 2499; x_wconf 86' lang='grc' dir='ltr'><strong>ιιι</strong></span> <span class='ocrx_word' id='word_1_178' title='bbox 282 2447 420 2499; x_wconf 88' lang='lat' dir='ltr'><strong>bene</strong></span> <span class='ocrx_word' id='word_1_179' title='bbox 447 2445 498 2499; x_wconf 91' lang='lat' dir='ltr'><strong>in</strong></span> <span class='ocrx_word' id='word_1_180' title='bbox 533 2445 803 2514; x_wconf 77' lang='lat' dir='ltr'><strong>Stephano</strong></span> <span class='ocrx_word' id='word_1_181' title='bbox 841 2446 942 2500; x_wconf 70' lang='lat' dir='ltr'><strong>viri</strong></span> <span class='ocrx_word' id='word_1_182' title='bbox 977 2445 1118 2499; x_wconf 90' lang='lat' dir='ltr'><strong>docti</strong></span> <span class='ocrx_word' id='word_1_183' title='bbox 1151 2446 1507 2498; x_wconf 75' lang='lat' dir='ltr'><strong>relinxerunt.</strong></span> <span class='ocrx_word' id='word_1_184' title='bbox 1571 2444 1784 2516; x_wconf 85' lang='lat' dir='ltr'><strong>Euripi-</strong></span> 
     </span>
    </p>
   </div>
   <div class='ocr_carea' id='block_1_27' title="bbox 191 2527 1781 2599">
    <p class='ocr_par' dir='ltr' id='par_1_27' title="bbox 191 2527 1781 2599">
     <span class='ocr_line' id='line_1_27' title="bbox 191 2527 1781 2599; baseline 0.001 -18"><span class='ocrx_word' id='word_1_185' title='bbox 191 2532 290 2584; x_wconf 82' lang='lat' dir='ltr'><strong>des</strong></span> <span class='ocrx_word' id='word_1_186' title='bbox 351 2529 508 2583; x_wconf 83' lang='lat' dir='ltr'><strong>Ilcrc.</strong></span> <span class='ocrx_word' id='word_1_187' title='bbox 549 2527 673 2584; x_wconf 83' lang='lat' dir='ltr'><strong>For.</strong></span> <span class='ocrx_word' id='word_1_188' title='bbox 725 2529 829 2584; x_wconf 78' lang='grc'><strong>615</strong></span> <span class='ocrx_word' id='word_1_189' title='bbox 879 2546 890 2580; x_wconf 86' lang='lat'>:</span> <span class='ocrx_word' id='word_1_190' title='bbox 944 2528 1176 2590; x_wconf 79' lang='grc' dir='ltr'><strong>Χθονίας</strong></span> <span class='ocrx_word' id='word_1_191' title='bbox 1211 2545 1292 2581; x_wconf 85' lang='grc' dir='ltr'>νιν</span> <span class='ocrx_word' id='word_1_192' title='bbox 1327 2527 1487 2592; x_wconf 67' lang='grc' dir='ltr'>ἄλσος</span> <span class='ocrx_word' id='word_1_193' title='bbox 1543 2527 1781 2599; x_wconf 75' lang='grc' dir='ltr'>Ἑρμιών</span> 
     </span>
    </p>
   </div>
   <div class='ocr_carea' id='block_1_28' title="bbox 191 2612 1779 2684">
    <p class='ocr_par' dir='ltr' id='par_1_28' title="bbox 191 2612 1779 2684">
     <span class='ocr_line' id='line_1_28' title="bbox 191 2612 1779 2684; baseline 0.001 -20"><span class='ocrx_word' id='word_1_194' title='bbox 191 2615 239 2664; x_wconf 83' lang='grc' dir='ltr'><strong>τ’</strong></span> <span class='ocrx_word' id='word_1_195' title='bbox 267 2612 387 2682; x_wconf 77' lang='grc' dir='ltr'><strong>ἔχει</strong></span> <span class='ocrx_word' id='word_1_196' title='bbox 423 2612 594 2674; x_wconf 70' lang='grc' dir='ltr'><strong>πόλις.</strong></span> <span class='ocrx_word' id='word_1_197' title='bbox 643 2613 947 2684; x_wconf 72' lang='lat' dir='ltr'><strong>IIe~ycbius</strong></span> <span class='ocrx_word' id='word_1_198' title='bbox 972 2613 1048 2667; x_wconf 84' lang='lat' dir='ltr'><strong>ait</strong></span> <span class='ocrx_word' id='word_1_199' title='bbox 1091 2627 1212 2666; x_wconf 89' lang='lat' dir='ltr'><strong>esse</strong></span> <span class='ocrx_word' id='word_1_200' title='bbox 1258 2612 1412 2664; x_wconf 76' lang='grc' dir='ltr'>πόλιν</span> <span class='ocrx_word' id='word_1_201' title='bbox 1456 2613 1514 2664; x_wconf 83' lang='grc' dir='ltr'>ἐν</span> <span class='ocrx_word' id='word_1_202' title='bbox 1563 2613 1779 2683; x_wconf 81' lang='grc' dir='ltr'><strong>Ἀργει,</strong></span> 
     </span>
    </p>
   </div>
   <div class='ocr_carea' id='block_1_29' title="bbox 193 2696 1783 2768">
    <p class='ocr_par' dir='ltr' id='par_1_29' title="bbox 193 2696 1783 2768">
     <span class='ocr_line' id='line_1_29' title="bbox 193 2696 1783 2768; baseline 0.002 -17"><span class='ocrx_word' id='word_1_203' title='bbox 193 2713 296 2767; x_wconf 90' lang='lat' dir='ltr'><strong>pro</strong></span> <span class='ocrx_word' id='word_1_204' title='bbox 343 2698 564 2768; x_wconf 67' lang='grc' dir='ltr'><strong>Ἀργείᾳ</strong></span> <span class='ocrx_word' id='word_1_205' title='bbox 592 2701 702 2750; x_wconf 71' lang='lat' dir='ltr'><strong>site</strong></span> <span class='ocrx_word' id='word_1_206' title='bbox 731 2701 766 2749; x_wconf 77' lang='grc' dir='ltr'>Λ</span> <span class='ocrx_word' id='word_1_207' title='bbox 780 2697 998 2765; x_wconf 65' lang='grc' dir='ltr'>ιευιιάο,</span> <span class='ocrx_word' id='word_1_208' title='bbox 1027 2696 1174 2766; x_wconf 89' lang='lat' dir='ltr'><strong>quod</strong></span> <span class='ocrx_word' id='word_1_209' title='bbox 1221 2696 1391 2766; x_wconf 89' lang='lat' dir='ltr'><strong>ipsum</strong></span> <span class='ocrx_word' id='word_1_210' title='bbox 1431 2697 1495 2751; x_wconf 88' lang='lat' dir='ltr'><strong>de</strong></span> <span class='ocrx_word' id='word_1_211' title='bbox 1521 2697 1783 2754; x_wconf 67' lang='lat' dir='ltr'><strong>Troezene</strong></span> 
     </span>
    </p>
   </div>
   <div class='ocr_carea' id='block_1_30' title="bbox 191 2781 1783 2852">
    <p class='ocr_par' dir='ltr' id='par_1_30' title="bbox 191 2781 1783 2852">
     <span class='ocr_line' id='line_1_30' title="bbox 191 2781 1783 2852; baseline 0.001 -16"><span class='ocrx_word' id='word_1_212' title='bbox 191 2783 479 2852; x_wconf 85' lang='lat' dir='ltr'><strong>Epidauro</strong></span> <span class='ocrx_word' id='word_1_213' title='bbox 519 2795 681 2852; x_wconf 86' lang='lat' dir='ltr'><strong>atque</strong></span> <span class='ocrx_word' id='word_1_214' title='bbox 738 2782 904 2852; x_wconf 73' lang='lat' dir='ltr'><strong>Alope</strong></span> <span class='ocrx_word' id='word_1_215' title='bbox 960 2781 1147 2838; x_wconf 88' lang='lat' dir='ltr'><strong>itidem</strong></span> <span class='ocrx_word' id='word_1_216' title='bbox 1200 2783 1475 2852; x_wconf 77' lang='lat' dir='ltr'><strong>przedicat.</strong></span> <span class='ocrx_word' id='word_1_217' title='bbox 1525 2784 1783 2838; x_wconf 79' lang='lat' dir='ltr'><strong>Colebant</strong></span> 
     </span>
    </p>
   </div>
   <div class='ocr_carea' id='block_1_31' title="bbox 193 2865 1783 2936">
    <p class='ocr_par' dir='ltr' id='par_1_31' title="bbox 193 2865 1783 2936">
     <span class='ocr_line' id='line_1_31' title="bbox 193 2865 1783 2936; baseline 0.003 -18"><span class='ocrx_word' id='word_1_218' title='bbox 193 2866 628 2923; x_wconf 80' lang='lat' dir='ltr'><strong>Ilermionenses</strong></span> <span class='ocrx_word' id='word_1_219' title='bbox 657 2867 929 2936; x_wconf 82' lang='lat' dir='ltr'><strong>praecipuo</strong></span> <span class='ocrx_word' id='word_1_220' title='bbox 1001 2867 1224 2922; x_wconf 81' lang='lat' dir='ltr'><strong>honore.</strong></span> <span class='ocrx_word' id='word_1_221' title='bbox 1287 2866 1537 2920; x_wconf 78' lang='lat' dir='ltr'><strong>Cererem</strong></span> <span class='ocrx_word' id='word_1_222' title='bbox 1580 2865 1783 2922; x_wconf 78' lang='lat' dir='ltr'><strong>Clnho-</strong></span> 
     </span>
    </p>
   </div>
   <div class='ocr_carea' id='block_1_32' title="bbox 189 2948 1782 3021">
    <p class='ocr_par' dir='ltr' id='par_1_32' title="bbox 189 2948 1782 3021">
     <span class='ocr_line' id='line_1_32' title="bbox 189 2948 1782 3021; baseline -0.001 -15"><span class='ocrx_word' id='word_1_223' title='bbox 189 2952 368 3018; x_wconf 87' lang='lat' dir='ltr'><strong>niam,</strong></span> <span class='ocrx_word' id='word_1_224' title='bbox 409 2951 553 3020; x_wconf 90' lang='lat' dir='ltr'><strong>quod</strong></span> <span class='ocrx_word' id='word_1_225' title='bbox 604 2958 798 3021; x_wconf 75' lang='lat' dir='ltr'><strong>praeter</strong></span> <span class='ocrx_word' id='word_1_226' title='bbox 845 2948 1174 3005; x_wconf 76' lang='lat' dir='ltr'><strong>Pausaniam</strong></span> <span class='ocrx_word' id='word_1_227' title='bbox 1219 2948 1548 3004; x_wconf 77' lang='lat' dir='ltr'><strong>Corinthiac.</strong></span> <span class='ocrx_word' id='word_1_228' title='bbox 1603 2966 1652 3006; x_wconf 92' lang='lat' dir='ltr'><strong>c.</strong></span> <span class='ocrx_word' id='word_1_229' title='bbox 1715 2951 1782 3005; x_wconf 80' lang='lat'><strong>55</strong></span> 
     </span>
    </p>
   </div>
   <div class='ocr_carea' id='block_1_33' title="bbox 188 3033 1777 3106">
    <p class='ocr_par' dir='ltr' id='par_1_33' title="bbox 188 3033 1777 3106">
     <span class='ocr_line' id='line_1_33' title="bbox 188 3033 1777 3106; baseline 0 -17"><span class='ocrx_word' id='word_1_230' title='bbox 188 3037 476 3106; x_wconf 75' lang='lat' dir='ltr'><strong>egregium</strong></span> <span class='ocrx_word' id='word_1_231' title='bbox 545 3051 646 3090; x_wconf 89' lang='lat' dir='ltr'><strong>nos</strong></span> <span class='ocrx_word' id='word_1_232' title='bbox 716 3048 957 3089; x_wconf 83' lang='lat' dir='ltr'><strong>marmor</strong></span> <span class='ocrx_word' id='word_1_233' title='bbox 1013 3033 1171 3088; x_wconf 86' lang='lat' dir='ltr'><strong>docet</strong></span> <span class='ocrx_word' id='word_1_234' title='bbox 1245 3034 1492 3104; x_wconf 87' lang='lat' dir='ltr'><strong>Inscript.</strong></span> <span class='ocrx_word' id='word_1_235' title='bbox 1552 3034 1777 3089; x_wconf 85' lang='lat' dir='ltr'><strong>Donian.</strong></span> 
     </span>
    </p>
   </div>
   <div class='ocr_carea' id='block_1_34' title="bbox 187 3116 1782 3188">
    <p class='ocr_par' dir='ltr' id='par_1_34' title="bbox 187 3116 1782 3188">
     <span class='ocr_line' id='line_1_34' title="bbox 187 3116 1782 3188; baseline -0.001 -15"><span class='ocrx_word' id='word_1_236' title='bbox 187 3119 258 3174; x_wconf 88' lang='lat' dir='ltr'><strong>cl.</strong></span> <span class='ocrx_word' id='word_1_237' title='bbox 298 3135 376 3186; x_wconf 82' lang='lat' dir='ltr'><strong>tv,</strong></span> <span class='ocrx_word' id='word_1_238' title='bbox 407 3119 471 3185; x_wconf 86' lang='lat'><strong>9;</strong></span> <span class='ocrx_word' id='word_1_239' title='bbox 501 3121 552 3173; x_wconf 91' lang='lat' dir='ltr'><strong>in</strong></span> <span class='ocrx_word' id='word_1_240' title='bbox 579 3133 688 3188; x_wconf 88' lang='lat' dir='ltr'><strong>quo</strong></span> <span class='ocrx_word' id='word_1_241' title='bbox 723 3120 821 3174; x_wconf 86' lang='lat' dir='ltr'><strong>etsi</strong></span> <span class='ocrx_word' id='word_1_242' title='bbox 853 3132 994 3172; x_wconf 91' lang='lat' dir='ltr'><strong>nunc</strong></span> <span class='ocrx_word' id='word_1_243' title='bbox 1024 3116 1188 3172; x_wconf 86' lang='lat' dir='ltr'><strong>Ceres</strong></span> <span class='ocrx_word' id='word_1_244' title='bbox 1216 3133 1247 3172; x_wconf 87' lang='lat' dir='ltr'><strong>a</strong></span> <span class='ocrx_word' id='word_1_245' title='bbox 1277 3118 1546 3173; x_wconf 84' lang='lat' dir='ltr'><strong>Cbthouia</strong></span> <span class='ocrx_word' id='word_1_246' title='bbox 1591 3118 1782 3174; x_wconf 86' lang='lat' dir='ltr'><strong>distin-</strong></span> 
     </span>
    </p>
   </div>
   <div class='ocr_carea' id='block_1_35' title="bbox 185 3202 1785 3276">
    <p class='ocr_par' dir='ltr' id='par_1_35' title="bbox 185 3202 1785 3276">
     <span class='ocr_line' id='line_1_35' title="bbox 185 3202 1785 3276; baseline 0 -16"><span class='ocrx_word' id='word_1_247' title='bbox 185 3217 418 3276; x_wconf 81' lang='lat' dir='ltr'><strong>guatur,</strong></span> <span class='ocrx_word' id='word_1_248' title='bbox 447 3205 678 3259; x_wconf 76' lang='lat' dir='ltr'><strong>dubitati</strong></span> <span class='ocrx_word' id='word_1_249' title='bbox 729 3219 833 3259; x_wconf 89' lang='lat' dir='ltr'><strong>non</strong></span> <span class='ocrx_word' id='word_1_250' title='bbox 865 3213 1044 3274; x_wconf 78' lang='lat' dir='ltr'><strong>potest</strong></span> <span class='ocrx_word' id='word_1_251' title='bbox 1066 3202 1196 3275; x_wconf 87' lang='lat' dir='ltr'><strong>quin</strong></span> <span class='ocrx_word' id='word_1_252' title='bbox 1232 3204 1662 3274; x_wconf 74' lang='lat' dir='ltr'><strong>exscriptoribus</strong></span> <span class='ocrx_word' id='word_1_253' title='bbox 1691 3220 1785 3260; x_wconf 86' lang='lat' dir='ltr'><strong>ac-</strong></span> 
     </span>
    </p>
   </div>
   <div class='ocr_carea' id='block_1_36' title="bbox 185 3287 1784 3359">
    <p class='ocr_par' dir='ltr' id='par_1_36' title="bbox 185 3287 1784 3359">
     <span class='ocr_line' id='line_1_36' title="bbox 185 3287 1784 3359; baseline -0.003 -13"><span class='ocrx_word' id='word_1_254' title='bbox 185 3300 414 3358; x_wconf 83' lang='lat' dir='ltr'><strong>ceptum</strong></span> <span class='ocrx_word' id='word_1_255' title='bbox 449 3290 498 3343; x_wconf 89' lang='lat' dir='ltr'><strong>id</strong></span> <span class='ocrx_word' id='word_1_256' title='bbox 527 3287 744 3353; x_wconf 81' lang='lat' dir='ltr'><strong>referri,</strong></span> <span class='ocrx_word' id='word_1_257' title='bbox 773 3298 828 3342; x_wconf 93' lang='lat' dir='ltr'><strong>ut</strong></span> <span class='ocrx_word' id='word_1_258' title='bbox 855 3289 1007 3359; x_wconf 88' lang='lat' dir='ltr'><strong>plura</strong></span> <span class='ocrx_word' id='word_1_259' title='bbox 1046 3288 1097 3342; x_wconf 92' lang='lat' dir='ltr'><strong>in</strong></span> <span class='ocrx_word' id='word_1_260' title='bbox 1130 3302 1194 3343; x_wconf 91' lang='lat' dir='ltr'><strong>eo</strong></span> <span class='ocrx_word' id='word_1_261' title='bbox 1227 3288 1422 3357; x_wconf 77' lang='lat' dir='ltr'><strong>lapide,</strong></span> <span class='ocrx_word' id='word_1_262' title='bbox 1451 3288 1657 3358; x_wconf 75' lang='lat' dir='ltr'><strong>legique</strong></span> <span class='ocrx_word' id='word_1_263' title='bbox 1681 3303 1784 3341; x_wconf 92' lang='lat' dir='ltr'><strong>non</strong></span> 
     </span>
    </p>
   </div>
   <div class='ocr_carea' id='block_1_37' title="bbox 186 3371 1781 3427">
    <p class='ocr_par' dir='ltr' id='par_1_37' title="bbox 186 3371 1781 3427">
     <span class='ocr_line' id='line_1_37' title="bbox 186 3371 1781 3427; baseline -0.001 -1"><span class='ocrx_word' id='word_1_264' title='bbox 186 3373 314 3426; x_wconf 77' lang='grc' dir='ltr'><strong>ΚΑΙ</strong></span> <span class='ocrx_word' id='word_1_265' title='bbox 361 3373 665 3426; x_wconf 75' lang='grc' dir='ltr'><strong>ΔΑΜΑΤΡΙ</strong></span> <span class='ocrx_word' id='word_1_266' title='bbox 718 3375 836 3427; x_wconf 73' lang='grc' dir='ltr'><strong>ΚΑΙ</strong></span> <span class='ocrx_word' id='word_1_267' title='bbox 887 3371 1168 3426; x_wconf 54' lang='grc' dir='ltr'><strong>’τελνὶΝιὲἷ</strong></span> <span class='ocrx_word' id='word_1_268' title='bbox 1212 3374 1306 3427; x_wconf 75' lang='lat' dir='ltr'><strong>sed</strong></span> <span class='ocrx_word' id='word_1_269' title='bbox 1340 3373 1450 3425; x_wconf 86' lang='lat' dir='ltr'><strong>TAI</strong></span> <span class='ocrx_word' id='word_1_270' title='bbox 1481 3373 1781 3425; x_wconf 80' lang='grc' dir='ltr'><strong>ΔΑΜΑΤΡΙ</strong></span> 
     </span>
    </p>
   </div>
   <div class='ocr_carea' id='block_1_38' title="bbox 185 3458 924 3530">
    <p class='ocr_par' dir='ltr' id='par_1_38' title="bbox 185 3458 924 3530">
     <span class='ocr_line' id='line_1_38' title="bbox 185 3458 924 3530; baseline -0.001 -18"><span class='ocrx_word' id='word_1_271' title='bbox 185 3458 304 3513; x_wconf 81' lang='lat' dir='ltr'><strong>TAI</strong></span> <span class='ocrx_word' id='word_1_272' title='bbox 344 3458 627 3512; x_wconf 77' lang='grc' dir='ltr'><strong>ΧΘΟΝΙΑΙ</strong></span> <span class='ocrx_word' id='word_1_273' title='bbox 658 3469 924 3530; x_wconf 81' lang='lat' dir='ltr'><strong>oporteat.</strong></span> 
     </span>
    </p>
   </div>
   <div class='ocr_carea' id='block_1_39' title="bbox 259 3541 1784 3612">
    <p class='ocr_par' dir='ltr' id='par_1_39' title="bbox 259 3541 1784 3612">
     <span class='ocr_line' id='line_1_39' title="bbox 259 3541 1784 3612; baseline -0.003 -14"><span class='ocrx_word' id='word_1_274' title='bbox 259 3544 406 3599; x_wconf 88' lang='lat' dir='ltr'><strong>Ibid.</strong></span> <span class='ocrx_word' id='word_1_275' title='bbox 436 3541 780 3612; x_wconf 83' lang='grc' dir='ltr'><strong>Θὰρπουσα.</strong></span> <span class='ocrx_word' id='word_1_276' title='bbox 812 3543 871 3598; x_wconf 90' lang='lat' dir='ltr'><strong>C.</strong></span> <span class='ocrx_word' id='word_1_277' title='bbox 895 3543 1208 3609; x_wconf 75' lang='grc' dir='ltr'>Θάλπουσα,</span> <span class='ocrx_word' id='word_1_278' title='bbox 1230 3541 1473 3598; x_wconf 61' lang='lat' dir='ltr'><strong>Arcadia:</strong></span> <span class='ocrx_word' id='word_1_279' title='bbox 1493 3543 1642 3606; x_wconf 81' lang='lat' dir='ltr'><strong>urbs,</strong></span> <span class='ocrx_word' id='word_1_280' title='bbox 1664 3541 1784 3595; x_wconf 83' lang='lat' dir='ltr'><strong>Ste-</strong></span> 
     </span>
    </p>
   </div>
   <div class='ocr_carea' id='block_1_40' title="bbox 184 3631 400 3700">
    <p class='ocr_par' dir='ltr' id='par_1_40' title="bbox 184 3631 400 3700">
     <span class='ocr_line' id='line_1_40' title="bbox 184 3631 400 3700; baseline -0.014 -15"><span class='ocrx_word' id='word_1_281' title='bbox 184 3631 400 3700; x_wconf 84' lang='lat' dir='ltr'><strong>pbano.</strong></span> 
     </span>
    </p>
   </div>
   <div class='ocr_carea' id='block_1_41' title="bbox 260 3711 1785 3782">
    <p class='ocr_par' dir='ltr' id='par_1_41' title="bbox 260 3711 1785 3782">
     <span class='ocr_line' id='line_1_41' title="bbox 260 3711 1785 3782; baseline -0.001 -16"><span class='ocrx_word' id='word_1_282' title='bbox 260 3713 407 3767; x_wconf 89' lang='lat' dir='ltr'><strong>Ibid.</strong></span> <span class='ocrx_word' id='word_1_283' title='bbox 467 3711 814 3766; x_wconf 77' lang='grc' dir='ltr'><strong>Μαντινεια.</strong></span> <span class='ocrx_word' id='word_1_284' title='bbox 843 3712 926 3766; x_wconf 84' lang='lat' dir='ltr'><strong>Ab</strong></span> <span class='ocrx_word' id='word_1_285' title='bbox 955 3711 1227 3781; x_wconf 82' lang='lat' dir='ltr'><strong>Antigono</strong></span> <span class='ocrx_word' id='word_1_286' title='bbox 1249 3711 1428 3782; x_wconf 79' lang='lat' dir='ltr'><strong>Argivi</strong></span> <span class='ocrx_word' id='word_1_287' title='bbox 1455 3712 1595 3766; x_wconf 87' lang='lat' dir='ltr'><strong>dono</strong></span> <span class='ocrx_word' id='word_1_288' title='bbox 1632 3724 1785 3766; x_wconf 85' lang='lat' dir='ltr'><strong>acce-</strong></span> 
     </span>
    </p>
   </div>
   <div class='ocr_carea' id='block_1_42' title="bbox 182 3796 1788 3872">
    <p class='ocr_par' dir='ltr' id='par_1_42' title="bbox 182 3796 1788 3872">
     <span class='ocr_line' id='line_1_42' title="bbox 182 3796 1788 3872; baseline -0.003 -16"><span class='ocrx_word' id='word_1_289' title='bbox 182 3812 340 3872; x_wconf 83' lang='lat' dir='ltr'><strong>ptam</strong></span> <span class='ocrx_word' id='word_1_290' title='bbox 381 3800 747 3868; x_wconf 73' lang='lat' dir='ltr'><strong>Antigoniam,</strong></span> <span class='ocrx_word' id='word_1_291' title='bbox 787 3815 894 3869; x_wconf 88' lang='lat' dir='ltr'><strong>quo</strong></span> <span class='ocrx_word' id='word_1_292' title='bbox 937 3799 1156 3852; x_wconf 88' lang='lat' dir='ltr'><strong>nomine</strong></span> <span class='ocrx_word' id='word_1_293' title='bbox 1187 3796 1476 3866; x_wconf 78' lang='lat' dir='ltr'><strong>Plutarchi</strong></span> <span class='ocrx_word' id='word_1_294' title='bbox 1515 3807 1691 3860; x_wconf 68' lang='lat' dir='ltr'><strong>actate,</strong></span> <span class='ocrx_word' id='word_1_295' title='bbox 1728 3808 1788 3851; x_wconf 91' lang='lat' dir='ltr'><strong>ut</strong></span> 
     </span>
    </p>
   </div>
   <div class='ocr_carea' id='block_1_43' title="bbox 189 3882 1786 3953">
    <p class='ocr_par' dir='ltr' id='par_1_43' title="bbox 189 3882 1786 3953">
     <span class='ocr_line' id='line_1_43' title="bbox 189 3882 1786 3953; baseline -0.004 -12"><span class='ocrx_word' id='word_1_296' title='bbox 189 3891 242 3941; x_wconf 88' lang='lat' dir='ltr'><strong>in</strong></span> <span class='ocrx_word' id='word_1_297' title='bbox 279 3886 460 3939; x_wconf 81' lang='lat' dir='ltr'><strong>Arato</strong></span> <span class='ocrx_word' id='word_1_298' title='bbox 491 3883 748 3953; x_wconf 85' lang='lat' dir='ltr'><strong>prodidit,</strong></span> <span class='ocrx_word' id='word_1_299' title='bbox 791 3900 842 3953; x_wconf 88' lang='lat' dir='ltr'><strong>p.</strong></span> <span class='ocrx_word' id='word_1_300' title='bbox 877 3882 1038 3948; x_wconf 66' lang='grc'>1048,</span> <span class='ocrx_word' id='word_1_301' title='bbox 1075 3893 1283 3937; x_wconf 88' lang='lat' dir='ltr'><strong>tantum</strong></span> <span class='ocrx_word' id='word_1_302' title='bbox 1346 3891 1468 3936; x_wconf 88' lang='lat' dir='ltr'><strong>nota</strong></span> <span class='ocrx_word' id='word_1_303' title='bbox 1523 3890 1658 3948; x_wconf 82' lang='lat' dir='ltr'><strong>erat,</strong></span> <span class='ocrx_word' id='word_1_304' title='bbox 1691 3897 1786 3935; x_wconf 73' lang='lat' dir='ltr'><strong>Va-</strong></span> 
     </span>
    </p>
   </div>
   <div class='ocr_carea' id='block_1_44' title="bbox 184 3963 1785 4025">
    <p class='ocr_par' dir='ltr' id='par_1_44' title="bbox 184 3963 1785 4025">
     <span class='ocr_line' id='line_1_44' title="bbox 184 3963 1785 4025; baseline -0.002 0"><span class='ocrx_word' id='word_1_305' title='bbox 184 3981 418 4025; x_wconf 83' lang='lat' dir='ltr'><strong>carunt.</strong></span> <span class='ocrx_word' id='word_1_306' title='bbox 457 3965 754 4022; x_wconf 89' lang='lat' dir='ltr'><strong>Pristinum</strong></span> <span class='ocrx_word' id='word_1_307' title='bbox 800 3983 997 4022; x_wconf 88' lang='lat' dir='ltr'><strong>nomen</strong></span> <span class='ocrx_word' id='word_1_308' title='bbox 1031 3965 1298 4021; x_wconf 77' lang='lat' dir='ltr'><strong>beneficio</strong></span> <span class='ocrx_word' id='word_1_309' title='bbox 1345 3963 1605 4020; x_wconf 82' lang='lat' dir='ltr'><strong>Hadriani</strong></span> <span class='ocrx_word' id='word_1_310' title='bbox 1648 3967 1785 4022; x_wconf 73' lang='lat' dir='ltr'><strong>reci-</strong></span> 
     </span>
    </p>
   </div>
   <div class='ocr_carea' id='block_1_45' title="bbox 183 4051 1432 4126">
    <p class='ocr_par' dir='ltr' id='par_1_45' title="bbox 183 4051 1432 4126">
     <span class='ocr_line' id='line_1_45' title="bbox 183 4051 1432 4126; baseline -0.006 -15"><span class='ocrx_word' id='word_1_311' title='bbox 183 4055 431 4126; x_wconf 79' lang='lat' dir='ltr'><strong>pcravit,</strong></span> <span class='ocrx_word' id='word_1_312' title='bbox 473 4051 743 4108; x_wconf 72' lang='lat' dir='ltr'><strong>Pausania</strong></span> <span class='ocrx_word' id='word_1_313' title='bbox 775 4052 1022 4105; x_wconf 71' lang='lat' dir='ltr'><strong>Arcadio.</strong></span> <span class='ocrx_word' id='word_1_314' title='bbox 1063 4065 1112 4106; x_wconf 89' lang='lat' dir='ltr'><strong>c.</strong></span> <span class='ocrx_word' id='word_1_315' title='bbox 1145 4066 1244 4106; x_wconf 80' lang='lat' dir='ltr'><strong>vni</strong></span> <span class='ocrx_word' id='word_1_316' title='bbox 1276 4060 1432 4106; x_wconf 89' lang='lat' dir='ltr'><strong>teste.</strong></span> 
     </span>
    </p>
   </div>
   <div class='ocr_carea' id='block_1_46' title="bbox 261 4135 1783 4208">
    <p class='ocr_par' dir='ltr' id='par_1_46' title="bbox 261 4135 1783 4208">
     <span class='ocr_line' id='line_1_46' title="bbox 261 4135 1783 4208; baseline -0.004 -13"><span class='ocrx_word' id='word_1_317' title='bbox 261 4140 408 4195; x_wconf 71' lang='lat' dir='ltr'><strong>Ibid.</strong></span> <span class='ocrx_word' id='word_1_318' title='bbox 468 4138 815 4206; x_wconf 80' lang='grc' dir='ltr'><strong>Γερένθραι.</strong></span> <span class='ocrx_word' id='word_1_319' title='bbox 870 4136 1068 4189; x_wconf 75' lang='lat' dir='ltr'><strong>Verum</strong></span> <span class='ocrx_word' id='word_1_320' title='bbox 1110 4149 1309 4189; x_wconf 89' lang='lat' dir='ltr'><strong>nomen</strong></span> <span class='ocrx_word' id='word_1_321' title='bbox 1345 4143 1427 4188; x_wconf 76' lang='lat' dir='ltr'><strong>est</strong></span> <span class='ocrx_word' id='word_1_322' title='bbox 1461 4135 1783 4208; x_wconf 73' lang='grc' dir='ltr'>Γεράνθραι,</span> 
     </span>
    </p>
   </div>
   <div class='ocr_carea' id='block_1_47' title="bbox 187 4218 1783 4295">
    <p class='ocr_par' dir='ltr' id='par_1_47' title="bbox 187 4218 1783 4295">
     <span class='ocr_line' id='line_1_47' title="bbox 187 4218 1783 4295; baseline -0.003 -16"><span class='ocrx_word' id='word_1_323' title='bbox 187 4236 248 4281; x_wconf 83' lang='grc' dir='ltr'><strong>ιιι</strong></span> <span class='ocrx_word' id='word_1_324' title='bbox 307 4223 634 4295; x_wconf 86' lang='lat' dir='ltr'><strong>Sylburgius</strong></span> <span class='ocrx_word' id='word_1_325' title='bbox 688 4222 756 4277; x_wconf 87' lang='lat' dir='ltr'><strong>ad</strong></span> <span class='ocrx_word' id='word_1_326' title='bbox 801 4225 1036 4280; x_wconf 85' lang='lat' dir='ltr'><strong>Pausau.</strong></span> <span class='ocrx_word' id='word_1_327' title='bbox 1074 4218 1274 4272; x_wconf 81' lang='lat' dir='ltr'><strong>Lacon.</strong></span> <span class='ocrx_word' id='word_1_328' title='bbox 1327 4232 1375 4274; x_wconf 92' lang='lat' dir='ltr'><strong>c.</strong></span> <span class='ocrx_word' id='word_1_329' title='bbox 1426 4235 1535 4274; x_wconf 72' lang='lat' dir='ltr'><strong>xxx:</strong></span> <span class='ocrx_word' id='word_1_330' title='bbox 1583 4221 1783 4278; x_wconf 82' lang='lat' dir='ltr'><strong>docuit.</strong></span> 
     </span>
    </p>
   </div>
   <div class='ocr_carea' id='block_1_48' title="bbox 185 4305 1215 4382">
    <p class='ocr_par' dir='ltr' id='par_1_48' title="bbox 185 4305 1215 4382">
     <span class='ocr_line' id='line_1_48' title="bbox 185 4305 1215 4382; baseline -0.006 -18"><span class='ocrx_word' id='word_1_331' title='bbox 185 4308 470 4382; x_wconf 86' lang='lat' dir='ltr'><strong>Oppidum</strong></span> <span class='ocrx_word' id='word_1_332' title='bbox 498 4315 615 4362; x_wconf 86' lang='lat' dir='ltr'><strong>erat</strong></span> <span class='ocrx_word' id='word_1_333' title='bbox 649 4305 1215 4360; x_wconf 81' lang='lat' dir='ltr'><strong>Eleutherolacouum.</strong></span> 
     </span>
    </p>
   </div>
   <div class='ocr_carea' id='block_1_49' title="bbox 260 4385 1788 4462">
    <p class='ocr_par' dir='ltr' id='par_1_49' title="bbox 260 4385 1788 4462">
     <span class='ocr_line' id='line_1_49' title="bbox 260 4385 1788 4462; baseline -0.005 -14"><span class='ocrx_word' id='word_1_334' title='bbox 260 4395 408 4448; x_wconf 88' lang='lat' dir='ltr'><strong>Ibid.</strong></span> <span class='ocrx_word' id='word_1_335' title='bbox 449 4393 656 4461; x_wconf 77' lang='grc' dir='ltr'><strong>Φαραί.</strong></span> <span class='ocrx_word' id='word_1_336' title='bbox 704 4389 935 4446; x_wconf 85' lang='lat' dir='ltr'><strong>Carolus</strong></span> <span class='ocrx_word' id='word_1_337' title='bbox 965 4404 994 4443; x_wconf 85' lang='lat' dir='ltr'><strong>a</strong></span> <span class='ocrx_word' id='word_1_338' title='bbox 1037 4387 1096 4444; x_wconf 90' lang='lat' dir='ltr'><strong>S.</strong></span> <span class='ocrx_word' id='word_1_339' title='bbox 1133 4385 1300 4445; x_wconf 87' lang='lat' dir='ltr'><strong>Paulo</strong></span> <span class='ocrx_word' id='word_1_340' title='bbox 1326 4390 1586 4462; x_wconf 72' lang='grc' dir='ltr'>Φεραῖοι</span> <span class='ocrx_word' id='word_1_341' title='bbox 1612 4389 1788 4446; x_wconf 69' lang='lat' dir='ltr'><strong>Ptole-</strong></span> 
     </span>
    </p>
   </div>
   <div class='ocr_carea' id='block_1_50' title="bbox 185 4475 1786 4548">
    <p class='ocr_par' dir='ltr' id='par_1_50' title="bbox 185 4475 1786 4548">
     <span class='ocr_line' id='line_1_50' title="bbox 185 4475 1786 4548; baseline -0.004 -13"><span class='ocrx_word' id='word_1_342' title='bbox 185 4493 334 4536; x_wconf 73' lang='lat' dir='ltr'><strong>inaeo</strong></span> <span class='ocrx_word' id='word_1_343' title='bbox 366 4478 622 4548; x_wconf 84' lang='lat' dir='ltr'><strong>corrigit;</strong></span> <span class='ocrx_word' id='word_1_344' title='bbox 655 4492 762 4547; x_wconf 88' lang='lat' dir='ltr'><strong>quo</strong></span> <span class='ocrx_word' id='word_1_345' title='bbox 793 4475 952 4532; x_wconf 81' lang='lat' dir='ltr'><strong>facile</strong></span> <span class='ocrx_word' id='word_1_346' title='bbox 978 4475 1304 4541; x_wconf 87' lang='lat' dir='ltr'><strong>carebimus,</strong></span> <span class='ocrx_word' id='word_1_347' title='bbox 1332 4476 1633 4547; x_wconf 72' lang='lat' dir='ltr'><strong>praeSertim</strong></span> <span class='ocrx_word' id='word_1_348' title='bbox 1666 4493 1786 4531; x_wconf 86' lang='lat' dir='ltr'><strong>cum</strong></span> 
     </span>
    </p>
   </div>
   <div class='ocr_carea' id='block_1_51' title="bbox 187 4558 1788 4630">
    <p class='ocr_par' dir='ltr' id='par_1_51' title="bbox 187 4558 1788 4630">
     <span class='ocr_line' id='line_1_51' title="bbox 187 4558 1788 4630; baseline -0.002 -13"><span class='ocrx_word' id='word_1_349' title='bbox 187 4567 330 4620; x_wconf 74' lang='lat' dir='ltr'><strong>vitio</strong></span> <span class='ocrx_word' id='word_1_350' title='bbox 362 4578 472 4618; x_wconf 88' lang='lat' dir='ltr'><strong>non</strong></span> <span class='ocrx_word' id='word_1_351' title='bbox 506 4563 574 4617; x_wconf 88' lang='lat' dir='ltr'><strong>sit</strong></span> <span class='ocrx_word' id='word_1_352' title='bbox 605 4562 834 4618; x_wconf 89' lang='lat' dir='ltr'><strong>liberum</strong></span> <span class='ocrx_word' id='word_1_353' title='bbox 875 4575 890 4613; x_wconf 87' lang='lat'><strong>:</strong></span> <span class='ocrx_word' id='word_1_354' title='bbox 926 4561 1104 4630; x_wconf 80' lang='grc' dir='ltr'><strong>Φηραι</strong></span> <span class='ocrx_word' id='word_1_355' title='bbox 1141 4558 1310 4627; x_wconf 90' lang='lat' dir='ltr'><strong>enim,</strong></span> <span class='ocrx_word' id='word_1_356' title='bbox 1357 4561 1500 4630; x_wconf 91' lang='lat' dir='ltr'><strong>quod</strong></span> <span class='ocrx_word' id='word_1_357' title='bbox 1549 4563 1686 4616; x_wconf 86' lang='lat' dir='ltr'><strong>idem</strong></span> <span class='ocrx_word' id='word_1_358' title='bbox 1727 4577 1788 4614; x_wconf 89' lang='lat' dir='ltr'><strong>ac</strong></span> 
     </span>
    </p>
   </div>
   <div class='ocr_carea' id='block_1_52' title="bbox 183 4643 1786 4721">
    <p class='ocr_par' dir='ltr' id='par_1_52' title="bbox 183 4643 1786 4721">
     <span class='ocr_line' id='line_1_52' title="bbox 183 4643 1786 4721; baseline -0.002 -19"><span class='ocrx_word' id='word_1_359' title='bbox 183 4651 395 4721; x_wconf 77' lang='grc' dir='ltr'><strong>Φαραί,</strong></span> <span class='ocrx_word' id='word_1_360' title='bbox 432 4656 771 4718; x_wconf 81' lang='lat' dir='ltr'><strong>oportuerat,</strong></span> <span class='ocrx_word' id='word_1_361' title='bbox 804 4657 861 4700; x_wconf 91' lang='lat' dir='ltr'><strong>ut</strong></span> <span class='ocrx_word' id='word_1_362' title='bbox 890 4644 1056 4700; x_wconf 89' lang='lat' dir='ltr'><strong>Henr.</strong></span> <span class='ocrx_word' id='word_1_363' title='bbox 1093 4643 1336 4699; x_wconf 76' lang='lat' dir='ltr'><strong>Valesius</strong></span> <span class='ocrx_word' id='word_1_364' title='bbox 1367 4646 1418 4699; x_wconf 90' lang='lat' dir='ltr'><strong>in</strong></span> <span class='ocrx_word' id='word_1_365' title='bbox 1452 4643 1660 4716; x_wconf 81' lang='lat' dir='ltr'><strong>Polybii</strong></span> <span class='ocrx_word' id='word_1_366' title='bbox 1695 4660 1786 4698; x_wconf 73' lang='lat' dir='ltr'><strong>ex-</strong></span> 
     </span>
    </p>
   </div>
   <div class='ocr_carea' id='block_1_53' title="bbox 182 4729 1640 4803">
    <p class='ocr_par' dir='ltr' id='par_1_53' title="bbox 182 4729 1640 4803">
     <span class='ocr_line' id='line_1_53' title="bbox 182 4729 1640 4803; baseline -0.002 -16"><span class='ocrx_word' id='word_1_367' title='bbox 182 4744 361 4803; x_wconf 74' lang='lat' dir='ltr'><strong>t‘erpl.</strong></span> <span class='ocrx_word' id='word_1_368' title='bbox 398 4751 452 4799; x_wconf 90' lang='lat' dir='ltr'><strong>p.</strong></span> <span class='ocrx_word' id='word_1_369' title='bbox 492 4732 558 4785; x_wconf 73' lang='lat' dir='ltr'><strong>IS</strong></span> <span class='ocrx_word' id='word_1_370' title='bbox 594 4732 853 4786; x_wconf 86' lang='lat' dir='ltr'><strong>ostendit.</strong></span> <span class='ocrx_word' id='word_1_371' title='bbox 898 4729 1038 4785; x_wconf 86' lang='lat' dir='ltr'><strong>Urbs</strong></span> <span class='ocrx_word' id='word_1_372' title='bbox 1075 4737 1194 4783; x_wconf 76' lang='lat' dir='ltr'><strong>erat</strong></span> <span class='ocrx_word' id='word_1_373' title='bbox 1226 4730 1336 4799; x_wconf 83' lang='lat' dir='ltr'><strong>agri</strong></span> <span class='ocrx_word' id='word_1_374' title='bbox 1368 4729 1640 4785; x_wconf 80' lang='lat' dir='ltr'><strong>Messenii.</strong></span> 
     </span>
    </p>
   </div>
   <div class='ocr_carea' id='block_1_54' title="bbox 260 4815 1784 4886">
    <p class='ocr_par' dir='ltr' id='par_1_54' title="bbox 260 4815 1784 4886">
     <span class='ocr_line' id='line_1_54' title="bbox 260 4815 1784 4886; baseline -0.007 -7"><span class='ocrx_word' id='word_1_375' title='bbox 260 4822 408 4878; x_wconf 86' lang='lat' dir='ltr'><strong>Ibid.</strong></span> <span class='ocrx_word' id='word_1_376' title='bbox 467 4817 822 4883; x_wconf 72' lang='grc' dir='ltr'><strong>Ἀσώπολις.</strong></span> <span class='ocrx_word' id='word_1_377' title='bbox 861 4815 1160 4872; x_wconf 83' lang='lat' dir='ltr'><strong>Couﬂatum</strong></span> <span class='ocrx_word' id='word_1_378' title='bbox 1202 4819 1301 4870; x_wconf 89' lang='lat' dir='ltr'><strong>hoc</strong></span> <span class='ocrx_word' id='word_1_379' title='bbox 1335 4829 1586 4886; x_wconf 78' lang='lat' dir='ltr'><strong>perverse</strong></span> <span class='ocrx_word' id='word_1_380' title='bbox 1616 4826 1696 4870; x_wconf 90' lang='lat' dir='ltr'><strong>est</strong></span> <span class='ocrx_word' id='word_1_381' title='bbox 1721 4833 1784 4868; x_wconf 77' lang='lat' dir='ltr'><strong>ex</strong></span> 
     </span>
    </p>
   </div>
   <div class='ocr_carea' id='block_1_55' title="bbox 194 4898 1787 4969">
    <p class='ocr_par' dir='ltr' id='par_1_55' title="bbox 194 4898 1787 4969">
     <span class='ocr_line' id='line_1_55' title="bbox 194 4898 1787 4969; baseline -0.007 -6"><span class='ocrx_word' id='word_1_382' title='bbox 194 4905 458 4966; x_wconf 60' lang='grc' dir='ltr'><strong>Ἀσωπδς</strong></span> <span class='ocrx_word' id='word_1_383' title='bbox 503 4902 692 4969; x_wconf 75' lang='grc' dir='ltr'><strong>πόλις,</strong></span> <span class='ocrx_word' id='word_1_384' title='bbox 750 4914 808 4956; x_wconf 87' lang='grc' dir='ltr'><strong>ιιι</strong></span> <span class='ocrx_word' id='word_1_385' title='bbox 855 4916 921 4956; x_wconf 77' lang='lat' dir='ltr'><strong>ex</strong></span> <span class='ocrx_word' id='word_1_386' title='bbox 971 4898 1264 4954; x_wconf 66' lang='lat' dir='ltr'><strong>Ptolemaeo</strong></span> <span class='ocrx_word' id='word_1_387' title='bbox 1312 4900 1349 4953; x_wconf 94' lang='lat' dir='ltr'><strong>l.</strong></span> <span class='ocrx_word' id='word_1_388' title='bbox 1406 4916 1493 4966; x_wconf 87' lang='grc' dir='ltr'>ιιι,</span> <span class='ocrx_word' id='word_1_389' title='bbox 1531 4916 1580 4955; x_wconf 90' lang='lat' dir='ltr'><strong>c.</strong></span> <span class='ocrx_word' id='word_1_390' title='bbox 1622 4902 1688 4955; x_wconf 81' lang='lat' dir='ltr'><strong>Io‘</strong></span> <span class='ocrx_word' id='word_1_391' title='bbox 1733 4911 1787 4954; x_wconf 90' lang='lat' dir='ltr'><strong>et</strong></span> 
     </span>
    </p>
   </div>
   <div class='ocr_carea' id='block_1_56' title="bbox 184 4983 1784 5054">
    <p class='ocr_par' dir='ltr' id='par_1_56' title="bbox 184 4983 1784 5054">
     <span class='ocr_line' id='line_1_56' title="bbox 184 4983 1784 5054; baseline -0.006 -6"><span class='ocrx_word' id='word_1_392' title='bbox 184 4991 470 5049; x_wconf 82' lang='lat' dir='ltr'><strong>Pausania</strong></span> <span class='ocrx_word' id='word_1_393' title='bbox 517 4985 714 5042; x_wconf 81' lang='lat' dir='ltr'><strong>Lacon.</strong></span> <span class='ocrx_word' id='word_1_394' title='bbox 753 5005 800 5042; x_wconf 88' lang='lat' dir='ltr'><strong>c.</strong></span> <span class='ocrx_word' id='word_1_395' title='bbox 850 4986 922 5040; x_wconf 86' lang='grc'><strong>22</strong></span> <span class='ocrx_word' id='word_1_396' title='bbox 964 4993 1304 5054; x_wconf 86' lang='lat' dir='ltr'><strong>compertum</strong></span> <span class='ocrx_word' id='word_1_397' title='bbox 1342 4985 1622 5040; x_wconf 88' lang='lat' dir='ltr'><strong>habemus.</strong></span> <span class='ocrx_word' id='word_1_398' title='bbox 1682 4983 1784 5039; x_wconf 75' lang='lat' dir='ltr'><strong>Ve-</strong></span> 
     </span>
    </p>
   </div>
   <div class='ocr_carea' id='block_1_57' title="bbox 183 5070 1782 5142">
    <p class='ocr_par' dir='ltr' id='par_1_57' title="bbox 183 5070 1782 5142">
     <span class='ocr_line' id='line_1_57' title="bbox 183 5070 1782 5142; baseline -0.008 -7"><span class='ocrx_word' id='word_1_399' title='bbox 183 5081 305 5134; x_wconf 91' lang='lat' dir='ltr'><strong>rius</strong></span> <span class='ocrx_word' id='word_1_400' title='bbox 338 5079 405 5130; x_wconf 87' lang='lat' dir='ltr'><strong>ad</strong></span> <span class='ocrx_word' id='word_1_401' title='bbox 445 5077 584 5128; x_wconf 88' lang='lat' dir='ltr'><strong>hanc</strong></span> <span class='ocrx_word' id='word_1_402' title='bbox 617 5074 805 5128; x_wconf 88' lang='lat' dir='ltr'><strong>urbem</strong></span> <span class='ocrx_word' id='word_1_403' title='bbox 837 5087 1004 5142; x_wconf 87' lang='lat' dir='ltr'><strong>quam</strong></span> <span class='ocrx_word' id='word_1_404' title='bbox 1043 5072 1108 5124; x_wconf 85' lang='lat' dir='ltr'><strong>ad</strong></span> <span class='ocrx_word' id='word_1_405' title='bbox 1153 5070 1516 5138; x_wconf 80' lang='lat' dir='ltr'><strong>A50pitidem,</strong></span> <span class='ocrx_word' id='word_1_406' title='bbox 1553 5070 1666 5141; x_wconf 86' lang='lat' dir='ltr'><strong>agri</strong></span> <span class='ocrx_word' id='word_1_407' title='bbox 1697 5072 1782 5126; x_wconf 86' lang='lat' dir='ltr'><strong>Si-</strong></span> 
     </span>
    </p>
   </div>
   <div class='ocr_carea' id='block_1_58' title="bbox 183 5155 1782 5236">
    <p class='ocr_par' dir='ltr' id='par_1_58' title="bbox 183 5155 1782 5236">
     <span class='ocr_line' id='line_1_58' title="bbox 183 5155 1782 5236; baseline -0.008 -17"><span class='ocrx_word' id='word_1_408' title='bbox 183 5162 380 5236; x_wconf 73' lang='lat' dir='ltr'><strong>cyonii</strong></span> <span class='ocrx_word' id='word_1_409' title='bbox 429 5169 661 5228; x_wconf 86' lang='lat' dir='ltr'><strong>partem,</strong></span> <span class='ocrx_word' id='word_1_410' title='bbox 701 5159 1021 5229; x_wconf 85' lang='lat' dir='ltr'><strong>elegantem-</strong></span> <span class='ocrx_word' id='word_1_411' title='bbox 1050 5171 1080 5211; x_wconf 91' lang='lat' dir='ltr'><strong>e</strong></span> <span class='ocrx_word' id='word_1_412' title='bbox 1108 5155 1272 5211; x_wconf 87' lang='lat' dir='ltr'><strong>Thes.</strong></span> <span class='ocrx_word' id='word_1_413' title='bbox 1309 5155 1516 5209; x_wconf 85' lang='lat' dir='ltr'><strong>Britan.</strong></span> <span class='ocrx_word' id='word_1_414' title='bbox 1551 5165 1680 5211; x_wconf 93' lang='lat' dir='ltr'><strong>tom.</strong></span> <span class='ocrx_word' id='word_1_415' title='bbox 1720 5155 1782 5220; x_wconf 92' lang='lat' dir='ltr'><strong>Il,</strong></span> 
     </span>
    </p>
   </div>
   <div class='ocr_carea' id='block_1_59' title="bbox 183 5239 1785 5319">
    <p class='ocr_par' dir='ltr' id='par_1_59' title="bbox 183 5239 1785 5319">
     <span class='ocr_line' id='line_1_59' title="bbox 183 5239 1785 5319; baseline -0.006 -15"><span class='ocrx_word' id='word_1_416' title='bbox 183 5269 237 5319; x_wconf 85' lang='lat' dir='ltr'><strong>p.</strong></span> <span class='ocrx_word' id='word_1_417' title='bbox 302 5246 417 5302; x_wconf 66' lang='lat'><strong>247</strong></span> <span class='ocrx_word' id='word_1_418' title='bbox 490 5261 712 5300; x_wconf 88' lang='lat' dir='ltr'><strong>numum</strong></span> <span class='ocrx_word' id='word_1_419' title='bbox 767 5243 1043 5308; x_wconf 85' lang='lat' dir='ltr'><strong>retuleris,</strong></span> <span class='ocrx_word' id='word_1_420' title='bbox 1095 5241 1147 5295; x_wconf 92' lang='lat' dir='ltr'><strong>iu</strong></span> <span class='ocrx_word' id='word_1_421' title='bbox 1208 5240 1363 5311; x_wconf 86' lang='lat' dir='ltr'><strong>cujus</strong></span> <span class='ocrx_word' id='word_1_422' title='bbox 1413 5239 1581 5296; x_wconf 85' lang='lat' dir='ltr'><strong>altera</strong></span> <span class='ocrx_word' id='word_1_423' title='bbox 1634 5256 1785 5311; x_wconf 81' lang='lat' dir='ltr'><strong>parte</strong></span> 
     </span>
    </p>
   </div>
   <div class='ocr_carea' id='block_1_60' title="bbox 181 5324 1784 5389">
    <p class='ocr_par' dir='ltr' id='par_1_60' title="bbox 181 5324 1784 5389">
     <span class='ocr_line' id='line_1_60' title="bbox 181 5324 1784 5389; baseline -0.003 -3"><span class='ocrx_word' id='word_1_424' title='bbox 181 5333 500 5388; x_wconf 78' lang='grc' dir='ltr'><strong>ΦΟΥΛΒΙΛ</strong></span> <span class='ocrx_word' id='word_1_425' title='bbox 566 5329 991 5384; x_wconf 77' lang='grc' dir='ltr'><strong>ΠΛΑῘἼΊΛΛΛ.</strong></span> <span class='ocrx_word' id='word_1_426' title='bbox 1041 5324 1244 5389; x_wconf 70' lang='grc'><strong>6116..</strong></span> <span class='ocrx_word' id='word_1_427' title='bbox 1314 5327 1482 5380; x_wconf 82' lang='lat' dir='ltr'><strong>altera</strong></span> <span class='ocrx_word' id='word_1_428' title='bbox 1541 5325 1784 5381; x_wconf 83' lang='lat' dir='ltr'><strong>Nemesis</strong></span> 
     </span>
    </p>
   </div>
   <div class='ocr_carea' id='block_1_61' title="bbox 182 5409 1783 5487">
    <p class='ocr_par' dir='ltr' id='par_1_61' title="bbox 182 5409 1783 5487">
     <span class='ocr_line' id='line_1_61' title="bbox 182 5409 1783 5487; baseline -0.004 -15"><span class='ocrx_word' id='word_1_429' title='bbox 182 5428 325 5474; x_wconf 71' lang='lat' dir='ltr'><strong>rotae</strong></span> <span class='ocrx_word' id='word_1_430' title='bbox 365 5417 554 5487; x_wconf 86' lang='lat' dir='ltr'><strong>pedem</strong></span> <span class='ocrx_word' id='word_1_431' title='bbox 592 5415 895 5484; x_wconf 88' lang='lat' dir='ltr'><strong>imponens,</strong></span> <span class='ocrx_word' id='word_1_432' title='bbox 947 5413 1132 5469; x_wconf 89' lang='lat' dir='ltr'><strong>addito</strong></span> <span class='ocrx_word' id='word_1_433' title='bbox 1164 5409 1556 5465; x_wconf 82' lang='grc' dir='ltr'><strong>ΔΣΩΠΕιΤΩΝ</strong></span> <span class='ocrx_word' id='word_1_434' title='bbox 1583 5425 1783 5481; x_wconf 82' lang='lat' dir='ltr'><strong>cegno-</strong></span> 
     </span>
    </p>
   </div>
   <div class='ocr_carea' id='block_1_62' title="bbox 182 5499 746 5570">
    <p class='ocr_par' dir='ltr' id='par_1_62' title="bbox 182 5499 746 5570">
     <span class='ocr_line' id='line_1_62' title="bbox 182 5499 746 5570; baseline -0.011 -12"><span class='ocrx_word' id='word_1_435' title='bbox 182 5504 364 5563; x_wconf 86' lang='lat' dir='ltr'><strong>mine.</strong></span> <span class='ocrx_word' id='word_1_436' title='bbox 392 5499 746 5570; x_wconf 89' lang='lat' dir='ltr'><strong>conspicitur.</strong></span> 
     </span>
    </p>
   </div>
   <div class='ocr_carea' id='block_1_63' title="bbox 258 5578 1780 5654">
    <p class='ocr_par' dir='ltr' id='par_1_63' title="bbox 258 5578 1780 5654">
     <span class='ocr_line' id='line_1_63' title="bbox 258 5578 1780 5654; baseline -0.003 -14"><span class='ocrx_word' id='word_1_437' title='bbox 258 5587 402 5640; x_wconf 78' lang='lat' dir='ltr'><strong>Ibi&#39;il.</strong></span> <span class='ocrx_word' id='word_1_438' title='bbox 455 5584 706 5653; x_wconf 78' lang='grc' dir='ltr'><strong>Ἀκρεαί.</strong></span> <span class='ocrx_word' id='word_1_439' title='bbox 746 5585 961 5654; x_wconf 83' lang='grc' dir='ltr'>Ἀκριαὶ</span> <span class='ocrx_word' id='word_1_440' title='bbox 993 5590 1259 5654; x_wconf 70' lang='lat' dir='ltr'><strong>prrestant</strong></span> <span class='ocrx_word' id='word_1_441' title='bbox 1286 5596 1350 5636; x_wconf 74' lang='lat' dir='ltr'><strong>ex</strong></span> <span class='ocrx_word' id='word_1_442' title='bbox 1387 5578 1613 5650; x_wconf 79' lang='lat' dir='ltr'><strong>Polybio</strong></span> <span class='ocrx_word' id='word_1_443' title='bbox 1634 5595 1684 5644; x_wconf 69' lang='grc' dir='ltr'>ι’,</span> <span class='ocrx_word' id='word_1_444' title='bbox 1716 5581 1780 5636; x_wconf 87' lang='lat' dir='ltr'><strong>I9</strong></span> 
     </span>
    </p>
   </div>
   <div class='ocr_carea' id='block_1_64' title="bbox 180 5668 1777 5736">
    <p class='ocr_par' dir='ltr' id='par_1_64' title="bbox 180 5668 1777 5736">
     <span class='ocr_line' id='line_1_64' title="bbox 180 5668 1777 5736; baseline -0.003 -10"><span class='ocrx_word' id='word_1_445' title='bbox 180 5683 236 5726; x_wconf 81' lang='lat' dir='ltr'><strong>et</strong></span> <span class='ocrx_word' id='word_1_446' title='bbox 272 5670 548 5726; x_wconf 76' lang='lat' dir='ltr'><strong>Pausania</strong></span> <span class='ocrx_word' id='word_1_447' title='bbox 593 5670 792 5729; x_wconf 80' lang='lat' dir='ltr'><strong>Lacon.</strong></span> <span class='ocrx_word' id='word_1_448' title='bbox 847 5687 981 5735; x_wconf 76' lang='lat' dir='ltr'><strong>xxii,</strong></span> <span class='ocrx_word' id='word_1_449' title='bbox 1019 5671 1088 5723; x_wconf 80' lang='lat'><strong>60</strong></span> <span class='ocrx_word' id='word_1_450' title='bbox 1134 5669 1327 5724; x_wconf 85' lang='lat' dir='ltr'><strong>stadiis</strong></span> <span class='ocrx_word' id='word_1_451' title='bbox 1371 5668 1553 5736; x_wconf 84' lang='lat' dir='ltr'><strong>Asopo</strong></span> <span class='ocrx_word' id='word_1_452' title='bbox 1600 5681 1777 5722; x_wconf 74' lang='lat' dir='ltr'><strong>semo~</strong></span> 
     </span>
    </p>
   </div>
   <div class='ocr_carea' id='block_1_65' title="bbox 180 5753 1778 5828">
    <p class='ocr_par' dir='ltr' id='par_1_65' title="bbox 180 5753 1778 5828">
     <span class='ocr_line' id='line_1_65' title="bbox 180 5753 1778 5828; baseline -0.001 -20"><span class='ocrx_word' id='word_1_453' title='bbox 180 5767 373 5813; x_wconf 75' lang='lat' dir='ltr'><strong>vente.</strong></span> <span class='ocrx_word' id='word_1_454' title='bbox 407 5755 696 5812; x_wconf 63' lang='lat' dir='ltr'><strong>Ptolemaeo</strong></span> <span class='ocrx_word' id='word_1_455' title='bbox 732 5757 982 5828; x_wconf 77' lang='grc' dir='ltr'><strong>Ἀκρεια,</strong></span> <span class='ocrx_word' id='word_1_456' title='bbox 1041 5753 1294 5810; x_wconf 87' lang='lat' dir='ltr'><strong>Straboni</strong></span> <span class='ocrx_word' id='word_1_457' title='bbox 1339 5753 1596 5823; x_wconf 68' lang='lat' dir='ltr'><strong>‘Axpaiat,</strong></span> <span class='ocrx_word' id='word_1_458' title='bbox 1637 5753 1778 5807; x_wconf 89' lang='lat' dir='ltr'><strong>haud</strong></span> 
     </span>
    </p>
   </div>
   <div class='ocr_carea' id='block_1_66' title="bbox 180 5843 518 5900">
    <p class='ocr_par' dir='ltr' id='par_1_66' title="bbox 180 5843 518 5900">
     <span class='ocr_line' id='line_1_66' title="bbox 180 5843 518 5900; baseline -0.009 0"><span class='ocrx_word' id='word_1_459' title='bbox 180 5857 327 5900; x_wconf 81' lang='lat' dir='ltr'><strong>sane</strong></span> <span class='ocrx_word' id='word_1_460' title='bbox 361 5843 518 5898; x_wconf 83' lang='lat' dir='ltr'><strong>bene.</strong></span> 
     </span>
    </p>
   </div>
   <div class='ocr_carea' id='block_1_67' title="bbox 1003 309 2554 377">
    <p class='ocr_par' dir='ltr' id='par_1_67' title="bbox 1003 309 2554 377">
     <span class='ocr_line' id='line_1_67' title="bbox 1003 309 2554 377; baseline 0 -1"><span class='ocrx_word' id='word_1_461' title='bbox 1003 313 1392 377; x_wconf 76' lang='lat' dir='ltr'><strong>COMMENT.</strong></span> <span class='ocrx_word' id='word_1_462' title='bbox 1438 312 1517 374; x_wconf 74' lang='lat' dir='ltr'><strong>IN</strong></span> <span class='ocrx_word' id='word_1_463' title='bbox 1561 309 1974 374; x_wconf 77' lang='lat' dir='ltr'><strong>HIEIIOCLIS</strong></span> <span class='ocrx_word' id='word_1_464' title='bbox 2014 313 2554 376; x_wconf 73' lang='lat' dir='ltr'><strong>SYNECDEMUM.</strong></span> 
     </span>
    </p>
   </div>
   <div class='ocr_carea' id='block_1_68' title="bbox 3299 309 3439 376">
    <p class='ocr_par' dir='ltr' id='par_1_68' title="bbox 3299 309 3439 376">
     <span class='ocr_line' id='line_1_68' title="bbox 3299 309 3439 376; baseline -0.021 0"><span class='ocrx_word' id='word_1_465' title='bbox 3299 309 3439 376; x_wconf 66' lang='grc'>1094</span> 
     </span>
    </p>
   </div>
   <div class='ocr_carea' id='block_1_69' title="bbox 1950 424 3456 496">
    <p class='ocr_par' dir='ltr' id='par_1_69' title="bbox 1950 424 3456 496">
     <span class='ocr_line' id='line_1_69' title="bbox 1950 424 3456 496; baseline 0.001 -18"><span class='ocrx_word' id='word_1_466' title='bbox 1950 424 2083 479; x_wconf 85' lang='lat' dir='ltr'><strong>Ibid.</strong></span> <span class='ocrx_word' id='word_1_467' title='bbox 2115 424 2386 481; x_wconf 77' lang='grc' dir='ltr'><strong>Φιάλαια.</strong></span> <span class='ocrx_word' id='word_1_468' title='bbox 2424 425 2648 479; x_wconf 71' lang='grc' dir='ltr'><strong>Φιάλεια</strong></span> <span class='ocrx_word' id='word_1_469' title='bbox 2684 431 2888 479; x_wconf 86' lang='lat' dir='ltr'><strong>rectum</strong></span> <span class='ocrx_word' id='word_1_470' title='bbox 2931 431 3035 488; x_wconf 89' lang='lat' dir='ltr'><strong>est,</strong></span> <span class='ocrx_word' id='word_1_471' title='bbox 3085 437 3194 496; x_wconf 81' lang='lat' dir='ltr'><strong>quo</strong></span> <span class='ocrx_word' id='word_1_472' title='bbox 3232 427 3456 481; x_wconf 81' lang='lat' dir='ltr'><strong>nomine</strong></span> 
     </span>
    </p>
   </div>
   <div class='ocr_carea' id='block_1_70' title="bbox 1878 507 3452 578">
    <p class='ocr_par' dir='ltr' id='par_1_70' title="bbox 1878 507 3452 578">
     <span class='ocr_line' id='line_1_70' title="bbox 1878 507 3452 578; baseline 0.001 -17"><span class='ocrx_word' id='word_1_473' title='bbox 1878 507 2123 563; x_wconf 73' lang='lat' dir='ltr'><strong>Arcadiae</strong></span> <span class='ocrx_word' id='word_1_474' title='bbox 2155 509 2410 578; x_wconf 75' lang='lat' dir='ltr'><strong>Oppidum</strong></span> <span class='ocrx_word' id='word_1_475' title='bbox 2450 508 2574 576; x_wconf 79' lang='lat' dir='ltr'><strong>fuit,</strong></span> <span class='ocrx_word' id='word_1_476' title='bbox 2611 509 2737 564; x_wconf 92' lang='lat' dir='ltr'><strong>olim</strong></span> <span class='ocrx_word' id='word_1_477' title='bbox 2776 507 3043 576; x_wconf 79' lang='grc' dir='ltr'><strong>-Φιγάλεια</strong></span> <span class='ocrx_word' id='word_1_478' title='bbox 3083 509 3305 564; x_wconf 86' lang='lat' dir='ltr'><strong>dictum.</strong></span> <span class='ocrx_word' id='word_1_479' title='bbox 3344 509 3452 565; x_wconf 86' lang='lat' dir='ltr'><strong>Co-</strong></span> 
     </span>
    </p>
   </div>
   <div class='ocr_carea' id='block_1_71' title="bbox 1876 589 3452 662">
    <p class='ocr_par' dir='ltr' id='par_1_71' title="bbox 1876 589 3452 662">
     <span class='ocr_line' id='line_1_71' title="bbox 1876 589 3452 662; baseline 0 -18"><span class='ocrx_word' id='word_1_480' title='bbox 1876 589 2090 646; x_wconf 87' lang='lat' dir='ltr'><strong>lebatur</strong></span> <span class='ocrx_word' id='word_1_481' title='bbox 2131 591 2203 646; x_wconf 86' lang='lat' dir='ltr'><strong>ibi</strong></span> <span class='ocrx_word' id='word_1_482' title='bbox 2261 590 2524 655; x_wconf 76' lang='lat' dir='ltr'><strong>Bacchus,</strong></span> <span class='ocrx_word' id='word_1_483' title='bbox 2569 600 2628 645; x_wconf 91' lang='lat' dir='ltr'><strong>ut</strong></span> <span class='ocrx_word' id='word_1_484' title='bbox 2675 606 2738 645; x_wconf 79' lang='lat' dir='ltr'><strong>ex</strong></span> <span class='ocrx_word' id='word_1_485' title='bbox 2777 590 3010 646; x_wconf 90' lang='lat' dir='ltr'><strong>Diodoro</strong></span> <span class='ocrx_word' id='word_1_486' title='bbox 3057 591 3091 646; x_wconf 93' lang='lat' dir='ltr'><strong>I.</strong></span> <span class='ocrx_word' id='word_1_487' title='bbox 3141 607 3230 658; x_wconf 77' lang='lat' dir='ltr'><strong>xv,</strong></span> <span class='ocrx_word' id='word_1_488' title='bbox 3263 607 3316 662; x_wconf 91' lang='lat' dir='ltr'><strong>p.</strong></span> <span class='ocrx_word' id='word_1_489' title='bbox 3347 593 3452 648; x_wconf 74' lang='lat'><strong>557</strong></span> 
     </span>
    </p>
   </div>
   <div class='ocr_carea' id='block_1_72' title="bbox 1877 673 3453 748">
    <p class='ocr_par' dir='ltr' id='par_1_72' title="bbox 1877 673 3453 748">
     <span class='ocr_line' id='line_1_72' title="bbox 1877 673 3453 748; baseline 0.001 -22"><span class='ocrx_word' id='word_1_490' title='bbox 1877 675 2094 742; x_wconf 79' lang='lat' dir='ltr'><strong>videas;</strong></span> <span class='ocrx_word' id='word_1_491' title='bbox 2128 676 2267 730; x_wconf 90' lang='lat' dir='ltr'><strong>unde</strong></span> <span class='ocrx_word' id='word_1_492' title='bbox 2296 675 2639 746; x_wconf 76' lang='lat' dir='ltr'><strong>Lympbroni</strong></span> <span class='ocrx_word' id='word_1_493' title='bbox 2671 674 2826 729; x_wconf 67' lang='lat' dir='ltr'><strong>Alex.</strong></span> <span class='ocrx_word' id='word_1_494' title='bbox 2854 673 2960 729; x_wconf 82' lang='grc'>212</span> <span class='ocrx_word' id='word_1_495' title='bbox 2989 675 3201 742; x_wconf 74' lang='grc' dir='ltr'><strong>δαίμων</strong></span> <span class='ocrx_word' id='word_1_496' title='bbox 3223 676 3453 748; x_wconf 74' lang='grc' dir='ltr'><strong>ἐνόρχης</strong></span> 
     </span>
    </p>
   </div>
   <div class='ocr_carea' id='block_1_73' title="bbox 1877 758 3454 832">
    <p class='ocr_par' dir='ltr' id='par_1_73' title="bbox 1877 758 3454 832">
     <span class='ocr_line' id='line_1_73' title="bbox 1877 758 3454 832; baseline 0.004 -22"><span class='ocrx_word' id='word_1_497' title='bbox 1877 759 2144 826; x_wconf 74' lang='grc' dir='ltr'><strong>Φιγαλεὺς</strong></span> <span class='ocrx_word' id='word_1_498' title='bbox 2181 760 2557 832; x_wconf 76' lang='grc' dir='ltr'><strong>φαυστήριος.</strong></span> <span class='ocrx_word' id='word_1_499' title='bbox 2628 758 2823 820; x_wconf 66' lang='lat' dir='ltr'><strong>lucolm,</strong></span> <span class='ocrx_word' id='word_1_500' title='bbox 2867 759 3170 815; x_wconf 80' lang='grc' dir='ltr'><strong>ΦΙΑΛΕΩΝ</strong></span> <span class='ocrx_word' id='word_1_501' title='bbox 3233 763 3454 816; x_wconf 84' lang='lat' dir='ltr'><strong>nomine</strong></span> 
     </span>
    </p>
   </div>
   <div class='ocr_carea' id='block_1_74' title="bbox 1880 839 3168 913">
    <p class='ocr_par' dir='ltr' id='par_1_74' title="bbox 1880 839 3168 913">
     <span class='ocr_line' id='line_1_74' title="bbox 1880 839 3168 913; baseline 0.002 -19"><span class='ocrx_word' id='word_1_502' title='bbox 1880 839 1934 894; x_wconf 91' lang='lat' dir='ltr'><strong>in</strong></span> <span class='ocrx_word' id='word_1_503' title='bbox 1964 844 2139 897; x_wconf 89' lang='lat' dir='ltr'><strong>numis</strong></span> <span class='ocrx_word' id='word_1_504' title='bbox 2174 841 2358 896; x_wconf 76' lang='lat' dir='ltr'><strong>Severi</strong></span> <span class='ocrx_word' id='word_1_505' title='bbox 2392 855 2446 896; x_wconf 88' lang='lat' dir='ltr'><strong>et</strong></span> <span class='ocrx_word' id='word_1_506' title='bbox 2483 843 2710 896; x_wconf 88' lang='lat' dir='ltr'><strong>aliorum</strong></span> <span class='ocrx_word' id='word_1_507' title='bbox 2746 843 2987 913; x_wconf 87' lang='lat' dir='ltr'><strong>insignes</strong></span> <span class='ocrx_word' id='word_1_508' title='bbox 3013 853 3168 897; x_wconf 76' lang='lat' dir='ltr'><strong>sunt;</strong></span> 
     </span>
    </p>
   </div>
   <div class='ocr_carea' id='block_1_75' title="bbox 1939 924 3455 1000">
    <p class='ocr_par' dir='ltr' id='par_1_75' title="bbox 1939 924 3455 1000">
     <span class='ocr_line' id='line_1_75' title="bbox 1939 924 3455 1000; baseline 0.003 -21"><span class='ocrx_word' id='word_1_509' title='bbox 1939 924 2087 982; x_wconf 83' lang='lat' dir='ltr'><strong>Ibid.</strong></span> <span class='ocrx_word' id='word_1_510' title='bbox 2157 929 2447 996; x_wconf 64' lang='grc' dir='ltr'>Κορωνία.</span> <span class='ocrx_word' id='word_1_511' title='bbox 2499 925 2730 997; x_wconf 77' lang='grc' dir='ltr'><strong>Κορώνη</strong></span> <span class='ocrx_word' id='word_1_512' title='bbox 2778 942 2907 981; x_wconf 85' lang='lat' dir='ltr'><strong>vero</strong></span> <span class='ocrx_word' id='word_1_513' title='bbox 2947 927 3165 994; x_wconf 85' lang='lat' dir='ltr'><strong>nomine</strong></span> <span class='ocrx_word' id='word_1_514' title='bbox 3192 928 3305 1000; x_wconf 83' lang='lat' dir='ltr'><strong>agri</strong></span> <span class='ocrx_word' id='word_1_515' title='bbox 3340 926 3455 985; x_wconf 69' lang='lat' dir='ltr'><strong>[nec</strong></span> 
     </span>
    </p>
   </div>
   <div class='ocr_carea' id='block_1_76' title="bbox 1879 1007 3455 1087">
    <p class='ocr_par' dir='ltr' id='par_1_76' title="bbox 1879 1007 3455 1087">
     <span class='ocr_line' id='line_1_76' title="bbox 1879 1007 3455 1087; baseline 0.001 -22"><span class='ocrx_word' id='word_1_516' title='bbox 1879 1007 2201 1066; x_wconf 78' lang='lat' dir='ltr'><strong>Messeniaci</strong></span> <span class='ocrx_word' id='word_1_517' title='bbox 2241 1012 2372 1066; x_wconf 88' lang='lat' dir='ltr'><strong>urbs</strong></span> <span class='ocrx_word' id='word_1_518' title='bbox 2424 1010 2543 1076; x_wconf 82' lang='lat' dir='ltr'><strong>fuit,</strong></span> <span class='ocrx_word' id='word_1_519' title='bbox 2596 1013 2769 1065; x_wconf 79' lang='lat' dir='ltr'><strong>vicina</strong></span> <span class='ocrx_word' id='word_1_520' title='bbox 2821 1009 3036 1066; x_wconf 89' lang='lat' dir='ltr'><strong>Pamiso</strong></span> <span class='ocrx_word' id='word_1_521' title='bbox 3082 1010 3262 1087; x_wconf 80' lang='lat' dir='ltr'><strong>ﬂuvio,</strong></span> <span class='ocrx_word' id='word_1_522' title='bbox 3293 1028 3455 1083; x_wconf 84' lang='lat' dir='ltr'><strong>quem</strong></span> 
     </span>
    </p>
   </div>
   <div class='ocr_carea' id='block_1_77' title="bbox 1881 1095 3455 1168">
    <p class='ocr_par' dir='ltr' id='par_1_77' title="bbox 1881 1095 3455 1168">
     <span class='ocr_line' id='line_1_77' title="bbox 1881 1095 3455 1168; baseline 0.001 -19"><span class='ocrx_word' id='word_1_523' title='bbox 1881 1095 2202 1152; x_wconf 72' lang='lat' dir='ltr'><strong>Ptolemaeus</strong></span> <span class='ocrx_word' id='word_1_524' title='bbox 2271 1096 2525 1150; x_wconf 80' lang='lat' dir='ltr'><strong>Panisum</strong></span> <span class='ocrx_word' id='word_1_525' title='bbox 2586 1096 2728 1151; x_wconf 89' lang='lat' dir='ltr'><strong>haud</strong></span> <span class='ocrx_word' id='word_1_526' title='bbox 2790 1105 2936 1151; x_wconf 89' lang='lat' dir='ltr'><strong>recte</strong></span> <span class='ocrx_word' id='word_1_527' title='bbox 2990 1096 3268 1167; x_wconf 78' lang='lat' dir='ltr'><strong>appellat,</strong></span> <span class='ocrx_word' id='word_1_528' title='bbox 3315 1101 3455 1168; x_wconf 82' lang='lat' dir='ltr'><strong>apud</strong></span> 
     </span>
    </p>
   </div>
   <div class='ocr_carea' id='block_1_78' title="bbox 1881 1178 3460 1250">
    <p class='ocr_par' dir='ltr' id='par_1_78' title="bbox 1881 1178 3460 1250">
     <span class='ocr_line' id='line_1_78' title="bbox 1881 1178 3460 1250; baseline 0.003 -17"><span class='ocrx_word' id='word_1_529' title='bbox 1881 1178 2202 1236; x_wconf 83' lang='lat' dir='ltr'><strong>Pausaniam</strong></span> <span class='ocrx_word' id='word_1_530' title='bbox 2241 1180 2555 1236; x_wconf 72' lang='lat' dir='ltr'><strong>Messeniac.</strong></span> <span class='ocrx_word' id='word_1_531' title='bbox 2583 1196 2635 1235; x_wconf 92' lang='lat' dir='ltr'><strong>c.</strong></span> <span class='ocrx_word' id='word_1_532' title='bbox 2663 1180 2764 1249; x_wconf 69' lang='grc' dir='ltr'>βι,</span> <span class='ocrx_word' id='word_1_533' title='bbox 2791 1182 3018 1250; x_wconf 87' lang='lat' dir='ltr'><strong>turpiter</strong></span> <span class='ocrx_word' id='word_1_534' title='bbox 3051 1181 3102 1236; x_wconf 91' lang='lat' dir='ltr'><strong>in</strong></span> <span class='ocrx_word' id='word_1_535' title='bbox 3143 1196 3207 1238; x_wconf 90' lang='lat' dir='ltr'><strong>eo</strong></span> <span class='ocrx_word' id='word_1_536' title='bbox 3236 1181 3460 1238; x_wconf 87' lang='lat' dir='ltr'><strong>ﬂumine</strong></span> 
     </span>
    </p>
   </div>
   <div class='ocr_carea' id='block_1_79' title="bbox 1883 1263 3459 1337">
    <p class='ocr_par' dir='ltr' id='par_1_79' title="bbox 1883 1263 3459 1337">
     <span class='ocr_line' id='line_1_79' title="bbox 1883 1263 3459 1337; baseline 0.003 -19"><span class='ocrx_word' id='word_1_537' title='bbox 1883 1264 2110 1320; x_wconf 79' lang='lat' dir='ltr'><strong>adluesit</strong></span> <span class='ocrx_word' id='word_1_538' title='bbox 2166 1263 2281 1320; x_wconf 81' lang='lat' dir='ltr'><strong>Jac.</strong></span> <span class='ocrx_word' id='word_1_539' title='bbox 2347 1263 2622 1320; x_wconf 81' lang='lat' dir='ltr'><strong>Pontanus</strong></span> <span class='ocrx_word' id='word_1_540' title='bbox 2675 1283 2690 1318; x_wconf 89' lang='lat'><strong>:</strong></span> <span class='ocrx_word' id='word_1_541' title='bbox 2744 1281 2867 1318; x_wconf 79' lang='lat' dir='ltr'><strong>nam</strong></span> <span class='ocrx_word' id='word_1_542' title='bbox 2931 1281 3054 1320; x_wconf 93' lang='lat' dir='ltr'><strong>cum</strong></span> <span class='ocrx_word' id='word_1_543' title='bbox 3109 1266 3161 1320; x_wconf 93' lang='lat' dir='ltr'><strong>in</strong></span> <span class='ocrx_word' id='word_1_544' title='bbox 3227 1265 3459 1337; x_wconf 76' lang='lat' dir='ltr'><strong>Georgio</strong></span> 
     </span>
    </p>
   </div>
   <div class='ocr_carea' id='block_1_80' title="bbox 1881 1349 3458 1419">
    <p class='ocr_par' dir='ltr' id='par_1_80' title="bbox 1881 1349 3458 1419">
     <span class='ocr_line' id='line_1_80' title="bbox 1881 1349 3458 1419; baseline 0.002 -15"><span class='ocrx_word' id='word_1_545' title='bbox 1881 1349 2131 1404; x_wconf 86' lang='lat' dir='ltr'><strong>Pbranza</strong></span> <span class='ocrx_word' id='word_1_546' title='bbox 2165 1364 2223 1414; x_wconf 93' lang='grc' dir='ltr'><strong>ιι,</strong></span> <span class='ocrx_word' id='word_1_547' title='bbox 2261 1349 2294 1402; x_wconf 91' lang='grc'><strong>2</strong></span> <span class='ocrx_word' id='word_1_548' title='bbox 2333 1349 2625 1419; x_wconf 76' lang='grc' dir='ltr'>Πάμμισον</span> <span class='ocrx_word' id='word_1_549' title='bbox 2662 1349 2909 1418; x_wconf 76' lang='grc' dir='ltr'>ποταμόν</span> <span class='ocrx_word' id='word_1_550' title='bbox 2953 1351 3003 1404; x_wconf 93' lang='lat' dir='ltr'><strong>in</strong></span> <span class='ocrx_word' id='word_1_551' title='bbox 3052 1354 3231 1406; x_wconf 87' lang='lat' dir='ltr'><strong>sinum</strong></span> <span class='ocrx_word' id='word_1_552' title='bbox 3260 1351 3458 1407; x_wconf 82' lang='lat' dir='ltr'><strong>Messe-</strong></span> 
     </span>
    </p>
   </div>
   <div class='ocr_carea' id='block_1_81' title="bbox 1885 1432 3457 1503">
    <p class='ocr_par' dir='ltr' id='par_1_81' title="bbox 1885 1432 3457 1503">
     <span class='ocr_line' id='line_1_81' title="bbox 1885 1432 3457 1503; baseline 0.001 -17"><span class='ocrx_word' id='word_1_553' title='bbox 1885 1435 2098 1487; x_wconf 83' lang='lat' dir='ltr'><strong>niacum</strong></span> <span class='ocrx_word' id='word_1_554' title='bbox 2146 1432 2320 1487; x_wconf 76' lang='lat' dir='ltr'><strong>evolvi</strong></span> <span class='ocrx_word' id='word_1_555' title='bbox 2364 1433 2602 1503; x_wconf 82' lang='lat' dir='ltr'><strong>legisset,</strong></span> <span class='ocrx_word' id='word_1_556' title='bbox 2635 1433 2888 1488; x_wconf 89' lang='lat' dir='ltr'><strong>omnibus</strong></span> <span class='ocrx_word' id='word_1_557' title='bbox 2942 1433 3190 1489; x_wconf 88' lang='lat' dir='ltr'><strong>odiosum</strong></span> <span class='ocrx_word' id='word_1_558' title='bbox 3239 1433 3457 1490; x_wconf 79' lang='lat' dir='ltr'><strong>fluvium</strong></span> 
     </span>
    </p>
   </div>
   <div class='ocr_carea' id='block_1_82' title="bbox 1886 1514 3454 1588">
    <p class='ocr_par' dir='ltr' id='par_1_82' title="bbox 1886 1514 3454 1588">
     <span class='ocr_line' id='line_1_82' title="bbox 1886 1514 3454 1588; baseline 0.001 -18"><span class='ocrx_word' id='word_1_559' title='bbox 1886 1517 2008 1571; x_wconf 90' lang='lat' dir='ltr'><strong>inde</strong></span> <span class='ocrx_word' id='word_1_560' title='bbox 2043 1514 2190 1572; x_wconf 86' lang='lat' dir='ltr'><strong>fecit.</strong></span> <span class='ocrx_word' id='word_1_561' title='bbox 2226 1517 2414 1583; x_wconf 82' lang='lat' dir='ltr'><strong>Asiae,</strong></span> <span class='ocrx_word' id='word_1_562' title='bbox 2455 1531 2577 1587; x_wconf 71' lang='lat' dir='ltr'><strong>quae</strong></span> <span class='ocrx_word' id='word_1_563' title='bbox 2621 1518 2887 1588; x_wconf 85' lang='lat' dir='ltr'><strong>sequitur,</strong></span> <span class='ocrx_word' id='word_1_564' title='bbox 2932 1517 3160 1573; x_wconf 71' lang='lat' dir='ltr'><strong>Coronie</strong></span> <span class='ocrx_word' id='word_1_565' title='bbox 3201 1518 3454 1573; x_wconf 83' lang='lat' dir='ltr'><strong>viciniam</strong></span> 
     </span>
    </p>
   </div>
   <div class='ocr_carea' id='block_1_83' title="bbox 1887 1599 2106 1654">
    <p class='ocr_par' dir='ltr' id='par_1_83' title="bbox 1887 1599 2106 1654">
     <span class='ocr_line' id='line_1_83' title="bbox 1887 1599 2106 1654; baseline 0 -1"><span class='ocrx_word' id='word_1_566' title='bbox 1887 1599 2106 1654; x_wconf 75' lang='lat' dir='ltr'><strong>insedit.</strong></span> 
     </span>
    </p>
   </div>
   <div class='ocr_carea' id='block_1_84' title="bbox 1954 1683 3454 1754">
    <p class='ocr_par' dir='ltr' id='par_1_84' title="bbox 1954 1683 3454 1754">
     <span class='ocr_line' id='line_1_84' title="bbox 1954 1683 3454 1754; baseline 0.003 -16"><span class='ocrx_word' id='word_1_567' title='bbox 1954 1684 2092 1739; x_wconf 88' lang='lat' dir='ltr'><strong>Ibid.</strong></span> <span class='ocrx_word' id='word_1_568' title='bbox 2149 1687 2421 1754; x_wconf 77' lang='grc' dir='ltr'><strong>Μοθώνη.</strong></span> <span class='ocrx_word' id='word_1_569' title='bbox 2484 1683 2751 1742; x_wconf 89' lang='lat' dir='ltr'><strong>Tuebitur</strong></span> <span class='ocrx_word' id='word_1_570' title='bbox 2806 1698 2864 1740; x_wconf 88' lang='lat' dir='ltr'><strong>se</strong></span> <span class='ocrx_word' id='word_1_571' title='bbox 2928 1685 3204 1740; x_wconf 69' lang='lat' dir='ltr'><strong>Hierocles</strong></span> <span class='ocrx_word' id='word_1_572' title='bbox 3261 1687 3454 1742; x_wconf 57' lang='lat' dir='ltr'><strong>tannltc</strong></span> 
     </span>
    </p>
   </div>
   <div class='ocr_carea' id='block_1_85' title="bbox 1886 1758 3458 1840">
    <p class='ocr_par' dir='ltr' id='par_1_85' title="bbox 1886 1758 3458 1840">
     <span class='ocr_line' id='line_1_85' title="bbox 1886 1758 3458 1840; baseline 0.003 -18"><span class='ocrx_word' id='word_1_573' title='bbox 1886 1758 2314 1839; x_wconf 42' lang='lat' dir='ltr'><strong>Peutingeranat&#39;</strong></span> <span class='ocrx_word' id='word_1_574' title='bbox 2345 1780 2400 1824; x_wconf 90' lang='lat' dir='ltr'><strong>et</strong></span> <span class='ocrx_word' id='word_1_575' title='bbox 2458 1771 2738 1824; x_wconf 70' lang='lat' dir='ltr'><strong>Pausaniae</strong></span> <span class='ocrx_word' id='word_1_576' title='bbox 2783 1767 3058 1840; x_wconf 74' lang='lat' dir='ltr'><strong>suﬂ&#39;ragio,</strong></span> <span class='ocrx_word' id='word_1_577' title='bbox 3113 1770 3206 1840; x_wconf 91' lang='lat' dir='ltr'><strong>qui</strong></span> <span class='ocrx_word' id='word_1_578' title='bbox 3258 1772 3458 1838; x_wconf 88' lang='lat' dir='ltr'><strong>passim</strong></span> 
     </span>
    </p>
   </div>
   <div class='ocr_carea' id='block_1_86' title="bbox 1885 1841 3458 1923">
    <p class='ocr_par' dir='ltr' id='par_1_86' title="bbox 1885 1841 3458 1923">
     <span class='ocr_line' id='line_1_86' title="bbox 1885 1841 3458 1923; baseline 0.003 -17"><span class='ocrx_word' id='word_1_579' title='bbox 1885 1851 2149 1923; x_wconf 76' lang='grc' dir='ltr'><strong>Μοθώνην</strong></span> <span class='ocrx_word' id='word_1_580' title='bbox 2203 1863 2257 1910; x_wconf 82' lang='lat' dir='ltr'><strong>et</strong></span> <span class='ocrx_word' id='word_1_581' title='bbox 2307 1854 2512 1910; x_wconf 81' lang='lat' dir='ltr'><strong>incolas</strong></span> <span class='ocrx_word' id='word_1_582' title='bbox 2558 1841 2932 1919; x_wconf 70' lang='grc' dir='ltr'><strong>Μοθωναίους,</strong></span> <span class='ocrx_word' id='word_1_583' title='bbox 2983 1864 3040 1907; x_wconf 89' lang='grc' dir='ltr'><strong>ιιι</strong></span> <span class='ocrx_word' id='word_1_584' title='bbox 3075 1855 3110 1908; x_wconf 82' lang='grc'><strong>1.</strong></span> <span class='ocrx_word' id='word_1_585' title='bbox 3155 1870 3232 1917; x_wconf 81' lang='lat' dir='ltr'><strong>Iv,</strong></span> <span class='ocrx_word' id='word_1_586' title='bbox 3271 1870 3318 1910; x_wconf 92' lang='lat' dir='ltr'><strong>c.</strong></span> <span class='ocrx_word' id='word_1_587' title='bbox 3367 1857 3458 1921; x_wconf 75' lang='lat'><strong>55,</strong></span> 
     </span>
    </p>
   </div>
   <div class='ocr_carea' id='block_1_87' title="bbox 1886 1936 3457 2009">
    <p class='ocr_par' dir='ltr' id='par_1_87' title="bbox 1886 1936 3457 2009">
     <span class='ocr_line' id='line_1_87' title="bbox 1886 1936 3457 2009; baseline 0.004 -21"><span class='ocrx_word' id='word_1_588' title='bbox 1886 1937 2141 2004; x_wconf 85' lang='lat' dir='ltr'><strong>appellat.</strong></span> <span class='ocrx_word' id='word_1_589' title='bbox 2175 1936 2541 2009; x_wconf 87' lang='lat' dir='ltr'><strong>Thucydides,</strong></span> <span class='ocrx_word' id='word_1_590' title='bbox 2578 1938 2800 2003; x_wconf 89' lang='lat' dir='ltr'><strong>Strabo,</strong></span> <span class='ocrx_word' id='word_1_591' title='bbox 2829 1936 3145 1992; x_wconf 71' lang='lat' dir='ltr'><strong>Ptolemazus</strong></span> <span class='ocrx_word' id='word_1_592' title='bbox 3178 1947 3337 2008; x_wconf 87' lang='lat' dir='ltr'><strong>atque</strong></span> <span class='ocrx_word' id='word_1_593' title='bbox 3365 1941 3457 1994; x_wconf 87' lang='lat' dir='ltr'><strong>alii</strong></span> 
     </span>
    </p>
   </div>
   <div class='ocr_carea' id='block_1_88' title="bbox 1886 2019 3459 2092">
    <p class='ocr_par' dir='ltr' id='par_1_88' title="bbox 1886 2019 3459 2092">
     <span class='ocr_line' id='line_1_88' title="bbox 1886 2019 3459 2092; baseline 0.001 -18"><span class='ocrx_word' id='word_1_594' title='bbox 1886 2019 2144 2090; x_wconf 71' lang='grc' dir='ltr'><strong>Μεθώνην</strong></span> <span class='ocrx_word' id='word_1_595' title='bbox 2195 2022 2422 2078; x_wconf 89' lang='lat' dir='ltr'><strong>malunt.</strong></span> <span class='ocrx_word' id='word_1_596' title='bbox 2477 2022 2784 2078; x_wconf 81' lang='lat' dir='ltr'><strong>Motbouem</strong></span> <span class='ocrx_word' id='word_1_597' title='bbox 2847 2037 2946 2076; x_wconf 90' lang='lat' dir='ltr'><strong>suo</strong></span> <span class='ocrx_word' id='word_1_598' title='bbox 2992 2037 3203 2092; x_wconf 84' lang='lat' dir='ltr'><strong>quoque</strong></span> <span class='ocrx_word' id='word_1_599' title='bbox 3250 2024 3459 2078; x_wconf 83' lang='lat' dir='ltr'><strong>calculo</strong></span> 
     </span>
    </p>
   </div>
   <div class='ocr_carea' id='block_1_89' title="bbox 1888 2107 3458 2180">
    <p class='ocr_par' dir='ltr' id='par_1_89' title="bbox 1888 2107 3458 2180">
     <span class='ocr_line' id='line_1_89' title="bbox 1888 2107 3458 2180; baseline 0.004 -21"><span class='ocrx_word' id='word_1_600' title='bbox 1888 2118 2060 2160; x_wconf 89' lang='lat' dir='ltr'><strong>ratam</strong></span> <span class='ocrx_word' id='word_1_601' title='bbox 2092 2107 2275 2160; x_wconf 89' lang='lat' dir='ltr'><strong>habuit</strong></span> <span class='ocrx_word' id='word_1_602' title='bbox 2312 2107 2630 2162; x_wconf 81' lang='lat' dir='ltr'><strong>Ammianus</strong></span> <span class='ocrx_word' id='word_1_603' title='bbox 2666 2123 2811 2175; x_wconf 75' lang='lat' dir='ltr'><strong>uri,</strong></span> <span class='ocrx_word' id='word_1_604' title='bbox 2843 2108 2911 2162; x_wconf 81' lang='lat' dir='ltr'><strong>IU</strong></span> <span class='ocrx_word' id='word_1_605' title='bbox 2933 2117 2985 2166; x_wconf 86' lang='lat' dir='ltr'><strong>et</strong></span> <span class='ocrx_word' id='word_1_606' title='bbox 3014 2121 3152 2180; x_wconf 85' lang='lat' dir='ltr'><strong>quos</strong></span> <span class='ocrx_word' id='word_1_607' title='bbox 3190 2119 3354 2166; x_wconf 86' lang='lat' dir='ltr'><strong>testes</strong></span> <span class='ocrx_word' id='word_1_608' title='bbox 3388 2111 3458 2167; x_wconf 88' lang='lat' dir='ltr'><strong>ibi</strong></span> 
     </span>
    </p>
   </div>
   <div class='ocr_carea' id='block_1_90' title="bbox 1887 2189 2684 2258">
    <p class='ocr_par' dir='ltr' id='par_1_90' title="bbox 1887 2189 2684 2258">
     <span class='ocr_line' id='line_1_90' title="bbox 1887 2189 2684 2258; baseline 0.003 -15"><span class='ocrx_word' id='word_1_609' title='bbox 1887 2190 2176 2258; x_wconf 70' lang='lat' dir='ltr'><strong>appellavit</strong></span> <span class='ocrx_word' id='word_1_610' title='bbox 2213 2190 2380 2244; x_wconf 89' lang='lat' dir='ltr'><strong>llenr.</strong></span> <span class='ocrx_word' id='word_1_611' title='bbox 2417 2189 2684 2247; x_wconf 74' lang='lat' dir='ltr'><strong>Valesius.</strong></span> 
     </span>
    </p>
   </div>
   <div class='ocr_carea' id='block_1_91' title="bbox 1958 2272 3462 2344">
    <p class='ocr_par' dir='ltr' id='par_1_91' title="bbox 1958 2272 3462 2344">
     <span class='ocr_line' id='line_1_91' title="bbox 1958 2272 3462 2344; baseline 0.005 -19"><span class='ocrx_word' id='word_1_612' title='bbox 1958 2272 2088 2330; x_wconf 91' lang='lat' dir='ltr'><strong>Ibid.</strong></span> <span class='ocrx_word' id='word_1_613' title='bbox 2128 2275 2488 2344; x_wconf 79' lang='grc' dir='ltr'><strong>Κυπαρισία.</strong></span> <span class='ocrx_word' id='word_1_614' title='bbox 2527 2275 2753 2331; x_wconf 87' lang='lat' dir='ltr'><strong>Gemina</strong></span> <span class='ocrx_word' id='word_1_615' title='bbox 2796 2277 3050 2334; x_wconf 84' lang='lat' dir='ltr'><strong>sibilante</strong></span> <span class='ocrx_word' id='word_1_616' title='bbox 3099 2294 3289 2337; x_wconf 76' lang='lat' dir='ltr'><strong>omnes</strong></span> <span class='ocrx_word' id='word_1_617' title='bbox 3319 2281 3462 2337; x_wconf 82' lang='lat' dir='ltr'><strong>scri-</strong></span> 
     </span>
    </p>
   </div>
   <div class='ocr_carea' id='block_1_92' title="bbox 1888 2357 3460 2424">
    <p class='ocr_par' dir='ltr' id='par_1_92' title="bbox 1888 2357 3460 2424">
     <span class='ocr_line' id='line_1_92' title="bbox 1888 2357 3460 2424; baseline 0.003 -11"><span class='ocrx_word' id='word_1_618' title='bbox 1888 2357 2040 2424; x_wconf 80' lang='lat' dir='ltr'><strong>bant,</strong></span> <span class='ocrx_word' id='word_1_619' title='bbox 2073 2360 2124 2412; x_wconf 91' lang='lat' dir='ltr'><strong>in</strong></span> <span class='ocrx_word' id='word_1_620' title='bbox 2158 2360 2306 2415; x_wconf 82' lang='lat' dir='ltr'><strong>vocis</strong></span> <span class='ocrx_word' id='word_1_621' title='bbox 2351 2376 2576 2417; x_wconf 88' lang='lat' dir='ltr'><strong>numero</strong></span> <span class='ocrx_word' id='word_1_622' title='bbox 2602 2361 2896 2416; x_wconf 84' lang='lat' dir='ltr'><strong>variantes.</strong></span> <span class='ocrx_word' id='word_1_623' title='bbox 2940 2359 3228 2420; x_wconf 68' lang='lat' dir='ltr'><strong>Pausania:</strong></span> <span class='ocrx_word' id='word_1_624' title='bbox 3261 2366 3460 2420; x_wconf 74' lang='grc' dir='ltr'>Κυπα-</span> 
     </span>
    </p>
   </div>
   <div class='ocr_carea' id='block_1_93' title="bbox 1890 2442 3458 2516">
    <p class='ocr_par' dir='ltr' id='par_1_93' title="bbox 1890 2442 3458 2516">
     <span class='ocr_line' id='line_1_93' title="bbox 1890 2442 3458 2516; baseline 0.004 -21"><span class='ocrx_word' id='word_1_625' title='bbox 1890 2445 2092 2514; x_wconf 78' lang='grc' dir='ltr'>ρισσίαι</span> <span class='ocrx_word' id='word_1_626' title='bbox 2159 2442 2406 2500; x_wconf 55' lang='lat' dir='ltr'><strong>Messen;</strong></span> <span class='ocrx_word' id='word_1_627' title='bbox 2442 2460 2494 2502; x_wconf 89' lang='lat' dir='ltr'><strong>c.</strong></span> <span class='ocrx_word' id='word_1_628' title='bbox 2545 2461 2730 2510; x_wconf 73' lang='lat' dir='ltr'><strong>xxxvr,</strong></span> <span class='ocrx_word' id='word_1_629' title='bbox 2779 2444 3031 2501; x_wconf 83' lang='lat' dir='ltr'><strong>Straboni</strong></span> <span class='ocrx_word' id='word_1_630' title='bbox 3081 2464 3200 2514; x_wconf 82' lang='lat' dir='ltr'><strong>vm,</strong></span> <span class='ocrx_word' id='word_1_631' title='bbox 3252 2464 3305 2516; x_wconf 88' lang='lat' dir='ltr'><strong>p.</strong></span> <span class='ocrx_word' id='word_1_632' title='bbox 3359 2446 3458 2505; x_wconf 74' lang='lat'><strong>36!</strong></span> 
     </span>
    </p>
   </div>
   <div class='ocr_carea' id='block_1_94' title="bbox 1887 2528 3465 2600">
    <p class='ocr_par' dir='ltr' id='par_1_94' title="bbox 1887 2528 3465 2600">
     <span class='ocr_line' id='line_1_94' title="bbox 1887 2528 3465 2600; baseline 0.005 -18"><span class='ocrx_word' id='word_1_633' title='bbox 1887 2528 2258 2600; x_wconf 71' lang='grc' dir='ltr'><strong>Κυπαρισσία.</strong></span> <span class='ocrx_word' id='word_1_634' title='bbox 2317 2528 2583 2599; x_wconf 83' lang='lat' dir='ltr'><strong>Oppidum</strong></span> <span class='ocrx_word' id='word_1_635' title='bbox 2615 2538 2729 2585; x_wconf 86' lang='lat' dir='ltr'><strong>erat</strong></span> <span class='ocrx_word' id='word_1_636' title='bbox 2772 2529 3160 2588; x_wconf 79' lang='lat' dir='ltr'><strong>Messeniorum</strong></span> <span class='ocrx_word' id='word_1_637' title='bbox 3201 2533 3254 2587; x_wconf 89' lang='lat' dir='ltr'><strong>in</strong></span> <span class='ocrx_word' id='word_1_638' title='bbox 3297 2534 3465 2590; x_wconf 84' lang='lat' dir='ltr'><strong>Elidis</strong></span> 
     </span>
    </p>
   </div>
   <div class='ocr_carea' id='block_1_95' title="bbox 1892 2611 3454 2690">
    <p class='ocr_par' dir='ltr' id='par_1_95' title="bbox 1892 2611 3454 2690">
     <span class='ocr_line' id='line_1_95' title="bbox 1892 2611 3454 2690; baseline 0.008 -27"><span class='ocrx_word' id='word_1_639' title='bbox 1892 2611 2108 2677; x_wconf 89' lang='lat' dir='ltr'><strong>llnibus,</strong></span> <span class='ocrx_word' id='word_1_640' title='bbox 2147 2614 2212 2668; x_wconf 80' lang='lat' dir='ltr'><strong>I5</strong></span> <span class='ocrx_word' id='word_1_641' title='bbox 2253 2612 2323 2668; x_wconf 78' lang='grc' dir='ltr'><strong>Μ.</strong></span> <span class='ocrx_word' id='word_1_642' title='bbox 2363 2614 2422 2669; x_wconf 84' lang='grc' dir='ltr'><strong>Ρ.</strong></span> <span class='ocrx_word' id='word_1_643' title='bbox 2452 2630 2480 2668; x_wconf 88' lang='lat' dir='ltr'><strong>a</strong></span> <span class='ocrx_word' id='word_1_644' title='bbox 2510 2614 2658 2686; x_wconf 89' lang='lat' dir='ltr'><strong>Pylo,</strong></span> <span class='ocrx_word' id='word_1_645' title='bbox 2689 2626 2746 2672; x_wconf 91' lang='lat' dir='ltr'><strong>ut</strong></span> <span class='ocrx_word' id='word_1_646' title='bbox 2776 2614 2998 2684; x_wconf 79' lang='lat' dir='ltr'><strong>Tabula,</strong></span> <span class='ocrx_word' id='word_1_647' title='bbox 3022 2619 3107 2672; x_wconf 91' lang='lat' dir='ltr'><strong>cui</strong></span> <span class='ocrx_word' id='word_1_648' title='bbox 3140 2617 3454 2690; x_wconf 88' lang='lat' dir='ltr'><strong>Cyparissa,</strong></span> 
     </span>
    </p>
   </div>
   <div class='ocr_carea' id='block_1_96' title="bbox 1888 2699 2143 2754">
    <p class='ocr_par' dir='ltr' id='par_1_96' title="bbox 1888 2699 2143 2754">
     <span class='ocr_line' id='line_1_96' title="bbox 1888 2699 2143 2754; baseline 0 -2"><span class='ocrx_word' id='word_1_649' title='bbox 1888 2699 2143 2754; x_wconf 86' lang='lat' dir='ltr'><strong>ostendit.</strong></span> 
     </span>
    </p>
   </div>
   <div class='ocr_carea' id='block_1_97' title="bbox 1959 2780 3460 2862">
    <p class='ocr_par' dir='ltr' id='par_1_97' title="bbox 1959 2780 3460 2862">
     <span class='ocr_line' id='line_1_97' title="bbox 1959 2780 3460 2862; baseline 0.007 -26"><span class='ocrx_word' id='word_1_650' title='bbox 1959 2783 2091 2839; x_wconf 88' lang='lat' dir='ltr'><strong>Ibid.</strong></span> <span class='ocrx_word' id='word_1_651' title='bbox 2124 2780 2320 2851; x_wconf 73' lang='grc' dir='ltr'><strong>Ἶὶλις.</strong></span> <span class='ocrx_word' id='word_1_652' title='bbox 2356 2785 2485 2840; x_wconf 83' lang='grc' dir='ltr'><strong>Νονί</strong></span> <span class='ocrx_word' id='word_1_653' title='bbox 2515 2783 2795 2843; x_wconf 83' lang='lat' dir='ltr'><strong>Elidenses</strong></span> <span class='ocrx_word' id='word_1_654' title='bbox 2815 2796 2869 2842; x_wconf 92' lang='lat' dir='ltr'><strong>et</strong></span> <span class='ocrx_word' id='word_1_655' title='bbox 2899 2787 3107 2844; x_wconf 67' lang='lat' dir='ltr'><strong>Elolos</strong></span> <span class='ocrx_word' id='word_1_656' title='bbox 3138 2791 3460 2862; x_wconf 69' lang='lat' dir='ltr'><strong>regnatione</strong></span> 
     </span>
    </p>
   </div>
   <div class='ocr_carea' id='block_1_98' title="bbox 1891 2868 3461 2942">
    <p class='ocr_par' dir='ltr' id='par_1_98' title="bbox 1891 2868 3461 2942">
     <span class='ocr_line' id='line_1_98' title="bbox 1891 2868 3461 2942; baseline 0.003 -19"><span class='ocrx_word' id='word_1_657' title='bbox 1891 2868 2056 2925; x_wconf 79' lang='lat' dir='ltr'><strong>fuisse</strong></span> <span class='ocrx_word' id='word_1_658' title='bbox 2082 2870 2149 2924; x_wconf 84' lang='lat' dir='ltr'><strong>ob</strong></span> <span class='ocrx_word' id='word_1_659' title='bbox 2187 2869 2678 2942; x_wconf 77' lang='lat' dir='ltr'><strong>Oxylnmjunctos,</strong></span> <span class='ocrx_word' id='word_1_660' title='bbox 2726 2874 2818 2928; x_wconf 79' lang='lat' dir='ltr'><strong>sed</strong></span> <span class='ocrx_word' id='word_1_661' title='bbox 2855 2880 3042 2928; x_wconf 76' lang='lat' dir='ltr'><strong>eorum</strong></span> <span class='ocrx_word' id='word_1_662' title='bbox 3075 2877 3262 2930; x_wconf 88' lang='lat' dir='ltr'><strong>urbem</strong></span> <span class='ocrx_word' id='word_1_663' title='bbox 3305 2874 3461 2931; x_wconf 64' lang='lat' dir='ltr'><strong>.‘Eto-</strong></span> 
     </span>
    </p>
   </div>
   <div class='ocr_carea' id='block_1_99' title="bbox 1891 2953 3459 3027">
    <p class='ocr_par' dir='ltr' id='par_1_99' title="bbox 1891 2953 3459 3027">
     <span class='ocr_line' id='line_1_99' title="bbox 1891 2953 3459 3027; baseline 0.003 -19"><span class='ocrx_word' id='word_1_664' title='bbox 1891 2953 1975 3008; x_wconf 69' lang='lat' dir='ltr'><strong>liae</strong></span> <span class='ocrx_word' id='word_1_665' title='bbox 2005 2963 2259 3024; x_wconf 84' lang='lat' dir='ltr'><strong>tanquam</strong></span> <span class='ocrx_word' id='word_1_666' title='bbox 2285 2965 2444 3024; x_wconf 83' lang='lat' dir='ltr'><strong>eaput</strong></span> <span class='ocrx_word' id='word_1_667' title='bbox 2471 2955 2638 3010; x_wconf 71' lang='lat' dir='ltr'><strong>fuisse</strong></span> <span class='ocrx_word' id='word_1_668' title='bbox 2667 2956 2976 3027; x_wconf 88' lang='lat' dir='ltr'><strong>impositam</strong></span> <span class='ocrx_word' id='word_1_669' title='bbox 3005 2959 3291 3015; x_wconf 73' lang='lat' dir='ltr'><strong>oilliculter</strong></span> <span class='ocrx_word' id='word_1_670' title='bbox 3331 2960 3459 3014; x_wconf 85' lang='lat' dir='ltr'><strong>mihi</strong></span> 
     </span>
    </p>
   </div>
   <div class='ocr_carea' id='block_1_100' title="bbox 1891 3039 3454 3116">
    <p class='ocr_par' dir='ltr' id='par_1_100' title="bbox 1891 3039 3454 3116">
     <span class='ocr_line' id='line_1_100' title="bbox 1891 3039 3454 3116; baseline 0.003 -23"><span class='ocrx_word' id='word_1_671' title='bbox 1891 3039 2205 3108; x_wconf 86' lang='lat' dir='ltr'><strong>persuaderi</strong></span> <span class='ocrx_word' id='word_1_672' title='bbox 2247 3042 2443 3110; x_wconf 81' lang='lat' dir='ltr'><strong>patior.</strong></span> <span class='ocrx_word' id='word_1_673' title='bbox 2481 3041 2704 3109; x_wconf 78' lang='lat' dir='ltr'><strong>Desunt,</strong></span> <span class='ocrx_word' id='word_1_674' title='bbox 2735 3043 2929 3111; x_wconf 87' lang='lat' dir='ltr'><strong>quibus</strong></span> <span class='ocrx_word' id='word_1_675' title='bbox 2968 3059 3031 3098; x_wconf 87' lang='lat' dir='ltr'><strong>ea</strong></span> <span class='ocrx_word' id='word_1_676' title='bbox 3074 3044 3310 3116; x_wconf 81' lang='lat' dir='ltr'><strong>dignitas</strong></span> <span class='ocrx_word' id='word_1_677' title='bbox 3339 3047 3454 3099; x_wconf 75' lang='grc' dir='ltr'>ιιι-ιιι</span> 
     </span>
    </p>
   </div>
   <div class='ocr_carea' id='block_1_101' title="bbox 1891 3123 3461 3199">
    <p class='ocr_par' dir='ltr' id='par_1_101' title="bbox 1891 3123 3461 3199">
     <span class='ocr_line' id='line_1_101' title="bbox 1891 3123 3461 3199; baseline 0.003 -20"><span class='ocrx_word' id='word_1_678' title='bbox 1891 3123 2159 3191; x_wconf 79' lang='lat' dir='ltr'><strong>ﬁrmetur,</strong></span> <span class='ocrx_word' id='word_1_679' title='bbox 2208 3137 2567 3197; x_wconf 86' lang='lat' dir='ltr'><strong>argumenta;</strong></span> <span class='ocrx_word' id='word_1_680' title='bbox 2603 3128 2812 3199; x_wconf 83' lang='lat' dir='ltr'><strong>longius</strong></span> <span class='ocrx_word' id='word_1_681' title='bbox 2845 3139 3106 3198; x_wconf 77' lang='lat' dir='ltr'><strong>praeterea</strong></span> <span class='ocrx_word' id='word_1_682' title='bbox 3127 3133 3230 3185; x_wconf 86' lang='lat' dir='ltr'><strong>&#39;ab&#39;</strong></span> <span class='ocrx_word' id='word_1_683' title='bbox 3259 3130 3461 3185; x_wconf 73' lang='lat' dir='ltr'><strong>.Etolia</strong></span> 
     </span>
    </p>
   </div>
   <div class='ocr_carea' id='block_1_102' title="bbox 1889 3205 3463 3285">
    <p class='ocr_par' dir='ltr' id='par_1_102' title="bbox 1889 3205 3463 3285">
     <span class='ocr_line' id='line_1_102' title="bbox 1889 3205 3463 3285; baseline 0.005 -23"><span class='ocrx_word' id='word_1_684' title='bbox 1889 3215 2009 3263; x_wconf 86' lang='lat' dir='ltr'><strong>erat</strong></span> <span class='ocrx_word' id='word_1_685' title='bbox 2034 3207 2308 3278; x_wconf 88' lang='lat' dir='ltr'><strong>disparata</strong></span> <span class='ocrx_word' id='word_1_686' title='bbox 2353 3225 2513 3280; x_wconf 89' lang='lat' dir='ltr'><strong>quam</strong></span> <span class='ocrx_word' id='word_1_687' title='bbox 2553 3212 2748 3281; x_wconf 84' lang='lat' dir='ltr'><strong>utejus</strong></span> <span class='ocrx_word' id='word_1_688' title='bbox 2787 3209 2955 3267; x_wconf 80' lang='lat' dir='ltr'><strong>fuisse</strong></span> <span class='ocrx_word' id='word_1_689' title='bbox 2989 3205 3310 3282; x_wconf 74' lang='lat' dir='ltr'><strong>tnerropoliri</strong></span> <span class='ocrx_word' id='word_1_690' title='bbox 3344 3219 3463 3285; x_wconf 88' lang='lat' dir='ltr'><strong>opi-</strong></span> 
     </span>
    </p>
   </div>
   <div class='ocr_carea' id='block_1_103' title="bbox 1893 3293 3463 3364">
    <p class='ocr_par' dir='ltr' id='par_1_103' title="bbox 1893 3293 3463 3364">
     <span class='ocr_line' id='line_1_103' title="bbox 1893 3293 3463 3364; baseline 0.004 -19"><span class='ocrx_word' id='word_1_691' title='bbox 1893 3293 2008 3347; x_wconf 90' lang='lat' dir='ltr'><strong>nari</strong></span> <span class='ocrx_word' id='word_1_692' title='bbox 2034 3293 2226 3363; x_wconf 89' lang='lat' dir='ltr'><strong>possis.</strong></span> <span class='ocrx_word' id='word_1_693' title='bbox 2278 3294 2416 3348; x_wconf 90' lang='lat' dir='ltr'><strong>Puto</strong></span> <span class='ocrx_word' id='word_1_694' title='bbox 2463 3295 2691 3351; x_wconf 81' lang='lat' dir='ltr'><strong>deﬁcere</strong></span> <span class='ocrx_word' id='word_1_695' title='bbox 2725 3296 2810 3350; x_wconf 90' lang='lat' dir='ltr'><strong>hic</strong></span> <span class='ocrx_word' id='word_1_696' title='bbox 2843 3295 3051 3364; x_wconf 88' lang='lat' dir='ltr'><strong>Patras,</strong></span> <span class='ocrx_word' id='word_1_697' title='bbox 3097 3297 3330 3352; x_wconf 87' lang='lat' dir='ltr'><strong>nobilem</strong></span> <span class='ocrx_word' id='word_1_698' title='bbox 3367 3315 3463 3351; x_wconf 88' lang='lat' dir='ltr'><strong>ur-</strong></span> 
     </span>
    </p>
   </div>
   <div class='ocr_carea' id='block_1_104' title="bbox 1891 3377 3463 3453">
    <p class='ocr_par' dir='ltr' id='par_1_104' title="bbox 1891 3377 3463 3453">
     <span class='ocr_line' id='line_1_104' title="bbox 1891 3377 3463 3453; baseline 0.003 -21"><span class='ocrx_word' id='word_1_699' title='bbox 1891 3379 2033 3443; x_wconf 88' lang='lat' dir='ltr'><strong>bem,</strong></span> <span class='ocrx_word' id='word_1_700' title='bbox 2075 3391 2262 3434; x_wconf 85' lang='lat' dir='ltr'><strong>contra</strong></span> <span class='ocrx_word' id='word_1_701' title='bbox 2313 3377 2569 3453; x_wconf 63' lang='lat' dir='ltr'><strong>Etoliam</strong></span> <span class='ocrx_word' id='word_1_702' title='bbox 2628 3382 2857 3450; x_wconf 89' lang='lat' dir='ltr'><strong>positam</strong></span> <span class='ocrx_word' id='word_1_703' title='bbox 2905 3399 2918 3434; x_wconf 86' lang='lat'><strong>:</strong></span> <span class='ocrx_word' id='word_1_704' title='bbox 2971 3396 3091 3436; x_wconf 88' lang='lat' dir='ltr'><strong>eam</strong></span> <span class='ocrx_word' id='word_1_705' title='bbox 3139 3382 3463 3449; x_wconf 87' lang='lat' dir='ltr'><strong>metr0poliu</strong></span> 
     </span>
    </p>
   </div>
   <div class='ocr_carea' id='block_1_105' title="bbox 1894 3461 3466 3536">
    <p class='ocr_par' dir='ltr' id='par_1_105' title="bbox 1894 3461 3466 3536">
     <span class='ocr_line' id='line_1_105' title="bbox 1894 3461 3466 3536; baseline 0.004 -21"><span class='ocrx_word' id='word_1_706' title='bbox 1894 3461 2059 3524; x_wconf 72' lang='lat' dir='ltr'><strong>fuisse</strong></span> <span class='ocrx_word' id='word_1_707' title='bbox 2089 3478 2150 3517; x_wconf 79' lang='lat' dir='ltr'><strong>ex</strong></span> <span class='ocrx_word' id='word_1_708' title='bbox 2183 3463 2411 3532; x_wconf 78' lang='lat' dir='ltr'><strong>epistola</strong></span> <span class='ocrx_word' id='word_1_709' title='bbox 2444 3463 2665 3527; x_wconf 39' lang='lat' dir='ltr'><strong>,Leonis</strong></span> <span class='ocrx_word' id='word_1_710' title='bbox 2703 3465 3049 3534; x_wconf 88' lang='lat' dir='ltr'><strong>imperatoris</strong></span> <span class='ocrx_word' id='word_1_711' title='bbox 3075 3467 3364 3536; x_wconf 88' lang='lat' dir='ltr'><strong>additoque</strong></span> <span class='ocrx_word' id='word_1_712' title='bbox 3393 3468 3466 3521; x_wconf 90' lang='lat' dir='ltr'><strong>illi</strong></span> 
     </span>
    </p>
   </div>
   <div class='ocr_carea' id='block_1_106' title="bbox 1892 3546 3470 3620">
    <p class='ocr_par' dir='ltr' id='par_1_106' title="bbox 1892 3546 3470 3620">
     <span class='ocr_line' id='line_1_106' title="bbox 1892 3546 3470 3620; baseline 0.003 -19"><span class='ocrx_word' id='word_1_713' title='bbox 1892 3547 2137 3618; x_wconf 77' lang='lat' dir='ltr'><strong>catalogo</strong></span> <span class='ocrx_word' id='word_1_714' title='bbox 2182 3557 2327 3600; x_wconf 90' lang='lat' dir='ltr'><strong>tomo</strong></span> <span class='ocrx_word' id='word_1_715' title='bbox 2364 3546 2434 3600; x_wconf 75' lang='lat' dir='ltr'><strong>IX</strong></span> <span class='ocrx_word' id='word_1_716' title='bbox 2468 3546 2672 3602; x_wconf 76' lang='lat' dir='ltr'><strong>Conril.</strong></span> <span class='ocrx_word' id='word_1_717' title='bbox 2711 3546 2904 3603; x_wconf 79' lang='lat' dir='ltr'><strong>Labbci</strong></span> <span class='ocrx_word' id='word_1_718' title='bbox 2961 3565 3013 3620; x_wconf 90' lang='lat' dir='ltr'><strong>p.</strong></span> <span class='ocrx_word' id='word_1_719' title='bbox 3053 3548 3160 3603; x_wconf 82' lang='grc'><strong>267</strong></span> <span class='ocrx_word' id='word_1_720' title='bbox 3193 3552 3328 3605; x_wconf 86' lang='lat' dir='ltr'><strong>citra</strong></span> <span class='ocrx_word' id='word_1_721' title='bbox 3372 3554 3470 3606; x_wconf 88' lang='lat' dir='ltr'><strong>du-</strong></span> 
     </span>
    </p>
   </div>
   <div class='ocr_carea' id='block_1_107' title="bbox 1893 3625 3469 3700">
    <p class='ocr_par' dir='ltr' id='par_1_107' title="bbox 1893 3625 3469 3700">
     <span class='ocr_line' id='line_1_107' title="bbox 1893 3625 3469 3700; baseline 0.003 -14"><span class='ocrx_word' id='word_1_722' title='bbox 1893 3632 2040 3686; x_wconf 88' lang='lat' dir='ltr'><strong>bium</strong></span> <span class='ocrx_word' id='word_1_723' title='bbox 2073 3641 2174 3687; x_wconf 89' lang='lat' dir='ltr'><strong>est.</strong></span> <span class='ocrx_word' id='word_1_724' title='bbox 2215 3631 2386 3686; x_wconf 79' lang='lat' dir='ltr'><strong>Habet</strong></span> <span class='ocrx_word' id='word_1_725' title='bbox 2429 3630 2655 3687; x_wconf 81' lang='lat' dir='ltr'><strong>eandem</strong></span> <span class='ocrx_word' id='word_1_726' title='bbox 2700 3633 2842 3687; x_wconf 89' lang='lat' dir='ltr'><strong>inter</strong></span> <span class='ocrx_word' id='word_1_727' title='bbox 2873 3625 3199 3700; x_wconf 74' lang='lat' dir='ltr'><strong>metropOles</strong></span> <span class='ocrx_word' id='word_1_728' title='bbox 3228 3651 3294 3690; x_wconf 72' lang='lat' dir='ltr'><strong>ex</strong></span> <span class='ocrx_word' id='word_1_729' title='bbox 3339 3634 3469 3690; x_wconf 88' lang='lat' dir='ltr'><strong>Ilie-</strong></span> 
     </span>
    </p>
   </div>
   <div class='ocr_carea' id='block_1_108' title="bbox 1895 3713 3468 3774">
    <p class='ocr_par' dir='ltr' id='par_1_108' title="bbox 1895 3713 3468 3774">
     <span class='ocr_line' id='line_1_108' title="bbox 1895 3713 3468 3774; baseline 0.001 -4"><span class='ocrx_word' id='word_1_730' title='bbox 1895 3715 2042 3771; x_wconf 83' lang='lat' dir='ltr'><strong>rocle</strong></span> <span class='ocrx_word' id='word_1_731' title='bbox 2074 3714 2467 3771; x_wconf 85' lang='lat' dir='ltr'><strong>Constantinus</strong></span> <span class='ocrx_word' id='word_1_732' title='bbox 2535 3716 2573 3768; x_wconf 91' lang='lat' dir='ltr'><strong>I.</strong></span> <span class='ocrx_word' id='word_1_733' title='bbox 2641 3731 2676 3770; x_wconf 89' lang='grc' dir='ltr'><strong>ιι</strong></span> <span class='ocrx_word' id='word_1_734' title='bbox 2732 3713 2925 3771; x_wconf 89' lang='lat' dir='ltr'><strong>Them.</strong></span> <span class='ocrx_word' id='word_1_735' title='bbox 2975 3717 3028 3770; x_wconf 87' lang='lat'><strong>6.</strong></span> <span class='ocrx_word' id='word_1_736' title='bbox 3095 3715 3204 3772; x_wconf 80' lang='lat' dir='ltr'><strong>Nec</strong></span> <span class='ocrx_word' id='word_1_737' title='bbox 3267 3721 3468 3774; x_wconf 85' lang='lat' dir='ltr'><strong>morari</strong></span> 
     </span>
    </p>
   </div>
   <div class='ocr_carea' id='block_1_109' title="bbox 1894 3798 3469 3871">
    <p class='ocr_par' dir='ltr' id='par_1_109' title="bbox 1894 3798 3469 3871">
     <span class='ocr_line' id='line_1_109' title="bbox 1894 3798 3469 3871; baseline 0.001 -16"><span class='ocrx_word' id='word_1_738' title='bbox 1894 3814 2216 3871; x_wconf 78' lang='lat' dir='ltr'><strong>quamquam</strong></span> <span class='ocrx_word' id='word_1_739' title='bbox 2239 3801 2374 3855; x_wconf 80' lang='lat' dir='ltr'><strong>situs</strong></span> <span class='ocrx_word' id='word_1_740' title='bbox 2402 3798 2549 3854; x_wconf 83' lang='lat' dir='ltr'><strong>urbis</strong></span> <span class='ocrx_word' id='word_1_741' title='bbox 2574 3813 2727 3854; x_wconf 80' lang='lat' dir='ltr'><strong>extra</strong></span> <span class='ocrx_word' id='word_1_742' title='bbox 2762 3799 3015 3854; x_wconf 66' lang='lat' dir='ltr'><strong>IEtnliam</strong></span> <span class='ocrx_word' id='word_1_743' title='bbox 3050 3801 3210 3857; x_wconf 84' lang='lat' dir='ltr'><strong>debet</strong></span> <span class='ocrx_word' id='word_1_744' title='bbox 3239 3818 3253 3856; x_wconf 90' lang='lat'><strong>:</strong></span> <span class='ocrx_word' id='word_1_745' title='bbox 3293 3818 3469 3871; x_wconf 78' lang='lat' dir='ltr'><strong>neque</strong></span> 
     </span>
    </p>
   </div>
   <div class='ocr_carea' id='block_1_110' title="bbox 1894 3881 3466 3956">
    <p class='ocr_par' dir='ltr' id='par_1_110' title="bbox 1894 3881 3466 3956">
     <span class='ocr_line' id='line_1_110' title="bbox 1894 3881 3466 3956; baseline 0.001 -17"><span class='ocrx_word' id='word_1_746' title='bbox 1894 3885 2038 3939; x_wconf 83' lang='lat' dir='ltr'><strong>enim</strong></span> <span class='ocrx_word' id='word_1_747' title='bbox 2077 3883 2236 3954; x_wconf 85' lang='lat' dir='ltr'><strong>longo</strong></span> <span class='ocrx_word' id='word_1_748' title='bbox 2286 3883 2509 3953; x_wconf 81' lang='lat' dir='ltr'><strong>trajectu</strong></span> <span class='ocrx_word' id='word_1_749' title='bbox 2555 3881 2680 3937; x_wconf 90' lang='lat' dir='ltr'><strong>inde</strong></span> <span class='ocrx_word' id='word_1_750' title='bbox 2713 3883 3006 3940; x_wconf 81' lang='lat' dir='ltr'><strong>dissociata</strong></span> <span class='ocrx_word' id='word_1_751' title='bbox 3057 3885 3189 3952; x_wconf 80' lang='lat' dir='ltr'><strong>fuit;</strong></span> <span class='ocrx_word' id='word_1_752' title='bbox 3227 3895 3280 3941; x_wconf 93' lang='lat' dir='ltr'><strong>et</strong></span> <span class='ocrx_word' id='word_1_753' title='bbox 3327 3902 3466 3956; x_wconf 61' lang='lat' dir='ltr'><strong>pric-</strong></span> 
     </span>
    </p>
   </div>
   <div class='ocr_carea' id='block_1_111' title="bbox 1897 3967 3467 4040">
    <p class='ocr_par' dir='ltr' id='par_1_111' title="bbox 1897 3967 3467 4040">
     <span class='ocr_line' id='line_1_111' title="bbox 1897 3967 3467 4040; baseline 0.001 -17"><span class='ocrx_word' id='word_1_754' title='bbox 1897 3977 2042 4024; x_wconf 87' lang='lat' dir='ltr'><strong>terea</strong></span> <span class='ocrx_word' id='word_1_755' title='bbox 2071 3967 2233 4022; x_wconf 84' lang='lat' dir='ltr'><strong>multa</strong></span> <span class='ocrx_word' id='word_1_756' title='bbox 2265 3969 2548 4039; x_wconf 70' lang='lat' dir='ltr'><strong>Augustus</strong></span> <span class='ocrx_word' id='word_1_757' title='bbox 2578 3967 2874 4037; x_wconf 88' lang='lat' dir='ltr'><strong>imperator</strong></span> <span class='ocrx_word' id='word_1_758' title='bbox 2903 3984 2969 4025; x_wconf 79' lang='lat' dir='ltr'><strong>ex</strong></span> <span class='ocrx_word' id='word_1_759' title='bbox 3007 3973 3256 4040; x_wconf 81' lang='lat' dir='ltr'><strong>Opposita</strong></span> <span class='ocrx_word' id='word_1_760' title='bbox 3294 3971 3467 4025; x_wconf 87' lang='lat' dir='ltr'><strong>couti-</strong></span> 
     </span>
    </p>
   </div>
   <div class='ocr_carea' id='block_1_112' title="bbox 1896 4052 3472 4123">
    <p class='ocr_par' dir='ltr' id='par_1_112' title="bbox 1896 4052 3472 4123">
     <span class='ocr_line' id='line_1_112' title="bbox 1896 4052 3472 4123; baseline 0.002 -15"><span class='ocrx_word' id='word_1_761' title='bbox 1896 4063 2056 4110; x_wconf 86' lang='lat' dir='ltr'><strong>nente</strong></span> <span class='ocrx_word' id='word_1_762' title='bbox 2085 4053 2278 4122; x_wconf 77' lang='lat' dir='ltr'><strong>Oppida</strong></span> <span class='ocrx_word' id='word_1_763' title='bbox 2315 4052 2491 4107; x_wconf 85' lang='lat' dir='ltr'><strong>Patris</strong></span> <span class='ocrx_word' id='word_1_764' title='bbox 2537 4053 2887 4119; x_wconf 79' lang='lat' dir='ltr'><strong>condonavit,</strong></span> <span class='ocrx_word' id='word_1_765' title='bbox 2916 4052 2984 4109; x_wconf 90' lang='lat' dir='ltr'><strong>de</strong></span> <span class='ocrx_word' id='word_1_766' title='bbox 3031 4056 3225 4123; x_wconf 88' lang='lat' dir='ltr'><strong>quibus</strong></span> <span class='ocrx_word' id='word_1_767' title='bbox 3265 4054 3472 4110; x_wconf 80' lang='lat' dir='ltr'><strong>Pausa-</strong></span> 
     </span>
    </p>
   </div>
   <div class='ocr_carea' id='block_1_113' title="bbox 1896 4136 3466 4209">
    <p class='ocr_par' dir='ltr' id='par_1_113' title="bbox 1896 4136 3466 4209">
     <span class='ocr_line' id='line_1_113' title="bbox 1896 4136 3466 4209; baseline 0.001 -17"><span class='ocrx_word' id='word_1_768' title='bbox 1896 4137 2015 4193; x_wconf 88' lang='lat' dir='ltr'><strong>nias</strong></span> <span class='ocrx_word' id='word_1_769' title='bbox 2043 4151 2098 4204; x_wconf 83' lang='lat' dir='ltr'><strong>x,</strong></span> <span class='ocrx_word' id='word_1_770' title='bbox 2131 4136 2220 4192; x_wconf 74' lang='grc'><strong>58.</strong></span> <span class='ocrx_word' id='word_1_771' title='bbox 2261 4136 2391 4191; x_wconf 82' lang='lat' dir='ltr'><strong>Vide</strong></span> <span class='ocrx_word' id='word_1_772' title='bbox 2440 4151 2652 4207; x_wconf 89' lang='lat' dir='ltr'><strong>quoque</strong></span> <span class='ocrx_word' id='word_1_773' title='bbox 2695 4152 2792 4202; x_wconf 86' lang='lat' dir='ltr'><strong>vn,</strong></span> <span class='ocrx_word' id='word_1_774' title='bbox 2837 4137 2903 4193; x_wconf 80' lang='grc'><strong>18</strong></span> <span class='ocrx_word' id='word_1_775' title='bbox 2931 4148 2984 4194; x_wconf 87' lang='lat' dir='ltr'><strong>et</strong></span> <span class='ocrx_word' id='word_1_776' title='bbox 3016 4137 3212 4194; x_wconf 81' lang='lat' dir='ltr'><strong>Ezecb.</strong></span> <span class='ocrx_word' id='word_1_777' title='bbox 3253 4139 3466 4209; x_wconf 88' lang='lat' dir='ltr'><strong>Sphau-</strong></span> 
     </span>
    </p>
   </div>
   <div class='ocr_carea' id='block_1_114' title="bbox 1895 4222 3470 4295">
    <p class='ocr_par' dir='ltr' id='par_1_114' title="bbox 1895 4222 3470 4295">
     <span class='ocr_line' id='line_1_114' title="bbox 1895 4222 3470 4295; baseline 0.002 -16"><span class='ocrx_word' id='word_1_778' title='bbox 1895 4223 2137 4284; x_wconf 88' lang='lat' dir='ltr'><strong>bemium</strong></span> <span class='ocrx_word' id='word_1_779' title='bbox 2198 4222 2416 4278; x_wconf 86' lang='lat' dir='ltr'><strong>dissert.</strong></span> <span class='ocrx_word' id='word_1_780' title='bbox 2476 4223 2532 4278; x_wconf 88' lang='lat' dir='ltr'><strong>Il</strong></span> <span class='ocrx_word' id='word_1_781' title='bbox 2595 4224 2659 4277; x_wconf 81' lang='lat' dir='ltr'><strong>de</strong></span> <span class='ocrx_word' id='word_1_782' title='bbox 2717 4239 2816 4279; x_wconf 77' lang='lat' dir='ltr'><strong>usu</strong></span> <span class='ocrx_word' id='word_1_783' title='bbox 2880 4233 2927 4278; x_wconf 84' lang='lat' dir='ltr'><strong>et</strong></span> <span class='ocrx_word' id='word_1_784' title='bbox 2980 4235 3159 4295; x_wconf 65' lang='lat' dir='ltr'><strong>praui.</strong></span> <span class='ocrx_word' id='word_1_785' title='bbox 3221 4226 3470 4282; x_wconf 75' lang='lat' dir='ltr'><strong>nuntiam.</strong></span> 
     </span>
    </p>
   </div>
   <div class='ocr_carea' id='block_1_115' title="bbox 1896 4306 2114 4378">
    <p class='ocr_par' dir='ltr' id='par_1_115' title="bbox 1896 4306 2114 4378">
     <span class='ocr_line' id='line_1_115' title="bbox 1896 4306 2114 4378; baseline 0.005 -16"><span class='ocrx_word' id='word_1_786' title='bbox 1896 4323 1950 4378; x_wconf 85' lang='lat' dir='ltr'><strong>p.</strong></span> <span class='ocrx_word' id='word_1_787' title='bbox 1988 4306 2114 4363; x_wconf 71' lang='grc'><strong>524.</strong></span> 
     </span>
    </p>
   </div>
   <div class='ocr_carea' id='block_1_116' title="bbox 1969 4390 3471 4465">
    <p class='ocr_par' dir='ltr' id='par_1_116' title="bbox 1969 4390 3471 4465">
     <span class='ocr_line' id='line_1_116' title="bbox 1969 4390 3471 4465; baseline 0.005 -20"><span class='ocrx_word' id='word_1_788' title='bbox 1969 4392 2097 4448; x_wconf 85' lang='lat' dir='ltr'><strong>Ibid.</strong></span> <span class='ocrx_word' id='word_1_789' title='bbox 2143 4391 2350 4460; x_wconf 83' lang='grc' dir='ltr'><em>Νῆσος</em></span> <span class='ocrx_word' id='word_1_790' title='bbox 2391 4390 2723 4462; x_wconf 79' lang='grc' dir='ltr'><strong>Πάνορμος.</strong></span> <span class='ocrx_word' id='word_1_791' title='bbox 2774 4392 2926 4450; x_wconf 87' lang='lat' dir='ltr'><strong>IIaud</strong></span> <span class='ocrx_word' id='word_1_792' title='bbox 2980 4410 3168 4465; x_wconf 90' lang='lat' dir='ltr'><strong>parum</strong></span> <span class='ocrx_word' id='word_1_793' title='bbox 3207 4395 3471 4452; x_wconf 66' lang='lat' dir='ltr'><strong>molestia:</strong></span> 
     </span>
    </p>
   </div>
   <div class='ocr_carea' id='block_1_117' title="bbox 1897 4477 3470 4548">
    <p class='ocr_par' dir='ltr' id='par_1_117' title="bbox 1897 4477 3470 4548">
     <span class='ocr_line' id='line_1_117' title="bbox 1897 4477 3470 4548; baseline 0.003 -17"><span class='ocrx_word' id='word_1_794' title='bbox 1897 4479 2010 4532; x_wconf 71' lang='lat' dir='ltr'><strong>haec</strong></span> <span class='ocrx_word' id='word_1_795' title='bbox 2039 4477 2166 4531; x_wconf 91' lang='lat' dir='ltr'><strong>mihi</strong></span> <span class='ocrx_word' id='word_1_796' title='bbox 2201 4477 2372 4532; x_wconf 86' lang='lat' dir='ltr'><strong>insula</strong></span> <span class='ocrx_word' id='word_1_797' title='bbox 2402 4477 2694 4548; x_wconf 77' lang='lat' dir='ltr'><strong>adspersit,</strong></span> <span class='ocrx_word' id='word_1_798' title='bbox 2730 4493 2907 4548; x_wconf 88' lang='lat' dir='ltr'><strong>neque</strong></span> <span class='ocrx_word' id='word_1_799' title='bbox 2935 4481 3201 4536; x_wconf 85' lang='lat' dir='ltr'><strong>hactenus</strong></span> <span class='ocrx_word' id='word_1_800' title='bbox 3233 4496 3351 4536; x_wconf 90' lang='lat' dir='ltr'><strong>eam</strong></span> <span class='ocrx_word' id='word_1_801' title='bbox 3384 4483 3470 4536; x_wconf 86' lang='lat' dir='ltr'><strong>de-</strong></span> 
     </span>
    </p>
   </div>
   <div class='ocr_carea' id='block_1_118' title="bbox 1895 4564 3472 4634">
    <p class='ocr_par' dir='ltr' id='par_1_118' title="bbox 1895 4564 3472 4634">
     <span class='ocr_line' id='line_1_118' title="bbox 1895 4564 3472 4634; baseline -0.001 -17"><span class='ocrx_word' id='word_1_802' title='bbox 1895 4578 2097 4633; x_wconf 86' lang='lat' dir='ltr'><strong>ponere</strong></span> <span class='ocrx_word' id='word_1_803' title='bbox 2139 4564 2284 4633; x_wconf 88' lang='lat' dir='ltr'><strong>potui</strong></span> <span class='ocrx_word' id='word_1_804' title='bbox 2334 4581 2348 4618; x_wconf 91' lang='lat'><strong>:</strong></span> <span class='ocrx_word' id='word_1_805' title='bbox 2421 4571 2628 4619; x_wconf 88' lang='lat' dir='ltr'><strong>tantum</strong></span> <span class='ocrx_word' id='word_1_806' title='bbox 2679 4579 2797 4634; x_wconf 80' lang='lat' dir='ltr'><strong>quae</strong></span> <span class='ocrx_word' id='word_1_807' title='bbox 2833 4565 2884 4619; x_wconf 91' lang='lat' dir='ltr'><strong>in</strong></span> <span class='ocrx_word' id='word_1_808' title='bbox 2931 4575 3163 4621; x_wconf 83' lang='lat' dir='ltr'><strong>mentem</strong></span> <span class='ocrx_word' id='word_1_809' title='bbox 3203 4567 3472 4630; x_wconf 84' lang='lat' dir='ltr'><strong>venerim,</strong></span> 
     </span>
    </p>
   </div>
   <div class='ocr_carea' id='block_1_119' title="bbox 1897 4647 3473 4707">
    <p class='ocr_par' dir='ltr' id='par_1_119' title="bbox 1897 4647 3473 4707">
     <span class='ocr_line' id='line_1_119' title="bbox 1897 4647 3473 4707; baseline 0.001 -3"><span class='ocrx_word' id='word_1_810' title='bbox 1897 4649 2222 4704; x_wconf 76' lang='lat' dir='ltr'><strong>adsCribam.</strong></span> <span class='ocrx_word' id='word_1_811' title='bbox 2256 4647 2585 4704; x_wconf 89' lang='lat' dir='ltr'><strong>Panormum</strong></span> <span class='ocrx_word' id='word_1_812' title='bbox 2617 4649 2845 4704; x_wconf 85' lang='lat' dir='ltr'><strong>insulam</strong></span> <span class='ocrx_word' id='word_1_813' title='bbox 2891 4661 3102 4707; x_wconf 80' lang='lat' dir='ltr'><strong>veteres</strong></span> <span class='ocrx_word' id='word_1_814' title='bbox 3133 4651 3339 4706; x_wconf 87' lang='lat' dir='ltr'><strong>circum</strong></span> <span class='ocrx_word' id='word_1_815' title='bbox 3376 4652 3473 4706; x_wconf 86' lang='lat' dir='ltr'><strong>Pe-</strong></span> 
     </span>
    </p>
   </div>
   <div class='ocr_carea' id='block_1_120' title="bbox 1899 4733 3469 4805">
    <p class='ocr_par' dir='ltr' id='par_1_120' title="bbox 1899 4733 3469 4805">
     <span class='ocr_line' id='line_1_120' title="bbox 1899 4733 3469 4805; baseline 0.001 -18"><span class='ocrx_word' id='word_1_816' title='bbox 1899 4735 2248 4803; x_wconf 90' lang='lat' dir='ltr'><strong>loponnesum</strong></span> <span class='ocrx_word' id='word_1_817' title='bbox 2285 4735 2536 4803; x_wconf 84' lang='lat' dir='ltr'><strong>ignorant</strong></span> <span class='ocrx_word' id='word_1_818' title='bbox 2583 4750 2597 4785; x_wconf 91' lang='lat'><strong>:</strong></span> <span class='ocrx_word' id='word_1_819' title='bbox 2646 4733 2806 4789; x_wconf 87' lang='lat' dir='ltr'><strong>habet</strong></span> <span class='ocrx_word' id='word_1_820' title='bbox 2830 4734 2950 4804; x_wconf 86' lang='lat' dir='ltr'><strong>ejus</strong></span> <span class='ocrx_word' id='word_1_821' title='bbox 2989 4737 3220 4790; x_wconf 87' lang='lat' dir='ltr'><strong>nominis</strong></span> <span class='ocrx_word' id='word_1_822' title='bbox 3259 4747 3469 4805; x_wconf 87' lang='lat' dir='ltr'><strong>portum</strong></span> 
     </span>
    </p>
   </div>
   <div class='ocr_carea' id='block_1_121' title="bbox 1897 4813 3474 4890">
    <p class='ocr_par' dir='ltr' id='par_1_121' title="bbox 1897 4813 3474 4890">
     <span class='ocr_line' id='line_1_121' title="bbox 1897 4813 3474 4890; baseline 0.001 -16"><span class='ocrx_word' id='word_1_823' title='bbox 1897 4833 2068 4889; x_wconf 81' lang='lat' dir='ltr'><strong>prepe</strong></span> <span class='ocrx_word' id='word_1_824' title='bbox 2098 4817 2294 4871; x_wconf 83' lang='lat' dir='ltr'><strong>Rhium</strong></span> <span class='ocrx_word' id='word_1_825' title='bbox 2346 4818 2396 4871; x_wconf 91' lang='lat' dir='ltr'><strong>in</strong></span> <span class='ocrx_word' id='word_1_826' title='bbox 2445 4816 2705 4886; x_wconf 83' lang='lat' dir='ltr'><strong>Naupacti</strong></span> <span class='ocrx_word' id='word_1_827' title='bbox 2738 4819 2973 4874; x_wconf 76' lang='lat' dir='ltr'><strong>adverso</strong></span> <span class='ocrx_word' id='word_1_828' title='bbox 3015 4819 3196 4875; x_wconf 84' lang='lat' dir='ltr'><strong>littore</strong></span> <span class='ocrx_word' id='word_1_829' title='bbox 3221 4813 3474 4890; x_wconf 83' lang='lat' dir='ltr'><strong>Polybius</strong></span> 
     </span>
    </p>
   </div>
   <div class='ocr_carea' id='block_1_122' title="bbox 1897 4900 3472 4974">
    <p class='ocr_par' dir='ltr' id='par_1_122' title="bbox 1897 4900 3472 4974">
     <span class='ocr_line' id='line_1_122' title="bbox 1897 4900 3472 4974; baseline 0.002 -18"><span class='ocrx_word' id='word_1_830' title='bbox 1897 4918 1951 4966; x_wconf 76' lang='grc' dir='ltr'>ν,</span> <span class='ocrx_word' id='word_1_831' title='bbox 1983 4901 2090 4958; x_wconf 57' lang='grc' dir='ltr'>ιον</span> <span class='ocrx_word' id='word_1_832' title='bbox 2125 4910 2177 4956; x_wconf 88' lang='lat' dir='ltr'><strong>et</strong></span> <span class='ocrx_word' id='word_1_833' title='bbox 2203 4900 2502 4957; x_wconf 86' lang='lat' dir='ltr'><strong>Pausanias</strong></span> <span class='ocrx_word' id='word_1_834' title='bbox 2531 4903 2746 4957; x_wconf 81' lang='lat' dir='ltr'><strong>Achaic.</strong></span> <span class='ocrx_word' id='word_1_835' title='bbox 2779 4902 2869 4966; x_wconf 85' lang='grc'>22,</span> <span class='ocrx_word' id='word_1_836' title='bbox 2900 4904 2995 4971; x_wconf 90' lang='lat' dir='ltr'><strong>qui</strong></span> <span class='ocrx_word' id='word_1_837' title='bbox 3025 4904 3210 4974; x_wconf 82' lang='lat' dir='ltr'><strong>utique</strong></span> <span class='ocrx_word' id='word_1_838' title='bbox 3240 4905 3373 4958; x_wconf 86' lang='lat' dir='ltr'><strong>nihil</strong></span> <span class='ocrx_word' id='word_1_839' title='bbox 3405 4907 3472 4959; x_wconf 83' lang='lat' dir='ltr'><strong>ad</strong></span> 
     </span>
    </p>
   </div>
   <div class='ocr_carea' id='block_1_123' title="bbox 1893 4985 3472 5057">
    <p class='ocr_par' dir='ltr' id='par_1_123' title="bbox 1893 4985 3472 5057">
     <span class='ocr_line' id='line_1_123' title="bbox 1893 4985 3472 5057; baseline -0.001 -15"><span class='ocrx_word' id='word_1_840' title='bbox 1893 4989 2037 5042; x_wconf 85' lang='lat' dir='ltr'><strong>hanc</strong></span> <span class='ocrx_word' id='word_1_841' title='bbox 2069 4985 2330 5041; x_wconf 86' lang='lat' dir='ltr'><strong>insulam.</strong></span> <span class='ocrx_word' id='word_1_842' title='bbox 2375 4988 2549 5040; x_wconf 80' lang='lat' dir='ltr'><strong>Aliam</strong></span> <span class='ocrx_word' id='word_1_843' title='bbox 2589 4987 2642 5040; x_wconf 91' lang='lat' dir='ltr'><strong>in</strong></span> <span class='ocrx_word' id='word_1_844' title='bbox 2680 4986 3023 5057; x_wconf 86' lang='lat' dir='ltr'><strong>Cephallenia</strong></span> <span class='ocrx_word' id='word_1_845' title='bbox 3061 4990 3210 5043; x_wconf 90' lang='lat' dir='ltr'><strong>novit</strong></span> <span class='ocrx_word' id='word_1_846' title='bbox 3239 4989 3472 5043; x_wconf 75' lang='lat' dir='ltr'><strong>Artemi-</strong></span> 
     </span>
    </p>
   </div>
   <div class='ocr_carea' id='block_1_124' title="bbox 1896 5070 3470 5144">
    <p class='ocr_par' dir='ltr' id='par_1_124' title="bbox 1896 5070 3470 5144">
     <span class='ocr_line' id='line_1_124' title="bbox 1896 5070 3470 5144; baseline 0.001 -17"><span class='ocrx_word' id='word_1_847' title='bbox 1896 5072 2059 5128; x_wconf 82' lang='lat' dir='ltr'><strong>dorus</strong></span> <span class='ocrx_word' id='word_1_848' title='bbox 2130 5072 2268 5142; x_wconf 87' lang='lat' dir='ltr'><strong>apud</strong></span> <span class='ocrx_word' id='word_1_849' title='bbox 2331 5070 2686 5142; x_wconf 84' lang='lat' dir='ltr'><strong>Porphyrium</strong></span> <span class='ocrx_word' id='word_1_850' title='bbox 2747 5072 2814 5126; x_wconf 87' lang='lat' dir='ltr'><strong>de</strong></span> <span class='ocrx_word' id='word_1_851' title='bbox 2883 5071 3248 5144; x_wconf 83' lang='lat' dir='ltr'><strong>Nympharum</strong></span> <span class='ocrx_word' id='word_1_852' title='bbox 3311 5083 3470 5129; x_wconf 82' lang='lat' dir='ltr'><strong>antro</strong></span> 
     </span>
    </p>
   </div>
   <div class='ocr_carea' id='block_1_125' title="bbox 1895 5155 3467 5228">
    <p class='ocr_par' dir='ltr' id='par_1_125' title="bbox 1895 5155 3467 5228">
     <span class='ocr_line' id='line_1_125' title="bbox 1895 5155 3467 5228; baseline 0.002 -20"><span class='ocrx_word' id='word_1_853' title='bbox 1895 5170 1944 5222; x_wconf 87' lang='lat' dir='ltr'><strong>p.</strong></span> <span class='ocrx_word' id='word_1_854' title='bbox 1977 5155 2103 5221; x_wconf 59' lang='lat' dir='ltr'><strong>III,</strong></span> <span class='ocrx_word' id='word_1_855' title='bbox 2129 5156 2256 5210; x_wconf 81' lang='lat' dir='ltr'><strong>edit.</strong></span> <span class='ocrx_word' id='word_1_856' title='bbox 2294 5156 2494 5210; x_wconf 73' lang='lat' dir='ltr'><strong>Bat&#39;nes</strong></span> <span class='ocrx_word' id='word_1_857' title='bbox 2529 5175 2540 5208; x_wconf 89' lang='grc'>;</span> <span class='ocrx_word' id='word_1_858' title='bbox 2572 5156 2680 5224; x_wconf 69' lang='grc' dir='ltr'><strong>Τῆς</strong></span> <span class='ocrx_word' id='word_1_859' title='bbox 2714 5155 3100 5228; x_wconf 71' lang='grc' dir='ltr'><strong>Κεφαλληνίας</strong></span> <span class='ocrx_word' id='word_1_860' title='bbox 3127 5157 3233 5210; x_wconf 79' lang='grc' dir='ltr'><strong>ἀπὸ</strong></span> <span class='ocrx_word' id='word_1_861' title='bbox 3260 5159 3467 5228; x_wconf 76' lang='grc' dir='ltr'><strong>Πανόρο</strong></span> 
     </span>
    </p>
   </div>
   <div class='ocr_carea' id='block_1_126' title="bbox 1896 5239 3470 5316">
    <p class='ocr_par' dir='ltr' id='par_1_126' title="bbox 1896 5239 3470 5316">
     <span class='ocr_line' id='line_1_126' title="bbox 1896 5239 3470 5316; baseline 0.004 -24"><span class='ocrx_word' id='word_1_862' title='bbox 1896 5258 1998 5310; x_wconf 86' lang='grc' dir='ltr'>μου</span> <span class='ocrx_word' id='word_1_863' title='bbox 2051 5239 2269 5309; x_wconf 78' lang='grc' dir='ltr'><strong>λιμένος</strong></span> <span class='ocrx_word' id='word_1_864' title='bbox 2310 5240 2445 5312; x_wconf 69' lang='grc' dir='ltr'>πρὸς</span> <span class='ocrx_word' id='word_1_865' title='bbox 2492 5239 2758 5308; x_wconf 79' lang='grc' dir='ltr'>ἀνατολὴν</span> <span class='ocrx_word' id='word_1_866' title='bbox 2812 5240 3017 5294; x_wconf 77' lang='grc' dir='ltr'><strong>δώδεκα</strong></span> <span class='ocrx_word' id='word_1_867' title='bbox 3070 5243 3258 5297; x_wconf 77' lang='grc' dir='ltr'><strong>στάδια</strong></span> <span class='ocrx_word' id='word_1_868' title='bbox 3310 5246 3470 5316; x_wconf 77' lang='grc' dir='ltr'>νῆσός</span> 
     </span>
    </p>
   </div>
   <div class='ocr_carea' id='block_1_127' title="bbox 1893 5323 3470 5396">
    <p class='ocr_par' dir='ltr' id='par_1_127' title="bbox 1893 5323 3470 5396">
     <span class='ocr_line' id='line_1_127' title="bbox 1893 5323 3470 5396; baseline 0.002 -19"><span class='ocrx_word' id='word_1_869' title='bbox 1893 5327 2041 5378; x_wconf 77' lang='grc' dir='ltr'>ἐστιν</span> <span class='ocrx_word' id='word_1_870' title='bbox 2078 5324 2257 5394; x_wconf 78' lang='grc' dir='ltr'><strong>Ἰθάκη</strong></span> <span class='ocrx_word' id='word_1_871' title='bbox 2293 5324 2523 5377; x_wconf 77' lang='grc' dir='ltr'><strong>σταδίων</strong></span> <span class='ocrx_word' id='word_1_872' title='bbox 2554 5323 2883 5395; x_wconf 71' lang='grc' dir='ltr'>ὀγδοήκοντα</span> <span class='ocrx_word' id='word_1_873' title='bbox 2918 5328 3101 5380; x_wconf 78' lang='grc' dir='ltr'>πέντε.</span> <span class='ocrx_word' id='word_1_874' title='bbox 3156 5327 3222 5382; x_wconf 83' lang='grc' dir='ltr'>Ει</span> <span class='ocrx_word' id='word_1_875' title='bbox 3248 5328 3470 5396; x_wconf 63' lang='lat' dir='ltr'><strong>Antipa-</strong></span> 
     </span>
    </p>
   </div>
   <div class='ocr_carea' id='block_1_128' title="bbox 1894 5409 3466 5483">
    <p class='ocr_par' dir='ltr' id='par_1_128' title="bbox 1894 5409 3466 5483">
     <span class='ocr_line' id='line_1_128' title="bbox 1894 5409 3466 5483; baseline 0.004 -23"><span class='ocrx_word' id='word_1_876' title='bbox 1894 5419 1975 5464; x_wconf 87' lang='lat' dir='ltr'><strong>ter</strong></span> <span class='ocrx_word' id='word_1_877' title='bbox 2025 5412 2078 5464; x_wconf 84' lang='lat' dir='ltr'><strong>in</strong></span> <span class='ocrx_word' id='word_1_878' title='bbox 2131 5411 2525 5480; x_wconf 86' lang='lat' dir='ltr'><strong>epigrammate</strong></span> <span class='ocrx_word' id='word_1_879' title='bbox 2585 5412 2653 5462; x_wconf 87' lang='lat' dir='ltr'><strong>ab</strong></span> <span class='ocrx_word' id='word_1_880' title='bbox 2708 5409 3011 5465; x_wconf 89' lang='lat' dir='ltr'><strong>IIolsteinio</strong></span> <span class='ocrx_word' id='word_1_881' title='bbox 3072 5413 3140 5466; x_wconf 90' lang='lat' dir='ltr'><strong>ad</strong></span> <span class='ocrx_word' id='word_1_882' title='bbox 3203 5411 3466 5483; x_wconf 86' lang='lat' dir='ltr'><strong>Stephani</strong></span> 
     </span>
    </p>
   </div>
   <div class='ocr_carea' id='block_1_129' title="bbox 1895 5495 3468 5570">
    <p class='ocr_par' dir='ltr' id='par_1_129' title="bbox 1895 5495 3468 5570">
     <span class='ocr_line' id='line_1_129' title="bbox 1895 5495 3468 5570; baseline 0.003 -21"><span class='ocrx_word' id='word_1_883' title='bbox 1895 5495 2180 5566; x_wconf 77' lang='grc' dir='ltr'><strong>Πάνορμος</strong></span> <span class='ocrx_word' id='word_1_884' title='bbox 2236 5495 2512 5565; x_wconf 85' lang='lat' dir='ltr'><strong>publicato</strong></span> <span class='ocrx_word' id='word_1_885' title='bbox 2559 5516 2573 5550; x_wconf 86' lang='lat'>:</span> <span class='ocrx_word' id='word_1_886' title='bbox 2626 5496 2784 5549; x_wconf 77' lang='grc' dir='ltr'>Φοῖϐε</span> <span class='ocrx_word' id='word_1_887' title='bbox 2833 5498 3198 5570; x_wconf 78' lang='grc' dir='ltr'><strong>Κεφαλλήνων</strong></span> <span class='ocrx_word' id='word_1_888' title='bbox 3249 5499 3468 5570; x_wconf 74' lang='grc' dir='ltr'><strong>λιμενόο</strong></span> 
     </span>
    </p>
   </div>
   <div class='ocr_carea' id='block_1_130' title="bbox 1893 5581 3467 5656">
    <p class='ocr_par' dir='ltr' id='par_1_130' title="bbox 1893 5581 3467 5656">
     <span class='ocr_line' id='line_1_130' title="bbox 1893 5581 3467 5656; baseline 0 -21"><span class='ocrx_word' id='word_1_889' title='bbox 1893 5599 2081 5644; x_wconf 67' lang='lat' dir='ltr'><strong>exorta,</strong></span> <span class='ocrx_word' id='word_1_890' title='bbox 2134 5581 2254 5636; x_wconf 83' lang='grc' dir='ltr'>Θίνα</span> <span class='ocrx_word' id='word_1_891' title='bbox 2311 5583 2597 5654; x_wconf 66' lang='grc' dir='ltr'>Ππινόρμου</span> <span class='ocrx_word' id='word_1_892' title='bbox 2659 5582 2825 5637; x_wconf 80' lang='grc' dir='ltr'>ναίων</span> <span class='ocrx_word' id='word_1_893' title='bbox 2873 5586 3134 5656; x_wconf 78' lang='grc' dir='ltr'><strong>τρηχείης</strong></span> <span class='ocrx_word' id='word_1_894' title='bbox 3169 5585 3467 5655; x_wconf 76' lang='grc' dir='ltr'><strong>ἀντιπέρην</strong></span> 
     </span>
    </p>
   </div>
   <div class='ocr_carea' id='block_1_131' title="bbox 1892 5665 3468 5741">
    <p class='ocr_par' dir='ltr' id='par_1_131' title="bbox 1892 5665 3468 5741">
     <span class='ocr_line' id='line_1_131' title="bbox 1892 5665 3468 5741; baseline 0.001 -22"><span class='ocrx_word' id='word_1_895' title='bbox 1892 5667 2128 5736; x_wconf 75' lang='grc' dir='ltr'><strong>Ἰθάκης.</strong></span> <span class='ocrx_word' id='word_1_896' title='bbox 2161 5665 2295 5722; x_wconf 83' lang='lat' dir='ltr'><strong>Hine</strong></span> <span class='ocrx_word' id='word_1_897' title='bbox 2317 5680 2416 5736; x_wconf 78' lang='lat' dir='ltr'><strong>ego</strong></span> <span class='ocrx_word' id='word_1_898' title='bbox 2455 5667 2668 5722; x_wconf 86' lang='lat' dir='ltr'><strong>dedisse</strong></span> <span class='ocrx_word' id='word_1_899' title='bbox 2700 5665 2997 5724; x_wconf 85' lang='lat' dir='ltr'><strong>Hieroclem</strong></span> <span class='ocrx_word' id='word_1_900' title='bbox 3030 5669 3214 5741; x_wconf 75' lang='grc' dir='ltr'><strong>Νήσοι)</strong></span> <span class='ocrx_word' id='word_1_901' title='bbox 3249 5670 3468 5740; x_wconf 71' lang='grc' dir='ltr'><strong>Κεφαλ-</strong></span> 
     </span>
    </p>
   </div>
   <div class='ocr_carea' id='block_1_132' title="bbox 1889 5750 3461 5824">
    <p class='ocr_par' dir='ltr' id='par_1_132' title="bbox 1889 5750 3461 5824">
     <span class='ocr_line' id='line_1_132' title="bbox 1889 5750 3461 5824; baseline 0.003 -20"><span class='ocrx_word' id='word_1_902' title='bbox 1889 5751 2077 5822; x_wconf 80' lang='grc' dir='ltr'><strong>ληνίας</strong></span> <span class='ocrx_word' id='word_1_903' title='bbox 2123 5751 2409 5824; x_wconf 82' lang='grc' dir='ltr'>Πάνορμος</span> <span class='ocrx_word' id='word_1_904' title='bbox 2453 5750 2832 5821; x_wconf 88' lang='lat' dir='ltr'><strong>conjiciebam,</strong></span> <span class='ocrx_word' id='word_1_905' title='bbox 2867 5763 2958 5806; x_wconf 89' lang='lat' dir='ltr'><strong>aut</strong></span> <span class='ocrx_word' id='word_1_906' title='bbox 2989 5764 3138 5810; x_wconf 89' lang='lat' dir='ltr'><strong>certe</strong></span> <span class='ocrx_word' id='word_1_907' title='bbox 3183 5769 3246 5809; x_wconf 81' lang='lat' dir='ltr'><strong>ex</strong></span> <span class='ocrx_word' id='word_1_908' title='bbox 3304 5760 3461 5824; x_wconf 81' lang='lat' dir='ltr'><strong>portu</strong></span> 
     </span>
    </p>
   </div>
   <div class='ocr_carea' id='block_1_133' title="bbox 1893 5835 3459 5902">
    <p class='ocr_par' dir='ltr' id='par_1_133' title="bbox 1893 5835 3459 5902">
     <span class='ocr_line' id='line_1_133' title="bbox 1893 5835 3459 5902; baseline 0 -9"><span class='ocrx_word' id='word_1_909' title='bbox 1893 5838 2047 5895; x_wconf 87' lang='lat' dir='ltr'><strong>nobis</strong></span> <span class='ocrx_word' id='word_1_910' title='bbox 2082 5835 2313 5893; x_wconf 86' lang='lat' dir='ltr'><strong>insulam</strong></span> <span class='ocrx_word' id='word_1_911' title='bbox 2357 5837 2571 5894; x_wconf 80' lang='lat' dir='ltr'><strong>fecisse.</strong></span> <span class='ocrx_word' id='word_1_912' title='bbox 2611 5835 2728 5902; x_wconf 84' lang='lat' dir='ltr'><strong>Quo</strong></span> <span class='ocrx_word' id='word_1_913' title='bbox 2766 5840 2943 5895; x_wconf 90' lang='lat' dir='ltr'><strong>minus</strong></span> <span class='ocrx_word' id='word_1_914' title='bbox 2973 5848 3150 5895; x_wconf 83' lang='lat' dir='ltr'><strong>tamen</strong></span> <span class='ocrx_word' id='word_1_915' title='bbox 3178 5855 3363 5897; x_wconf 88' lang='lat' dir='ltr'><strong>secure</strong></span> <span class='ocrx_word' id='word_1_916' title='bbox 3408 5843 3459 5894; x_wconf 73' lang='lat' dir='ltr'><strong>in</strong></span> 
     </span>
    </p>
   </div>
  </div>
