4060 6342
491 409 664 453 morat
700 396 894 452 Strabo
931 396 968 450 I.
1005 409 1079 451 ιιι
1131 412 1186 466 p.
1230 395 1355 460 567,
1403 403 1458 449 et
1498 408 1564 450 ex
1603 409 1671 448 eo
1722 391 2049 458 Stephanus,

496 481 656 533 modo
678 479 736 535 id
771 479 1040 534 diversum
1068 495 1095 532 a
1120 479 1472 534 conciliorum
1506 477 1729 539 Blando,
1759 489 1863 542 qua
1897 473 1964 526 de
1997 485 2056 524 ro

491 562 743 631 equidem
787 563 1168 625 dubitaverim,
1197 555 1394 627 luerit;
1434 575 1555 630 qua:
1595 575 1720 614 eum
1748 559 1816 613 ab
1849 555 2056 610 Helles-

492 647 642 714 ponti
671 646 949 714 provincia
978 646 1192 714 longius
1213 645 1443 710 distent,
1466 644 1598 698 nihil
1625 644 1836 713 juvant.
1869 639 2058 710 Itaque

493 728 623 784 huic
647 740 698 786 ct
726 731 808 800 τῷ
831 731 1095 784 Σκέλεντα
1125 730 1262 785 alius
1299 731 1612 800 opituletur.

561 811 683 866 Col.
718 813 838 868 I15.
877 817 1091 880 Μόλις.
1134 814 1360 869 Carolus
1412 829 1440 868 a
1489 815 1547 866 S.
1584 812 1749 868 I’anlo
1780 810 1932 867 Melis
1957 824 2056 866 seu

490 893 814 966 Melitopolis
829 915 940 954 sua:
957 900 1178 955 editioni
1199 901 1469 969 ascripsit.
1484 899 1842 968 Miletopolita:
1855 899 2055 953 etMet-

492 978 870 1047 ὶητοπολεὶται
911 994 1036 1038 Sunt
1067 984 1122 1037 in
1164 984 1346 1038 multis
1385 994 1436 1037 et
1466 983 1641 1038 Plinio
1675 983 1817 1038 inter
1847 980 2056 1036 IIeIlcs-

491 1065 642 1129 ponti
687 1066 920 1122 accolas.
979 1065 1280 1122 Scribendo
1328 1081 1544 1136 quoque
1593 1066 1767 1120 adfuit
1823 1067 2061 1122 concilio

491 1146 910 1219 Constantinop.
950 1150 1111 1206 tertio
1141 1166 1192 1218 p.
1224 1151 1320 1206 501
1357 1149 1592 1204 Joannes
1623 1149 1920 1214 ἐπίσκοπος
1955 1152 2058 1220 τῆς

491 1229 974 1300 Ῐιιιῖοητουπολετῶν
1021 1234 1229 1297 πόλεως
1269 1235 1368 1304 τῆς
1417 1233 1848 1306 Ἑλλησποντίων
1878 1233 2054 1304 ἐπαρ-

491 1314 700 1383 154;,“
727 1315 942 1371 Nica-no
966 1317 1207 1372 secundo
1222 1317 1453 1373 Michael
1470 1318 1570 1388 τῆς
1586 1314 2055 1380 Μελιτουπόλεως,

493 1410 548 1452 nt
582 1415 860 1470 perperam
894 1417 946 1472 p.
981 1402 1093 1458 593
1117 1411 1281 1474 atque
1309 1404 1439 1460 alibi
1469 1404 1745 1460 scribitur.
1765 1401 1878 1458 Nec
1901 1416 2055 1458 asse-

493 1499 757 1539 verarero
777 1496 975 1550 tamen,
1012 1488 1114 1542 nisi
1139 1488 1392 1544 meliores
1415 1504 1579 1544 manu
1603 1487 1810 1543 exarati
1838 1485 2059 1544 codices

490 1568 714 1638 propius
746 1570 1000 1632 abierint,
1033 1586 1151 1626 eam
1181 1586 1325 1627 esse.

564 1651 706 1706 Ibid.
723 1653 963 1722 Γέρμαε.
984 1655 1192 1724 Γέρμη.
1209 1655 1322 1709 Non
1353 1655 1509 1725 longe
1530 1671 1560 1709 a
1579 1653 1777 1726 Cyzico
1817 1653 2059 1710 abfuisse

494 1734 804 1804 Sephanus
837 1745 1026 1792 auctor
1049 1747 1158 1802 est,
1191 1738 1283 1794 ubi
1316 1738 1673 1793 IIolsteinium
1704 1739 1846 1793 vide.
1869 1736 2054 1792 Ptole-

493 1834 627 1871 maeo
649 1819 773 1888 ἱερά
789 1819 996 1892 Γὲρμη,
1020 1822 1162 1878 unde
1187 1823 1303 1878 solo
1341 1823 1556 1876 ῚΕΡΑΣ
1582 1822 1738 1877 titulo
1768 1821 1967 1892 signari
2000 1819 2055 1874 in

491 1905 716 1970 egregio
744 1917 908 1959 numo
935 1904 1052 1961 Nic.
1084 1904 1349 1976 Haymius
1377 1906 1527 1960 Ther.
1567 1904 1778 1959 Iit-ium.
1840 1917 1970 1960 tom.
2015 1901 2057 1958 ll

495 2000 548 2051 ν.
583 1984 692 2040 I15
723 1987 1065 2056 arbitratur;
1103 2004 1225 2060 qua:
1264 1989 1394 2043 mihi
1425 1990 1735 2060 conjectura
1774 1989 1946 2042 multo
1975 1989 2056 2042 vi-

493 2073 651 2126 oletur
676 2073 1058 2130 incertissima.
1085 2076 1245 2132 Plura
1279 2077 1346 2131 de
1377 2074 1508 2131 urbe
1532 2076 1597 2130 ad
1628 2073 1827 2130 Anton.
1864 2073 2056 2128 Itiner.

567 2238 700 2297 Ibid.
727 2245 1009 2311 Ἀπταος.
1031 2245 1182 2303 itane
1201 2257 1253 2301 et
1275 2256 1588 2316 sequentem
1610 2244 1807 2299 frustra
1834 2259 2020 2313 quam
2039 2261 2058 2299 :

495 2325 636 2380 forte
662 2338 838 2382 tamen
868 2328 918 2382 in
949 2328 1139 2400 Κέρτη
1175 2329 1363 2384 latebit
1390 2329 1629 2400 Κέὀρην,
1655 2328 1782 2382 urbs
1808 2326 2056 2394 ’I'roadls,

493 2411 655 2464 sicuti
688 2411 900 2482 Scylaei
938 2425 987 2468 et
1026 2412 1442 2484 Ilarpocrationi
1489 2429 1553 2468 ex
1593 2412 1955 2468 Demosthene
2004 2410 2057 2465 in

492 2505 533 2544 Α
548 2493 884 2550 ristoeratem
916 2511 969 2565 ν.
1006 2497 1113 2554 428
1145 2499 1364 2552 dicitur.
1392 2497 1672 2568 Κεδρηνία
1701 2497 1840 2562 aliis,
1868 2494 2058 2567 Κὲὗρη

496 2575 776 2647 Sibyllinis
802 2583 1041 2635 oraculis
1075 2581 1111 2634 Ι.
1144 2596 1203 2634 nt
1254 2596 1308 2650 p.
1353 2581 1480 2643 243,
1528 2578 1974 2651 quemadmodum
2004 2587 2062 2634 et

496 2659 828 2716 Ilolsteinins
857 2664 908 2718 itt
948 2663 1282 2734 Stephanum
1316 2665 1548 2720 monuit.

566 2744 698 2801 Ibid.
741 2747 996 2818 Σὰγαρα.
1048 2747 1158 2804 Nec
1216 2751 1357 2805 hanc
1423 2749 1669 2818 expedio.
1737 2747 2061 2819 Sangarum,

493 2828 764 2900 Bithynia:
794 2833 969 2888 vicum
1004 2834 1357 2897 maritimum,
1389 2847 1495 2887 non
1541 2839 1698 2902 longe
1731 2833 1798 2886 ab
1828 2833 2062 2887 Heleno-

478 2915 603 2981 poli
628 2913 962 2974 Sozomenus
989 2917 1061 2972 II.
1083 2917 1154 2976 Ε.
1179 2933 1274 2985 rtr,
1309 2919 1376 2973 18
1407 2917 1573 2972 fuisse
1601 2917 1787 2982 refert,
1812 2919 1915 2973 situ
1945 2919 2061 2988 ipso

501 3003 729 3056 multum
794 3005 920 3058 hinc
988 3005 1409 3074 discrepantem.
1461 3003 1728 3076 Σαγάρων
1776 3003 2063 3074 episcopus

493 3087 744 3140 Andreas
769 3096 854 3140 est
889 3089 941 3140 in
975 3086 1302 3143 Chalcedon.
1334 3105 1385 3157 p.
1419 3087 1546 3151 576,
1582 3089 1673 3142 scd
1715 3085 1898 3158 Lydia:
1926 3101 2059 3142 con-

497 3168 735 3224 tributus
761 3181 813 3225 et
861 3171 1121 3226 Σατάλων
1157 3188 1212 3242 p.
1250 3170 1355 3226 599
1385 3173 1568 3227 verius
1592 3172 1890 3241 appellatus
1921 3186 1935 3225 :
1979 3171 2062 3224 ni-

496 3254 573 3309 hil
607 3271 737 3327 ergo
771 3265 824 3310 ct
852 3257 937 3312 his
961 3259 1147 3312 auxilii
1178 3257 1342 3312 feret.
1372 3257 1558 3312 Restat
1591 3256 1912 3314 Cleodetnus
1946 3257 2063 3312 Fla-

497 3339 690 3392 vianus
724 3339 1074 3411 Σαγαραὶτης
1124 3356 1189 3395 ex
1237 3341 1558 3396 Reinesiana
1600 3342 1668 3398 cl.
1702 3358 1744 3408 t,
1775 3341 1863 3410 72,
1899 3356 2059 3413 quem

498 3420 627 3476 hine
655 3425 821 3478 fuisse
847 3440 958 3480 non
994 3425 1196 3494 iniusta
1241 3427 1483 3496 suspicio
1510 3439 1612 3482 est.

569 3509 703 3564 Ibid.
753 3510 1056 3578 Ἀδριανοῦ
1111 3508 1303 3580 θῆραι.
1344 3511 1434 3566 Sic
1473 3515 1707 3582 oportuit
1750 3530 1765 3568 :
1809 3512 2060 3583 oppidum

495 3594 640 3648 enim
671 3593 977 3653 Hadrianus
1017 3599 1069 3651 ltt
1118 3597 1285 3668 Mysia
1322 3595 1784 3652 Hadrianotheras
1821 3597 1890 3653 bl.
1939 3595 1996 3649 Ρ.
2026 3596 2064 3651 8

497 3696 525 3731 a
557 3677 840 3751 Pergamo,
878 3682 982 3738 nisi
1017 3681 1223 3736 Tabula
1282 3679 1439 3745 fallit,
1492 3680 1632 3751 quini
1689 3682 1798 3736 illic
1848 3689 1902 3734 ct
1942 3680 2060 3736 feli-

496 3763 635 3819 citer
661 3776 804 3819 esset
833 3776 1058 3820 venatus
1087 3774 1140 3819 et
1175 3780 1354 3820 ursam
1397 3766 1705 3830 occidisset,
1756 3765 2058 3828 constituit,

497 3855 556 3898 ut
593 3845 917 3914 Spartianus
944 3848 994 3902 in
1028 3847 1302 3903 Hadriano
1328 3863 1377 3903 e.
1409 3847 1482 3902 20
1511 3856 1563 3903 et
1594 3849 1688 3903 Ilio
1719 3850 1928 3902 docent.
1954 3843 2063 3901 Ter

498 3931 680 3998 oppidi
750 3931 996 3987 meminit
1049 3933 1316 3988 Aristides
1369 3942 1496 3987 tom.
1549 3931 1650 4000 Ip.
1708 3933 1830 3997 500,
1891 3933 2064 3988 semel

508 4013 794 4084 Ἀδριανοῦ
837 4015 1036 4084 θήραν,
1081 4016 1434 4072 librariorum
1487 4017 1773 4071 manifesto
1819 4027 2060 4085 peccato,

495 4097 796 4167 appellans.
842 4098 1285 4170 Ἀδρανουούρων
1312 4102 1598 4169 episc0pns
1641 4109 1723 4154 cst
1761 4099 2068 4170 in-Nicmno

496 4182 734 4237 secundo
775 4198 826 4251 p.
859 4182 989 4248 552,
1017 4182 1107 4252 qui
1158 4200 1213 4254 p.
1253 4183 1357 4240 592
1408 4185 1852 4256 Ἀδρανουθήρων
1905 4183 2066 4255 paulo

499 4267 700 4321 rectius
750 4269 966 4321 dicitur.
1021 4266 1181 4322 Cives
1233 4269 1729 4340 Ἀδριανοθηρείται
1781 4271 1832 4323 in
1889 4269 2068 4324 numis

497 4350 638 4419 apud
691 4349 1022 4404 lIardninurn
1071 4362 1128 4405 et
1179 4347 1526 4406 Vaillantinm
1581 4353 1782 4406 insunt.
1831 4352 1954 4406 \‘ide
1976 4350 2060 4406 ιο.

493 4431 804 4488 Massonnm
840 4434 975 4487 Vita:
1003 4435 1256 4490 Aristidis
1291 4451 1368 4499 ut,
1403 4434 1456 4501 9,
1499 4434 1582 4500 I2,
1617 4436 1702 4488 ubi
1737 4436 1969 4505 plurium
2000 4436 2066 4490 de

501 4521 603 4573 hac
640 4521 774 4573 url-c
822 4523 1194 4575 alacrrationcs
1229 4523 1283 4575 in
1337 4521 1582 4576 ordinem
1621 4521 1957 4591 rediguntur.

566 4600 700 4656 Ibid.
731 4597 926 4669 fuat-(lt.
979 4604 1242 4674 Oppidum
1308 4605 1465 4675 Ἐρὰς
1515 4606 1662 4660 circa
1711 4604 1971 4676 Erythras
2011 4615 2065 4658 et

500 4683 668 4740 Teum
701 4684 1048 4758 Thucydides
1091 4703 1211 4750 vnt,
1256 4687 1326 4743 t9
1353 4698 1407 4742 et
1448 4688 1647 4744 Strabo
1692 4704 1804 4754 ειν,
1854 4706 1906 4758 p.
1935 4687 2062 4753 6M,

498 4771 593 4822 sed
649 4784 676 4821 a
725 4769 998 4823 Pulmerio
1039 4773 1377 4836 emendatus,
1434 4783 1735 4828 memorant
1783 4789 1798 4826 :
1849 4773 1900 4826 id
1933 4787 2066 4841 quo-

496 4853 678 4909 minus
706 4867 949 4908 nostrum
989 4865 1257 4923 putemus,
1295 4855 1531 4911 locorum
1563 4857 1847 4911 intervallo
1885 4855 2068 4924 prohi-

496 4938 708 4994 bemur.
756 4939 910 4992 Alius
961 4954 1113 5008 ergo,
1169 4941 1258 4994 ubi
1308 4939 1359 4993 in
1411 4940 1740 5004 Hellesponti
1787 4940 2062 5008 provincia

494 5024 680 5087 fuerit,
703 5033 866 5093 atque
898 5031 1075 5077 utrum
1107 5039 1171 5078 ex
1203 5023 1362 5080 Plinii
1395 5041 1444 5091 ν,
1476 5024 1543 5079 50
1570 5024 1727 5081 Tiare
1751 5031 1865 5081 sive
1887 5023 2064 5080 'I'iaris

493 5111 560 5163 sit
596 5117 798 5162 ortum.
832 5106 1066 5165 docebit.

565 5191 702 5246 Ibid.
736 5195 947 5246 [Icaria
993 5194 1084 5248 Est
1111 5197 1249 5264 apud
1278 5193 1597 5251 Strabonem
1632 5212 1746 5259 xtn,
1783 5211 1835 5264 p.
1863 5195 2064 5260 6I0,et

495 5275 723 5331 Pionita
757 5276 897 5346 apud
939 5275 1192 5332 Plinium.
1237 5278 1476 5334 Enlalius
1507 5281 1710 5334 Πεόνων
1748 5289 1800 5334 et
1833 5283 1884 5335 in
1928 5297 2059 5336 mss.

493 5359 786 5425 Παιονίων,
820 5361 957 5421 sive.
990 5368 1048 5416 ut
1075 5375 1233 5418 vetus
1265 5364 1549 5434 interpres,
1591 5364 1832 5420 Eulalins
1865 5366 2065 5422 Pioniaa

495 5445 826 5514 Hellesponti
851 5447 1056 5518 synodo
1081 5446 1505 5504 Chalcedonensi
1539 5465 1590 5519 p.
1618 5449 1725 5504 598
1748 5453 2061 5508 subscribit.

569 5529 705 5588 Ibid.
733 5533 1076 5600 Κονιοσίνη,
1104 5532 1269 5589 Estne
1293 5535 1592 5603 Conisium,
1612 5538 1752 5607 quod
1779 5538 1984 5596 Plinius
2007 5556 2064 5608 ν,

494 5613 566 5668 ’50
601 5615 742 5671 inter
780 5615 938 5685 hujus
965 5632 1073 5671 ora:
1100 5619 1293 5688 oppida
1329 5621 1726 5675 connumerat?

567 5699 701 5754 Ibid.
767 5700 1015 5770 Ἀργίζα.
1072 5701 1130 5757 In
1184 5703 1326 5760 Asize
1379 5706 1658 5773 provincia
1717 5709 1926 5775 urbem,
1975 5710 2060 5765 cui

506 5778 728 5852 Ἀλγίζα
781 5799 975 5842 nomen
1021 5796 1161 5854 crat,
1205 5789 1476 5857 vidimus;
1526 5809 1556 5845 a
1597 5807 1725 5863 qua,
1783 5793 1826 5850 si
1865 5808 2061 5853 nomen

1484 232 1862 335 anesum.
1892 293 1963 305 —-
1987 267 2058 327 Ρ.
2090 264 2630 332 WESSBLINGII.

3597 256 3729 332 Ill?

2159 401 2396 456 spectes,
2433 390 2547 445 luce
2577 389 2722 446 haud
2763 391 2995 446 multum
3027 391 3218 460 distat,
3256 391 3305 447 si
3347 392 3541 459 situm,
3564 391 3730 460 piari-

2159 487 2329 526 tntnn.
2370 472 2575 530 Plinius
2615 491 2666 538 ν,
2715 473 2785 530 50
2833 474 3199 544 Miletopolitis
3233 477 3391 545 huius
3439 477 3730 546 provincize

2159 553 2378 609 Erezios
2402 556 2602 625 jungit,
2633 573 2769 627 quos
2793 560 2839 612 si
2870 558 2997 612 hinc
3026 561 3262 625 derives,
3293 561 3342 613 in
3372 561 3505 613 vitio
3532 571 3726 614 nomen

2159 638 2311 696 urbis
2354 641 2713 696 adbzrescet.
2761 640 3072 698 ".tl'dttimis
3124 641 3316 709 Ereto,
3369 643 3543 697 Caria!
3587 642 3727 706 urbl,

2157 737 2253 778 eos
2281 724 2428 782 dedit
2465 729 2636 792 cives,
2669 742 2854 782 rerum
2897 729 3264 796 imprudenter
3294 741 3317 780 :
3349 726 3500 782 Caria
3529 725 3730 795 longis-

2157 809 2294 864 sime
2343 811 2412 864 ab
2448 809 2786 882 Hellesponti
2825 828 2942 879 ora,
2987 826 3146 882 quam
3197 811 3403 866 Plinius
3449 811 3730 878 describit,

2155 907 2365 951 semota
2394 907 2499 954 est.

2227 980 2514 1048 Ihid.£’loc
2549 983 2786 1052 Τράὕος.
2805 983 3041 1052 iungunt
3071 984 3181 1038 hrcc
3207 984 3513 1039 arctissime
3547 979 3736 1038 Schei-

2156 1071 2430 1121 stratenus
2447 1079 2500 1122 et
2515 1067 2844 1132 Bandurins,
2864 1083 2968 1121 non
2997 1069 3121 1124 item
3144 1066 3368 1123 Carolus
3387 1083 3416 1120 a
3439 1067 3495 1119 S.
3525 1065 3687 1120 Paulo
3714 1081 3734 1119 :

2158 1159 2336 1204 utrum
2385 1161 2622 1221 praestet,
2666 1151 2795 1206 mihi
2845 1154 2898 1206 in
2955 1152 3213 1223 ambiguo
3241 1161 3346 1206 est.
3396 1150 3543 1204 Nihil
3591 1150 3729 1220 quod

2157 1232 2388 1288 alterum
2413 1243 2590 1290 utrum
2617 1237 2785 1305 possit
2807 1235 3134 1298 illuminare,
3163 1234 3297 1288 mihi
3324 1236 3566 1291 occurrit
3593 1255 3606 1288 :
3631 1233 3736 1289 etsi

2156 1319 2299 1372 enim
2335 1316 2588 1374 Trarimn
2635 1320 2813 1376 vicum
2868 1321 3069 1376 Strabo
3121 1320 3159 1373 I.
3203 1329 3322 1382 aut,
3358 1336 3408 1388 p.
3447 1317 3549 1372 607
3589 1319 3731 1372 circa

2157 1398 2516 1471 Perperenem
2567 1402 2735 1467 locet,
2783 1413 2838 1459 et
2873 1404 3148 1475 Trsgasae,
3219 1404 3360 1457 unde
3409 1404 3490 1456 sai
3526 1404 3736 1471 Τημε-

2159 1499 2350 1551 εωυιη,
2370 1486 2557 1556 dequo
2587 1489 2802 1558 egregie
2831 1487 3067 1544 Galenus
3093 1487 3223 1557 περὶ
3247 1485 3438 1540 ἁπλῶν
3461 1487 3642 1554 Φαρμ.
3673 1502 3736 1551 ιτ,

2159 1585 2210 1639 p.
2247 1571 2372 1635 ISI,
2410 1571 2481 1627 ab
2521 1573 2642 1628 aliis
2673 1582 3064 1636 memorentur,
3113 1573 3215 1626 huc
3261 1571 3468 1626 referre
3509 1587 3615 1624 non
3645 1587 3734 1624 su-

2157 1656 2352 1710 stineo.

2229 1738 2363 1792 Ibid.
2393 1738 2781 1794 Μαι-ὂακάδα.
2802 1738 2938 1793 Ilinc
2965 1739 3164 1795 Cilices
3184 1738 3565 1794 Mandacadeni
3594 1738 3740 1791 inter

2159 1817 2489 1889 Hellesponti
2513 1821 2730 1879 accidas
2749 1821 2922 1876 Plinio
2945 1839 2998 1887 ν,
3030 1824 3100 1878 30
3121 1839 3185 1879 ex
3215 1823 3476 1878 l‘larduini
3507 1821 3739 1890 pulchra

2158 1904 2559 1960 emendatione.

2231 1989 2365 2044 Ibid.
2411 1989 2848 2059 'Em-aortiptar.
2879 1989 3039 2045 Vicus
3061 1988 3315 2062 Cyzicum
3344 1990 3486 2044 inter
3520 1998 3572 2044 et
3603 1988 3742 2043 Per-

2159 2088 2396 2143 gamum,
2440 2075 2530 2128 sed
2579 2075 2704 2128 hinc
2749 2073 2939 2129 stadiis
2986 2073 3098 2128 uti
3143 2081 3459 2142 separatus,
3495 2071 3738 2124 metallis

2161 2157 2388 2214 celebris
2419 2170 2579 2226 atque
2603 2159 2910 2228 Ergasteria
2945 2160 3141 2221 dfetns,
3177 2161 3252 2213 ttti
3280 2157 3516 2214 Ortelius
3549 2157 3742 2210 admr-

2159 2244 2296 2306 mtit,
2330 2245 2567 2298 occurrit
2594 2247 2732 2314 apud
2765 2244 3027 2300 Galerium
3063 2246 3192 2316 περὶ
3221 2243 3408 2300 ἁπλῶν
3439 2259 3621 2311 φιρμ.
3658 2257 3741 2308 ις,

2160 2344 2212 2397 p.
2246 2327 2363 2382 I27.
2400 2328 2641 2382 καλεῖται
2671 2329 2714 2382 δ’
2755 2330 3146 2398 Ἐργαςτήρια,
3191 2329 3391 2396 inquit,
3420 2325 3582 2394 κώμη
3625 2342 3734 2386 τις,

2159 2414 2217 2466 ὲν
2298 2415 2390 2466 καὶ
2413 2414 2646 2482 μέταλλα
2667 2414 3012 2484 ἕστι,μεταξὺ
3035 2413 3326 2484 Περγάμου
3351 2411 3442 2465 καὶ
3467 2408 3741 2478 Κυζξκου,

2161 2498 2406 2561 Gradiuo;
2443 2499 2721 2568 ἀπέχουπα
2768 2500 3062 2569 Περγάμου
3112 2497 3496 2568 τετρακοσξθυς
3534 2512 3744 2547 tecm-

2161 2581 2418 2652 ρὰκοντα.
2470 2583 2602 2636 Eum
2653 2598 2682 2638 a
2733 2593 2920 2637 nostro
2973 2582 3107 2636 nihil
3152 2582 3463 2646 discrepare
3515 2589 3738 2633 certum

2161 2669 2355 2721 habeo.

2233 2753 2367 2806 Ibid.
2413 2749 2699 2817 Μάνδί-αν.
2747 2749 3014 2820 Νεανδρὶα
3064 2748 3292 2803 Troadis
3332 2747 3616 2813 oppidum.
3674 2745 3743 2796 de

2160 2851 2271 2904 quo
2293 2835 2490 2890 Strabo
2519 2849 2639 2897 xm,
2671 2850 2721 2902 p.
2757 2832 2864 2887 605
2885 2845 2935 2886 et
2963 2848 3015 2902 p.
3042 2832 3172 2893 604,
3195 2831 3283 2884 ubi
3317 2844 3498 2884 tamen
3527 2829 3740 2881 to.st

2159 2919 2305 2988 δρία,
2339 2916 2494 2980 male,
2526 2917 2630 2971 nisi
2668 2917 2846 2980 fallor,
2879 2917 3006 2969 olim
3041 2916 3174 2969 mihi
3211 2914 3532 2978 videbatur;
3569 2926 3742 2982 quam

2158 3020 2262 3074 ego
2281 3005 2611 3076 opinionem.
2637 3004 2740 3058 etsi
2766 3003 3126 3072 plausibilem,
3152 3015 3348 3070 urgere
3373 2999 3534 3054 nolim
3562 3015 3578 3052 :
3602 2999 3740 3068 quid

2161 3095 2208 3152 si
2248 3095 2394 3149 enim
2443 3108 2471 3147 a
2511 3092 2682 3148 caulis
2729 3092 2884 3146 boum
2933 3101 3096 3159 atque
3141 3090 3322 3143 ovium
3371 3085 3495 3140 loco
3537 3099 3741 3139 noriten

2163 3180 2422 3237 haeserit?
2471 3179 2536 3236 Ut
2571 3179 2808 3234 blandris
2847 3181 2988 3233 circa
3021 3177 3342 3248 Byzantium
3373 3177 3429 3228 in
3473 3173 3745 3244 Dionysiii

2159 3265 2525 3336 descriptione
2575 3264 2798 3332 Βοεμοτὶ
2845 3263 2984 3333 apud
3039 3261 3157 3316 Pet.
3202 3259 3432 3329 Gyllinm
3483 3271 3542 3316 tt.
3580 3257 3638 3318 4,
3686 3263 3742 3309 et

2161 3348 2398 3406 Mandrtn
2429 3351 2481 3404 in
2513 3349 2795 3404 Palmslina
2832 3362 2993 3416 quam
3025 3344 3288 3413 .ioscphns
3316 3341 3379 3394 Α..
3409 3340 3449 3396 Ι.
3492 3341 3558 3393 Il)
3584 3341 3620 3393 9
3654 3339 3681 3410 ᾗ
3709 3338 3747 3390 τ

2164 3444 2454 3490 memorat.
2479 3435 2653 3504 Atque
2679 3434 2778 3486 hoc
2809 3445 2906 3500 pro
2933 3438 3212 3498 comperto
3238 3433 3380 3482 esset
3404 3423 3744 3487 habendum,

2163 3522 2205 3574 si
2234 3521 2361 3588 quid
2394 3518 2731 3573 auctoritatis
2755 3513 2949 3570 Joauni
2986 3512 3189 3567 Μειίιιίω
3217 3511 3418 3564 inesset
3454 3525 3469 3562 :
3501 3505 3741 3562 aIBrmat

2162 3605 2305 3658 enim
2353 3616 2480 3659 tom.
2524 3603 2563 3664 I.
2614 3617 2671 3672 p.
2728 3600 2830 3655 Ili
2884 3598 3156 3653 Priamum
3211 3593 3516 3663 seposuisse
3565 3590 3740 3644 lilium

2161 3688 2526 3742 Alexandrum
2567 3687 2617 3740 in
2656 3699 2787 3755 agro
2815 3683 3039 3753 ὀνόματι
3082 3679 3326 3750 Μάνδρᾳ,
3359 3676 3746 3746 Telamo-rp:-

2147 3771 2329 3841 φῆναι
2383 3772 2532 3837 παρὰ
2577 3770 2802 3840 γηπόνῳ
2846 3767 2970 3822 τινί,
3022 3764 3120 3818 Est
3168 3764 3386 3833 quidem
3435 3762 3486 3814 in
3542 3757 3741 3813 Halala

2175 3855 2455 3926 ’Λμάνδρᾳ
2472 3871 2485 3886 ·
2517 3856 2610 3911 sed
2635 3862 2838 3907 rectum
2862 3865 2984 3906 esse
3012 3850 3153 3917 quod
3179 3847 3476 3917 sequimur,
3499 3843 3744 3899 Cedreui

2163 3938 2427 4010 Μεινδρῷ,
2457 3937 2667 3992 tametsi
2703 3936 2918 4002 vitioso,
2954 3933 3276 3989 ostenditur.

2237 4021 2373 4079 Ibid.
2399 4023 2619 4077 Ἶπποι.
2649 4021 2821 4076 Habet
2848 4019 3042 4074 Strabo
3069 4034 3175 4080 xw,
3210 4033 3259 4086 p.
3293 4015 3395 4070 Μαί
3424 4016 3569 4071 circa
3600 4014 3748 4085 Ery-

2167 4109 2340 4176 thras,
2372 4109 2533 4162 Ioniae
2563 4107 2774 4171 urbem,
2807 4103 3025 4174 νησῖδας
3053 4102 3416 4173 προκειμένας
3444 4099 3743 4168 τέτταρας,

2167 4197 2398 4257 Ἵππους
2430 4190 2802 4262 καλουμένας
2847 4204 2967 4260 qua:
3005 4190 3250 4256 llllatthlS
3284 4189 3348 4240 ah
3390 4185 3745 4254 Hellesponto

2167 4279 2438 4335 alduerint
2471 4279 2700 4347 IOngius,
2729 4276 2784 4329 in
2829 4290 3049 4330 censum
3090 4274 3273 4328 venire
3313 4280 3556 4342 possent,
3594 4270 3739 4340 quod

2169 4363 2359 4420 ipsulm
2408 4363 2610 4433 pariter
2663 4376 2726 4416 ac
2769 4359 3142 4430 Hellespontus
3196 4357 3338 4413 Asia
3392 4357 3746 4427 proconsulis

2169 4448 2393 4518 imperio
2436 4445 2635 4499 fuerint
2679 4443 2950 4511 subiectae.
2993 4439 3186 4496 Tutius
3233 4451 3407 4495 tamen
3454 4441 3556 4492 erit
3604 4439 3744 4493 nihil

2169 4531 2346 4591 linire.
2383 4529 2647 4598 siquidem
2685 4538 2737 4584 et
2774 4527 2937 4582 simili
2961 4527 3178 4580 nomine
3215 4527 3366 4579 vicus
3403 4538 3524 4578 esse
3546 4533 3738 4593 queat,

2167 4624 2222 4672 et
2263 4615 2455 4669 insulae
2488 4613 2688 4668 rectius
2723 4611 3091 4683 proconsulari
3124 4609 3265 4663 Asiae
3299 4608 3742 4663 co—ntribuantur.

2235 4699 2371 4753 Ibid.
2426 4700 2495 4753 '0
2519 4697 2856 4766 Κισίδηρον.
2889 4691 3043 4749 Haud
3075 4708 3266 4763 magno
3290 4693 3576 4762 [molimine
3606 4707 3742 4763 pro-

2167 4785 2288 4842 cudi
2322 4768 2460 4855 ’ὺκη
2488 4784 2602 4837 sire
2634 4782 2772 4852 Ὠκη
2799 4796 2864 4836 ex
2890 4779 3130 4835 vocabuli
3157 4777 3308 4833 initio
3333 4788 3504 4846 posset
3531 4797 3544 4843 ;
3572 4794 3740 4847 quam

2169 4871 2354 4924 urbem
2387 4867 2735 4921 conciliorum
2765 4866 2899 4919 Acta
2945 4862 3238 4934 provincia:
3282 4861 3612 4930 HelleSponti
3654 4861 3742 4914 iu-

2167 4963 2375 5009 sernnt.
2399 4951 2529 5006 Vide
2545 4949 2985 5005 Chalcedonense
3007 4963 3058 5016 p.
3083 4945 3206 5000 673.
3222 4943 3465 5013 Tumque
3485 4944 3742 5014 maneo»,

2167 5038 2308 5107 quod
2342 5045 2528 5099 restat,
2563 5045 2658 5087 aut
2693 5032 2936 5096 retineri,
2970 5040 3026 5084 ut
3053 5029 3180 5095 vici,
3213 5027 3341 5084 ferri
3384 5027 3617 5080 metallis
3646 5041 3742 5080 co-

2166 5121 2326 5189 piosi,
2381 5133 2577 5173 nomen
2631 5120 2732 5181 sit,
2773 5125 2864 5169 aut
2908 5118 2961 5168 in
3012 5113 3242 5182 Σίγειον,
3289 5122 3450 5180 quam
3503 5109 3742 5166 Troadis

2165 5207 2351 5260 urbem
2399 5218 2555 5258 nemo
2599 5203 2831 5272 ignorat,
2882 5198 3122 5254 contcrti
3171 5197 3458 5265 oportebit.
3511 5194 3617 5249 Sed
3657 5197 3744 5249 lue

2166 5291 2491 5357 conjectura:
2539 5298 2688 5353 sunt,
2728 5285 2924 5355 quibus
2970 5287 3087 5355 ipse
3139 5282 3272 5337 nihil
3321 5281 3448 5337 fido.
3491 5280 3741 5335 Viderint

2164 5390 2292 5445 ergo
2322 5374 2621 5444 peritiores.

2240 5459 2371 5512 Ibid.
2420 5456 2668 5525 Σκέψις.
2717 5453 2830 5509 lino
2859 5451 3088 5523 Σκῆψις,
3134 5449 3199 5505 de
3235 5464 3338 5522 qua
3382 5447 3584 5505 Strabo
3616 5464 3739 5514 xm,

2162 5561 2215 5616 p.
2252 5542 2376 5598 609.
2808 5542 2888 5617 ἠξ-
2937 5563 2940 5566 ·

2236 5627 2371 5681 Ibid.
2417 5624 2561 5680 Ὑπὸ
2592 5621 3054 5691 κονσουλάριον.
3082 5621 3286 5676 Vereor
3306 5618 3648 5674 vehementer
3680 5627 3742 5672 Itt

2167 5715 2268 5766 hoc
2312 5721 2517 5766 rectum
2558 5709 2626 5765 sit
2661 5728 2675 5764 :
2713 5707 2920 5762 Notitia
2970 5709 3096 5775 imp.
3131 5705 3336 5761 Orient.
3369 5721 3420 5761 ο.
3465 5722 3484 5761 ι
3514 5703 3740 5770 prorita-

2163 5791 2306 5854 't:iam
2337 5795 2478 5853 hanc
2508 5791 2864 5869 praesidialem
2895 5790 3046 5858 facit,
3084 5799 3140 5846 et
3184 5789 3222 5847 ι.
3257 5807 3316 5847 ttt
3347 5807 3396 5847 c.
3429 5787 3634 5847 'I'bood.
3666 5787 3742 5844 de
