4060 6342
266 228 398 312 1113

265 361 569 416 l‘rotostas.
608 358 761 417 Nunc
804 361 1109 432 quidem‘ea
1137 366 1357 435 praesidi
1392 367 1641 440 Phrygia:
1681 366 1848 422 Pala-

264 445 417 498 stinze
447 446 787 510 inscribitur,
807 450 950 516 quod
979 465 1085 504 non
1111 452 1257 504 aliud
1285 462 1388 518 est,
1424 467 1589 523 quam
1618 451 1849 505 humano

265 530 423 595 cupiti
475 532 727 585 cerricem
775 533 948 599 pictor
988 534 1227 602 equinam
1266 536 1491 606 jungere
1535 538 1583 590 si
1628 536 1768 601 velit,
1800 543 1850 589 et

266 615 436 668 varias
470 615 721 669 inducere
744 615 952 681 plumas
986 619 1214 688 undique
1248 620 1450 673 collatis
1490 621 1757 684 membris,
1795 628 1849 671 ut

265 700 484 767 turpiter
522 713 699 754 atrum
729 701 934 756 desinat
970 704 1024 756 in
1049 705 1236 770 piscem
1279 704 1469 756 mulier
1500 704 1730 773 for-tuom
1758 718 1849 756 su-

262 797 436 845 perne.
475 774 875 840 Animadvertit
904 795 952 839 et
989 787 1091 841 hoc
1120 788 1526 843 ermtitissimns
1555 787 1849 842 Gothofre-

262 866 382 932 dus,
431 868 529 922 sed
573 867 775 923 infelici
825 869 1138 937 conjectura
1190 870 1375 941 Hygia:
1424 871 1741 934 Palu-suum,
1792 879 1853 922 ut

264 948 549 1005 i’almstina
584 950 850 1009 Salutaris
879 954 970 1017 sit,
1001 954 1216 1006 nomina
1251 955 1530 1007 substituit
1563 973 1577 1006 :
1615 962 1674 1006 ut
1704 954 1847 1005 enim

262 1033 554 1091 PaL-estina
589 1036 857 1092 Salutaris
882 1039 998 1093 sive
1027 1038 1368 1108 Σαλουταρὶα
1404 1038 1456 1091 in
1487 1051 1643 1092 conc.
1678 1036 1851 1105 Ephe—

263 1119 377 1173 sino
404 1135 459 1189 p.
496 1120 606 1173 ΗΟ
640 1131 694 1175 et
720 1121 919 1176 Notitia
954 1124 1081 1191 itnp.
1120 1120 1331 1177 Orient.
1365 1132 1527 1191 atque
1560 1121 1688 1175 alibi
1722 1122 1851 1189 legi-

264 1212 367 1264 tur,
394 1204 523 1271 quis
548 1220 783 1272 unquam
811 1204 1031 1274 ilygiam
1059 1206 1350 1275 appellavit
1372 1213 1465 1259 aut
1488 1205 1664 1259 vocari
1692 1216 1852 1271 posse

262 1287 520 1341 censuit?
555 1291 766 1343 cautius
804 1293 1131 1359 navigasset,
1177 1290 1221 1343 si
1267 1290 1553 1360 Phrygiam
1598 1286 1848 1342 Pacatia-

188 1422 194 1426 .
261 1384 408 1434 nam,
443 1387 611 1441 quam
649 1374 772 1428 aliis
820 1374 961 1429 haud
1009 1374 1406 1445 displicituram
1455 1372 1848 1441 augurabatur,

263 1455 549 1525 amplexus
593 1468 742 1514 esset
790 1475 801 1509 :
846 1475 969 1513 nam
1013 1461 1153 1528 quod
1203 1462 1303 1516 sub
1352 1457 1658 1513 Theodosio
1705 1456 1848 1509 nulla

260 1539 377 1607 ejus
404 1540 459 1593 in
489 1540 668 1596 indice
696 1543 1099 1612 provinciarum
1129 1541 1583 1598 Schoonhoviauo
1612 1542 1668 1594 fit
1698 1554 1850 1594 uten-

264 1627 359 1687 tio,
392 1624 442 1679 id
476 1628 759 1680 enimvero
791 1628 1154 1682 enitendationi
1189 1627 1323 1682 nihil
1356 1627 1552 1682 oberit.
1593 1623 1849 1678 Scribant

263 1710 621 1777 imperatores
642 1709 1047 1766 Valentinianus
1063 1722 1114 1766 et
1136 1712 1331 1767 Valens
1348 1710 1615 1781 episcopis
1634 1710 1849 1764 Asiame

263 1791 564 1846 diteceseos
586 1794 832 1863 interque
862 1811 957 1850 eos
978 1798 1087 1858 τοῖς
1113 1797 1429 1859 ἐπισκόποις
1457 1792 1847 1865 Καροφρυγίας

263 1875 618 1946 ιιακατιανῆς
667 1882 805 1943 apud
836 1878 1238 1936 Theodoretum
1294 1880 1359 1935 Η.
1404 1879 1468 1933 Ε.
1515 1897 1586 1944 ιν,
1637 1876 1671 1932 8
1710 1886 1764 1933 et
1792 1874 1844 1940 9.

263 1960 581 2031 nullumque
599 1963 662 2014 de
688 1962 973 2018 Paeatiana
994 1965 1302 2020 Theodosio
1326 1966 1649 2032 imperatore
1669 1963 1847 2031 priore

262 2042 480 2097 dubium
516 2045 843 2115 relinquunt.
881 2047 1090 2102 Maneat
1119 2063 1248 2117 ergo
1270 2047 1543 2115 provincia
1577 2048 1691 2100 haec
1713 2061 1849 2116 prte-

263 2127 494 2191 sidialis,
523 2145 685 2196 quam
718 2132 820 2184 etsi
848 2132 1201 2201 (lapatianam
1226 2148 1349 2188 cum
1377 2131 1736 2187 Constantino
1758 2131 1852 2185 im-

264 2221 513 2278 peratore
546 2212 580 2265 l.
618 2230 631 2266 ι
659 2212 849 2269 Them.
888 2216 911 2267 ιι
943 2226 996 2270 et
1027 2215 1278 2271 Patribus
1307 2216 1495 2285 synodi
1528 2214 1850 2269 Laodiceam

264 2298 401 2358 apud
437 2294 789 2364 Beveregium
824 2309 956 2354 tom.
985 2299 1027 2362 l,
1066 2316 1116 2367 p.
1156 2300 1261 2353 453
1287 2312 1340 2353 et
1362 2315 1493 2355 mss.
1524 2299 1846 2367 quibusdam

266 2375 524 2433 Paullinm
575 2381 640 2433 ad
676 2378 1017 2437 Tiutotbemn
1060 2382 1313 2452 Epistula:
1365 2392 1549 2437 noster
1595 2382 1846 2451 appellet,

267 2472 445 2515 tamen
485 2461 853 2529 Pacatianam,
894 2466 1063 2521 fretus
1097 2467 1485 2536 imperatorum
1515 2476 1570 2520 et
1593 2465 1850 2519 concilio-

268 2561 382 2598 rum
434 2546 712 2616 Ephesini,
754 2549 1233 2617 Chalcedonensis,
1268 2549 1845 2618 Constantinopolitani

266 2631 407 2684 tertii
437 2630 751 2699 Nicaenique
774 2632 1022 2698 secundi,
1051 2645 1421 2703 prastereaquc
1445 2632 1681 2688 Novella
1703 2632 1772 2686 20
1795 2642 1852 2688 et

264 2713 497 2779 plurium
530 2716 772 2782 epistola:
804 2715 1059 2771 Pauliina:
1090 2718 1333 2772 codicum
1362 2717 1703 2780 auctoritate,
1734 2731 1847 2770 ma-

265 2799 432 2851 luero.
464 2796 611 2852 idem
642 2800 885 2854 vocabuli
918 2802 1068 2870 origo
1096 2800 1311 2865 suadet,
1338 2816 1499 2870 quam
1526 2798 1733 2854 Latinis
1761 2814 1851 2853 ac-

264 2889 476 2949 ceptam
509 2883 686 2936 refero
709 2921 724 2945 ,
756 2884 970 2937 tametsi
1026 2884 1260 2937 nominis
1284 2884 1338 2936 in
1376 2883 1609 2939 obscuro
1640 2897 1845 2950 causa;

263 2965 404 3030 quod
427 2965 573 3018 enim
596 2966 662 3020 de
688 2966 1112 3036 Pacatiano,qui
1144 2981 1285 3021 anno
1300 2966 1404 3022 ὅδῖ
1423 2981 1543 3021 cum
1572 2965 1849 3022 iiilariano

262 3048 457 3103 consul
488 3052 756 3120 processit
802 3061 856 3105 et
884 3051 984 3107 sub
1029 3051 1387 3107 Constantino
1424 3051 1661 3121 praetorii
1706 3066 1847 3121 prte-

263 3131 537 3187 fecturam
595 3136 1022 3198 administravit,
1072 3134 1136 3191 G.
1191 3135 1508 3191 Pancirolus
1538 3136 1591 3191 in
1643 3134 1849 3190 Notitia

264 3220 397 3289 imp.
436 3216 644 3274 Orient.
675 3238 725 3276 e.
762 3222 865 3276 125
901 3222 1057 3289 iecit,
1091 3220 1144 3276 id
1182 3224 1234 3275 in
1274 3238 1458 3277 eormn
1492 3236 1691 3292 genere
1720 3236 1849 3276 cen-

264 3315 421 3359 setur
438 3321 559 3375 qua:
582 3308 815 3374 speciem
840 3322 950 3375 prie
975 3321 1033 3362 se
1063 3308 1263 3370 ferunt,
1284 3317 1337 3359 at
1370 3321 1498 3360 vero
1520 3316 1646 3362 sunt
1671 3320 1847 3369 cassa,

265 3392 569 3457 przesertim
619 3406 744 3446 cum
782 3394 1093 3462 praefectum
1134 3393 1370 3462 praetorii
1407 3390 1667 3456 Orientis,
1708 3391 1849 3460 quod

262 3475 347 3529 vir
397 3475 595 3530 doctus
643 3475 961 3545 afﬁrmabat,
1016 3478 1191 3546 egisse
1246 3494 1349 3531 non
1398 3488 1697 3545 appareat;
1742 3475 1851 3530 imo

266 3566 402 3612 vero
426 3558 738 3628 praefectum
765 3559 933 3615 italiae
964 3560 1131 3615 fuisse
1160 3562 1194 3614 l.
1220 3577 1278 3626 ιι,
1304 3576 1353 3614 e.
1385 3559 1483 3613 'i‘h.
1510 3564 1573 3614 de
1596 3558 1846 3627 Sponsal.

266 3653 321 3697 et
348 3644 390 3698 ι.
421 3661 464 3710 ι,
490 3660 538 3699 c.
566 3645 665 3699 Th.
696 3648 763 3702 de
787 3645 975 3711 Suar.,
1005 3649 1143 3715 quod
1182 3644 1515 3701 Guthofredo
1539 3660 1642 3698 non
1675 3643 1848 3706 latuit,

268 3729 484 3786 docent.
518 3729 890 3802 Carophrygia
927 3746 1082 3796 vero,
1114 3739 1174 3785 ut
1210 3745 1273 3784 eo
1314 3730 1551 3793 redeam,
1587 3728 1689 3783 nisi
1724 3744 1849 3782 eum

272 3811 487 3869 Valesio
514 3830 702 3870 vocem
739 3818 792 3870 in
825 3819 955 3870 duas
988 3816 1298 3884 provincias
1337 3816 1674 3881 distraxeris,
1704 3814 1849 3868 dicta

272 3900 489 3955 censeri
523 3901 742 3968 poterit,
778 3903 917 3969 quod
949 3901 1124 3956 Caria:
1153 3899 1396 3969 proxime
1428 3899 1846 3955 adhaeresceret.

335 3988 455 4044 Col.
488 3990 609 4044 145.
644 3990 980 4045 Λαοδίκεια.
1012 3989 1162 4043 Hanc
1210 3987 1500 4057 provinciae
1528 3985 1849 4054 metropolin

266 4077 595 4144 subscriptio
613 4075 865 4144 Epistolas
880 4076 1134 4131 Paullinm
1155 4076 1340 4142 prima:
1358 4073 1423 4128 ad
1437 4069 1777 4127 Timotheum
1796 4080 1851 4126 et

270 4161 502 4216 concilia
529 4160 946 4230 Constantinnp.
984 4164 1203 4214 tertium
1250 4176 1302 4229 p.
1341 4157 1443 4214 496
1466 4170 1519 4213 et
1556 4156 1852 4213 Chalcedo-

269 4261 443 4300 nense
463 4247 758 4313 imponunt;
778 4258 1005 4313 quorum
1024 4244 1186 4299 etiam
1204 4244 1472 4313 posterius
1486 4241 1850 4312 Τριμιταρίαν

272 4345 417 4385 novo
446 4330 601 4384 titulo
635 4330 869 4397 appellat
905 4345 957 4398 p.
998 4327 1121 4383 127.
1158 4327 1352 4382 Latina
1407 4327 1623 4395 quidem
1672 4325 1850 4380 versio

272 4428 326 4481 p.
384 4413 455 4468 εὴ
495 4412 831 4469 Nunechium
886 4412 1199 4483 metropolis
1256 4410 1502 4481 Phrygia:
1551 4408 1851 4464 Pacatianze

273 4499 603 4552 Trimitarise
635 4501 947 4569 episcopum
984 4499 1133 4561 facit,
1166 4512 1229 4553 ac
1260 4510 1420 4565 poene
1450 4494 1511 4549 L.
1554 4494 1850 4550 iiolsteiaio

273 4585 341 4636 ad
395 4581 751 4650 Stephanum,
798 4591 857 4637 ut
911 4583 1199 4651 provincia:
1254 4580 1305 4634 id
1346 4578 1513 4633 fuisse
1553 4592 1848 4647 cognomen

272 4666 595 4732 conjiceret,
624 4666 893 4735 persuasit
920 4683 933 4720 τ
970 4677 1025 4719 at
1061 4675 1254 4733 p'mter
1279 4661 1465 4717 Graeca
1493 4662 1610 4728 ejus
1635 4659 1847 4717 concilii

273 4751 441 4805 verba
467 4750 617 4805 urbis
649 4764 770 4805 esse
791 4749 1004 4804 titulum
1033 4751 1160 4801 Acta
1190 4745 1398 4802 Cosme:
1434 4754 1488 4801 et
1523 4744 1770 4801 Damiani
1796 4746 1850 4799 in

273 4833 497 4888 Metuo
527 4833 768 4890 secundo
801 4833 1032 4889 concilio
1062 4848 1115 4901 p.
1155 4831 1263 4886 ΞΗ
1288 4831 1571 4899 perspicue
1607 4830 1802 4885 docent
1831 4844 1848 4885 :

282 4918 545 4981 Ἐπιστὰς
592 4914 670 4983 δὲ,
723 4918 995 4987 inquiunt,
1030 4920 1096 4988 τῇ
1148 4915 1458 4970 Λαοδικέων
1504 4914 1675 4979 πόλει,
1730 4916 1850 4987 ἥτις

274 5002 646 5073 ἐπωνομάσθη
680 5005 712 5072 ἠ
752 5003 1106 5075 Τριμιταρία..
1158 5002 1266 5055 Cur
1313 5010 1492 5054 autem
1541 5000 1848 5055 Triinitaria

273 5091 388 5144 sive
415 5086 736 5142 Trimetaria
769 5088 915 5159 (nam
954 5088 996 5139 Τ
1003 5085 1302 5157 ριμηταρίσ.
1340 5097 1392 5138 et
1426 5085 1469 5136 Τ
1474 5085 1789 5156 ριμητανία,
1822 5102 1851 5141 e

274 5188 409 5229 mss.
437 5173 684 5227 Actorum
708 5171 999 5243 profertur)
1034 5172 1195 5226 fuerit
1221 5179 1530 5239 nuncupata
1567 5168 1849 5237 Laodicea,

275 5273 384 5314 non
421 5268 625 5313 temere
673 5259 881 5313 dixero.
929 5256 1047 5311 Fuit
1081 5272 1204 5312 cum
1256 5257 1511 5325 opinarer
1555 5271 1618 5310 ex
1667 5256 1772 5309 situ
1798 5257 1851 5310 id

276 5344 511 5399 nominis
544 5356 664 5396 eam
698 5342 993 5414 accepisse,
1027 5357 1185 5412 quem
1219 5341 1270 5394 in
1299 5340 1547 5412 Phrygia:
1574 5340 1852 5409 Carimque

278 5425 497 5493 ﬁnibus,
519 5434 583 5481 ut
607 5441 671 5481 ex
706 5425 1036 5481 Philostrato
1064 5435 1119 5481 et
1142 5425 1422 5481 rarissimo
1448 5439 1633 5485 numo,
1657 5426 1851 5495 dequo

274 5508 363 5566 ιιι).
393 5510 608 5566 Masson
646 5510 780 5565 Vim
808 5509 1059 5565 Aristidis
1086 5526 1134 5575 ιι,
1167 5508 1253 5571 ii,
1278 5517 1506 5575 constat,
1542 5510 1852 5579 pariterque

276 5605 331 5649 et
379 5594 585 5666 Lydim,
616 5596 700 5649 cui
734 5604 1018 5664 prepterea
1063 5592 1370 5662 Stephanus
1414 5592 1682 5659 attribuit,
1712 5592 1852 5649 obti-

280 5682 459 5738 nebat.
487 5680 529 5735 A
560 5693 699 5734 meta
728 5680 997 5734 Arnobius
1029 5680 1286 5734 metarias
1315 5680 1850 5749 circumscriptiones

277 5764 564 5823 formavit:
615 5764 736 5822 hinc
760 5762 1023 5823 Laodicea
1050 5763 1395 5833 Trituetaria,
1424 5777 1541 5835 quae
1571 5763 1624 5827 in
1649 5763 1845 5823 ﬁnibus

1040 252 1432 320 COMMENT.
1474 255 1556 318 IN
1593 254 2011 318 HIEHOCLIS
2049 242 2585 319 SYNECDEMUM.

1959 366 2124 421 trium
2180 376 2325 425 esset
2369 370 2817 441 provinciarum,
2862 367 2966 424 diei
3018 383 3178 439 posse
3228 369 3533 426 videbatur.

1956 453 2156 508 Verum
2190 470 2382 525 urgere
2413 456 2499 509 illa
2528 470 2632 510 non
2662 455 2859 511 ausim.

2021 536 2157 592 ibid.
2206 537 2559 605 Ἰερὰπολις.
2594 538 2965 608 Metropolium
3011 538 3256 609 catalogo
3305 547 3356 593 et
3392 538 3534 592 hane

1951 620 2179 675 Carolus
2202 637 2231 677 τι
2262 620 2316 676 S.
2348 622 2513 677 Paulo
2543 624 2769 676 inseruit
2806 638 2910 675 non
2943 625 3062 677 sine
3094 636 3360 678 consensu
3394 635 3528 675 con-

1951 704 2060 759 cilii
2090 704 2503 777 Constantiunp.
2534 708 2699 771 tertii,
2733 707 2817 762 cui
2852 706 3086 763 Sisinius
3114 709 3401 776 episcopus
3429 705 3533 772 τῆς

1960 786 2333 856 Ἰεροπολιτῶν
2380 789 2767 859 μητροπόλεως
2828 791 2929 859 τῆς
2977 790 3205 860 Φρυγῶν
3254 789 3524 859 ἐπαρχίας

1950 883 2003 938 p.
2037 868 2141 924 496
2168 871 2477 926 subscribit.
2511 871 2621 928 Nec
2646 873 2918 928 censenda
2947 883 3123 926 tamen
3155 872 3263 927 veri
3295 872 3533 926 nominis

1949 962 2032 1006 est
2084 955 2419 1025 metropolis,
2481 956 2573 1011 sed
2629 957 2952 1019 honoraria;
3013 970 3118 1024 quo
3159 954 3278 1022 jure
3323 969 3422 1008 nec
3477 954 3531 1007 in

1952 1035 2223 1104 Ephesino
2245 1054 2416 1107 neque
2436 1038 2894 1104 Chalcedonensi,
2918 1041 3018 1093 etsi
3044 1041 3110 1093 de
3130 1039 3309 1108 priore
3332 1038 3393 1093 L.
3418 1035 3536 1090 iiol-

1950 1120 2175 1175 steinius
2219 1124 2582 1189 suspicionem
2625 1124 2826 1191 injecit,
2864 1138 2958 1176 usa
2995 1122 3114 1175 fuit.
3153 1118 3289 1178 Vide
3333 1120 3531 1190 Ephesi

1949 1208 2080 1259 Acta
2112 1222 2161 1275 p.
2198 1205 2303 1261 553
2334 1216 2387 1262 et
2415 1206 2604 1261 Anton.
2636 1206 2769 1261 Itin.
2807 1222 2859 1277 p,
2891 1206 3015 1261 5'57.

2022 1290 2156 1346 ibid.
2190 1291 2463 1345 Μόσυνα.
2494 1292 2807 1347 Gennadius
2835 1291 3093 1361 Μοσύνης
3120 1298 3201 1346 est
3221 1289 3275 1345 in
3306 1288 3537 1345 Chalce-

1949 1372 2073 1426 don.
2117 1388 2169 1442 p.
2209 1373 2316 1427 ηε
2350 1384 2401 1428 et
2433 1374 2702 1428 Μοσύνων
2728 1392 2779 1444 p.
2814 1374 2941 1441 668,
2975 1377 3025 1429 iu
3058 1372 3530 1443 Constantinopol.

1952 1460 2131 1519 tertio,
2166 1474 2220 1527 p.
2255 1456 2361 1512 678
2387 1456 2624 1513 Joannes
2654 1459 2751 1525 τῆς
2791 1458 3088 1512 Μοσυνὲων
3120 1458 3328 1522 πόλεως
3357 1458 3532 1526 ἐπαρ-

1948 1542 2071 1611 χίας
2099 1540 2346 1614 Φρυγῶν,
2385 1554 2543 1611 atque
2575 1544 2698 1597 hinc
2730 1542 2973 1612 Mossyni
3008 1553 3308 1597 conventus
3336 1541 3533 1613 Perga-

1952 1626 2095 1680 meni
2146 1626 2287 1697 apud
2321 1625 2552 1680 Plinium
2609 1644 2658 1692 ν,
2692 1628 2781 1683 50.
2813 1627 3024 1680 Nomen
3074 1626 3192 1680 urbi
3229 1625 3295 1679 ab
3326 1627 3531 1680 uadibus

1952 1710 2302 1779 turribusque
2341 1710 2533 1779 ligneis
2577 1712 2791 1765 venisse
2824 1709 3036 1762 videtur
3065 1726 3080 1764 :
3113 1712 3320 1777 μόσπνν
3356 1705 3529 1778 Hesy-

1954 1794 2079 1846 rhio
2124 1804 2178 1847 et
2217 1794 2499 1861 Apollonio
2540 1795 2751 1849 Rhodio
2778 1809 2842 1860 ιι,
2875 1793 2979 1848 585
3008 1803 3088 1848 est
3118 1792 3347 1863 πύργος.
3378 1792 3532 1846 Μόσσ-

1954 1892 2125 1943 συνιιι,
2175 1877 2493 1932 scholiastes
2541 1878 2807 1949 Apollonii
2867 1878 2961 1939 ait,
3014 1877 3076 1929 0t
3126 1875 3327 1942 ξύλινοι
3366 1869 3525 1929 οἶκοι.

1950 1957 2104 2025 Quod
2160 1962 2336 2029 ipsum
2384 1960 2613 2015 aﬂirmat
2678 1959 2973 2029 Xenophon
3031 1960 3230 2027 Emped.
3297 1958 3420 2027 (lyr.
3475 1974 3527 2022 v,

1948 2057 2000 2111 p.
2048 2041 2155 2098 276
2188 2060 2201 2096 :
2247 2042 2307 2097 Ὀ
2342 2043 2398 2096 δὲ
2447 2044 2698 2113 βασιλεὺς
2742 2044 2919 2097 αὐτῶν
2963 2045 2990 2096 ὁ
3030 2044 3087 2095 ἐν
3125 2044 3199 2112 τῷ
3235 2044 3425 2113 μόσυνι
3451 2040 3530 2112 τῷ

1946 2128 2031 2180 ἐπ’
2058 2128 2227 2196 ἄκρῡυ
2252 2129 2657 2199 ᾠκοδομημένῳ
2677 2129 2777 2182 οὐκ
2812 2127 3002 2199 ἤθελεν
3026 2126 3286 2193 ἐξελθεῖν,
3322 2127 3446 2179 οὐδὲ
3478 2129 3528 2177 οἱ

1946 2212 2004 2264 ἐν
2026 2210 2102 2279 τῷ
2128 2212 2393 2281 πρότερον
2424 2212 2697 2281 αἱρεθέντι
2720 2214 2927 2284 χωρίῳ,
2957 2212 3073 2265 ἀλλ’
3097 2210 3263 2265 αὑτοῦ
3298 2212 3397 2264 σὺν
3417 2213 3527 2271 τοῖς

1951 2294 2201 2364 pontium;
2228 2296 2671 2366 κατεκαύθησαν.
2694 2295 2756 2348 Et
2784 2294 3030 2364 Orpheus
3056 2296 3351 2365 Argonant.
3381 2294 3484 2349 759
3510 2310 3526 2346 :

1948 2380 2080 2433 Λαοῖ
2105 2396 2163 2432 τε
2199 2380 2436 2452 βίχειρες
2504 2381 2711 2451 μίγδην
2739 2382 2799 2432 ἐν
2833 2380 3117 2450 μοσὺνοισι
3159 2379 3318 2433 πέδον
3373 2395 3529 2448 περι-

1945 2465 2279 2519 ναιετάουσι.
2308 2467 2399 2521 Sic
2430 2464 2569 2520 enim
2595 2464 2850 2534 scripsit:
2886 2478 3007 2518 nam
3025 2463 3143 2516 λαοί
3176 2463 3221 2516 τ’
3251 2463 3530 2533 ἐπίχειρες

1948 2548 2334 2604 obstetrieantc
2363 2549 2577 2605 inscitia
2612 2549 2891 2603 librarium
2916 2548 3079 2617 geniti
3115 2556 3261 2609 sunt,
3305 2554 3359 2598 ut
3392 2547 3531 2600 bene

1949 2631 2298 2689 ilolsteinius.
2350 2633 2533 2704 Longe
2572 2633 2786 2702 quidem
2823 2632 3147 2701 Mosynocei,
3190 2643 3327 2699 quos
3358 2628 3531 2683 Xeno-

1947 2719 2089 2788 phon
2115 2730 2167 2774 et
2196 2718 2509 2789 Apollonius
2531 2718 2867 2779 describunt,
2890 2732 2917 2769 a
2944 2714 3177 2785 Phrygia
3209 2714 3482 2769 distabant
3509 2724 3525 2771 ξ

1946 2804 2076 2873 quid
2116 2814 2299 2859 autem
2345 2803 2595 2872 prohibet
2626 2804 2765 2871 quod
2807 2803 2984 2856 minus
3014 2797 3181 2853 multa
3226 2812 3347 2852 cum
3393 2798 3532 2851 auti-

1946 2887 2206 2957 quissima
2267 2886 2536 2956 Phrygum
2592 2896 2786 2954 gente,
2842 2885 2886 2939 si
2939 2895 3245 2939 sermonem
3294 2892 3529 2953 Species,

1947 2972 2255 3027 communia
2284 2970 2537 3026 habuisse
2570 2968 2874 3023 fateamur?

2017 3054 2475 3119 1ὺίι1.,“Αττυδιι.
2518 3052 3052 3117 Rectius'A-rroulia,
3091 3050 3233 3105 unde
3272 3051 3523 3121 Symma—

1948 3139 2104 3196 ehius
2147 3139 2356 3202 πόλεως
2394 3136 2692 3192 Ἀττούδων
2725 3138 2776 3190 in
2823 3133 3255 3191 Chalcedonensi
3302 3152 3352 3204 p.
3402 3135 3527 3189 (374.

1948 3222 2013 3281 Et
2046 3221 2321 3293 Ephesino
2348 3238 2398 3292 ι).
2430 3222 2535 3278 5'55
2566 3219 2888 3276 Hermolaus
2914 3218 3122 3282 πόλεως
3157 3218 3526 3282 Σαττουδὲων,

1950 3308 2125 3363 littera
2183 3309 2381 3379 prioris
2420 3306 2672 3362 vocabuli
2719 3305 2905 3360 ultima
2958 3304 3339 3376 intempestive
3381 3306 3531 3358 urbis

1951 3392 2212 3447 vocabulo
2256 3406 2543 3453 connexa,
2590 3390 2741 3461 pejus
2798 3392 2848 3442 in
2898 3388 3313 3455 Constantinop.
3371 3386 3530 3441 tertio

1950 3494 2000 3546 p.
2030 3478 2133 3533 678
2158 3476 2463 3546 Stephanus
2481 3476 2685 3540 πόλεως
2710 3476 2967 3531 Ἀττάδου
2987 3476 3215 3545 Φρυγῶν
3239 3473 3531 3544 ἐπαρχίας.

1950 3560 2153 3615 Nnmos
2206 3560 2549 3629 Ἀττουδέων,
2603 3560 2771 3615 Diana
2821 3559 3053 3629 Ephesia
3113 3567 3167 3613 et
3218 3557 3416 3629 Cybele
3465 3572 3531 3612 ac

1951 3644 2160 3702 Baccho
2222 3647 2551 3716 inscriptos,
2620 3644 2880 3700 Thesaur.
2946 3642 3155 3698 Britan.
3222 3652 3531 3697 exstructor

1950 3729 2014 3785 N.
2057 3729 2315 3803 ilaymius
2360 3743 2491 3785 tom.
2524 3729 2589 3795 ii,
2642 3745 2696 3800 p.
2726 3728 2788 3784 9i
2836 3728 2982 3784 dedit
3019 3728 3300 3799 egregios;
3351 3742 3532 3795 neque

1951 3818 2207 3887 praeteriit
2231 3816 2565 3881 Harduinus,
2593 3816 2695 3871 etsi
2724 3816 2864 3870 male
2892 3815 3050 3869 Plinii
3078 3830 3129 3878 ι’,
3162 3814 3231 3868 52
3260 3814 3529 3882 Attusam,

1949 3904 2149 3972 quippe
2195 3901 2460 3972 Bithyniae
2492 3900 2679 3956 urbem
2712 3909 2765 3955 et
2792 3898 2951 3955 Plinii
2994 3909 3152 3955 aetate
3184 3897 3529 3964 subversam,

1948 4002 2072 4043 cum
2098 3985 2200 4041 hac
2228 3985 2586 4041 contenderit.

2018 4072 2155 4126 ibid.
2219 4068 2710 4139 Τραπεζούπολις.
2774 4069 3038 4125 Memorat
3097 4077 3293 4138 prteter
3348 4066 3530 4122 Ptole-

1951 4170 2145 4211 nueum
2172 4155 2313 4209 hanc
2335 4154 2582 4226 Phrygia:
2610 4157 2797 4212 urbem
2829 4154 3084 4211 Socrates
3118 4156 3170 4207 Β
3219 4152 3280 4207 E.
3316 4168 3410 4219 vn,
3436 4153 3528 4214 56,

1952 4239 2105 4307 cujus
2136 4239 2419 4309 episcopus
2455 4240 2508 4294 in
2544 4240 2778 4296 consilio
2807 4239 3089 4294 Constant.
3126 4238 3289 4291 tertio
3328 4251 3380 4304 p.
3423 4234 3529 4289 674

1951 4322 2226 4393 Eugenius
2282 4322 2491 4386 πόλεως
2541 4321 2846 4395 Τραπεζῶν
2902 4321 3255 4389 Πακατιανῆς
3309 4320 3527 4375 dicitur.

1952 4404 2264 4464 iiarduinus
2300 4423 2421 4463 cum
2470 4422 2589 4463 eam
2629 4408 2682 4462 in
2734 4409 2927 4462 iterata
2968 4404 3123 4461 Plinii
3178 4404 3415 4458 editione
3462 4404 3531 4458 ad

1948 4494 2378 4561 promontorimn
2409 4491 2706 4563 Trapezam
2736 4492 3091 4563 Hellesponti,
3115 4505 3225 4560 quo
3248 4491 3313 4544 de
3343 4485 3415 4541 Ν.
3459 4486 3530 4543 ii.

1952 4593 2003 4640 ν,
2045 4576 2131 4641 '50,
2166 4576 2351 4642 refert,
2386 4587 2442 4633 et
2475 4576 2745 4631 Ptolemzei
2776 4587 2829 4632 et
2856 4575 3011 4630 Plinii
3046 4575 3155 4641 sui,
3185 4572 3529 4642 Trapezopo-

1952 4663 2071 4717 litas
2100 4661 2241 4717 haud
2270 4677 2404 4717 sane
2433 4664 2775 4733 negligentis,
2798 4662 3000 4718 oblitus
3026 4661 3264 4716 videtur.

2020 4747 2156 4803 ibid.
2201 4750 2535 4806 Κολασσαί.
2576 4749 2801 4804 Rectum
2837 4750 2941 4802 hoc
2970 4754 3053 4802 est
3090 4766 3104 4801 :
3140 4748 3199 4799 ἐν
3220 4742 3532 4802 Κολασσαῖς

1949 4832 2051 4902 τῆς
2080 4834 2321 4903 Φρυγίας
2350 4832 2633 4905 Polyaenus
2660 4849 2756 4899 \‘li,
2783 4832 2868 4887 lli.
2895 4831 3265 4885 Theodoretus
3302 4828 3353 4879 in
3381 4825 3527 4879 i’auli

1952 4919 2017 4972 ad
2056 4919 2213 4987 hujus
2254 4920 2407 4974 urbis
2441 4919 2643 4973 incolas
2686 4917 2971 4986 epistolam
3008 4933 3023 4969 :
3056 4912 3155 4982 τῆς
3194 4912 3249 4965 δὲ
3286 4906 3529 4981 Φρυγίας

1951 5005 2007 5056 αἱ
2062 5002 2375 5057 Κολασδαί’
2430 5002 2766 5074 μητρόπολις
2812 5001 2869 5055 δὲ
2904 5001 3070 5069 αὐτῆς
3116 5001 3209 5053 καὶ
3246 4994 3443 5064 γείτων
3492 4993 3528 5066 ὴ

1953 5086 2266 5142 Λαοδίκεια.
2314 5085 2468 5142 Unde
2506 5087 2647 5142 haud
2689 5086 2845 5157 longe
2874 5084 3144 5138 Laodicea
3176 5079 3526 5136 dissociatam

1954 5170 2121 5227 fuisse
2151 5183 2374 5241 apparet
2406 5191 2419 5227 :
2450 5171 2756 5227 Herodotus
2788 5185 2884 5237 vn,
2917 5168 2986 5223 '50
3016 5168 3158 5235 Lyco
3193 5164 3336 5219 amni
3370 5177 3531 5231 appo-

1955 5256 2051 5319 nit,
2083 5266 2135 5312 et
2177 5258 2332 5311 πόλιν
2382 5257 2625 5329 μεγάὶην
2662 5255 2901 5327 Φρυγίας
2951 5252 3204 5323 appellat.
3250 5247 3442 5304 incola:
3470 5245 3526 5299 in

1955 5342 2137 5397 multis
2162 5341 2396 5396 Paulina!
2430 5341 2687 5410 Epistula:
2722 5354 2853 5394 mss.
2900 5338 3204 5399 Καλαασείς
3236 5344 3290 5390 et
3328 5330 3525 5387 conril.

1952 5428 2094 5482 Actis
2130 5427 2404 5482 dicuntur.
2442 5426 2631 5480 Serior
2674 5436 2807 5480 tetas
2850 5423 3068 5480 Chonas
3114 5418 3342 5482 vocavit,
3386 5416 3526 5469 unde

1954 5512 2241 5569 Dositheus
2300 5508 2585 5579 episcopus
2639 5506 2842 5562 Χωνῶν
2900 5507 2953 5562 in
3015 5504 3232 5561 Nicmuo
3286 5517 3526 5557 seruum:

1952 5611 2006 5665 p.
2036 5594 2171 5658 596;
2203 5608 2372 5661 quare
2406 5607 2692 5663 perperam
2721 5591 2861 5646 idem
2892 5589 3088 5660 praesul
3122 5605 3174 5659 p.
3208 5588 3312 5643 574
3332 5584 3523 5640 Ψόνωκ.

1952 5682 2070 5753 ἦτοι
2105 5677 2399 5731 Κολασσῶν
2434 5685 2488 5732 et
2513 5692 2570 5750 ι).
2595 5677 2697 5732 557
2732 5674 3037 5741 Ψονοῢντος
3061 5676 3179 5747 ἦτοι
3202 5668 3524 5727 Κολασσέων

1954 5766 2124 5826 audit.
2167 5762 2302 5824 Vide
2332 5775 2390 5822 ct
2414 5763 2683 5834 Nicetam,
2710 5764 2865 5835 cujus
2893 5778 2956 5835 ca
2987 5762 3159 5835 patria
3183 5761 3300 5826 iuit,
3328 5755 3526 5815 Annat.
