4060 6342
467 221 610 291 1119

464 343 521 387 et
558 332 757 387 Asceui
786 333 1025 404 nomine,
1053 334 1199 405 quod
1249 335 1366 391 sine
1407 333 1644 390 tentorio
1685 338 1826 409 agat,
1854 341 2045 399 perpe-

470 428 562 487 tuo
594 417 958 474 circumactus
981 430 1153 485 motu,
1182 422 1437 475 donatum
1462 435 1476 483 ;
1512 433 1630 486 quae
1656 416 1783 470 mihi
1818 413 2050 483 esplira-

472 503 545 567 tio
581 504 793 571 longius
825 505 1084 558 arcessita
1139 504 1378 559 videtur.
1430 502 1616 557 Potius
1656 498 1892 554 arbitrer
1942 511 2047 549 non

469 601 589 639 esse
627 584 826 641 (ἕπει-ω
864 587 1089 655 originis
1119 588 1212 642 sed
1250 587 1495 642 barbara:
1536 598 1750 650 vocem,
1785 593 1843 638 ut
1865 574 2049 651 Μηνὸς

448 664 679 744 Κάρου.
717 676 801 729 cui
834 675 1091 745 templum
1134 674 1306 731 fuisse
1339 675 1663 731 Laodiceam
1697 674 1837 726 inter
1869 680 1923 725 et
1946 669 2052 723 Ca-

474 772 601 810 rura
628 774 659 811 e
680 756 947 813 Strabone
982 774 1082 821 xu,
1125 774 1177 828 p.
1215 758 1317 815 580
1342 760 1613 820 novimus,
1640 766 1695 812 et
1727 755 1911 826 Μηνὸς
1940 754 2053 807 Κα-

475 840 756 911 μαρεετου,
803 858 962 909 quem
1006 841 1317 914 Nysmorum
1363 845 1417 898 in
1454 842 1614 901 Caria
1672 841 1814 895 nnmi
1862 836 2055 907 praefe-

480 935 624 988 runt,
653 937 709 979 et
750 925 936 996 Μηνὸς
992 927 1303 992 Φαρνάκου,
1347 927 1437 979 cui
1480 926 1623 981 circa
1668 923 1861 978 Cabira
1915 931 2050 975 tem-

476 1007 761 1079 plumerat
792 1010 934 1077 apud
964 1011 1211 1065 eumdem
1244 1006 1563 1083 Strabonem
1596 1022 1692 1071 xu,
1719 1023 1772 1076 p.
1806 1005 1931 1067 557,
1964 1018 2060 1056 eo-

477 1107 580 1161 que
606 1090 764 1147 deum
788 1091 996 1147 Lunum
1045 1104 1101 1149 et
1146 1095 1245 1149 sub
1304 1093 1421 1162 ejus
1482 1093 1648 1162 ligura
1693 1087 2056 1143 Adonindesi-

478 1178 674 1246 gnari:
710 1191 868 1246 quem
916 1188 971 1232 et
1019 1189 1251 1232 matrem
1283 1181 1439 1233 deum
1484 1192 1580 1231 seu
1614 1178 1874 1232 Venerem
1920 1171 2053 1243 Lydi

478 1260 781 1330 viciamque
806 1271 993 1333 gentes
1028 1264 1272 1318 barbaris
1302 1273 1523 1317 ornatos
1556 1261 1723 1335 titulis
1750 1259 2053 1315 coluerunt.

482 1342 705 1409 Proclus
758 1345 1066 1401 Diadochns
1136 1346 1188 1401 in
1248 1345 1559 1413 Tetrabybti
1616 1343 1845 1397 Ptolem.
1892 1340 2059 1395 Pura.

478 1427 683 1498 phrasi,
741 1446 792 1499 p.
848 1430 917 1486 97
960 1449 973 1484 :
1024 1432 1114 1484 Ἐν
1154 1430 1381 1497 ταύταις
1432 1430 1639 1500 χώραις
1693 1428 1908 1482 σέϐουσι
1960 1427 2058 1496 μὲν

471 1508 556 1574 ’ὡς
598 1512 690 1566 ἐπὶ
725 1514 859 1568 πολὺ
902 1514 1000 1584 τὴν
1031 1516 1356 1587 Ἀφροδίτην
1396 1514 1472 1576 ὡς
1502 1511 1642 1566 θεῶν
1684 1511 1919 1581 μητέρα,
1946 1509 2059 1561 δια-

480 1592 665 1676 φόρως
713 1597 884 1669 αὐτὴν
918 1598 1010 1652 καὶ
1041 1600 1331 1670 ἐγχωρίοις
1362 1598 1621 1668 ὀνόμασιν
1678 1592 2053 1663 ὀνομάζοντες·

478 1675 681 1747 epotis;
756 1682 851 1733 καὶ
913 1681 1007 1734 τὸν
1039 1681 1135 1734 τοῦ
1201 1683 1454 1749 Ἀρεως,
1530 1678 1822 1739 καλοῦντες
1898 1675 2059 1729 αὐτὸν

475 1762 724 1821 ’Λδωνιν
799 1766 893 1818 καὶ
959 1767 1139 1829 ἄλλοις
1190 1767 1333 1819 τισὶν
1389 1766 1669 1835 ὀνόμασιν.
1730 1764 1768 1816 Ε
1825 1762 2058 1830 quibus,

480 1863 603 1917 qua
637 1850 705 1903 de
740 1848 985 1904 Adonidi:
1017 1851 1155 1908 diti.
1192 1851 1500 1912 ﬁrmantur,
1532 1847 1935 1914 clarissimeque
1966 1860 2061 1912 apo

482 1943 635 2004 paret
666 1931 867 1986 nullam
898 1945 1019 1988 esse
1042 1948 1259 1987 causam
1296 1934 1647 2002 quamobrem
1678 1930 1808 1984 Lit-ii
1834 1945 2055 1991 xxxviii,

486 2016 551 2071 15
583 2017 786 2081 vicum,
826 2032 982 2085 quem
1014 2018 1286 2071 Adonidos
1305 2018 1508 2071 Comen
1538 2024 1754 2076 vocant,
1782 2014 1881 2065 viii
1915 2013 2056 2066 dﬂt‘li

484 2108 693 2155 mutent
724 2118 736 2152 :
773 2115 894 2156 cum
927 2102 1067 2155 enim
1105 2101 1235 2173 Lydi
1260 2100 1503 2172 Phryges
1550 2100 1698 2170 Lycii
1740 2097 2059 2169 Pamphylii,

484 2184 550 2239 de
575 2184 770 2255 quibus
800 2184 1049 2243 omnibus
1096 2183 1346 2248 Proetus,
1394 2185 1606 2239 Adoniu
1661 2186 1932 2254 praecipuo
1962 2184 2058 2235 hu-

487 2282 619 2321 nore
657 2267 949 2331 coluerint,
989 2268 1116 2338 quid
1164 2270 1421 2337 impediet
1460 2269 1663 2324 Comen
1710 2266 2058 2320 Adonidosin

484 2348 731 2423 Phrygiae
773 2353 968 2407 ﬁnibus
1009 2351 1194 2418 fuisse,
1241 2355 1285 2407 si
1344 2352 1496 2406 Livio
1551 2348 1881 2407 credamus?
1914 2359 2063 2402 caete.

488 2430 639 2501 rum,
667 2444 725 2489 ut
776 2436 842 2490 ad
898 2437 1171 2491 Aseenum
1204 2438 1443 2501 redeam,
1491 2451 1595 2490 non
1646 2435 1881 2489 dubitem
1932 2432 2060 2501 quin

486 2517 626 2572 idem
701 2528 862 2589 atque
921 2520 1008 2574 ille
1061 2522 1131 2575 sit
1204 2536 1362 2588 quem
1407 2519 1709 2574 Antiochiae
1760 2519 1811 2571 in
1859 2515 2061 2571 Pisidia

494 2598 728 2656 maximo
759 2604 965 2658 honore
998 2603 1491 2674 prosequebantur.
1520 2603 1742 2666 Strabo,
1774 2602 1935 2657 modo
1970 2617 2062 2668 pa-

484 2702 605 2741 rum
643 2685 943 2754 adjuvetur,
974 2689 1129 2743 nobis
1159 2702 1279 2741 eum
1324 2688 1560 2741 ostendit
1598 2691 1630 2739 l.
1666 2701 1761 2751 ut,
1800 2702 1853 2755 p.
1902 2685 2002 2740 577
2042 2704 2055 2738 .-

486 2765 597 2824 Ἦν
638 2771 695 2825 δὲ
749 2771 985 2825 ἐνταῦθα
1013 2810 1028 2836 ,
1080 2771 1277 2840 inquit,
1315 2772 1406 2824 καὶ
1451 2770 1719 2840 ἱερωσύνη
1766 2788 1848 2833 τις
1882 2769 2066 2839 Μηνὸς

496 2856 781 2927 Ἀρκαίου,
823 2856 1029 2927 πλῆθος
1075 2855 1276 2927 ἔχουσα
1328 2856 1645 2927 ἱεροδούλων
1695 2856 1791 2909 καὶ
1849 2854 2067 2926 χωρίων

488 2940 668 3011 ιερῶν.
703 2938 794 2997 Sic
817 2950 1033 2995 vertunt
1064 2942 1339 3009 eduutquc
1368 2959 1380 2994 :
1411 2956 1542 2995 mss.
1571 2940 1814 3005 Ἀκαίου,
1852 2950 1909 2991 ut
1942 2940 1975 2990 l.
2009 2954 2062 3004 κ,

488 3041 540 3093 p.
580 3024 705 3088 577,
743 3025 883 3093 quod
912 3041 977 3079 ex
1016 3026 1290 3094 Ἀσκηνος
1328 3025 1441 3080 sive
1476 3026 1745 3086 ’Δσκανος
1770 3034 1955 3077 natum
1993 3025 2069 3079 vi-

490 3108 611 3165 deri
645 3108 891 3165 locorum
930 3110 1317 3177 nominumque
1346 3109 1645 3163 similitudo
1672 3109 1971 3163 dissuadet.

559 3194 679 3249 Col.
710 3194 833 3248 148.
870 3194 1052 3247 Σιται.
1094 3193 1289 3249 Verum
1324 3194 1471 3248 urbis
1495 3208 1689 3248 nomen
1726 3187 1870 3261 quod
1898 3191 2059 3245 luerit

489 3276 711 3333 dubium
757 3286 858 3331 est.
898 3273 1217 3331 Vaillantius
1247 3292 1446 3334 numos
1474 3276 1746 3333 tJAE'l‘ﬂN
1792 3278 1844 3329 in
1897 3273 2066 3328 (inec.

492 3364 622 3432 imp.
656 3362 849 3428 Num.,
877 3376 933 3431 p.
964 3362 1032 3417 '56
1068 3363 1173 3417 huc
1210 3364 1413 3428 retulit,
1452 3364 1544 3417 sed
1575 3376 1858 3432 perperam
1892 3378 1907 3414 :
1942 3367 2070 3411 sunt

491 3450 637 3503 enim
688 3447 1172 3513 Samosatensinm,
1212 3456 1267 3500 ut
1302 3462 1368 3502 ex
1421 3448 1600 3500 numis
1642 3443 1905 3499 Thesauri
1951 3440 2072 3494 Bri-

496 3532 719 3596 tannici,
754 3547 805 3599 p.
845 3530 969 3593 2H,
1008 3540 1137 3585 tum.
1168 3528 1208 3584 II
1252 3542 1492 3601 apparet.
1530 3530 1750 3585 Rectius
1786 3526 2074 3582 CAI'I‘TH-

498 3614 641 3667 non
669 3630 863 3670 numos
912 3616 1070 3684 hujus
1096 3615 1248 3670 urbis
1295 3615 1486 3669 incolis
1518 3613 1826 3668 IIarduinus
1863 3612 2069 3667 tribuit.

497 3700 683 3768 Itaque
714 3699 935 3752 Σαῖτται
985 3708 1189 3754 rectum
1224 3703 1351 3762 erit,
1389 3714 1418 3752 a
1453 3712 1560 3767 quo
1598 3713 1704 3753 non
1736 3697 1893 3766 longe
1922 3696 2076 3749 abest

492 3782 767 3839 Ptolemaei
798 3799 829 3839 e
860 3798 991 3849 mss.
1020 3781 1194 3837 Palat.
1230 3783 1571 3852 Σάτται,ρι·ο
1605 3799 1717 3851 quo
1734 3781 1894 3835 Σέται
1919 3778 2073 3833 Cois-

499 3868 737 3923 linianus
770 3870 959 3923 codex.
998 3868 1054 3922 ln
1087 3865 1237 3922 Actis
1284 3867 1646 3921 conciliorum
1696 3879 1784 3919 mo
1807 3868 1856 3917 lo
1895 3862 2073 3915 Σετῶν

497 3950 673 4016 πόλις,
698 3962 757 4005 ut
780 3950 995 4005 Niceno
1022 3952 1259 4007 Secundo
1286 3963 1339 4015 p.
1371 3948 1494 4017 591,
1519 3947 1679 4003 modo
1710 3946 1879 4001 Σιτῶν
1898 3946 2072 4009 πόλις,

493 4035 767 4105 ἐπαρχίας
802 4034 1021 4098 Λυδίας,
1058 4034 1219 4089 sicuti
1259 4033 1543 4087 Constant.
1593 4031 1797 4096 Tertio,
1846 4046 1897 4100 p.
1946 4028 2070 4095 50⁵³3,

498 4120 658 4174 modo
716 4119 937 4173 Σεπτῶν
994 4120 1182 4183 πόλις,
1245 4133 1354 4185 quo
1416 4116 1578 4172 modo
1636 4117 1690 4171 in
1740 4116 2072 4170 Chalcedon.

500 4222 553 4272 p.
608 4201 736 4269 666,
775 4219 872 4273 pro
907 4219 1012 4274 qua
1060 4219 1114 4273 p.
1160 4202 1227 4259 97
1255 4200 1488 4265 Σεττῶν,
1539 4217 1590 4271 p.
1627 4201 1730 4255 527
1781 4200 1989 4253 Σέλλων
2022 4208 2077 4255 et

495 4284 737 4357 Σεύγων,
767 4305 821 4359 p.
855 4289 979 4344 599.

567 4370 703 4427 Ibid.
735 4373 1009 4427 Μαιονία.
1062 4371 1177 4426 Sita
1229 4369 1407 4424 fuitin
1460 4369 1644 4424 radice
1690 4367 1899 4435 Tmoli,
1938 4377 2075 4422 teste

495 4455 673 4510 Plinio
712 4472 773 4520 ν,
823 4457 913 4511 29.
971 4454 1393 4517 Μαιονιτόπολις
1442 4453 1545 4522 τῆς
1591 4452 1772 4510 Λυδῶν
1805 4452 2077 4521 ἐπαρχίας

497 4542 554 4595 in
589 4540 873 4596 Constant.
905 4538 1109 4603 Tertio,
1142 4553 1197 4606 p.
1225 4539 1349 4592 668.
1382 4536 1585 4591 Μιονία
1617 4537 1873 4590 mendose
1896 4536 1949 4588 in
1977 4530 2078 4588 Ni-

498 4637 652 4693 σε’υο
683 4625 943 4688 secundo,
976 4638 1034 4691 p.
1074 4620 1201 4675 591.
1234 4618 1561 4691 Sequentem
1602 4619 1779 4690 legere
1818 4635 1925 4672 nou
1966 4633 2081 4675 me-

500 4707 661 4763 mitti.

574 4793 713 4849 Ibid.
754 4791 1046 4861 Τράλλης.
1080 4789 1253 4858 Δάλδη
1287 4788 1464 4857 p0tior
1501 4787 1628 4851 erit,
1680 4788 1833 4856 cujus
1865 4788 2079 4858 episcov

502 4893 602 4948 pus
629 4876 865 4932 JOannes
907 4875 1112 4944 Δάλδης
1143 4872 1360 4927 Nicaeuo
1396 4871 1639 4925 secundo
1676 4871 1990 4938 subscribit,
2023 4880 2082 4927 et

499 4959 796 5032 Ephesino,
851 4974 903 5027 p.
952 4958 1078 5023 555,
1128 4971 1437 5027 quanquuu
1486 4969 1678 5021 prave,
1737 4954 1839 5024 τῆς
1882 4954 2081 5019 Λυδίας

497 5042 802 5115 Δαρδάνης.
840 5042 1072 5097 Numttni
1114 5038 1419 5095 Δαλδιανῶν
1476 5035 1897 5105 ΤΙιει.“Βτξιαη.,
1936 5051 1974 5094 ι.
2010 5040 2079 5103 ll,

504 5146 564 5197 p.
599 5126 717 5183 104.
758 5127 822 5181 Ν.
879 5125 1139 5197 IIaymius
1191 5124 1454 5189 inseruit;
1503 5122 1596 5193 qui
1645 5123 1773 5177 dum
1822 5123 2083 5180 adscribit

504 5226 775 5281 nusquam
811 5224 931 5265 eam
967 5210 1067 5263 nisi
1114 5210 1163 5262 in
1198 5208 1363 5262 Suida
1406 5206 1654 5277 reperiri,
1704 5222 1802 5262 usu
1838 5214 2080 5262 veterum

507 5298 839 5365 scriptorum
879 5310 1074 5362 parum
1107 5306 1165 5348 se
1201 5292 1521 5346 instructum
1566 5291 1766 5361 prodit.
1797 5289 2027 5347 Carolus
2052 5305 2081 5345 a

502 5380 567 5434 S.
602 5379 769 5433 Paulo
802 5378 991 5434 Daldis
1034 5376 1207 5444 inquit
1242 5373 1420 5428 Suidre
1456 5376 1508 5427 in
1540 5391 1659 5428 rore
1693 5375 2083 5441 Artemidorus,

499 5467 593 5534 qui
621 5468 755 5519 lianc
784 5467 964 5520 urbem
996 5460 1271 5518 HYSSEN
1302 5461 1366 5512 ab
1398 5460 1582 5513 incolis
1608 5461 1805 5514 dictam
1833 5460 2040 5530 scripsit
2064 5476 2083 5524 ;

508 5549 708 5615 quibus
740 5541 953 5621 gemina
1001 5546 1136 5603 Abr.
1174 5544 1412 5600 Ortelius
1446 5544 1497 5597 in
1540 5542 1805 5598 Thesauri
1850 5543 1933 5599 sui
1964 5544 2085 5599 Dal-

506 5633 610 5685 ileu
647 5640 1069 5691 commentatur.
1122 5628 1427 5697 Utrumque
1475 5626 1872 5692 Artemidorus,
1912 5641 2087 5695 quan-

505 5721 617 5772 tum
654 5734 684 5775 a
716 5734 845 5777 vero
876 5731 937 5775 ea
966 5714 1167 5781 absint,
1203 5715 1248 5769 si
1281 5712 1457 5783 patrio
1488 5726 1739 5769 sermone
1771 5712 2080 5784 loquentem

1505 219 1891 285 ADDENDA.
1933 240 2004 256 -ν-
2039 214 2110 277 Ρ.
2149 216 2665 281 WESSELINGII

3579 213 3731 282 I120

2158 329 2347 385 audire
2400 331 2727 402 voluissent,
2775 330 3051 389 docuisset
3087 330 3375 400 Oneirocr,
3416 332 3471 398 2,
3528 349 3580 388 c.
3624 336 3727 390 uit.

2149 413 2302 465 οὐδὲν
2346 414 2441 469 οὖν
2493 416 2805 485 θαυμαστὸν
2836 418 2894 471 ὲν
2922 418 3120 488 Δαλδὲᾳ
3159 418 3493 483 Ἀπόλλωνα,
3517 416 3575 472 ὃν
3596 418 3733 472 MT-

2152 495 2338 550 ΣΤΗΝ
2381 500 2653 571 καλοῦμεν
2698 503 2859 572 ἡμεῖς
2915 500 3155 572 πατρῴῳ
3221 502 3480 573 ὀνόματι,
3556 501 3737 555 ταῦτά

2156 596 2223 650 με
2289 585 2721 655 προτρέψασθαι.
2799 586 3202 642 Intellexisscnt
3256 588 3557 657 Apollinem
3612 585 3736 658 My-

2151 674 2273 719 sten
2304 686 2333 720 a
2360 666 2632 724 Daldianis
2666 669 2834 725 fuisse
2872 670 3107 737 cultum,
3167 686 3267 726 nec
3322 686 3559 739 unquam
3612 672 3736 725 Dal-

2153 748 2295 803 diam
2321 753 2637 810 eonomine
2704 751 2893 812 fuisse.
2967 756 3093 809 Erat
3136 755 3316 809 Daldia
3386 754 3564 823 Lydii!
3634 771 3739 807 nec

2154 849 2406 901 magnum
2453 854 2629 907 neque
2677 842 3028 895 memorabile
3080 842 3336 911 oppidum
3372 859 3386 893 :
3423 840 3621 894 Δαλδία
3651 841 3738 903 δέ,

2156 916 2322 969 verba
2374 917 2611 985 ejusdem
2662 921 2988 976 Artemidori
3043 921 3228 977 Oncir.
3268 923 3321 985 5,
3370 937 3419 976 c.
3450 922 3547 975 ult.
3582 931 3735 978 Stlttl.

2158 997 2400 1067 πόλισμα
2437 1001 2631 1066 Λυδίας
2664 1004 2759 1057 καὶ
2789 1005 2850 1057 οὐ
2900 1007 3103 1077 cedat):
3134 1006 3433 1076 ἐλλόγιμον.
3467 1005 3597 1069 (λικε
3632 1004 3739 1059 utsi

2158 1084 2301 1138 haud
2336 1086 2477 1141 male
2509 1087 2785 1155 disputata
2829 1090 3000 1145 videri
3052 1098 3273 1161 queant,
3305 1089 3538 1144 fortasse
3566 1088 3745 1141 tutius

2158 1168 2264 1222 erit
2309 1170 2559 1241 Τράλλην
2593 1174 2868 1232 retinere:
2904 1175 3004 1228 hoc
3036 1178 3179 1229 enim
3226 1175 3442 1228 nomine
3487 1176 3674 1227 uibem
3707 1190 3738 1225 a

2160 1249 2427 1307 Trallibus
2455 1254 2721 1310 diversam
2773 1266 2825 1311 et
2872 1256 3085 1313 Notitize
3121 1267 3336 1312 veteres
3384 1267 3435 1309 et
3475 1258 3743 1311 concilio-

2159 1351 2279 1390 rum
2324 1339 2455 1392 Acta
2504 1349 2830 1411 agnoscunt.
2880 1342 2955 1395 Ita
3012 1342 3418 1414 Constantinnp.
3471 1341 3743 1403 secundo,

2159 1436 2213 1491 p.
2244 1421 2369 1475 ΞΠ).
2401 1423 2632 1481 Urauius
2659 1427 2947 1496 episcopus
2967 1426 3339 1482 Trallcuorum
3370 1428 3606 1482 civitatis
3635 1426 3744 1495 Ly—

2161 1507 2263 1558 dia:
2293 1508 2610 1573 provincisc,
2643 1518 2696 1561 et
2732 1508 2947 1564 Nico-tto
2992 1512 3252 1577 settindo,
3283 1528 3334 1581 ῃ.
3375 1512 3465 1566 51.
3509 1508 3743 1563 Michael

2164 1588 2412 1662 τράλλης
2463 1595 2601 1649 inter
2655 1595 2835 1665 Lydia:
2883 1597 3187 1665 episcopos,
3228 1613 3349 1652 eum
3393 1597 3551 1667 paulo
3613 1606 3745 1651 ante

2162 1676 2597 1748 Tchphylactus
2625 1681 2915 1750 Τραλλέων
2965 1684 3105 1738 inter
3142 1684 3371 1739 Asianos
3414 1698 3611 1737 nomen
3652 1697 3746 1737 es-

2160 1772 2241 1814 set
2271 1760 2565 1829 prol‘cssus.
2588 1764 2898 1820 snbscribit.

2234 1844 2372 1899 Ibid.
2424 1848 2929 1915 Abpnliovnoltc.
2996 1850 3306 1907 Theodotus
3370 1850 3747 1921 Αὐρηλία)πῶ

2160 1926 2299 1989 lato;
2364 1929 2463 1998 τῆς
2526 1930 2711 1985 Λυδῶν
2771 1934 3037 2004 ἐπαρχίας
3084 1935 3493 2003 Constantinop.
3555 1936 3744 1995 tertio,

2163 2031 2215 2084 p.
2255 2013 2358 2068 €68
2390 2016 2679 2072 scribendo
2708 2017 2897 2073 adfuit.
2926 2020 3080 2073 Adde
3112 2019 3388 2074 Nicmnum
3415 2019 3748 2081 secundum,

2161 2117 2211 2168 p.
2248 2100 2373 2155 59L

2234 2185 2364 2239 Ibid.
2420 2184 2707 2241 ’AtraJia.
2751 2185 2921 2240 Ilabet
2963 2202 3079 2241 eam
3129 2188 3435 2255 Stephanus
3470 2199 3526 2244 et
3561 2186 3750 2257 Lydiae

2162 2268 2494 2333 contribuit;
2524 2268 2613 2323 ubi
2651 2280 2791 2324 recte
2829 2270 2888 2324 L.
2923 2270 3255 2325 Iloisteinius
3278 2280 3329 2327 et
3362 2272 3521 2324 aliain
3557 2286 3619 2323 eo
3645 2286 3747 2325 no-

2167 2353 2309 2405 mine
2348 2354 2402 2405 in
2461 2353 2793 2423 Pamphylia,
2853 2369 3015 2425 quam
3067 2370 3168 2407 suo
3229 2356 3343 2408 loco
3409 2354 3750 2419 ridebimus,

2166 2435 2336 2492 fuisse
2368 2438 2637 2491 observat.
2686 2438 2796 2492 lluc
2832 2454 3029 2493 numns
3072 2436 3373 2491 ’Ᾱτταὶέων
3421 2437 3573 2491 Thes.
3616 2436 3751 2490 Bri-

2166 2529 2277 2573 tan.
2316 2530 2445 2575 tom.
2483 2518 2543 2583 ll,
2576 2536 2625 2590 p.
2657 2521 2781 2585 9‘29,
2816 2522 2969 2574 sicuti
3011 2520 3382 2576 'Atta}.sa15w
3411 2520 3479 2573 ad
3514 2520 3748 2575 alteram

2166 2605 2219 2657 in
2253 2602 2585 2673 Pamphylia,
2619 2621 2665 2670 p.
2701 2605 2769 2660 90
2787 2604 3030 2674 ejusdem
3063 2605 3193 2659 lculi
3227 2603 3412 2658 referri
3447 2604 3745 2669 oportebit,

2166 2703 2273 2758 qua
2306 2688 2369 2741 de
2407 2704 2461 2742 re
2490 2687 2551 2743 Ν.
2591 2688 2867 2759 Ilaymius.
2898 2688 3184 2760 Dionysius
3220 2696 3399 2742 tamen
3442 2686 3745 2740 Ἀτταλεὼο

2166 2791 2264 2844 της
2304 2774 2475 2837 Λυδὸς
2503 2789 2584 2830 eSt
2611 2777 2663 2827 in
2701 2774 3056 2841 Chalcedon”
3101 2792 3150 2845 p.
3178 2774 3302 2830 666.

2237 2857 2373 2913 Ibid.
2420 2859 2885 2929 'Eppoxannlt'a.
2924 2860 3254 2931 TlteOpistus
3295 2860 3750 2932 Ἐρμοκαπηλίας

2168 2953 2249 2997 est
2279 2940 2329 2995 in
2365 2941 2583 2998 Nica'no
2618 2944 2879 3005 secundo,
2913 2958 2964 3013 p.
2999 2943 3087 3007 5t,
3114 2946 3204 3014 qui
3234 2959 3280 3014 p.
3320 2944 3416 3000 591
3466 2944 3745 3014 Ἐρμοκα-

2169 3028 2342 3095 πή).ου
2397 3028 2612 3081 dicitur.
2669 3026 3135 3098 Ilermocapclitas
3208 3029 3356 3084 novit
3409 3038 3464 3083 et
3515 3029 3742 3095 I’liuius,

2170 3121 2221 3171 ν,
2258 3107 2349 3161 ‘50.

2241 3190 2379 3244 Ibid.
2458 3191 2768 3260 'Axpaadq.
2819 3191 2909 3245 Sic
2948 3206 3083 3245 mss.
3133 3206 3233 3246 nec
3260 3190 3424 3253 male,
3463 3205 3521 3244 ut
3547 3206 3613 3245 ex
3651 3208 3750 3245 nu-

2173 3273 2277 3327 mis
2315 3274 2701 3346 ’Λκρασιωτῶν
2749 3273 2897 3329 Thes.
2946 3274 3152 3328 Britan.
3197 3286 3325 3329 tom.
3372 3275 3436 3339 lt,
3472 3291 3529 3345 p.
3572 3274 3663 3338 87,
3698 3287 3751 3331 et

2174 3373 2311 3426 quos
2365 3357 2683 3414 V'aillantius
2732 3361 2991 3427 inspexit,
3040 3366 3276 3414 constat.
3313 3358 3751 3414 Chalcedonensi

2173 3442 2405 3497 concilio
2464 3443 2734 3498 Patricius
2798 3441 3104 3514 Ἀρκασσοῦ
3182 3443 3476 3515 provinciae
3524 3443 3749 3513 Lydiae,

2176 3542 2233 3596 p.
2259 3526 2366 3580 574
2397 3525 2634 3582 adfuisse
2661 3525 2880 3597 legitur.
3013 3528 3017 3531 ’

2246 3611 2384 3665 Ibid.
2445 3614 2831 3676 Ἀπόλλωνος
2884 3613 3065 3680 ἱερόν.
3118 3608 3257 3665 "ine
3294 3609 3589 3680 Apollonos
3638 3612 3753 3668 Μελ

2177 3695 2291 3747 rita:
2320 3693 2478 3749 Plinii
2510 3711 2561 3760 ν,
2596 3695 2703 3759 29,
2751 3704 2806 3749 et
2855 3694 3049 3749 Lucius
3091 3695 3372 3764 episcopus
3414 3691 3753 3759 Ἀπόλλωνος

2176 3777 2325 3849 ἱεροῦ
2370 3779 2420 3832 iu
2462 3778 2814 3843 Cbalcedon.,
2853 3793 2904 3847 p.
2954 3776 3077 3832 666.
3129 3778 3369 3831 Meminit
3416 3777 3753 3843 Ἀπόλλωως

2178 3861 2328 3939 ἱερηῦ
2366 3864 2421 3918 in
2472 3872 2653 3918 monte
2687 3864 2845 3932 positi
2898 3864 3158 3917 Aristides
3206 3873 3334 3917 tom.
3371 3863 3412 3928 I,
3458 3879 3511 3932 p.
3562 3865 3666 3919 6'25
3702 3874 3755 3919 et

2177 3948 2316 4003 629:
2346 3950 2485 4017 quod
2525 3949 2569 4004 si
2603 3954 2851 4004 nostrum
2907 3956 3010 4012 est,
3044 3946 3149 4001 300
3194 3949 3361 4014 formo
3395 3949 3586 4004 stadiis
3625 3947 3753 4002 Per-

2177 4048 2334 4103 gamo
2364 4043 2628 4087 semotum
2664 4032 2781 4086 fuit.

2250 4117 2384 4172 Ibid.
2425 4114 2668 4178 Τάλαζα.
2707 4117 2931 4172 Τάϐαλα
2967 4126 3171 4172 rectum
3216 4126 3317 4172 est.
3368 4117 3481 4174 Non
3526 4119 3755 4177 diﬂiteor

2178 4203 2456 4272 plerisque
2491 4203 2544 4255 in
2576 4201 2792 4257 Netitiis
2836 4201 2930 4256 τὸν
2973 4201 3229 4256 Γεϐάλων
3277 4202 3561 4271 prresulem
3615 4204 3754 4259 inter

2178 4288 2359 4356 Lydia:
2393 4287 2681 4356 episcopos
2722 4288 3014 4352 recenseri,
3054 4303 3231 4356 neque
3281 4289 3444 4341 etiam
3494 4288 3751 4360 Polycar-

2180 4389 2303 4442 pmn
2341 4371 2603 4425 Γαδάλων
2648 4372 2884 4426 concilio
2918 4372 3270 4437 Chalcedon,
3310 4390 3361 4440 p.
3411 4372 3481 4427 97
3512 4373 3752 4429 subscri-

2182 4457 2331 4519 bere,
2378 4454 2743 4523 eumdemque
2788 4455 2837 4509 in
2871 4453 3060 4509 Latina
3104 4456 3326 4527 cpistqu
3370 4457 3749 4525 episcoiiornm

2181 4539 2361 4610 Lydiae
2409 4540 2476 4593 ad
2516 4538 2748 4595 Leonem
2787 4540 3167 4608 imperatorem
3209 4541 3532 4596 Gabalorum
3581 4543 3685 4617 diei
3732 4560 3746 4597 :

2181 4628 2410 4680 necdum
2436 4633 2617 4679 tamen
2654 4625 2958 4692 permoveri
2991 4641 3209 4696 possum
3237 4638 3293 4678 ut
3323 4625 3373 4679 id
3407 4636 3607 4680 rectum
3633 4642 3750 4681 esse

2179 4711 2419 4773 credam,
2472 4719 2561 4764 aut
2606 4725 2726 4763 cum
2760 4709 3036 4765 Harduino
3074 4726 3266 4766 numos
3300 4709 3591 4764 Ταδαλὲων
3637 4714 3748 4765 γίιῑί

2179 4808 2405 4863 arguam
2433 4794 2504 4847 ob
2536 4790 2770 4848 Notitias
2796 4793 3195 4849 ecclesiasticas
3226 4811 3239 4847 :
3276 4795 3397 4861 quis
3422 4797 3565 4848 enim
3604 4796 3749 4862 igno-

2179 4885 2266 4943 rat
2302 4891 2461 4943 quam
2499 4874 2902 4945 frequentatum
2935 4877 3749 4945 librariissilTetl‘perinisce-

2182 4976 2238 5013 re
2262 4959 2285 5012 i
2311 4958 2427 5013 Jam
2460 4958 2682 5013 Τάϐαλα
2710 4976 2835 5016 vero
2856 4962 3071 5014 nomine
3107 4960 3293 5013 urbem
3333 4959 3499 5015 fuisse
3526 4976 3591 5015 ex
3621 4976 3747 5017 con-

2180 5046 2427 5099 cil'ornm
2470 5046 2623 5098 Actis
2656 5044 3003 5115 patefaciant.
3046 5043 3227 5098 Primo
3270 5043 3618 5116 Polyearpus,
3658 5047 3745 5116 qui

2181 5130 2614 5185 Chab-edonensi
2648 5131 2837 5192 adfuit,
2876 5133 2975 5185 etsi
3005 5132 3203 5198 passim
3237 5130 3494 5183 Γαξάὶων
3521 5132 3745 5200 dicatur,

2181 5211 2478 5283 Τραϐἁ).ων
2515 5212 2853 5276 inscribitur,
2885 5230 2934 5283 p.
2959 5214 3087 5275 599,
3117 5228 3318 5281 nosque
3350 5215 3418 5267 ad
3453 5214 3746 5285 legitimum

2185 5298 2334 5351 urbis
2389 5310 2581 5350 nomen
2621 5298 2885 5365 perducit.
2940 5297 3140 5352 Deinde
3193 5296 3426 5354 Joannes
3449 5298 3749 5369 fepiscopus

2183 5378 2446 5434 Τασάλων
2479 5389 2792 5434 constanter
2833 5382 2979 5434 Artis
3026 5380 3224 5436 Nic-mni
3252 5382 3470 5437 secundi
3515 5382 3746 5451 appella-

2185 5473 2292 5527 tur,
2336 5471 2393 5517 ut
2428 5477 2479 5532 p.
2515 5462 2603 5526 5t,
2642 5463 2767 5527 552,
2795 5466 2891 5519 591
2935 5474 3097 5533 atque
3140 5466 3285 5518 alibi.
3321 5464 3509 5532 Itaque
3539 5464 3746 5518 Notitire

2184 5560 2375 5600 omnes
2403 5555 2459 5601 et
2483 5545 2928 5603 Chalcedonense
2971 5548 3261 5604 concilium
3308 5549 3432 5603 hinc
3464 5549 3747 5605 emenden-

2187 5638 2296 5683 tur.
2351 5628 2464 5684 Sita
2503 5631 2631 5687 urbs
2682 5631 2780 5686 fuit
2825 5633 2968 5686 circa
3027 5633 3284 5687 Hermum
3340 5652 3354 5687 :
3409 5632 3553 5687 unde
3598 5630 3742 5686 Thes.

2187 5714 2397 5771 Britan.
2433 5713 2501 5781 Il,
2534 5730 2589 5786 p.
2631 5714 2733 5773 156
2760 5715 3048 5772 Ταόα).ἐων
3080 5732 3276 5774 numus
3301 5719 3743 5779 recubantem»-
