4060 6342
279 217 304 288 Ι
315 223 411 293 121

271 358 377 413 que
412 346 563 397 tri-me
594 340 842 401 innixum
873 355 996 399 eum
1043 341 1265 400 ﬂuvium
1305 343 1580 409 ostendat,
1615 339 1848 411 ascripta

276 426 503 495 Ἕρμος.
538 424 695 494 Quod
726 442 855 484 vero
879 426 946 483 Ν.
980 425 1239 499 Haymius
1271 427 1698 483 similem'unum
1731 426 1848 478 vui-

274 514 449 580 [ratum
482 523 666 581 negat,
693 512 747 567 id
779 526 941 568 secus
965 521 1085 567 est:
1121 511 1305 568 fefellit
1332 511 1647 581 diligentem
1675 509 1849 563 virum

278 592 608 660 ilarduinus,
640 596 733 665 qui
776 597 924 649 numi
958 596 1321 667 inscriptione
1346 602 1612 658 correcta.
1644 593 1853 649 seu-de-

272 689 495 746 praVata
544 682 747 735 verius.
806 680 1353 753 Γασαλέο›ν,”Ερμος
1400 681 1454 737 in
1506 678 1671 734 Nam.
1729 679 1847 735 urb.

272 770 439 824 illusi.
468 771 547 826 Ad
581 772 783 827 Galtala
822 773 1019 829 retulit.
1852 840 1855 841 ν

342 854 460 910 Col.
502 856 624 912 I58.
655 855 851 925 Βὰγις.
885 856 1015 912 Aliis
1036 855 1247 913 Notitiis
1266 858 1439 928 Βάγη,
1459 857 1600 912 unde
1616 853 1852 924 Βαγηνοὶ

274 941 331 993 in
364 939 518 995 Thes.
551 942 759 996 Britau.
805 953 933 997 tom.
966 940 1030 1007 lI,
1060 958 1111 1013 p.
1140 942 1265 998 249.
1296 942 1603 997 Harduinus
1629 944 1849 996 numum

272 1026 407 1079 vidit
440 1026 723 1097 Βαγηνῶν,
757 1027 843 1083 cui
876 1028 1065 1083 aderat
1097 1028 1326 1099 Ἕρμος.
1362 1028 1511 1083 Unde
1540 1028 1679 1081 haud
1710 1024 1849 1080 mul-

275 1118 387 1162 tum
415 1110 539 1166 inde
574 1114 817 1168 dissitam
856 1110 1020 1167 fuisse
1054 1111 1301 1183 colligas.

337 1191 479 1249 ibid.
523 1196 765 1265 Κήρασε
799 1194 960 1251 Forte
1012 1197 1259 1267 Κεράση.
1292 1196 1629 1252 Menecrates
1663 1197 1848 1266 Κερα-

271 1278 381 1332 σῶν
426 1295 481 1334 et
525 1282 824 1353 Κερασοῶυ
875 1283 1014 1336 inter
1071 1281 1246 1350 Lydos
1302 1283 1631 1336 Chalcedon.
1662 1296 1848 1344 conc.,

269 1378 321 1431 p.
357 1363 461 1417 526
497 1373 656 1431 atque
684 1366 809 1421 alibi
858 1365 1170 1427 subscribit,
1218 1376 1271 1419 et
1316 1364 1534 1420 Nic-{eno
1587 1366 1846 1431 secundo,

268 1459 324 1512 ιι.
351 1447 459 1501 ’555
482 1448 703 1505 Michael
735 1450 1045 1521 Képaaéw‘i.
1083 1464 1182 1504 nec
1204 1448 1362 1504 aliter
1388 1448 1520 1506 Not.
1544 1448 1657 1505 Jac.
1680 1447 1847 1518 Goar,

344 1614 472 1669 Ibid.
498 1616 990 1686 Μεσοτύμελλος.
1018 1619 1405 1691 Μεσοτίμωλος
1428 1634 1491 1675 ex
1515 1618 1642 1674 lure
1660 1619 1849 1675 Grteco

271 1700 518 1758 Romano
548 1701 877 1768 Letmclavii,
917 1719 968 1771 p.
1018 1703 1080 1759 9i
1126 1705 1460 1772 praestiterit.
1496 1703 1631 1760 Hinc
1668 1705 1847 1758 Meso-

272 1786 516 1841 timolitae
556 1788 694 1855 apud
726 1786 956 1842 Plinium
1001 1802 1055 1853 v,
1082 1787 1259 1854 29,ex
1290 1786 1552 1843 Harduiui
1586 1790 1845 1844 emenda-

273 1870 438 1933 tione,
474 1884 635 1939 quem
678 1872 819 1927 vide.

346 1953 481 2005 Ibid.
498 1953 895 2023 ’Aonthrnc.
932 1954 1262 2021 ’Δπολλωνὶς
1281 1964 1364 2011 est
1416 1953 1699 2011 Strabonis
1724 1972 1846 2021 xm,

270 2050 325 2105 p.
362 2037 488 2102 625,
523 2036 841 2107 Pergamum
886 2039 1027 2093 inter
1079 2050 1133 2095 ct
1177 2037 1400 2105 Sardes,
1432 2040 1708 2111 utrimque
1741 2040 1847 2094 500

269 2120 467 2174 stadiis
518 2131 786 2189 separata.
834 2122 1094 2193 Cyriacus
1130 2125 1416 2194 episccupus
1472 2124 1847 2194 Apolloniadis

271 2205 543 2273 synodica:
578 2202 851 2274 Lydorum
896 2206 1135 2276 epistolae
1174 2223 1365 2262 nomen
1400 2209 1706 2278 adscripsit.
1733 2206 1843 2261 Nu-

271 2303 392 2340 ntos
438 2288 939 2357 Apollonidensium
1002 2290 1437 2345 Ἀπολλωνιδέων
1474 2293 1673 2346 habent
1702 2292 1847 2345 Vail-

270 2371 473 2425 lautius
512 2384 562 2426 et
611 2372 934 2429 ilarduiuus.
980 2372 1115 2430 Vide
1161 2375 1262 2431 Tit.
1310 2377 1474 2431 Laur.
1511 2376 1843 2433 Gronovium

270 2456 323 2508 in
360 2455 481 2508 Bas.
510 2456 789 2523 Harmon,
824 2473 872 2513 c.
914 2475 1061 2513 utx.

290 2598 293 2599 ν
343 2540 478 2595 Ibid.
538 2541 1071 2607 Ἰεροκαστέλλεια.
1120 2543 1249 2599 Sine
1297 2544 1459 2600 dubio
1512 2545 1848 2617 Ἱεροκαισά-

272 2641 395 2697 petat
430 2635 636 2680 rectum
675 2637 775 2688 est,
824 2627 985 2697 cujus
1031 2629 1323 2699 episcopus
1382 2631 1847 2703 Ἱεροκαισαρείας

270 2709 530 2765 Cossinus
553 2708 906 2777 Cbalcedon.,
948 2728 1000 2781 p.
1028 2711 1136 2768 665
1161 2714 1445 2768 scribendo
1477 2714 1663 2769 adfuit.
1694 2716 1848 2773 Haud

272 2795 429 2863 longe
469 2792 720 2866 Hypaepis
763 2795 1018 2862 distabat,
1068 2796 1273 2851 fantosa
1311 2798 1455 2853 cultu
1493 2798 1675 2855 Dianae
1717 2799 1849 2854 Per-

269 2880 417 2940 sicae,
450 2895 554 2948 qua
584 2881 647 2932 de
698 2878 871 2936 Tacit.
906 2882 1042 2937 Anu.
1078 2897 1161 2949 ιιι,
1211 2881 1298 2944 65,
1340 2897 1366 2934 a
1398 2882 1656 2949 Persicis,
1712 2887 1844 2941 inibi

270 2960 633 3018 incolentibus
672 2963 815 3034 apud
856 2963 1175 3020 Pausaniam
1218 2980 1278 3031 v,
1325 2966 1417 3031 27,
1454 2976 1512 3021 ut
1551 2969 1647 3022 viri
1699 2968 1844 3025 docti

270 3056 623 3112 monuerunt,
645 3047 828 3103 dictae.
849 3047 981 3115 Quae
1010 3064 1131 3103 cum
1158 3064 1263 3102 non
1291 3050 1565 3118 ignoraret
1591 3050 1672 3106 Io.
1707 3053 1847 3108 Har-

271 3131 489 3195 duinns,
521 3148 685 3186 ausus
720 3142 899 3187 tamen
946 3144 1031 3187 est
1070 3134 1275 3189 iteratm
1308 3133 1464 3189 Plinii
1495 3137 1723 3193 editioni
1752 3141 1849 3193 ad-

270 3218 517 3269 scribere
549 3232 637 3283 'v,
688 3218 794 3280 29,
851 3217 1028 3273 nullos
1080 3218 1188 3273 illic
1234 3218 1486 3277 Persicos
1538 3223 1849 3296 nullamque

274 3298 499 3352 Dianam
551 3298 825 3355 Persicam
882 3301 1050 3357 fuisse
1084 3324 1095 3357 :
1132 3302 1439 3358 HEPCIKH
1484 3310 1654 3362 notari
1686 3308 1850 3362 ΠΕΡ-

268 3382 467 3436 τίνακα
518 3382 788 3438 Σεϐαστὸν
871 3384 1063 3457 Ἱερεῖς
1100 3386 1460 3455 Καθιέρωσαν
1495 3389 1847 3463 Ἡρακλέους,

272 3466 608 3521 Pertinucem
639 3468 936 3538 Augustum
972 3473 1268 3526 sacetdoles
1302 3486 1671 3530 consecrarunt
1703 3476 1846 3532 ﬂer-

278 3552 440 3605 culis.
476 3549 554 3604 Eu
588 3565 683 3606 cor
709 3550 965 3607 Zeuodoti
990 3598 1003 3618 ,
1038 3570 1101 3607 eu
1126 3556 1277 3624 jecur
1306 3556 1563 3613 Cratetis.

341 3636 480 3690 ibid.
516 3634 837 3705 Μυστ-ήνη.
886 3636 1175 3707 Μοστήνη,
1222 3648 1273 3693 ιιι
1314 3656 1507 3695 numus
1550 3641 1846 3714 Μοστηνῶν

269 3719 463 3775 Λυδῶν
528 3720 813 3789 perspicue
877 3721 1053 3775 docet.
1128 3719 1370 3777 Julianus
1427 3724 1637 3789 πόλεως
1700 3730 1848 3782 Μου-

273 3806 478 3875 στήνης
526 3805 686 3857 estin
733 3803 1087 3867 Cbalcedon.,
1126 3821 1177 3873 p.
1211 3804 1341 3859 240.
1379 3807 1506 3861 Vide
1540 3809 1601 3863 L.
1634 3810 1842 3869 Theod.

269 3888 605 3945 Grooovium
669 3888 722 3940 in
776 3885 901 3943 Bas.
954 3887 1215 3942 Marmor.
1257 3904 1305 3943 c.
1370 3903 1522 3945 xm.
1579 3893 1843 3949 Caeterum

269 3987 391 4041 qure
423 3972 611 4025 ultimo
655 3971 772 4025 loco
801 3970 996 4039 legitur
1025 3964 1290 4037 Μοστενα,
1336 3984 1541 4035 nostra:
1579 3980 1845 4033 correctio

270 4064 435 4124 atque
464 4070 528 4108 es
573 4055 817 4121 margine
859 4054 912 4106 in
947 4056 1254 4125 catalogum
1284 4054 1654 4125 imprudenter
1695 4075 1844 4116 rece-

274 4151 362 4207 pta
402 4149 505 4209 est,
557 4147 615 4193 ut
656 4137 760 4193 Cb.
794 4136 1149 4193 CcllariusG.
1175 4139 1240 4193 Α.
1276 4154 1356 4205 ιιι,
1382 4140 1439 4205 4,
1463 4156 1515 4211 p.
1552 4142 1641 4198 151
1671 4147 1843 4199 anim-

270 4225 521 4280 advertit.

343 4307 476 4363 lbid.
514 4304 852 4361 Σαταλέων.
897 4303 1091 4360 Scribe
1142 4305 1372 4371 Σάτα).α,
1404 4324 1499 4376 pro
1544 4324 1651 4379 quo
1679 4323 1845 4381 prave

275 4391 596 4447 Ptolemaeus
643 4390 888 4443 Σὰτταλα
926 4397 982 4443 et
1029 4386 1253 4444 Nonnus
1306 4392 1527 4462 Dionys.
1566 4409 1685 4457 xui,
1739 4395 1844 4453 474

274 4474 545 4529 Στάταλα.
592 4473 838 4527 Andreas
871 4470 1130 4526 Σατάλων
1166 4472 1365 4538 Λυδίας
1402 4475 1645 4531 interfuit
1675 4477 1843 4534 Chal-

273 4561 471 4615 cedon.
498 4574 555 4629 p.
587 4557 677 4623 97,
703 4558 1019 4626 vitioseque,
1047 4572 1099 4626 p.
1134 4556 1237 4622 574
1267 4558 1531 4631 Σαγάρων
1568 4562 1766 4629 Λυδίας
1791 4578 1845 4622 et

272 4663 325 4716 p.
361 4643 465 4700 665
495 4642 793 4706 ἐπίσκοπος
838 4642 1083 4712 ’Δγαλῶν
1115 4644 1331 4698 όιοίιιιιδ.

340 4728 475 4783 Ibid.
525 4724 778 4795 Γόρδος.
812 4726 1021 4798 Γόρδος
1064 4726 1162 4797 τῆς
1193 4727 1392 4791 Λυδίας
1420 4728 1632 4785 Socrati
1666 4730 1736 4787 Η.
1773 4732 1841 4787 Ε.

272 4829 369 4877 vn,
402 4811 493 4876 ‘56,
557 4812 709 4881 cujus
741 4812 1033 4881 episcopus
1062 4808 1359 4880 Gregorius
1388 4813 1584 4885 Γόρδου
1628 4816 1844 4873 Nic-tene

270 4897 533 4963 secundo,
554 4912 606 4966 p.
644 4895 750 4951 355
769 4909 963 4951 nomen
982 4897 1291 4966 adscripsit.
1311 4898 1536 4955 Carolus
1553 4916 1581 4955 a
1600 4902 1657 4957 S.
1678 4900 1844 4959 Paulo

270 4984 516 5039 eamdem
541 4996 663 5041 esse
686 4990 871 5037 censet
901 4997 966 5036 ac
995 4978 1312 5051 Juliopolin,
1345 5000 1465 5053 quae
1495 4996 1622 5041 ante
1656 4987 1841 5043 Gordu

268 5070 456 5132 Come,
505 5068 644 5137 apud
697 5068 1020 5124 Strabonem
1067 5083 1165 5132 xu,
1193 5082 1245 5137 p.
1284 5067 1411 5135 574,
1462 5072 1557 5127 sed
1598 5086 1790 5129 errans
1826 5091 1839 5127 :

270 5153 416 5207 illam
451 5151 504 5206 in
535 5150 743 5207 Galatia
778 5151 952 5221 prima
982 5151 1326 5217 videbimus;
1363 5155 1476 5208 lucc
1498 5152 1844 5226 Juliagordus

267 5234 557 5291 Ptolemzeo
576 5243 631 5290 et
647 5237 848 5299 numis,
870 5234 1172 5307 cuiusmodi
1209 5234 1365 5295 Thes.
1386 5237 1598 5295 Britau.
1626 5248 1756 5293 tom.
1780 5256 1841 5307 tt,

270 5334 325 5389 p.
362 5318 484 5383 116,
518 5332 626 5373 una
661 5328 818 5383 parte
842 5320 1083 5373 turribus
1115 5330 1363 5375 ornatum
1395 5332 1557 5391 caput
1608 5332 1660 5376 et
1696 5324 1841 5380 circa

281 5402 687 5476 Ἶουλιαγόρδος,
736 5404 901 5461 altera
948 5406 1273 5476 Ephesinam
1325 5406 1548 5462 Dianam
1599 5420 1653 5466 et
1712 5411 1844 5463 Ἴου-

270 5487 605 5561 λιγορδηνῶν
638 5488 853 5544 titulum
891 5502 1310 5559 repraesentans.

340 5575 479 5631 ibid.
512 5573 651 5629 Ὑπὸ
704 5573 1172 5643 κοιπουλάριον.
1210 5574 1337 5629 Fuit
1369 5580 1691 5646 praesidialis
1720 5596 1846 5652 pro-

274 5662 447 5719 vincia
496 5660 720 5727 Pisidia,
768 5672 827 5717 ut
863 5660 1036 5718 Notit.
1098 5662 1226 5734 imp.
1258 5661 1467 5720 Orient.
1500 5681 1552 5721 c.
1584 5667 1606 5721 I
1643 5679 1697 5723 et
1729 5667 1845 5725 No-

269 5746 405 5808 κίιιι
431 5745 526 5815 24,
562 5745 809 5818 cujus-c.
853 5747 885 5801 4
918 5747 1211 5820 ιιιονίιιιιὶω
1252 5762 1452 5820 praeses
1508 5760 1708 5823 praetor
1750 5752 1838 5811 Ju-

1108 201 1507 294 'couutu'r.
1540 228 1625 290 IN
1664 220 2082 287 HIEROCLIS
2117 216 2658 291 SYNECDEMUM.

3395 203 3544 294 tias

1971 339 2246 397 atiulanus
2277 357 2398 400 esse
2417 345 2671 413 iubetur,
2710 342 2985 409 indicant;
3012 354 3199 411 estque
3247 346 3365 414 eius
3405 365 3541 420 pra:-

1960 438 2049 480 ses
2082 425 2135 479 in
2164 427 2313 483 Artis
2340 428 2540 483 Zosimi
2573 439 2681 483 tom
2718 442 2774 483 ltt
2806 428 2936 493 Jttl.,
2972 447 3024 502 p.
3061 432 3185 492 813.
3218 444 3323 489 etc.

2032 505 2167 564 ibid.
2212 511 2552 582 Ἀντιόχεια.
2603 513 2903 569 Provinciae
2938 524 3054 569 erat
3101 518 3446 586 metroitoiis.
3480 526 3541 571 ut

1959 606 2022 646 ex
2059 596 2471 663 previucialium
2521 598 2588 651 ad
2617 596 2851 654 Leonem
2896 599 3278 669 imperatorem
3309 601 3541 669 epistola

1960 686 2208 746 constat,
2261 679 2547 752 Lycaonia:
2612 683 2810 739 ﬁnibus
2860 687 3140 751 proxima;
3202 702 3324 754 qua:
3377 703 3539 743 causa

1960 772 2043 818 est
2090 780 2259 834 quare
2311 766 2511 821 Basilio
2564 769 2894 823 Seleucieusi
2961 768 3064 823 Vit.
3136 770 3193 825 S.
3262 769 3465 827 Theclw
3499 791 3537 839 ι,

1960 861 2015 915 p.
2062 848 2167 903 255
2195 850 2328 905 edit.
2373 850 2554 905 Paris.
2591 852 2691 922 τῆς
2733 852 2968 906 Πισιδῶν
3019 854 3119 923 τῆς
3166 855 3257 908 καὶ
3296 858 3538 924 γείτονος

1959 932 2251 988 Λυκαόνων
2297 935 2532 991 dicatur.
2578 936 2882 1007 Aucyranre
2910 939 3117 1009 synodo
3149 938 3391 997 adfuisse
3425 942 3535 996 fer-

1960 1022 2050 1069 tur
2080 1018 2377 1086 Sergianus
2427 1020 2727 1075 Antiochia:
2774 1020 2986 1076 Pisidim
3017 1022 3131 1076 sive
3173 1022 3366 1091 Cariae,
3400 1040 3537 1094 quo-

1963 1113 2079 1153 rum
2112 1100 2337 1155 alterunt
2399 1104 2541 1158 baud
2597 1104 2759 1158 dubie
2807 1120 2835 1157 a
2886 1113 3197 1162 correctore
3240 1116 3346 1163 est.
3409 1106 3539 1163 Vide

1960 1182 2252 1239 Ceilarium
2288 1186 2350 1241 G.
2383 1189 2443 1241 Α.
2480 1204 2566 1253 ιιι,
2595 1190 2649 1252 4,
2688 1206 2740 1257 p.
2776 1189 2901 1243 i87.

2031 1269 2165 1324 ibid.
2198 1271 2320 1325 Νέα
2356 1273 2558 1339 πόλις.
2604 1272 2934 1345 Hesychium
2966 1274 3373 1347 Neapolitanum
3397 1278 3537 1334 inter

1960 1348 2175 1409 Pisidia:
2243 1358 2529 1425 episcopos
2592 1358 2646 1411 in
2706 1374 2843 1415 mss.
2891 1363 3263 1417 vetustissimo
3335 1363 3533 1419 Nicaeni

1958 1438 2121 1506 primi
2172 1438 2382 1494 invenit
2434 1439 2493 1497 L.
2530 1440 2890 1498 iiolsteinius.
2943 1443 3215 1501 Bassonas
3248 1448 3347 1516 τῆς
3390 1449 3534 1512 Νέας

1958 1520 2167 1586 πόλεως
2200 1524 2340 1580 inter
2374 1526 2668 1593 provinciae
2692 1529 2949 1595 praesules
2988 1531 3041 1584 in
3075 1528 3531 1597 Chalcedonensi,

1956 1622 2012 1679 p.
2043 1607 2149 1662 670
2182 1625 2377 1663 nomen
2415 1612 2722 1680 protitetur.
2782 1611 2958 1669 Habet
2986 1615 3148 1669 etiam
3182 1615 3527 1673 Ptolenueus.

2029 1690 2164 1748 Ibid.
2211 1698 2477 1764 Λιμέναι.
2509 1696 2875 1767 Litneuopolis
2916 1699 2967 1753 in
3013 1701 3429 1770 prositteialium
3464 1708 3531 1759 ad

1956 1774 2192 1832 Leonem
2247 1779 2629 1847 imperatorem
2676 1784 2835 1850 epist.
2904 1796 3002 1851 pro
3049 1784 3303 1854 Λιμενῶν
3350 1788 3528 1852 πόλις.

1956 1857 2102 1918 Sane
2127 1859 2401 1918 liusianus
2436 1862 2688 1933 Λιμενῶν
2723 1863 2937 1921 Pisidiae
2963 1868 3248 1937 episcopus
3282 1870 3333 1924 itt
3373 1871 3532 1926 Chal-

1954 1947 2171 2012 cedon.,
2208 1962 2260 2017 p.
2290 1946 2417 2011 670,
2446 1948 2666 2015 dicitur,
2691 1960 2748 2004 ut
2775 1951 3060 2006 Constant.
3108 1951 3310 2018 Tertio,
3349 1970 3401 2023 p.
3422 1955 3527 2009 676

1954 2029 2220 2088 Patricius
2247 2033 2342 2101 τῆς
2369 2033 2665 2100 Λυμναίων
2709 2034 2919 2099 πόλεως
2962 2038 3198 2091 Πισιδῶν
3234 2040 3527 2112 ἐπαρχίας.

1957 2116 2108 2172 Unde
2136 2134 2200 2171 an
2236 2119 2459 2189 Λίμναι,
2504 2132 2613 2188 quo
2645 2120 2860 2173 nomine
2893 2121 3055 2176 nrbes
3093 2120 3402 2191 Stephanus
3443 2142 3530 2181 re-

1956 2210 2160 2265 censet,
2196 2204 2435 2267 patiores
2465 2204 2593 2268 sint,
2630 2202 2769 2256 haud
2809 2204 3087 2259 immerito
3118 2208 3352 2263 dubites.

2028 2287 2160 2342 Ibid.
2203 2289 2472 2346 Σαϐίναι.
2523 2288 2669 2343 lianc
2722 2297 2886 2357 atque
2930 2289 3243 2345 Armeniam
3289 2298 3527 2351 nondum

1957 2374 2153 2441 reperi.
2191 2370 2485 2437 Posterior,
2538 2374 2581 2427 si
2618 2371 2819 2429 Graeca
2842 2374 2914 2426 sit
2952 2374 3175 2443 originis
3199 2415 3213 2437 ,
3269 2391 3297 2429 a
3343 2394 3528 2435 servo-

1956 2471 2074 2511 rum
2108 2456 2257 2524 copia
2295 2456 2346 2510 id
2387 2471 2583 2510 nomen
2619 2457 2866 2522 accipere
2904 2459 3098 2526 potuit.
3138 2456 3271 2515 Vide
3317 2464 3525 2519 scholia

1956 2540 2007 2594 in
2041 2538 2297 2597 Nicandri
2322 2541 2697 2609 Alexiphztrm.
2733 2540 2857 2595 176.

2025 2624 2163 2679 Ibid.
2204 2626 2449 2679 Πάππα.
2482 2622 2635 2677 Novit
2673 2640 2793 2680 eam
2846 2625 3202 2694 Ptolemteus,
3235 2641 3427 2701 estque
3474 2635 3531 2690 in

1954 2706 2170 2763 Nir-teno
2224 2708 2463 2763 secundo
2506 2706 2735 2763 Michael
2796 2710 3093 2774 ἐπίσκοπος
3154 2713 3359 2769 Πάπων
3415 2721 3530 2773 δίκε

1955 2793 2204 2847 Πάππων
2236 2793 2377 2846 inter
2419 2790 2651 2856 Pisidas,
2686 2808 2739 2862 p.
2776 2793 2881 2848 548
2908 2806 2958 2849 ct
2986 2795 3113 2851 575.
3144 2794 3349 2869 Negligi
3398 2816 3525 2869 ergo

1953 2891 1983 2929 a
2011 2876 2362 2945 Geograpbim
2391 2872 2572 2929 Sacra:
2613 2876 2893 2931 conditore
2929 2879 3068 2934 haud
3099 2880 3382 2937 debuerat.

2026 2959 2159 3015 Ibid.
2193 2957 2890 3030 Σινήθανδος.Σινίανδο;,
2920 2975 2979 3019 ut
3005 2964 3234 3036 Cyrillus
3251 2967 3523 3025 Σινιάνδου

1952 3045 2183 3099 concilio
2232 3042 2599 3107 Citalcedon.,
2655 3060 2708 3113 p.
2770 3045 2899 3110 670,
2962 3057 3016 3102 et
3075 3049 3262 3105 COIIOII
3319 3053 3526 3119 πόλεως

1953 3128 2225 3182 Σινιάνδου
2254 3128 2350 3197 τῆς
2391 3126 2622 3179 Πισιδῶν
2665 3130 2933 3200 ἐπαρχίας
2987 3129 3271 3188 Constant.
3315 3132 3524 3203 Tertio,

1954 3227 2006 3283 p.
2040 3210 2143 3265 676
2169 3214 2483 3265 ostendunt.

2026 3296 2157 3351 Ibid.
2197 3294 2532 3350 Λαοδίκεια.
2584 3292 2699 3349 Νοη
2758 3294 2916 3350 aliter
2948 3297 3175 3365 Strabo,
3220 3302 3255 3357 l.
3307 3320 3431 3370 xxv,
3468 3304 3542 3376 ιη’

1951 3382 2078 3438 663.
2115 3380 2219 3434 Alii
2257 3380 2580 3434 Λαοδίκειαν
2610 3380 2713 3449 τῆς
2765 3382 3010 3446 Πισιδίας
3053 3386 3281 3454 malunt,
3333 3399 3392 3443 ut
3422 3383 3527 3444 Sti-

1952 3476 2129 3523 crates
2179 3463 2255 3518 Η.
2394 3479 2470 3524 vr.
2519 3464 2573 3518 8.
2620 3461 2891 3518 Palladius
2930 3469 3064 3522 Satis
3112 3470 3353 3526 oratorie
3390 3471 3523 3545 (Vit.

1951 3551 2348 3622 Chrysostomi,
2394 3564 2447 3619 p.
2497 3547 2584 3619 78)
2626 3549 3015 3614 συγκλωποεὶς,
3067 3554 3259 3624 inquit,
3299 3556 3525 3628 Ἀμμω,
3597 3560 3603 3569 ,

1952 3638 2048 3707 νίῳ
2102 3634 2177 3706 τῷ
2224 3632 2543 3693 Λαοδικείας
2604 3632 2701 3701 τῆς
2767 3634 3115 3707 κεκαυμένης
3170 3640 3525 3711 κεκαυμένην

1950 3722 2204 3791 ἐποίησεν
2234 3719 2334 3790 τὴν
2358 3715 2673 3786 ἐκκλησίαν.
2720 3715 2895 3771 Causa
2930 3723 3265 3789 cognominis
3312 3739 3377 3778 ex
3423 3726 3522 3779 soli

1952 3808 2183 3876 ingenio,
2220 3807 2363 3870 quod
2400 3802 2537 3871 ignis
2572 3802 2642 3855 ibi
2679 3804 2926 3872 quzedam
2975 3807 3129 3874 quasi
3161 3809 3523 3881 scaturigines

1947 3899 2149 3953 essent,
2181 3898 2396 3958 sumpta
2420 3886 2649 3941 videtur.

2020 3973 2155 4027 ibid.
2204 3971 2473 4040 Τυρὰτον.
2510 3971 2735 4024 Rectum
2769 3980 2874 4025 est.
2904 3968 3252 4029 Tltcotecnus
3295 3974 3521 4047 Τιρατου

1947 4057 2299 4122 Chalcedon.,
2328 4071 2382 4124 p.
2419 4054 2520 4109 401
2569 4064 2623 4108 et
2662 4054 2957 4125 Τυρασίου,
2985 4073 3040 4127 p.
3083 4058 3185 4116 669
3210 4061 3520 4126 subscribit,

1950 4140 2088 4195 male
2118 4142 2403 4207 utrobique
2436 4156 2449 4193 :
2482 4138 2640 4193 facile
2675 4148 2853 4193 tamen
2890 4141 3077 4196 videas
3109 4144 3250 4197 unde
3298 4160 3359 4198 ea
3413 4147 3523 4201 sint

1949 4227 2261 4293 depravata.
2308 4222 2550 4277 Meminit
2598 4222 2835 4289 ejusdem
2885 4224 2937 4278 in
2996 4223 3222 4297 Phrygia
3253 4268 3267 4289 ,
3325 4229 3524 4287 ﬁnibus

1950 4307 2068 4374 ejus
2097 4309 2328 4377 longius
2374 4304 2617 4375 prolatis,
2653 4304 2950 4373 Xenophon
2984 4309 3185 4377 Exped.
3209 4309 3339 4381 Cyr.
3374 4329 3425 4377 t,
3468 4331 3519 4384 p.

1950 4392 2075 4459 I94,
2100 4394 2195 4448 sed
2237 4392 2493 4463 Τυριαῖον
2516 4390 2829 4459 appellans;
2857 4393 2999 4460 quod
3036 4395 3209 4463 ipsum
3244 4393 3521 4463 Straboni,

1948 4480 1993 4535 si
2026 4492 2156 4533 mss.
2190 4476 2369 4532 valeat
2390 4475 2708 4539 auctoritas,
2738 4475 3084 4532 etttuOrtelio
3116 4480 3516 4543 restituendum

1947 4562 2072 4628 erit,
2113 4561 2149 4615 i.
2187 4575 2301 4624 ur,
2350 4574 2399 4629 p.
2437 4558 2542 4614 665
2576 4579 2589 4615 :
2624 4560 2716 4613 ἐπὶ
2749 4561 2805 4613 δὲ
2856 4561 2916 4612 τὸ
2959 4560 3097 4632 πρὸς
3139 4564 3204 4633 τῇ
3244 4564 3524 4638 Λυκαονίᾳ

1948 4646 2125 4716 πέρας
2166 4644 2268 4714 τῆς
2317 4644 2628 4713 παρωρείου
2674 4644 2733 4696 τὸ
2780 4643 3037 4711 Τυριαίον
3071 4645 3159 4698 διὰ
3199 4647 3523 4721 Φιλομηλίου

1951 4727 2135 4801 μικρῷ
2162 4728 2384 4791 πλείους
2414 4729 2522 4780 τῶν
2561 4729 2951 4782 πεντακοσίων.
2986 4728 3075 4784 Sic
3104 4732 3247 4785 enim
3283 4733 3377 4799 illi,
3417 4748 3523 4790 non

1949 4813 2264 4884 Τυριάριον,
2294 4824 2351 4867 ιιι
2381 4810 2561 4879 vulgo,
2598 4828 2697 4866 nec
2724 4812 3035 4883 Τετράδιον,
3065 4816 3206 4885 quod
3236 4832 3300 4869 ex
3341 4817 3523 4874 Ptole-

1950 4913 2085 4953 ιιιωο
2132 4897 2429 4952 Palmerius
2492 4897 2829 4961 advocabat,
2883 4900 3208 4967 probantes;
3276 4910 3335 4954 ut
3389 4905 3524 4955 adeo

1948 4989 2093 5042 circa
2125 4977 2412 5054 Lycaoniae
2443 4991 2703 5037 montana
2742 4998 2847 5036 non
2883 4984 3110 5039 mtdtum
3143 4999 3172 5038 a
3205 4983 3524 5042 Pbilome‘io

1948 5070 2183 5139 positum
2212 5065 2414 5135 fuerit;
2448 5067 2589 5136 Quod
2617 5077 2668 5121 et
2705 5065 2860 5119 Plinii
2893 5065 3186 5138 Tyrieuses
3218 5084 3268 5132 ν,
3301 5069 3370 5123 27
3398 5070 3521 5124 Pb:-

1949 5150 2351 5209 Iomeiiensibus
2387 5160 2547 5217 ptime
2583 5150 2857 5219 conjuncti
2906 5151 3152 5207 suadent.
3189 5150 3393 5207 Poterit
3428 5170 3526 5205 att-

1947 5247 2057 5295 tem
2087 5235 2360 5308 Tyriteum
2398 5248 2680 5289 numerum
2708 5233 2928 5288 urbium
2956 5232 3299 5305 Geographie:
3319 5234 3521 5303 δουναι,

1947 5329 1999 5382 in
2026 5339 2129 5393 qua
2163 5320 2306 5375 nulla
2336 5320 2454 5389 ejus
2486 5318 2709 5383 mentio,
2733 5333 2953 5388 augere.

2017 5408 2152 5464 Ibid.
2208 5404 2715 5473 Ἀδριανούπολις.
2762 5400 3071 5458 Florentius
3130 5402 3510 5474 ’Λδριανουπὸο

1942 5496 2081 5559 λεως
2108 5488 2327 5548 Pisidia:
2351 5497 2438 5545 est
2477 5490 2531 5543 in
2574 5486 2906 5544 Chalcedon.
2941 5487 3194 5553 concilio,
3226 5506 3278 5556 p.
3312 5489 3438 5554 670,
3463 5500 3521 5545 ct

1944 5581 2252 5639 Thalalaeus
2290 5571 2930 5644 iladrianOpolitanorum
2966 5571 3182 5629 Pisidiae
3226 5576 3521 5645 provincia:

1943 5667 2137 5726 Collat.
2168 5664 2202 5719 8
2226 5660 2640 5729 Constantinop.
2667 5672 2800 5724 sec.,
2835 5674 2891 5728 p.
2919 5657 3015 5713 2M
3033 5698 3046 5714 .

2018 5753 2153 5812 Ibid.
2184 5746 2573 5823 Φιλομήλιον.
2602 5744 2739 5803 Nota
2770 5744 2898 5802 urbs
2930 5743 3292 5805 cx'Strabone
3314 5754 3523 5807 ettan-
