4074 6338
259 321 396 388 1129

259 453 376 492 rum
421 436 652 492 fortasse
686 435 799 491 bare
830 435 969 506 apud
1012 435 1328 490 Athenaeum
1375 435 1415 491 Ι.
1456 448 1589 500 xm,
1631 449 1686 503 p.
1733 431 1837 486 571

254 521 434 575 obvia.
465 520 777 590 Δοκίμεων,
813 530 873 573 ιιι
901 534 966 574 eo
998 520 1302 582 redeamus,
1339 516 1644 588 Stephano,
1674 518 1835 568 Δοκῐο

262 616 443 675 ραιον,
516 617 624 659 non
672 606 790 659 sine
831 618 1040 669 errore,
1074 603 1381 668 Ptolemaeo,
1424 600 1654 672 Δοκιμὶα
1677 598 1838 669 κώμη

258 686 516 744 Straboni
563 688 607 744 l.
640 704 732 755 xu,
784 704 837 757 p.
881 686 1008 742 577.
1052 687 1327 758 Δοκίμιον,
1379 686 1540 756 plane
1599 692 1657 739 ut
1709 683 1836 746 hic,

259 772 530 844 ἐπαρχίας
577 771 819 845 Φρυγίας
864 770 1233 841 Σαλουταρίας
1286 770 1559 843 Ephesino
1607 768 1839 823 concilio

257 871 312 924 p.
355 855 483 912 554.
528 853 665 912 Vide
700 854 975 911 Norisium
1024 854 1245 909 Dissert.
1288 856 1313 909 1
1344 853 1416 910 de
1442 852 1642 922 Epoch.
1668 850 1836 923 Syro-

261 938 470 994 Haced.
508 955 561 1009 ρ.
599 938 688 995 ιι.

327 1023 444 1081 Col.
480 1024 604 1079 168.
633 1023 857 1093 Μῆρος.
885 1022 977 1078 Est
994 1023 1133 1092 apud
1156 1022 1433 1078 Socratem
1452 1021 1527 1078 Η.
1552 1020 1619 1076 Ε.
1640 1036 1723 1087 ιιι,
1750 1020 1835 1083 l5.

260 1119 314 1162 et
349 1106 643 1163 Sozomen.
684 1123 737 1171 v,
774 1108 863 1173 11,
900 1109 989 1161 ubi
1028 1105 1303 1161 Valesium
1332 1107 1473 1162 vide.
1518 1103 1631 1161 Nec
1676 1102 1839 1160 crede

259 1203 438 1245 tamen
479 1190 786 1261 posteriore
829 1200 991 1245 aetate
1026 1188 1346 1260 Comopoliu
1397 1188 1566 1245 fuisse
1601 1186 1838 1257 appella-

259 1284 404 1339 tam;
464 1290 638 1344 neque
689 1273 836 1330 enim
893 1274 1281 1329 Constantinus
1329 1273 1625 1343 imperator
1677 1272 1716 1327 Ι.
1777 1286 1833 1340 ι,

259 1358 449 1414 'l‘nem.
481 1362 502 1411 l
532 1359 587 1413 id
610 1355 927 1424 alﬁrmabit,
969 1359 1062 1412 sed
1091 1357 1295 1412 Merum
1324 1355 1492 1412 luisse
1528 1356 1837 1427 κωμόπολιν

256 1445 369 1497 sive
395 1446 654 1511 grandem
683 1443 883 1509 vicum,
913 1442 1001 1510 qui
1020 1443 1087 1495 ad
1112 1440 1257 1495 urbis
1280 1440 1684 1510 amplitudinem
1713 1455 1840 1510 pro-

254 1529 401 1581 xime
433 1528 742 1592 accederet,
772 1528 848 1579 uti
872 1526 926 1581 in
961 1525 1135 1581 Marci
1164 1523 1367 1595 Evang.
1403 1539 1449 1591 ι,
1489 1522 1578 1579 38.
1610 1523 1837 1579 Carolus

254 1624 283 1663 a
312 1608 370 1663 S.
405 1609 574 1665 Paulo
599 1625 719 1666 cum
742 1607 951 1680 Myrum
983 1616 1162 1675 vocat,
1191 1610 1260 1663 ab
1286 1608 1433 1662 Actis
1456 1606 1834 1674 conciliorum,

253 1706 312 1747 υι
346 1691 548 1749 Nicaeui
570 1693 800 1749 secundi
832 1707 885 1762 p.
911 1691 1040 1758 557,
1072 1692 1162 1747 ubi
1197 1691 1494 1748 Damianus
1519 1689 1745 1762 Μύρων,
1778 1690 1834 1746 in

251 1778 497 1831 fraudem
537 1776 800 1847 impulsus
828 1786 935 1832 est.

320 1860 460 1913 Ibid.
492 1861 782 1915 Νακολία.
818 1858 1017 1915 Urbem
1050 1858 1315 1931 Phrygiae,
1362 1857 1447 1914 cui
1475 1854 1693 1914 Nacolia
1732 1872 1834 1915 uo-

248 1959 400 2009 men,
428 1944 595 1997 πόλιν
618 1945 716 2013 τῆς
767 1944 1010 2013 Φρυγίας
1116 1940 1409 1996 Νακώλεια
1450 1940 1832 2012 πρυσωνυμία,

249 2030 318 2084 ad
353 2044 516 2097 quam
552 2026 757 2082 Valens
785 2026 1109 2099 Procopium
1149 2027 1541 2099 proﬂigaverit,
1581 2026 1835 2082 Socrates

247 2114 323 2169 Η.
361 2113 428 2166 Ε.
462 2128 537 2180 iv,
562 2113 790 2169 5vocat.
825 2112 1055 2167 Basilius
1070 2110 1389 2175 Νακωλείας
1404 2110 1644 2183 Φρυγίας
1672 2110 1833 2164 Chal-

240 2199 439 2253 cedon.
475 2196 706 2251 concilio
738 2212 791 2265 p.
819 2195 922 2249 578
944 2195 1261 2265 subcripsit.
1286 2192 1513 2250 Ceteris
1538 2193 1830 2257 Νακόλεια,

239 2292 297 2332 ut
329 2276 620 2335 Piolemaco
652 2290 707 2334 et
752 2278 976 2334 Zozimo
1017 2293 1091 2343 tv,
1131 2276 1187 2334 8.
1215 2274 1353 2333 Vide
1397 2277 1498 2334 Cb.
1539 2274 1831 2333 Cellarium

245 2361 312 2417 ϐ.
355 2366 423 2418 Α.
468 2381 547 2425 ιιι,
584 2366 635 2425 4,
672 2380 723 2434 ρ.
755 2363 878 2421 LM.

317 2447 458 2501 Ibid.
482 2448 833 2516 Δορύλλιον.
872 2445 1183 2518 Δθρύλαιον,
1213 2445 1287 2500 uti
1311 2442 1528 2513 Strabo;
1567 2445 1669 2501 nisi
1696 2445 1833 2502 lorte

246 2530 595 2601 sepultum,
632 2532 788 2586 modo
835 2545 1030 2587 sanum
1075 2530 1127 2584 id
1166 2530 1255 2593 sit,
1303 2544 1421 2583 cum
1456 2529 1735 2586 Eustatbio
1780 2531 1830 2585 in

245 2614 478 2687 Dionys.
512 2616 617 2671 8l5
649 2615 899 2670 voluerit.
950 2612 1203 2669 Proxime
1242 2612 1465 2669 ﬂuvium
1508 2617 1689 2671 sedem
1735 2617 1832 2669 ba-

240 2699 387 2765 .bnit,
424 2701 514 2770 qui
551 2700 609 2753 in
644 2696 797 2751 Thes.
840 2696 1055 2752 Britan.
1104 2708 1236 2755 tom.
1283 2712 1346 2762 tt,
1399 2712 1452 2768 p.
1500 2697 1607 2752 257
1668 2714 1833 2753 numo

246 2784 568 2856 Δορυλαέων
604 2794 754 2836 urna:
801 2783 1088 2845 incumbit,
1120 2796 1445 2852 quamquam
1481 2796 1586 2853 quo
1618 2784 1834 2836 nomine

246 2869 415 2924 fuerit
463 2870 699 2922 nondum
749 2882 847 2936 pro
902 2878 1179 2937 comperto
1219 2866 1468 2921 habetur.
1511 2866 1629 2924 Nic.
1688 2866 1832 2936 llay-

246 2954 394 3008 ntius
419 2950 746 3022 Sangarium
777 2952 1093 3016 arbitratur,
1121 2950 1206 3004 cui
1238 2964 1371 3004 sane
1396 2950 1449 3003 in
1474 2949 1675 3004 Tabula
1694 2949 1834 3021 Peu-

240 3042 539 3109 «tiugeraua
555 3037 803 3093 accubat.
833 3036 901 3090 At
928 3034 983 3090 id
1009 3033 1207 3088 ﬂumen
1239 3034 1427 3089 urbem
1455 3033 1674 3090 alluisse
1704 3050 1827 3092 cum

240 3134 404 3179 certo
433 3123 576 3177 haud
606 3130 839 3186 constet,
884 3119 1064 3173 malim
1101 3118 1422 3173 alterutrum
1452 3117 1690 3173 amnium
1716 3134 1833 3173 crc-

245 3210 381 3264 dz-re
429 3208 495 3261 de
544 3207 742 3277 quibus
801 3204 1101 3259 Cinnamus
1147 3220 1201 3267 v,
1242 3204 1295 3263 l.
1337 3203 1425 3257 ubi
1472 3205 1539 3258 de
1586 3201 1834 3260 Manuale

249 3288 671 3357 Cumuenq,At:’r
688 3288 780 3342 τοῦ
816 3286 1218 3356 Ἑλλησπόντου
1252 3283 1497 3356 πορθμοῦ
1526 3287 1617 3339 ἐπὶ
1652 3288 1832 3353 Ἀσίας

247 3373 442 3437 διαϐὰς
472 3374 605 3445 ἄχρι
624 3371 917 3442 Δορυλαίου
941 3366 1093 3441 ἦλθε,
1126 3369 1254 3439 περὶ
1275 3368 1443 3438 ἄμφω
1472 3367 1550 3422 τὼ
1583 3371 1831 3440 ποταμὼ,

245 3450 327 3510 ὧν
370 3458 401 3511 ὁ
471 3459 570 3526 μὲν
598 3456 779 3517 Βαθὺς
819 3454 953 3525 πρὸς
999 3454 1106 3507 τῶν
1155 3452 1480 3523 ἐγχωρίων,
1528 3451 1731 3522 Θύαρις
1778 3454 1835 3508 δὲ

252 3543 450 3611 ἅτερος
484 3536 852 3609 φημίζεται.
894 3537 1046 3593 Adde
1091 3553 1166 3603 vr,
1195 3536 1259 3590 14
1296 3534 1540 3593 Nicetam
1584 3536 1831 3593 Cboniat.

252 3624 458 3679 Annal.
487 3623 727 3677 Hanuel.
756 3639 830 3689 vs,
864 3638 919 3690 ι).
955 3621 1041 3676 88.

326 3712 464 3765 Ibid.
513 3708 796 3763 Μέδαιον.
828 3707 1055 3762 Μίδαιον
1097 3707 1211 3763 sive
1250 3704 1504 3771 Μιδὰεον,
1538 3708 1677 3761 unde
1724 3707 1831 3762 Mt-

245 3795 423 3851 ὁαέων
448 3794 595 3850 numi
624 3791 1119 3864 apudiﬂarduinum
1140 3788 1382 3846 etﬂolst.
1405 3792 1458 3845 in
1481 3789 1834 3861 Stpebanum.

322 3880 465 3938 ibid.
492 3879 697 3950 Δῆμον
721 3875 1001 3932 Λυκαῶν.
1032 3874 1314 3931 Posterius
1339 3888 1372 3927 e
1401 3890 1503 3929 rus.
1538 3874 1673 3930 eruit
1702 3874 1831 3929 llol-

246 3966 508 4031 szeiuius,
550 3978 583 4017 e
629 3977 738 4032 quo
782 3959 1079 4015 Λυκαόνων
1122 3957 1289 4030 δῆμες
1326 3955 1548 4013 formari
1596 3968 1833 4028 oportet.

248 4051 459 4122 Αῆμος,
485 4060 731 4117 utsaepe,
763 4060 958 4117 pagum
988 4052 1137 4100 notat
1165 4061 1181 4097 :
1212 4043 1524 4113 Stephanus
1544 4043 1832 4115 Εὑκαρπια

247 4135 427 4205 anno;
459 4132 559 4202 τῆς
605 4132 812 4204 μικρᾶς
838 4128 1101 4200 Φρυγίας,
1137 4138 1191 4184 et
1225 4130 1277 4182 in
1310 4126 1509 4198 Δῆμος,
1555 4128 1833 4198 Lycaones

251 4220 308 4273 in
352 4216 590 4287 Phrygia
640 4213 868 4278 Plinius,
900 4227 953 4278 v,
997 4210 1068 4267 29
1111 4212 1377 4281 agnoscit,
1428 4209 1596 4279 probe
1640 4221 1832 4267 contra

251 4301 589 4357 ﬂarduinum
619 4312 649 4353 ιι
677 4298 781 4353 Ch.
812 4295 1046 4351 Cellario
1075 4292 1143 4352 ϐ.
1183 4294 1253 4351 Δ.
1288 4309 1371 4361 ιιι,
1411 4293 1467 4361 4,
1510 4309 1563 4365 p.
1612 4292 1834 4352 l6l-dc—

249 4388 458 4441 tensos.

322 4468 460 4524 ibid.
482 4465 685 4537 Δήμου
706 4463 1064 4534 Δὺράκλεια.
1095 4462 1258 4518 Forte
1280 4461 1448 4536 δῆμος
1462 4464 1826 4537 Αὑλοκρήναι.

250 4553 462 4612 Plinius
492 4552 821 4606 Aulocrenas
856 4547 1098 4620 Phrygia:
1137 4548 1343 4613 tribuit,
1371 4564 1420 4615 v,
1449 4548 1540 4607 29.
1564 4550 1827 4622 Marsyas,

253 4638 452 4708 inquit,
488 4635 560 4687 ibi
594 4634 859 4696 redditur,
887 4636 1049 4703 λοι-ειη
1088 4647 1152 4685 ac
1192 4634 1349 4699 paulo
1399 4649 1522 4687 mox
1563 4635 1829 4700 conditus,

251 4723 342 4778 ubi
363 4722 583 4776 certavit
610 4720 864 4773 tibiarum
886 4727 1049 4771 cantu
1074 4732 1190 4770 cum
1213 4714 1474 4785 Apolline,
1498 4716 1828 4775 Aulocrenis:

252 4811 327 4862 ita
356 4818 572 4862 vocatur
604 4801 853 4859 convallis
896 4807 1068 4856 decem
1118 4800 1251 4855 mill.
1288 4818 1541 4869 passuum
1587 4806 1649 4857 ab
1692 4807 1833 4874 Apa-

253 4894 365 4947 mia
398 4890 687 4961 Phrygiam
725 4887 1035 4954 petentibus.
1073 4885 1135 4938 Et
1168 4900 1279 4962 xvi,
1329 4884 1420 4950 l5,
1471 4886 1611 4940 favet
1651 4889 1826 4956 suspi-

252 4978 398 5031 cioni
434 4975 655 5045 Aquilae
686 4972 972 5042 episcopus
997 4967 1316 5039 Αὑλοκρῶν,
1358 4968 1449 5038 qui
1487 4971 1627 5023 inter
1656 4968 1827 5042 Phry.

252 5064 355 5130 gia:
400 5058 669 5113 Sslutaris
714 5055 974 5126 praesules
1013 5052 1342 5109 Chalcedon.
1388 5068 1447 5122 ι).
1482 5054 1585 5109 400
1631 5070 1825 5110 nomen

253 5160 414 5199 suum
475 5140 780 5213 proﬁtetur.
820 5138 956 5207 Quia
1032 5147 1212 5191 tamen
1263 5137 1587 5209 Δύροκλάων
1629 5155 1684 5210 p.
1723 5140 1829 5196 246

254 5229 497 5293 dicitur,
548 5224 684 5279 nihil
754 5222 1109 5278 decreverim.
1162 5216 1236 5277 'ld
1319 5221 1538 5287 addam,
1588 5223 1642 5277 in
1689 5220 1833 5279 Geo-

253 5312 447 5384 graph.
482 5309 649 5364 Sacra
683 5307 950 5379 prmteriri
978 5305 1121 5360 haud
1157 5305 1425 5361 debuisse.

328 5396 460 5450 Ibid.
496 5389 695 5462 Δήμου
750 5389 1153 5461 Ἀλαμασσοῦ.
1188 5388 1245 5443 lu
1272 5390 1503 5446 concilio
1536 5390 1831 5448 Chalcedo-

255 5480 411 5537 ncnsi
445 5479 562 5547 ejus
605 5477 888 5548 episcopus
934 5483 1286 5539 memoratur,
1336 5474 1639 5545 diciturqne
1674 5476 1829 5542 πόλις

266 5562 589 5634 ’Λμαδάσση
614 5576 665 5629 p,
707 5560 833 5625 675,
864 5569 919 5613 et
955 5559 1007 5613 in
1054 5558 1466 5630 Gonstantinop.
1504 5563 1742 5616 secundo
1773 5577 1826 5629 p.

254 5650 363 5707 3M
391 5650 586 5706 civitas
619 5647 1137 5703 Atnadasscnorum.
1186 5644 1407 5723 Rectius
1450 5645 1631 5715 itaque
1660 5646 1830 5718 δῆμος

268 5733 638 5805 ’Δμαδὰσσηςι

327 5819 461 5880 ιιιιιι.
485 5817 684 5889 Δήμου
706 5814 1085 5885 Προιτνίασα..
1114 5812 1467 5887 Ριιτίθδῆμος
1499 5816 1827 5879 Πυαιπένισ.

577 5913 845 5976 ΡΑτιιοι..
884 5911 1035 5993 Gtt,
1060 5910 1261 5975 CXIII.

1107 319 1504 384 COMMENT.
1545 319 1631 381 IN
1670 316 2089 380 HIEROCLIS
2132 317 2678 385 SYNECDEMUM.

3374 320 3427 381 il
3445 324 3507 379 Ἠ

2138 434 2504 504 Praepcnissus
2564 444 2649 490 est
2695 435 2834 490 inter
2881 432 3125 506 Phrygia:
3170 433 3328 487 uritCS
3372 440 3509 499 apud

1944 514 2326 584 Ptolemaeum,
2359 520 2757 590 subscribitque
2797 520 3062 572 Auxanon
3101 516 3311 582 πόλεως
3346 519 3516 588 Πρᾱὶε

1942 600 2198 654 πενίσσου
2235 600 2663 658 Chalcedonensi
2690 620 2742 673 p.
2765 602 2888 659 673.
2912 600 3069 670 Quod
3096 616 3224 658 vero
3256 604 3340 657 his
3366 605 3515 673 pagis

1941 686 2180 754 episcOpi
2223 686 2423 741 fuerint
2459 688 2724 757 impositi,
2764 688 2817 742 id
2855 696 3173 757 argumento
3221 698 3301 742 est
3344 686 3515 743 fuisse

1940 771 2283 840 κωμοπόλεις
2319 771 2432 827 sive
2464 773 2670 841 amplos
2710 784 2764 829 et
2798 773 2997 828 civium
3033 769 3337 843 frequentia
3372 773 3513 829 cele-

1942 855 2065 910 bres
2101 871 2283 928 pagos,
2318 858 2459 912 unde
2490 868 2547 912 et
2583 857 2766 919 πόλεις
2803 856 3231 913 Chalcedonensi
3280 859 3512 913 concilio

1939 939 2217 995 dicuntur.
2263 940 2552 1011 Ceteroqui
2591 956 2825 997 canones
2856 956 2993 1013 pago
3040 950 3133 995 aut
3163 957 3341 1011 parvae
3370 944 3511 1006 urbi,

1941 1022 2026 1077 cui
2062 1024 2143 1078 vel
2182 1040 2320 1078 unus
2349 1027 2634 1096 presbyter
2669 1026 2961 1092 sulliceret,
2995 1026 3308 1097 episcopum
3349 1041 3514 1097 nega-

1945 1111 2105 1174 bant,
2134 1117 2190 1161 ut
2221 1109 2413 1180 synodi
2462 1109 2804 1165 Sardicensis
2861 1112 2942 1166 6:
2995 1111 3087 1182 Μὴ
3134 1111 3337 1177 ἐξεῖναι
3382 1111 3516 1166 καθα

1944 1191 2099 1245 man
2122 1190 2420 1246 ἐπίσκοπον
2443 1192 2625 1247 ἔν-τινι
2650 1192 2865 1265 κώμῃῆ
2896 1194 3127 1265 βραχείᾳ
3152 1194 3323 1258 πόλει,
3405 1198 3517 1248 τινὶ

1942 1274 2037 1328 καὶ
2059 1270 2141 1337 εἷς
2169 1275 2544 1348 πρεσϐύτερος
2573 1279 2807 1347 ἐπαρκεῖ
2827 1292 2839 1306 ’
2889 1288 2941 1333 et
2974 1277 3165 1347 synodi
3197 1276 3515 1334 Laodiceam

1938 1357 2029 1423 56,
2072 1359 2166 1428 qui
2226 1360 2582 1432 ⁸περιιςοόειιτὰις
2618 1362 2734 1416 sive
2776 1361 3108 1427 visitatores,
3134 1370 3194 1414 ut
3229 1360 3519 1431 Dionysius

1939 1438 2180 1512 Exiguus
2203 1445 2385 1503 vertit,
2413 1444 2479 1497 de
2504 1444 2703 1513 quibus
2731 1445 3059 1515 Beveregius
3087 1445 3265 1515 plura,
3304 1447 3354 1498 in
3378 1447 3516 1514 ejus-

1940 1523 2080 1579 modi
2105 1539 2269 1595 pagos
2293 1525 2581 1592 amandat;
2608 1541 2937 1597 quamquam
2961 1538 3016 1581 et
3046 1527 3095 1582 id
3128 1528 3263 1581 citra
3290 1528 3512 1581 dubium

1936 1616 2043 1671 est,
2078 1607 2221 1661 haud
2257 1622 2379 1663 raro
2410 1611 2699 1678 praesulem
2730 1610 3028 1667 ambitione
3058 1612 3258 1680 Optime
3297 1612 3513 1666 decreta

1937 1689 2105 1746 fuisse
2140 1700 2391 1763 proterve
2425 1693 2850 1761 conculcata,et
2892 1709 3001 1765 quo
3042 1694 3224 1765 plures
3253 1692 3516 1764 suﬂ‘raga-

1950 449 2061 496 σος.

1938 1789 2093 1840 neos,
2123 1790 2260 1845 quos
2283 1786 2496 1843 vocant,
2519 1778 2854 1845 acciperent,
2881 1778 3033 1849 pagis
3055 1787 3219 1848 atque
3245 1779 3513 1848 cppidnhs

1936 1858 2219 1929 episcopos
2256 1860 2431 1915 datos.
2478 1860 2537 1915 In
2585 1859 2770 1915 Africa
2806 1871 2957 1918 certe
2993 1876 3089 1930 per
3141 1864 3515 1919 contentiones

1937 1938 2301 1999 Donatisticas
2342 1943 2713 1999 incredibilem
2743 1943 2796 1999 in
2836 1944 3053 2000 modqu
3094 1945 3378 2023 przcsulum
3410 1963 3512 1999 nu-

1936 2040 2121 2083 merus
2154 2026 2409 2094 increvit,
2443 2028 2811 2096 paulatimque
2835 2026 2972 2082 villa:
3004 2026 3151 2081 fundi
3184 2037 3239 2081 et
3262 2030 3361 2084 vici
3384 2045 3514 2085 suos

1935 2110 2036 2165 sibi
2066 2109 2381 2181 praepositos
2414 2111 2681 2176 viderunt,
2706 2111 2846 2166 sicut
2871 2125 2937 2164 es
2971 2106 3170 2165 Collat.
3192 2108 3510 2181 Cari/mgni.

1937 2207 1986 2248 c.
2028 2194 2127 2247 181
2181 2192 2423 2264 colligas.
2460 2192 2573 2251 Sed
2622 2193 2738 2251 hac
2782 2193 2849 2249 sb
2891 2194 3137 2249 instituto
3177 2207 3275 2249 nos
3320 2208 3515 2251 avoca-

1930 2285 2054 2332 rent
2084 2275 2312 2345 longius.
2970 2290 2973 2293 '

2007 2358 2142 2415 Ibid.
2186 2359 2334 2417 Ὑπὸ
2372 2358 2838 2427 κονσουλιίριον.
2880 2358 3021 2416 Olim
3064 2360 3223 2432 Lycia
3265 2371 3321 2418 et
3354 2362 3513 2419 Pam-

1936 2443 2117 2516 pb)lia
2159 2444 2250 2498 uni
2293 2443 2604 2514 proconsuli
2641 2455 2965 2513 paruerunt;
3012 2445 3151 2499 unde
3182 2445 3246 2501 Ο.
3287 2444 3514 2501 Porcius

1934 2542 2128 2596 procos
2153 2527 2327 2599 Lyciae
2355 2536 2409 2583 et
2438 2524 2769 2599 Pamphyliae
2802 2526 2855 2582 in
2880 2525 3045 2583 Thes.
3071 2544 3125 2599 ρ.
3153 2527 3512 2597 CGCCLVlll,

1933 2611 1991 2666 6.
2034 2609 2148 2666 Sub
2182 2610 2533 2666 Constantino
2561 2612 2841 2679 praesidem
2878 2610 3214 2679 habuerunt,
3249 2614 3315 2667 ad
3350 2629 3510 2683 quem

1936 2694 1971 2748 Ι.
1995 2695 2050 2759 2,
2080 2710 2130 2749 c.
2152 2693 2257 2751 'I‘h.
2286 2693 2353 2748 de
2384 2707 2550 2747 censu
2572 2693 2697 2747 data
2719 2702 2820 2748 est.
2852 2692 3068 2749 Diceres
3099 2694 3244 2751 Decii
3272 2705 3515 2767 tempore

1936 2799 1962 2833 ιι
2002 2780 2166 2849 Lycia
2191 2777 2516 2850 jam'l‘uisse
2556 2777 2868 2832 distractam
2902 2778 2971 2832 ob
3000 2776 3333 2850 Pamphyliae
3373 2796 3513 2850 pra:-

1937 2864 2201 2918 l‘ccturam
2236 2860 2504 2915 Martiano
2539 2859 2699 2915 abeo
2728 2860 3056 2929 imperatore
3094 2864 3425 2929 mandatam,
3459 2864 3513 2918 in

1934 2947 2086 3002 Actis
2115 2944 2177 3001 S.
2216 2944 2426 3000 Acliatii
2452 2946 2589 3014 apud
2622 2942 2874 2998 ituinart.
2908 2959 2959 3012 p.
2991 2944 3109 3009 l55,
3136 2946 3181 3001 si
3211 2948 3366 3002 bona
3389 2947 3511 3005 tidei

1936 3045 2149 3100 semper
2174 3045 2235 3085 ea
2267 3038 2448 3084 essent
2481 3036 2850 3084 monumenta.
2880 3027 3041 3083 Forte
3070 3028 3406 3086 Theodosius
3433 3048 3512 3088 se-

1936 3118 2141 3171 cundus
2167 3113 2346 3186 Lycia:
2378 3128 2532 3168 suum
2567 3112 2848 3182 praesidem
2893 3113 3167 3182 impasuit,
3206 3129 3307 3184 qua
3342 3118 3407 3171 de
3456 3134 3513 3173 re

1936 3202 2093 3256 alias.
2127 3200 2314 3255 Fuisse
2342 3212 2469 3254 vero
2501 3197 2842 3259 consularem
2889 3194 3259 3270 Pamphyliam
3304 3195 3513 3255 Noliiia

1934 3286 2059 3351 imp.
2090 3285 2147 3337 in
2177 3282 2380 3337 Orient.
2420 3297 2468 3337 c.
2501 3281 2525 3334 1
2558 3282 2734 3337 docet.

2006 3367 2141 3422 Ibid.
2169 3366 2385 3435 Πέργῃ.
2419 3363 2559 3419 Editi
2597 3379 2785 3420 omnes
2807 3363 3064 3419 Σύλλαιον
3092 3364 3342 3441 jungunt,
3385 3384 3447 3423 ac
3465 3372 3509 3423 si

1935 3453 2123 3506 eadem
2153 3451 2281 3503 urbs
2306 3458 2468 3510 esset,
2496 3460 2719 3517 prorsus
2741 3456 2929 3503 contra
2960 3464 3145 3503 verum
3173 3466 3188 3503 :
3214 3453 3513 3507 distinctis-

1936 3537 2086 3589 siina:
2115 3533 2261 3587 enim
2308 3534 2545 3594 fuerunt,
2584 3528 2811 3600 singulis
2839 3532 3131 3601 episcopis,
3164 3543 3223 3587 ut
3260 3549 3325 3588 ex
3353 3534 3514 3589 Chal-

1936 3617 2225 3673 cedonensi
2270 3614 2499 3669 concilio
2540 3614 2810 3679 novimus,
2844 3616 3095 3671 subditae.
3142 3616 3359 3675 Scriore
3397 3622 3517 3691 qui»

1937 3705 2056 3759 dem
2101 3716 2217 3756 aevo
2260 3699 2495 3769 dignitas
2538 3697 2948 3767 ntetropolitana
2993 3700 3225 3771 Sylueum
3272 3710 3510 3772 ornavit,

1938 3801 2112 3856 eaque
2164 3798 2326 3840 causa
2397 3792 2504 3849 est,
2545 3794 2644 3836 cur
2689 3782 2743 3837 in
2793 3780 2915 3838 aliis
2964 3782 3182 3841 Notitiis
3226 3787 3255 3838 ὁ
3292 3789 3512 3860 Πέργης

1936 3872 2057 3942 ἦτοι
2104 3869 2332 3923 Συλαίοω
2380 3866 2673 3937 episcopus
2720 3876 3074 3923 memoretur.
3128 3871 3199 3925 At
3239 3875 3507 3938 nondum,

1936 3974 2058 4013 cum
2080 3954 2355 4012 Hierocles
2384 3968 2536 4009 suam
2562 3952 2850 4021 digereret,
2886 3964 2954 4007 eo
3000 3968 3090 4009 res
3125 3955 3400 4013 redierat:
3427 3964 3509 4013 di-

1936 4043 2285 4111 stinguuntur
2304 4038 2446 4093 enim
2472 4034 2758 4103 utriusque
2772 4034 3009 4104 episcopi
3024 4036 3077 4092 in
3096 4036 3485 4113 Constantinop
3498 4084 3511 4099 .

1937 4126 2114 4179 tertio.
2151 4122 2278 4176 Erat
2311 4120 2477 4188 Perge
2513 4117 2802 4188 provinciae
2829 4123 3159 4191 metropolis,
3178 4124 3335 4179 sicut;
3366 4140 3504 4194 pm.

1936 4218 2017 4263 ter
2040 4205 2483 4263 Chalcedonense
2508 4205 2793 4260 concilium
2827 4221 2879 4275 p.
2905 4204 3011 4260 656
3039 4207 3358 4263 scholiastes
3388 4210 3508 4264 Cal-

1938 4292 2122 4347 limalti
2158 4294 2342 4363 hymn.
2378 4289 2432 4344 in
2466 4289 2624 4345 Diau.
2655 4304 2706 4343 v.
2735 4288 2833 4343 l87
2857 4299 2910 4345 et
2933 4292 3186 4361 egregius
3209 4308 3408 4349 uulnus
3441 4296 3509 4347 ab

1942 4375 2142 4430 Ezech.
2174 4372 2506 4444 Spanliemio
2540 4368 2844 4445 '(dissert.9
2866 4375 2930 4429 de
2956 4373 3019 4429 ν.
3062 4386 3117 4433 et
3149 4372 3213 4433 Ρ.
3256 4375 3421 4434 Nunt.
3453 4395 3507 4449 p.

1934 4460 2058 4534 591)
2102 4460 2397 4531 productus
2424 4459 2736 4514 ostendunt.
2762 4456 2921 4513 Secta
2948 4450 3153 4517 dein'in
3184 4463 3317 4517 duas
3349 4461 3508 4517 Pam-

1931 4547 2138 4619 phylia,
2161 4558 2281 4613 qua:
2318 4552 2492 4596 tamen
2520 4541 2711 4597 divisio
2730 4539 2999 4613 Hierocle,
3016 4544 3342 4618 quod'supra
3363 4557 3508 4617 pare.

1939 4632 2188 4696 fecimus,
2226 4626 2500 4697 posterior
2527 4635 2631 4689 est,
2668 4625 2841 4698 Pergo
2871 4623 3205 4703 Pamphylia:
3230 4636 3503 4702 secundae,

1935 4717 2123 4787 primae
2154 4725 2279 4767 vero
2302 4710 2429 4764 Side
2458 4710 2775 4780 metropolis
2807 4728 2928 4770 esse
2966 4718 3155 4784 cepit.

2005 4798 2140 4853 Ibid.
2165 4798 2491 4850 Σύλλαιον.
2518 4794 2747 4852 Σύλαιον
2775 4795 3133 4857 Constantino
3166 4802 3206 4857 l.
3231 4802 3283 4868 1,
3310 4802 3507 4865 Tliem.

1936 4888 2023 4953 Η,
2093 4896 2145 4938 et
2192 4882 2608 4951 Coustantinop.
2667 4881 2828 4938 tertio
2870 4899 2925 4955 p.
2976 4886 3100 4953 677,
3172 4888 3264 4943 ubi
3308 4887 3507 4950 Paulus

1934 4971 2142 5033 πόλεως
2171 4967 2398 5022 Συλαίου
2439 4967 2537 5037 τῆς
2569 4967 2905 5037 Παμφυλίων
2940 4969 3235 5041 ἐπαρχίας,
3283 4987 3382 5028 nec
3409 4976 3506 5029 ali-

1930 5065 2015 5110 ter
2037 5054 2180 5107 Actis
2214 5051 2276 5106 S.
2303 5049 2557 5120 Slepluuti
2586 5050 2850 5119 Junioris,
2880 5070 2911 5108 a
2945 5052 3299 5111 Bonediclinis
3318 5058 3504 5130 vulga-

1933 5144 2020 5195 tis.
2056 5155 2108 5209 p.
2134 5138 2262 5203 ὁδὶ,
2304 5153 2422 5207 qua
2462 5136 2681 5207 Lyciam
2729 5138 2857 5195 hinc
2902 5140 3215 5208 ordiuntur,
3264 5144 3364 5197 etsi
3396 5146 3505 5213 ipsi

1932 5227 2128 5279 Σύλεσν
2160 5223 2467 5278 maluerint.
2498 5218 2731 5276 Putares
2768 5224 2949 5293 itaque
2997 5234 3205 5279 rectum
3249 5227 3300 5280 id
3343 5241 3503 5283 esse;

1935 5320 1991 5365 at
2020 5311 2197 5365 obstat
2223 5304 2441 5358 Σύλειον
2477 5302 2734 5372 Stephani
2759 5314 2811 5359 et
2846 5306 3065 5377 Syleum
3103 5307 3262 5365 Livii.
3297 5311 3507 5365 Salina-

1935 5397 2050 5450 sius
2071 5394 2125 5447 iu
2159 5390 2332 5445 Solin.
2366 5404 2419 5460 p.
2465 5387 2572 5443 549
2613 5388 2840 5455 Σίλλων,
2888 5392 2989 5446 nisi
3033 5404 3188 5446 error
3224 5394 3295 5447 ibi
3336 5395 3405 5450 sit
3439 5400 3504 5451 ab

1934 5478 2117 5548 operis
2153 5474 2498 5539 commissus,
2546 5488 2732 5529 verum
2775 5487 2895 5529 esse
2943 5476 3234 5545 pertendit.
3278 5477 3507 5533 ilolstei-

1936 5566 2058 5618 nius
2080 5560 2306 5614 Σύλαιον
2331 5558 2545 5626 praefert
2583 5561 2649 5611 ad
2687 5559 3041 5629 Stephanum,
3092 5571 3252 5631 atque
3290 5564 3481 5617 Arrian

1938 5649 2139 5715 Exped.
2179 5646 2434 5698 Alexand.
2475 5643 2529 5706 1,
2567 5642 2633 5697 Ξῖ
2657 5642 2897 5709 Σύλλιον,
2959 5645 3172 5717 χωρίων
3214 5648 3410 5719 ὀχυρὸν
3440 5651 3508 5701 ad

1940 5736 2083 5786 hanc
2117 5742 2362 5783 normam
2402 5728 2646 5796 corrigit.
2685 5725 2795 5797 Ego
2830 5729 2881 5782 in
2908 5729 3139 5783 Arriano
3172 5731 3314 5787 nihil
3335 5742 3511 5793 metu,

1938 5804 2237 5871 Σύλλιονᾘ
2268 5809 2516 5868 Σύλλειον
2542 5814 2749 5869 caeteris
2775 5822 3023 5870 nrmstarc
3058 5813 3377 5872 arbitratus.
3398 5813 3509 5876 Ila-

3086 5906 3160 5970 36
