4060 6342
507 195 647 264 ιὶ35

501 308 784 379 ιιηιῖυἰεςθ
825 306 1064 371 videtur,
1117 314 1174 361 ιιι
1233 306 1371 364 bene
1423 305 1504 360 vir
1558 305 1771 361 doctus.
1820 305 2066 360 iunctam

497 392 826 464 Pamphyliae
851 391 1009 462 paulo
1031 401 1156 446 ante
1171 390 1603 446 observavimus.
1631 387 1824 443 Malala
1847 399 1978 443 tom.
2007 387 2069 453 ll,

499 476 645 548 p.69
681 475 963 548 Lycaoniae
993 475 1120 529 olim
1172 488 1500 536 eonnesam,
1552 476 1645 528 sed
1699 488 1726 527 a
1765 471 2072 527 Theodosio

495 561 736 618 secundo
769 563 897 616 iude‘
928 558 1196 615 dit-uisam
1223 571 1289 613 ac
1320 558 1656 629 provinciam
1697 571 1817 613 esse
1849 556 2070 622 laetam,

496 649 729 718 .‘llyrensi
774 647 907 700 urbe
954 645 1020 699 ad
1055 644 1415 712 metropoleos
1456 642 1771 710 dignitatem
1798 650 2071 707 provecta,

495 729 901 799 attinnat;qnod
919 726 963 782 si
980 741 1166 781 rerum
1188 733 1294 789 est,
1311 725 1540 781 fortasse
1557 726 1760 779 ultimis
1779 722 2071 777 Theodosii

493 816 651 886 primi
679 812 1023 885 imperatoris
1047 810 1202 865 annis
1237 807 1519 882 Lycaonia:
1545 818 1628 865 est
1659 808 1866 875 adjecta
1902 823 1915 860 ι
1958 814 2070 860 ιιιιιι

491 900 636 953 enim
681 897 854 968 Lyciae
877 895 1058 965 gravis
1078 895 1256 948 inusta
1281 902 1410 946 nota
1429 903 1531 957 est,
1560 893 1990 960 permissumque
2017 896 2074 942 ut

489 982 848 1052 provinciales
865 979 1254 1036 contumelioso
1274 977 1489 1032 nomine
1507 978 1939 1031 vulnerarentur.
1961 972 2074 1029 Nec

488 1083 612 1122 cum
633 1065 860 1120 veritate
890 1076 1070 1118 tamen
1097 1061 1418 1128 consentiet,
1455 1075 1486 1115 a
1537 1057 2075 1124 Theodosinjuniore

488 1150 709 1221 Lyciam
744 1147 1104 1219 pristinajura
1134 1147 1491 1214 reciperasse,
1525 1143 1789 1213 siquidem
1833 1142 2069 1212 priorem

489 1240 563 1292 illi
599 1239 797 1292 tamam
829 1236 1194 1304 meritumque
1225 1234 1366 1288 inter
1398 1241 1624 1286 cazteras
1652 1231 1900 1284 renovari
1935 1243 2069 1284 cen-

480 1330 715 1377 suerunt
745 1310 1106 1388 imperatores
1133 1315 1402 1372 Arcadius
1424 1324 1478 1370 et
1517 1313 1785 1370 Honorius
1824 1314 1877 1366 in
1908 1312 1942 1366 l.
1992 1326 2068 1377 ts,

487 1426 538 1464 ρ.
571 1405 674 1462 Tit.
707 1406 771 1459 de
835 1404 1127 1475 indulgent.
1176 1400 1394 1456 crimiu.
1447 1399 1610 1456 Forte
1657 1415 1768 1454 rem
1820 1399 2066 1452 eamdem

487 1491 717 1562 repetita
772 1489 886 1559 lege
917 1485 1256 1541 Theodosius
1279 1483 1546 1540 secundus
1569 1481 1751 1550 jussit,
1775 1495 2068 1551 eorumque

486 1575 897 1632 scribendorum
921 1571 1127 1626 Malalae
1153 1571 1494 1626 occasionem
1523 1568 1771 1637 praebuit.

558 1660 675 1716 Col.
701 1642 820 1715 M8;
851 1656 1061 1720 Πόλεις
1090 1651 1204 1709 .16'.
1227 1652 1435 1708 Plinius
1459 1649 1621 1721 N.iH.
1648 1667 1700 1714 ν,
1719 1649 1788 1705 27
1809 1664 1906 1703 suo
1931 1657 2067 1702 lem-

489 1761 616 1814 pore
650 1743 845 1814 Oppida
888 1741 956 1794 56
989 1738 1206 1810 Lyciam
1246 1736 1469 1801 habere,
1499 1736 1698 1791 Strabo
1731 1750 1817 1789 xrv
1865 1750 1916 1803 p.
1961 1731 2066 1786 665

486 1843 769 1884 eounnune
801 1825 1085 1895 Lyciacnm
1116 1821 1176 1873 τὸ
1203 1820 1478 1875 Λυκιακδν
1510 1820 1760 1889 σύστημα
1784 1834 1847 1870 ex
1881 1817 1950 1871 23
1987 1817 2065 1872 ci-

488 1913 744 1966 vntatibus
808 1910 973 1962 fuisse
1029 1906 1412 1973 compositum,
1466 1904 1517 1958 in
1572 1918 1678 1972 quo
1713 1901 2062 1972 Lyciarches,

486 1999 686 2064 aliique
734 1996 1085 2063 magistratus
1135 1998 1474 2053 crearentur,
1540 1989 1724 2041 refert.
1793 1986 1904 2039 lloc
1946 1987 2065 2039 loco

486 2092 744 2134 numerus
789 2076 1056 2144 catalogo,
1088 2073 1180 2144 qui
1242 2086 1362 2125 mox
1431 2079 1716 2140 sequetur,
1756 2069 1926 2138 major
1956 2077 2063 2121 est.

557 2164 690 2218 ibid.
725 2157 1031 2226 Φασύδης.
1082 2158 1194 2211 luto
1233 2154 1490 2227 Φασηλίς,
1558 2156 1608 2208 itt
1666 2155 1860 2206 linibus
1889 2151 2064 2223 Lyciae

486 2262 541 2304 et
575 2245 902 2317 Pamphyliae
934 2243 1104 2312 posita
1133 2240 1273 2309 apud
1294 2239 1615 2294 Strabonem
1638 2253 1723 2291 xiv
1759 2252 1809 2304 p.
1836 2235 1960 2289 667.
1988 2234 2064 2290 De

487 2334 740 2398 (lylabra,
804 2343 964 2398 quem
1051 2335 1307 2393 tauquam
1365 2324 1584 2378 heroem
1645 2321 2060 2382 venerabantur,

487 2394 775 2473 Aihenams
807 2394 902 2478 in,
939 2412 1026 2467 13.
1071 2412 1145 2466 Ex
1195 2408 1443 2479 sequenti
1475 2407 1631 2473 nihil,
1660 2408 1803 2476 quod
1831 2406 2060 2478 placeat,

488 2503 734 2573 emergit.
767 2499 905 2554 Vide
939 2498 1190 2552 Ciceron.
1229 2492 1386 2550 Verr.
1413 2509 1486 2554 iv,
1515 2490 1599 2545 i0.

559 2587 694 2641 ibid.
738 2583 921 2649 Γάγα.
957 2579 1258 2635 Hnlsteinio
1302 2578 1354 2631 in
1399 2573 1732 2646 Stephanum
1784 2575 1932 2642 Γάγα
1961 2575 2062 2627 hoc

489 2669 989 2727 neutrumiwdetnr
1033 2663 1262 2731 plurale,
1306 2662 1391 2717 cui
1433 2662 1476 2716 si
1525 2661 1665 2731 quod
1707 2660 1879 2715 simile
1919 2668 2064 2714 esset

487 2755 814 2822 esetuplum,
836 2765 934 2806 nec
955 2759 1033 2803 tot
1060 2749 1188 2803 vitia
1220 2747 1342 2802 huic
1364 2746 1569 2801 notitiai
1590 2748 1851 2807 inessent,
1873 2759 2061 2796 assen-

489 2844 643 2894 tirer.
674 2839 756 2891 Ab
779 2838 915 2889 urbe
947 2848 1000 2888 et
1031 2833 1210 2887 vicino
1229 2845 1408 2896 amne,
1432 2843 1597 2900 quem
1621 2840 1797 2881 tatt.cu
1829 2826 2063 2881 Galenus

487 2925 616 2979 ἀπλ.
643 2939 896 2993 pag/pax.
923 2936 997 2984 tit,
1019 2937 1068 2989 p.
1109 2916 1232 2981 125.
1267 2916 1368 2971 etsi
1399 2911 1576 2985 Lycias
1600 2929 1748 2969 oram
1773 2929 1936 2977 parva
1967 2928 2062 2964 na-

486 3011 658 3064 vicula
687 3010 909 3079 legeret,
943 3005 1184 3058 invenire
1210 3001 1450 3071 potuisse
1481 3009 1660 3070 negat,
1695 2997 1923 3067 lapidem
1956 2995 2060 3052 Ga-

485 3106 663 3165 gatem
695 3091 1019 3161 appellatum
1053 3086 1240 3142 volunt
1263 3129 1278 3152 ,
1323 3100 1430 3156 qua
1465 3085 1529 3137 de
1571 3098 1627 3136 re
1664 3082 1970 3165 Saracenos
2009 3083 2059 3134 in

486 3164 784 3234 Dioscorid.
833 3192 902 3239 ν,
953 3172 1052 3228 NG
1088 3181 1142 3226 et
1183 3169 1423 3226 Rhodius
1487 3169 1539 3220 in
1583 3165 1856 3221 Scribortii
1902 3164 2058 3235 Larg.

486 3263 782 3333 Coinposit.
812 3257 950 3324 2‘25,
991 3257 1146 3328 cujus
1184 3264 1364 3309 tamen
1411 3251 1592 3307 omnia
1626 3262 1754 3321 puto
1787 3266 1891 3304 non
1933 3267 2059 3320 pro-

487 3352 660 3406 babis.
701 3347 832 3403 Vide
875 3358 1002 3398 vero
1026 3356 1163 3413 quas
1211 3338 1396 3393 turbas
1451 3338 1552 3392 hoc
1588 3335 1840 3406 oppidum
1873 3337 2062 3390 leviter

490 3438 542 3490 itt
583 3433 814 3489 Eusebio
841 3431 908 3484 de
948 3426 1168 3496 Mattyr.
1207 3422 1480 3478 Palat-stin.
1517 3437 1569 3476 c.
1628 3423 2058 3489 "depravatum

485 3519 699 3583 dederit
731 3534 744 3570 :
781 3511 848 3566 Ei
869 3529 952 3575 st;
986 3510 1092 3582 ἄρα
1135 3508 1324 3576 Πάγας
1363 3505 1683 3570 ἐπίσταται,
1726 3504 1821 3573 τῆς
1855 3506 2059 3568 Λυκίας

487 3605 586 3656 eux
611 3603 820 3672 ἄσημωδ
850 3595 1024 3650 πόλιν.
1064 3590 1123 3648 Si
1157 3593 1293 3661 quis,
1335 3589 1530 3658 inquit,
1562 3585 1738 3658 Pagas
1767 3589 1927 3654 uouit,
1967 3605 2060 3642 ar-

488 3691 599 3743 brm
655 3685 827 3756 Lycia
874 3696 978 3735 non
1018 3678 1311 3734 obscuram.
1366 3674 1610 3729 Valesius
1655 3675 1866 3738 Araxe,
1915 3675 2060 3742 quod

491 3789 617 3827 ηυδε.
661 3766 956 3839 ἁρπαγάς
998 3772 1091 3816 aut
1128 3760 1342 3832 ἀραγάς
1387 3757 1664 3823 oli‘errent,
1697 3772 1802 3827 quo
1842 3759 2060 3813 nomine

486 3868 753 3925 nusquam
777 3852 906 3906 urbs
931 3850 982 3902 in
1005 3844 1194 3918 Lycia,
1219 3844 1429 3897 videtur
1457 3840 1711 3897 maluisse
1737 3859 1752 3895 :
1781 3839 2059 3925 “eusche-

489 3923 624 3994 nius
647 3946 775 3992 tom.
805 3934 848 3989 i.
877 3931 1048 4001 April.
1081 3944 1133 3998 p.
1161 3926 1251 3990 b9,
1280 3925 1468 3980 Patara
1499 3932 1789 3994 praeoptat;
1828 3923 2060 3977 iluinar-

490 4038 575 4080 tus
603 4024 746 4078 Actis
777 4019 989 4075 δίκην.
1019 4015 1091 4070 Μ.
1125 4029 1177 4082 p.
1214 4011 1341 4077 ΜΟ,
1376 4012 1426 4064 iu
1461 4010 1624 4064 dubio
1654 4019 1736 4064 est
1771 4011 1872 4064 utri
1904 4024 2060 4065 accc-

487 4115 599 4165 dat.
644 4106 721 4161 Tu
760 4119 966 4160 mecum
1013 4097 1192 4166 Γαγάς
1233 4096 1440 4159 scribe,
1487 4103 1542 4149 et
1584 4094 1912 4163 compositos
1956 4093 2057 4149 hos

484 4194 678 4249 fluctus
718 4200 1000 4258 agnosces.

557 4278 690 4331 ibid.
755 4267 1139 4333 Ἀκαλισσός.
1176 4261 1231 4319 Si
1262 4263 1403 4319 hanc
1439 4268 1494 4316 et
1527 4261 1660 4317 alias
1699 4259 1928 4316 Notitias
1961 4273 2058 4315 ex-

484 4361 710 4430 cept-ris,
748 4357 966 4410 inventu
1003 4350 1232 4405 ditiicilis
1263 4351 1386 4404 erit.

559 4445 693 4498 ibid.
760 4437 1098 4502 ‘Eleoea'dc.
1162 4432 1471 4504 cheudum
1535 4431 1674 4486 baud
1743 4431 1906 4486 dubie
1975 4440 2060 4488 est

485 4525 837 4595 ‘Eesiiqoodg,
868 4537 1027 4590 quam
1070 4520 1256 4573 urbem
1295 4531 1326 4571 e
1376 4532 1506 4572 mss.
1539 4515 1812 4584 Stephano
1837 4516 1897 4569 L.
1931 4513 2056 4570 Hol-

485 4613 713 4671 steinius
747 4619 800 4662 et
827 4606 960 4661 Altr.
986 4601 1262 4659 Betkelius
1300 4602 1674 4655 restituerunt.
1711 4597 2051 4670 Ἐδεσησσὸς,

487 4701 583 4766 ait,
611 4696 762 4757 πόλις
787 4689 1014 4755 Δυκίας,
1040 4687 1114 4750 ὡς
1135 4686 1392 4740 Καπίτων
1413 4683 1733 4756 Ἰσαυρικῶν
1756 4688 1824 4737 a’.
1851 4682 2056 4740 Nollem

487 4799 618 4838 vero
644 4797 672 4834 a
707 4776 948 4834 lierkelio
975 4772 1191 4844 probari
1232 4770 1595 4840 conjecturam
1626 4769 1899 4825 Hermolai
1923 4767 2057 4824 tiar-

475 4850 606 4923 Ibari
640 4867 690 4918 in
725 4860 899 4917 Plinio
937 4876 988 4922 ν,
1021 4855 1091 4912 27
1130 4854 1426 4910 Habessnm
1470 4854 1521 4907 in
1558 4852 1890 4908 Etlebessutn
1932 4870 2056 4908 tuu-

489 4951 675 5007 tantis.
709 4947 946 5017 Oppida,
993 4943 1202 5013 inquit,
1247 4941 1417 5010 Apyre
1461 4949 1508 4993 et
1547 4938 1899 5008 Antiphellos,
1939 4955 2056 5009 qua:

483 5037 746 5107 quondam
785 5032 1083 5096 llabessus,
1119 5037 1273 5098 atque
1310 5031 1363 5079 in
1405 5041 1608 5080 recessu
1648 5023 1878 5079 Pltellus.
1919 5023 2054 5078 Nam

480 5121 972 5192 compertissimum
1006 5116 1132 5170 hinc
1158 5123 1242 5170 est
1271 5114 1482 5166 diversa
1513 5110 1704 5181 oppida
1740 5109 1915 5181 Lycia:
1945 5109 2055 5163 Att-

487 5209 760 5278 tiphellum
803 5215 855 5259 et
895 5201 1226 5262 Edebessutn
1260 5195 1448 5261 fuisse,
1486 5205 1667 5266 utpote
1702 5195 1956 5250 distincte
1984 5195 2051 5249 ab

483 5292 734 5350 Hierocle
765 5296 1086 5345 memorata:
1111 5282 1116 5288 ’

558 5377 677 5432 Col.
710 5372 835 5428 M9.
865 5371 1113 5440 Δίμυρα.
1148 5366 1257 5422 Hoc
1299 5382 1329 5421 e
1378 5380 1508 5420 mss.
1552 5364 1768 5435 vulgato
1785 5362 2050 5437 [λύμυρα]

492 5459 904 5532 praeferentium.
940 5454 1053 5509 Sila
1086 5447 1217 5508 urbs
1245 5463 1362 5508 erat
1397 5450 1462 5504 ad
1505 5449 1742 5518 ejusdem
1775 5451 2052 5532 cognomi-

485 5531 568 5601 nis
615 5557 826 5599 amnem
869 5540 1009 5609 apud
1063 5536 1317 5591 Strabou.
1367 5537 1467 5603 l4,
1509 5553 1560 5606 p.
1614 5535 1736 5589 666.
1791 5531 2052 5592 Videntur

483 5643 663 5682 autem
697 5626 766 5678 τὰ
789 5627 1009 5695 Δίμυρα
1036 5636 1089 5677 et
1115 5623 1213 5694 τὴν
1247 5619 1493 5692 Διμύραν
1531 5619 1762 5685 dixisse;
1799 5633 1928 5673 Sane
1960 5621 2051 5674 τὸν

477 5713 536 5766 ὲν
559 5710 780 5784 Λιμύρᾳ
806 5710 1062 5780 Διὰτιμον
1095 5705 1325 5762 Basilius
1357 5704 1423 5760 Μ.
1451 5705 1608 5776 epist.
1629 5703 1734 5759 918
1765 5701 1964 5771 laudat,
1993 5714 2048 5760 et

1551 193 1930 257 ADDENDA.
1961 217 2028 230 -·-
2055 193 2119 256 P.
2164 191 2677 259 WESSELINGII

3621 189 3756 257 “33

2183 321 2246 360 es
2282 306 2474 362 Ovidio
2513 305 2863 374 Metamorph.
2898 321 2972 367 ιι,
3006 321 3056 360 v.
3093 305 3198 360 615
3233 305 3372 362 haud
3408 305 3622 378 ignotus
3649 323 3756 362 est:

2184 390 2308 444 lam
2338 390 2544 460 Cragon
2579 399 2626 443 et
2650 389 2890 459 Lymirm
2924 389 3224 460 Xanthique
3250 391 3530 461 reliquerat
3563 395 3752 445 undas.

2248 475 2385 530 Ibid.
2417 475 2763 544 Ἀρύκανδα.
2791 474 2926 530 Nota
2961 478 3096 531 satis
3131 476 3262 532 urbs
3289 488 3370 531 est
3394 492 3460 531 ex
3487 477 3757 531 Strabone

2177 557 2450 628 Stephano
2483 571 2536 613 et
2566 560 2706 623 aliis,
2736 559 2876 614 forte
2910 561 3156 630 apposita
3187 561 3252 614 ad
3279 560 3625 631 Arycandum
3654 559 3756 613 tiu-

2175 640 2320 695 vinm
2352 641 2509 696 Plinii
2541 659 2592 706 ν,
2626 643 2717 698 27.
2755 645 2890 698 Male
2912 643 3102 700 Petrus
3133 643 3400 700 Diacouus
3429 643 3758 714 Ὀρικὰνδων

2174 724 2391 779 Niceno
2422 727 2662 781 secundo
2696 727 2925 781 concilio
2957 741 3010 797 ι).
3041 727 3132 782 52.

2244 807 2378 863 ibid.
2415 810 2704 865 Ποδαλία.
2731 810 3038 881 Stephanus
3063 811 3326 866 Ποδάλεια
3355 811 3510 877 πόλις
3532 809 3756 876 Λυδίας,

2174 894 2316 959 quod
2339 894 2464 964 jure
2495 895 2594 949 viri
2631 897 2772 951 docti
2804 911 2867 949 ex
2906 893 3197 951 Ptolemaeo
3229 906 3284 951 et
3318 896 3538 952 Notitiis
3577 912 3761 951 muta.

2175 985 2302 1030 runt
2339 995 2352 1030 ι
2391 977 2564 1047 Lycia:
2605 980 2750 1034 enim
2805 979 2925 1033 fuit.
2968 980 3101 1036 Vide
3141 980 3301 1049 epist.
3337 981 3756 1048 provincialium

2173 1063 2485 1133 synodicam
2521 1071 2651 1119 tom.
2684 1061 2751 1116 ιχ
2782 1064 2977 1120 concil.
3007 1063 3204 1120 Labbei
3235 1081 3290 1133 p.
3317 1066 3444 1121 559.

2247 1145 2379 1200 ibid.
2426 1145 2622 1217 Χῶμα.
2669 1145 2821 1203 [laud
2865 1150 3022 1203 aliter
3066 1134 3271 1204 Plinius
3313 1163 3364 1204 et
3410 1150 3754 1206 Ptolemmus.

2173 1225 2452 1284 Eudoxius
2501 1231 2711 1296 πόλεως
2789 1231 3053 1302 Χώματος
3108 1233 3379 1303 ἐπαρχίας
3433 1235 3645 1297 Λυκίας
3701 1237 3755 1289 itt

2175 1311 2446 1380 Ephesino
2491 1329 2547 1384 p.
2601 1314 2706 1370 5'66
2757 1327 3110 1372 memoratur.
3160 1317 3289 1385 Qum
3340 1320 3477 1373 hanc
3526 1319 3756 1389 excipit,

2174 1397 2302 1451 mihi
2339 1397 2580 1453 inaudita
2627 1411 2732 1462 est,
2783 1415 3082 1471 vereorque
3129 1411 3186 1457 ut
3243 1404 3364 1458 sine
3415 1404 3613 1458 mendo
3659 1416 3753 1459 sit.

2170 1480 2492 1537 Arbitrabar
2543 1483 2896 1555 Κορύδαλλα,
2945 1487 3086 1540 unde
3129 1487 3516 1555 Κορυδαλλέων
3557 1503 3756 1543 uumus

2174 1565 2324 1621 Thes.
2353 1566 2565 1624 Britan.
2595 1577 2726 1624 tom.
2759 1570 2826 1636 il,
2851 1586 2903 1639 p.
2933 1570 3062 1634 262,
3089 1582 3142 1626 et
3171 1572 3231 1624 ἐν
3254 1572 3588 1642 Romam;
3616 1575 3755 1640 (sive

2170 1652 2351 1720 potius
2395 1653 2800 1724 Κορυδάλλοις)
2852 1654 3202 1727 Ἀλέξανδρος
3252 1658 3362 1711 ἀπὸ
3410 1656 3756 1728 μοναζόντιιιν

2168 1735 2470 1801 ἐπίσκοπος
2503 1737 2705 1793 Basilio
2735 1738 2807 1794 At.
2841 1741 3000 1808 epist.
3037 1740 3164 1807 2l8,
3203 1740 3306 1810 legi
3339 1755 3500 1811 pos+e
3528 1759 3542 1795 :
3576 1742 3668 1796 sed
3702 1743 3755 1794 itl

2167 1819 2422 1890 Oppidum
2474 1821 2684 1892 longius
2736 1839 2763 1877 a
2815 1824 3033 1895 vulgato
3081 1824 3270 1891 distat,
3321 1834 3375 1880 et
3418 1824 3651 1882 fortasse
3696 1827 3753 1878 in

2167 1905 2574 1976 Κομιστάραος,
2612 1922 2718 1979 quo
2752 1907 2930 1980 Lycia:
2967 1910 3181 1966 urbium
3225 1910 3384 1966 index
3414 1910 3618 1973 linitur,
3657 1910 3759 1966 de-

2167 1987 2390 2043 litescit.

2245 2073 2381 2131 ibid.
2415 2075 2608 2145 Μῢρα.
2644 2077 2790 2134 Bene
2831 2094 2934 2135 ms.
2983 2079 3303 2151 mctropoiin
3351 2079 3520 2135 fuisse
3554 2087 3756 2148 praeter

2165 2156 2412 2214 Malalam
2438 2161 2728 2217 concilium
2757 2163 3016 2217 Chalced.
3047 2173 3101 2218 et
3135 2163 3404 2234 Synodica
3442 2162 3753 2232 provincia-

2168 2241 2295 2296 lium
2333 2245 2399 2298 ad
2437 2243 2669 2300 Leonem
2713 2246 2940 2314 epistola
2984 2246 3230 2301 dubitare
3265 2256 3467 2301 vetant.
3516 2246 3751 2300 Basilius

2167 2327 2527 2385 Seleuciensis
2545 2330 2724 2386 Vil.S.
2747 2331 2961 2386 Thecla;
2983 2332 3036 2395 l,
3063 2348 3114 2402 p.
3139 2331 3277 2386 972:
3319 2329 3750 2399 Ἀπαγγέλλεται

2164 2406 2304 2466 εἶναι
2335 2413 2473 2467 κατὰ
2503 2413 2572 2467 τὰ
2600 2413 2763 2484 Μῦρα
2794 2416 2822 2467 ὁ
2859 2415 3106 2481 Παῦλος
3141 2416 3240 2484 τῆς
3280 2416 3487 2478 Λυκίας
3515 2415 3570 2468 δέ
3599 2419 3752 2466 ἐστιν

2164 2497 2301 2567 αὕτη
2329 2498 2580 2568 βελτίστη
2615 2499 2710 2551 καὶ
2743 2500 3072 2570 φαιδροτὰτη
3103 2500 3277 2562 πόλις.
3311 2499 3508 2553 Vetera
3535 2496 3749 2551 Thecla:

2164 2585 2294 2635 Arta
2329 2598 2355 2634 a
2393 2576 2596 2638 Gabrio
2623 2583 2874 2654 Specileg.
2917 2583 2957 2651 ι,
2995 2601 3046 2652 p.
3097 2585 3202 2639 114
3234 2587 3503 2654 publicata
3546 2582 3750 2652 Μύραν

2164 2666 2259 2736 τῆς
2282 2667 2490 2728 Λυκίας
2511 2667 2802 2736 appellant,
2825 2667 2983 2732 male,
3007 2682 3068 2722 ac
3086 2677 3366 2738 propterea
3390 2666 3707 2738 corrigenda
3726 2683 3746 2722 :

2163 2749 2324 2818 paulo
2351 2750 2493 2804 enim
2526 2761 2652 2805 aute
2685 2751 2741 2803 tv
2765 2749 2997 2821 Μύροις.

2235 2831 2364 2887 ibid.
2400 2832 2623 2902 Ἀρνέα.
2655 2835 2896 2906 Ἀρνεαί,
2921 2834 3064 2889 unde
3094 2834 3146 2888 in
3177 2834 3424 2905 pluribus
3466 2834 3680 2889 Nolitiis
3718 2833 3750 2885 ὁ

2177 2915 2433 2985 Ἀρνεῶν.
2497 2916 2804 2989 Stephanus
2844 2917 3063 2988 ’Apvsat
3099 2919 3254 2985 πόλις
3293 2919 3500 2983 Δυκίας
3548 2921 3748 2988 μικρά.

2165 2999 2392 3070 Cyaneae
2417 3013 2542 3056 sunt
2566 3008 2701 3070 apud
2731 3002 2963 3058 Plinium
2986 3021 3040 3070 ν,
3063 3003 3155 3059 27.

2238 3087 2372 3140 ibid.
2410 3087 2714 3154 ’Λπερλαί.
2752 3085 2828 3142 ita
2859 3103 3019 3144 manu
3045 3089 3248 3144 exarati
3284 3087 3426 3143 libri.
3453 3087 3747 3142 Ptoletutco

2163 3168 2449 3241 ‘Azepest.
2488 3170 2703 3226 Notitiis
2737 3169 2851 3228 Jac.
2886 3171 3047 3228 Goari
3071 3175 3100 3227 ὁ
3141 3173 3411 3244 ’Δπρίλων
3436 3174 3744 3244 episcopus,

2163 3268 2464 3323 perperam:

2233 3341 2367 3393 ibid.
2407 3341 2658 3407 Φελλός.
2693 3338 2842 3396 Hanc
2866 3340 3016 3396 etilli
3044 3341 3340 3411 oppositam
3373 3341 3742 3410 Antiphellnm

2162 3422 2360 3477 Strabo
2388 3439 2476 3479 xxv
2504 3440 2555 3494 p.
2606 3423 2712 3479 666
2756 3437 2918 3496 atque
2963 3423 3051 3478 alii
3097 3423 3424 3479 describunt.
3470 3425 3559 3479 Ἐν
3595 3425 3744 3496 “at?

2163 3507 2455 3562 Λολλιανὺν
2497 3507 2798 3562 ἐπίσκοπον
2849 3508 3081 3564 Basilius
3126 3507 3194 3562 M.
3242 3508 3400 3577 epist.
3444 3509 3551 3564 218
3587 3525 3740 3565 com-

2164 3594 2409 3658 mendat;
2460 3592 2548 3648 ubi
2596 3606 2660 3647 ex
2715 3591 2978 3648 Vaticano
3009 3607 3141 3650 mss.
3191 3593 3248 3647 tv
3301 3593 3482 3665 Φελλῷ
3529 3595 3740 3650 admitti

2162 3683 2495 3746 oportuerat.

2235 3760 2368 3814 Ibid.
2391 3760 2690 3816 Κάνδυόα.
2723 3760 2928 3818 Plinius
2953 3773 3005 3818 et
3033 3762 3342 3834 Stephanus
3363 3765 3465 3821 hoc
3487 3764 3737 3834 probant,

2163 3843 2406 3897 Κόνδυὸα
2487 3843 2852 3912 Ptolemaeus,
2923 3847 3065 3902 haud
3133 3851 3289 3902 bene.
3349 3847 3739 3904 Constantinus

2160 3927 2369 3993 πόλεως
2398 3930 2696 4001 Κανδήδων
2722 3927 2922 3986 Νἰοωιιὶ
2947 3933 3168 3997 secundi
3197 3949 3248 4003 p.
3283 3933 3352 3988 52
3378 3942 3432 3989 et
3456 3935 3738 3988 Κανδίκων

2161 4029 2214 4082 p.
2256 4012 2361 4068 555
2395 4015 2520 4069 hinc
2550 4014 2687 4072 fuit:
2729 4017 3002 4086 inserique
3036 4019 3173 4074 adeo
3209 4019 3338 4074 urbs
3369 4019 3482 4076 tunc
3505 4019 3736 4091 Geogra-

2158 4099 2296 4167 phiw
2327 4096 2384 4152 S.
2418 4098 2698 4156 debuerat.

2231 4184 2361 4238 ibid.
2391 4184 2711 4253 Εὺδοκίας.
2747 4187 2962 4243 Νοιίιὶίε
2992 4190 3133 4245 haud
3167 4190 3544 4260 prmterierunt
3566 4231 3582 4253 ,
3625 4199 3736 4247 est-

2159 4283 2287 4338 que,
2310 4272 2450 4341 quod
2475 4281 2528 4325 et
2546 4269 2899 4340 Holsteinius,
2938 4276 3145 4329 monuit
3171 4273 3396 4330 Photius
3425 4274 3734 4332 Eudoaato-

2161 4368 2278 4407 rum
2328 4354 2620 4423 protincia
2653 4355 2944 4424 Lyciorum
2993 4358 3043 4412 in
3076 4358 3311 4415 concilio
3346 4355 3732 4417 Constantino-

2157 4437 2393 4506 politano
2415 4438 2516 4493 sub
2544 4436 2757 4496 Mettus.

2228 4521 2360 4575 lbid.
2388 4521 2652 4592 Πάταρα.
2678 4522 2830 4580 Hauc
2851 4525 3087 4583 nobilem
3111 4525 3242 4583 fecit
3270 4528 3543 4585 delubrum
3569 4529 3733 4598 Apulo

2157 4602 2306 4670 linis,
2331 4607 2594 4675 quondam
2625 4606 2809 4677 opibus
2835 4617 2886 4663 et
2901 4609 3113 4665 oraculi
3133 4611 3240 4680 fids
3264 4610 3514 4682 Delphico
3543 4615 3726 4668 simile.

2159 4685 2315 4770 Ultra
2337 4698 2410 4742 est
2433 4686 2682 4745 Xanthus
2703 4691 2899 4760 ﬁumen
2919 4703 2968 4748 et
2993 4692 3242 4751 Xanthus
3267 4699 3536 4765 oppidum,
3563 4699 3731 4770 inquit

2157 4769 2293 4826 Mela
2318 4787 2360 4840 ι,
2394 4772 2480 4828 15.
2517 4773 2668 4830 Adde
2691 4773 3014 4832 Strabonem
3042 4791 3155 4846 stv,
3186 4795 3240 4850 p.
3265 4781 3391 4837 665.

2228 4855 2362 4912 Ibid.
2397 4859 2621 4927 Κόμση.
2667 4858 2959 4914 Ptolemaeo
3002 4861 3218 4933 Κόμϐα,
3259 4872 3313 4919 et
3345 4862 3485 4920 forte
3509 4866 3728 4919 verius:

2156 4955 2279 4996 nam
2301 4943 2328 4996 6
2356 4942 2595 5013 Κόμϐων
2618 4957 2725 5000 non
2750 4953 2960 5000 tantum
2988 4957 3070 5000 est
3098 4947 3149 5001 in
3174 4946 3388 5002 Notitiis
3404 4945 3518 5004 Jac.
3544 4948 3727 5015 Gauri,

2156 5026 2250 5084 sed
2284 5037 2336 5082 et
2355 5025 2748 5085 Constantinus
2773 5029 2981 5094 πόλεως
3003 5031 3243 5102 Κόμϐων
3260 5031 3476 5089 Niczeno
3497 5038 3729 5088 secundo

2155 5128 2208 5181 p.
2241 5111 2345 5168 356
2367 5113 2688 5185 subscripsit
2714 5131 2728 5168 :
2765 5117 2904 5172 unde
2935 5116 3133 5174 mirere
3167 5127 3220 5173 et
3249 5117 3391 5174 banc
3417 5118 3472 5173 iu
3493 5116 3730 5190 Geogra-

2153 5195 2274 5267 pltia
2305 5194 2364 5252 S.
2392 5212 2512 5252 esse
2535 5198 2854 5268 neglectam.

2223 5284 2430 5340 Μισαι.
2458 5281 2656 5338 Verum
2685 5295 2769 5340 est
2794 5285 2960 5351 Νίσα,
2995 5284 3111 5341 sive
3141 5287 3322 5354 Ntiaa,
3350 5297 3406 5343 ut
3433 5285 3601 5344 Coisl.
3625 5302 3727 5344 nis.

2153 5380 2182 5420 c
2212 5363 2520 5422 Ptolemaeo.
2561 5367 2619 5420 Ὀ
2654 5366 2850 5422 Νύσων
2877 5378 2961 5426 est
2996 5370 3049 5427 in
3083 5370 3326 5428 Notiliis.
3351 5371 3574 5428 Praefuit
3603 5372 3726 5426 huic

2154 5451 2271 5507 urbi
2303 5453 2584 5522 episconu.c
2623 5452 2908 5523 Georgius,
2940 5457 3030 5525 qui
3074 5456 3282 5520 πόλεως
3312 5458 3490 5512 Νισσᾶ
3520 5457 3720 5515 Νἱεπιιί

2151 5537 2370 5590 secundi
2391 5537 2585 5591 concil.
2620 5553 2672 5607 μ.
2702 5537 2770 5591 52
2791 5547 2844 5593 ct
2871 5539 3059 5602 Νάσοις
3086 5554 3139 5610 p.
3165 5541 3272 5597 555
3293 5543 3514 5597 dicitur.

2223 5618 2354 5674 Ibid.
2383 5620 2629 5688 Πίναρα.
2670 5623 2784 5676 Sita
2825 5627 2954 5678 urbs
2995 5623 3094 5679 fuit
3127 5625 3262 5680 ultra
3307 5624 3580 5681 Xanthum
3624 5624 3717 5680 llu-

2157 5719 2300 5775 men,
2348 5720 2478 5771 non,
2528 5707 2604 5762 uti
2656 5708 2814 5778 vulgo
2863 5707 3071 5778 locant,
3117 5710 3196 5766 cis
3231 5725 3354 5766 eum
3399 5707 3641 5776 ﬂuvium,
3672 5709 3714 5765 si
