4060 6342
244 295 266 362 Ῑ
281 298 380 363 137‘

242 427 425 470 verum
469 410 694 466 tradidit
740 407 1002 465 Arrianus
1051 406 1255 475 Exped.
1303 405 1562 462 Alexand.
1619 419 1675 468 t,
1714 401 1808 457 25.

244 498 538 567 Episcopus
581 494 693 550 τῶν
747 494 1032 566 Πιννὰρων
1074 493 1394 550 Theodorus
1435 504 1557 550 cunt
1601 489 1814 546 Niceno

241 581 478 636 secundo
505 594 558 648 p.
588 578 658 634 52
676 578 826 634 inter
845 575 1043 649 Lycios
1069 591 1263 633 nomen
1288 575 1626 646 profiteatur,
1655 574 1817 644 digna

241 663 425 734 utique
455 665 586 719 urbs
611 660 794 718 fuerat
821 663 910 718 cui
945 662 1000 717 in
1029 659 1361 735 Geograpltia
1396 657 1453 714 S.
1491 659 1641 714 locus
1675 655 1812 713 assi-

240 763 341 822 gos
351 758 521 803 retur.

305 844 422 900 εει.
455 843 577 900 149.
598 844 849 916 Σίδυμα.
870 841 1050 902 ltams.
1076 854 1130 900 et
1151 846 1451 908 verissime,
1473 853 1533 900 ut
1555 858 1618 899 ex
1639 843 1820 901 Ptole-

244 944 376 983 mzeo
417 939 474 984 et
519 928 690 984 Plinio
740 937 976 985 constat.
1010 929 1165 985 Addo
1205 930 1563 985 Zetnarebum
1610 927 1820 992 πόλεως

244 1011 490 1079 Σιδύμων
529 1011 630 1083 τῆς
671 1013 878 1079 Δυκίας
921 1014 1154 1070 concilio
1195 1014 1610 1082 Coustantinop.
1661 1013 1820 1068 tertio

244 1113 295 1164 p.
326 1097 438 1150 505
473 1104 528 1151 et
559 1096 911 1153 Nicodamum
956 1099 1164 1165 πόλεως
1195 1099 1445 1170 Σιδύμων
1489 1098 1705 1154 Nicaeae
1734 1112 1822 1153 se-

240 1182 420 1238 cundo
441 1197 492 1252 p.
526 1181 597 1237 52
620 1183 1032 1251 subscripsisse.
1070 1182 1428 1253 Theophanes
1460 1185 1524 1240 de
1546 1181 1820 1238 Marciano

239 1264 500 1335 Chattogr.
533 1281 588 1336 p.
617 1266 725 1322 89:
757 1268 868 1322 Kal.
906 1267 1195 1338 γενόμενος
1224 1270 1283 1322 ὲν
1309 1271 1509 1341 Λυκίᾳ,
1542 1269 1822 1343 ἁρρωσττᾳ

242 1349 559 1422 περιπεσὼν
602 1353 695 1406 καὶ
739 1353 1123 1424 καταλειφθεὶς
1156 1353 1216 1409 ἐν
1257 1354 1406 1410 πόλει
1448 1353 1694 1427 Σΰδημα,
1731 1355 1820 1410 tibi

239 1435 359 1488 sine
405 1434 572 1490 dubio
613 1435 822 1506 Σίδυμα
859 1447 1098 1508 oportet,
1143 1454 1254 1510 quo
1280 1447 1334 1492 et
1380 1454 1506 1495 mss.
1537 1438 1820 1494 Barberiui

240 1515 453 1589 Σίδημα
491 1518 660 1574 ducit.
710 1518 1045 1577 Holsteiuius
1081 1522 1134 1576 in
1179 1521 1346 1578 dubio
1393 1533 1572 1578 utrum
1616 1523 1823 1593 Σίδυμα

240 1616 307 1655 an
356 1603 566 1675 Δίδυμα
618 1605 875 1673 probaret
918 1603 1209 1678 fuit.§Vide
1261 1607 1328 1663 ad
1379 1604 1716 1678 Stephanum
1767 1607 1823 1662 in

240 1686 360 1740 Δῖδυ
369 1704 470 1757 μον
499 1698 552 1740 et
573 1687 801 1758 Σιδυμα.

313 1783 452 1840 lhid.
486 1784 630 1842 Τλῶ.
667 1783 778 1841 Hoc
801 1801 831 1842 e
873 1801 1003 1844 mss.
1041 1801 1229 1843 verum
1267 1787 1452 1862 fuerit,
1481 1789 1641 1842 modo
1670 1788 1826 1853 Τλῶς

243 1869 479 1938 legeris,
536 1885 696 1940 quam
749 1872 936 1926 urbem
991 1872 1138 1927 inter
1187 1887 1282 1929 se:
1336 1873 1600 1944 maximas
1647 1873 1826 1944 Lycias

247 1954 448 2008 Strabo
474 1972 582 2020 νην,
616 1970 668 2023 p.
705 1955 834 2024 665,
861 1956 1048 2013 refert.
1083 1955 1329 2012 Andreas
1353 1940 1826 2021 πόλεωξτλοαίων

244 2037 578 2098 Chalcedon.
607 2058 658 2110 p.
684 2042 752 2099 97
771 2053 827 2099 et
848 2041 1103 2114 Τρόῇων
1126 2058 1178 2114 p.
1206 2038 1333 2110 599,
1358 2061 1420 2100 ac
1437 2043 1826 2101 Constantinus

241 2123 419 2187 nov.
467 2127 554 2195 qui
600 2125 830 2181 Ήωέων
868 2127 976 2184 dici
1005 2127 1300 2196 debuerat,
1333 2126 1552 2186 Nicteno
1587 2133 1828 2186 secundo

242 2222 294 2281 ι).
333 2206 407 2262 52
434 2210 754 2267 adfuerunt.

311 2306 452 2363 ibid.
488 2311 800 2380 Τελμισός.
825 2309 1055 2367 Praestat
1073 2311 1381 2369 sibilantem
1407 2313 1695 2385 geminari,
1724 2315 1826 2369 etsi

241 2389 545 2465 Hesychius
567 2393 853 2464 Τελμισεῖς
880 2397 1032 2462 ἔθνος
1062 2398 1191 2468 περὶ
1221 2399 1450 2466 Λυκίαν,
1484 2410 1534 2454 et
1575 2398 1827 2456 Clemens

240 2477 649 2534 Alexandrinus
676 2479 940 2537 Stromat.
977 2498 1016 2548 t,
1047 2497 1102 2552 p.
1137 2482 1237 2540 36l
1265 2484 1398 2538 edit.
1432 2480 1612 2539 Oxon.
1637 2483 1828 2557 ὥσπερ

240 2559 535 2631 ’[ξλμισείς
587 2562 686 2634 τὴν
737 2562 805 2617 δι’
853 2566 1078 2636 ὀνείρων
1135 2567 1443 2637 μαντικὴν,
1492 2576 1546 2624 et
1599 2569 1830 2627 Basilius

241 2644 318 2699 Μ.
351 2646 514 2714 epist.
544 2645 648 2701 2l8
675 2648 734 2702 ὲν
765 2646 1026 2720 Τελμεσῷ
1070 2646 1296 2723 Ίλάριος
1329 2651 1662 2714 ἑπίοκοποςε
1692 2653 1830 2708 alte-

242 2744 364 2782 runt
391 2730 537 2784 enim
567 2731 812 2802 plerique
836 2743 1076 2788 veterum
1112 2737 1341 2804 probare
1365 2737 1558 2805 solent,
1583 2737 1830 2808 interque

240 2831 338 2870 cos
369 2813 628 2870 Clemens
663 2817 779 2888 ipse
819 2814 1088 2890 Protrept.
1127 2835 1181 2891 p.
1213 2820 1304 2877 40.
1342 2820 1524 2878 Posita
1553 2826 1681 2879 urbs
1713 2833 1832 2879 erat

241 2901 296 2953 in
337 2899 478 2954 rollc
512 2911 784 2971 praerupto
818 2903 962 2958 circa
1001 2918 1151 2960 mare
1188 2907 1328 2975 apud
1359 2904 1651 2962 Arrianum
1688 2905 1827 2978 Exp.

243 2985 488 3038 A1exand
528 3000 566 3051 t,
589 2984 706 3051 28.,
738 2985 987 3056 sinuique
1007 3003 1204 3042 nomen
1243 2989 1390 3044 fecit.
1422 2989 1676 3048 Lucanus
1709 3007 1827 3058 vttt,

241 3068 352 3124 248
385 3087 398 3122 :
441 3067 765 3140 Magnosque
796 3074 943 3126 sinus
977 3071 1315 3128 Tetmissidos
1345 3075 1503 3130 unda:
1530 3087 1828 3146 compensat

241 3153 646 3226 τιιεαὶοζρείαρὶ.
691 3155 782 3212 Sic
826 3157 1054 3213 malim:
1105 3173 1227 3212 nam
1253 3169 1310 3214 et
1354 3141 1725 3216 Themissidos
1775 3164 1826 3218 in

244 3252 414 3292 manu
475 3251 704 3294 exarata
773 3239 910 3295 libro
967 3238 1061 3295 Fr.
1127 3239 1547 3312 Oudendorpius
1597 3245 1826 3302 invenit.

243 3319 387 3376 Vide
441 3320 634 3377 Cellar.
681 3321 751 3380 ϐ.
796 3324 862 3381 Δ.
896 3340 982 3393 tn,
1030 3323 1101 3395 3,
1151 3339 1204 3396 p.
1255 3326 1353 3384 lO‘l
1397 3337 1452 3383 et
1483 3327 1726 3386 Holstein
1774 3333 1829 3388 in

245 3405 615 3476 Stephanum.

318 3521 456 3578 Ibid.
500 3521 756 3589 Καῦνος.
809 3521 985 3578 Cariae
1043 3523 1184 3579 hanc
1235 3522 1424 3580 urbem
1468 3529 1654 3584 serior
1701 3545 1833 3586 mas

243 3603 432 3676 Lycia:
469 3607 785 3661 contribuit.
819 3606 990 3664 Arces
1019 3609 1138 3679 ejus
1183 3607 1501 3668 Heracleum
1548 3623 1602 3669 et
1651 3613 1833 3671 Porsi-

246 3708 374 3746 cum
424 3688 689 3746 Diodorus
735 3689 950 3748 Siculus
1000 3709 1092 3761 xx,
1123 3709 1175 3762 p.
1227 3695 1351 3762 766,
1399 3712 1505 3752 non
1543 3700 1830 3770 praeteriit.

242 3781 394 3847 Ager
423 3777 568 3831 circa
598 3777 788 3833 urbem
822 3777 959 3833 satis
988 3778 1120 3835 uber
1145 3786 1200 3835 et
1231 3778 1422 3838 fertilis
1447 3791 1586 3850 erat.
1617 3788 1710 3842 sed
1741 3802 1833 3846 aer

247 3878 352 3932 per
374 3868 621 3916 aestatem
651 3869 705 3915 et
732 3873 1052 3915 autumnum
1085 3863 1585 3934 pestilentissimus,
1611 3883 1833 3930 auctore

248 3946 524 4004 Strabone
554 3958 664 4012 stv,
696 3960 752 4016 p.
785 3944 912 4011 651,
944 3947 1086 4001 unde
1114 3946 1421 4006 valetudine
1455 3951 1830 4022 habitantium,

245 4032 399 4101 quod
424 4029 560 4086 Mela
585 4032 680 4098 ait,
717 4029 973 4100 oppidum
1007 4039 1125 4086 erat
1159 4031 1404 4090 infame:
1441 4037 1644 4107 passim
1684 4041 1834 4096 cives

247 4115 668 4182 febricitabant,
705 4117 1012 4184 pallidaque
1037 4119 1182 4172 vultu
1219 4119 1466 4176 morbum
1508 4123 1832 4192 prodebant,

247 4215 421 4271 quam
462 4199 515 4254 in
553 4215 663 4254 rem
702 4211 899 4270 prmter
933 4197 1256 4257 Strabonem
1295 4204 1510 4275 egregia
1543 4206 1706 4263 habet
1739 4209 1836 4266 Dio

250 4287 680 4354 tLInysostomus
701 4290 839 4338 orat.
862 4280 954 4345 52,
986 4296 1040 4352 p.
1067 4281 1190 4343 390.
1222 4282 1522 4355 Hesychius
1545 4289 1596 4343 in
1621 4290 1836 4359 Καῦνος

250 4371 393 4424 dicit
440 4365 623 4421 Ῥόδου
660 4381 783 4421 esse
821 4365 1000 4431 πόλιν,
1036 4368 1292 4435 quoniam
1337 4369 1563 4426 Rhodiis
1591 4373 1831 4445 subjecta

253 4453 383 4510 fuit.
405 4450 690 4506 Descivere
703 4449 919 4519 quidem
944 4452 1107 4507 abhis
1123 4450 1311 4508 Caunii
1327 4456 1469 4524 apud
1486 4452 1696 4512 Livium
1712 4475 1840 4529 xcv,

251 4539 356 4603 25,
400 4537 494 4591 sed
530 4545 584 4590 et
631 4534 687 4588 in
731 4534 978 4590 ordinem
1020 4543 1147 4591 sunt
1188 4538 1392 4594 redacti
1431 4547 1485 4594 et
1515 4555 1542 4595 a
1575 4538 1837 4601 Romanis

251 4623 517 4688 deinceps
546 4617 738 4674 iisdem
771 4618 998 4685 addicti,
1031 4620 1210 4675 indice
1242 4621 1548 4692 Strabone;
1576 4640 1683 4695 quo
1707 4629 1839 4699 iugo

251 4705 493 4763 necdum
535 4701 764 4758 exsoluti
793 4713 980 4769 erant,
1011 4718 1130 4757 cum
1173 4704 1502 4763 ltltodiacam
1538 4708 1634 4765 Dio
1662 4709 1838 4784 Chry-

254 4798 538 4848 sostomus
582 4787 854 4843 recitaret.
901 4786 997 4850 Τίς
1026 4787 1136 4858 γὰρ
1163 4790 1315 4858 παρὰ
1344 4791 1630 4858 Καυνίοις,
1664 4794 1840 4865 inquit

252 4893 314 4949 ρ.
342 4873 471 4936 549.
499 4873 692 4943 γέγονε
711 4872 956 4941 γενναῖος
982 4872 1155 4943 ἀνήρς
1185 4873 1321 4943 ἢτίς
1353 4874 1571 4929 πώποτε
1595 4878 1837 4944 ἐκείνους

253 4959 468 5028 ἀγαθόν
508 4957 944 5028 τνπεπηίηκενς
989 4955 1044 5010 οῐ
1079 4972 1138 5024 γε
1183 4956 1526 5012 δουλεύουσιν
1570 4959 1666 5032 οὐχ
1710 4963 1839 5032 ὑμῖν

259 5047 467 5117 μόνοις,
495 5043 630 5097 ἀλλὰ
652 5043 746 5097 καὶ
781 5041 1091 5113 Ῥωμαίοις,
1115 5042 1185 5095 δι’
1217 5043 1520 5116 ὑπερϐολὴν
1543 5047 1727 5111 ἀνοίας
1748 5050 1841 5102 καὶ

259 5128 568 5201 μοχθηρίας
589 5127 782 5200 διπλῆν
805 5128 987 5191 αὐτοῖς
1010 5126 1108 5199 τὴν
1133 5126 1375 5182 δουλείαν
1399 5134 1841 5188 κατασκευάσαν-

252 5234 372 5280 τες.
401 5215 584 5281 Quare
614 5227 735 5267 cum
767 5227 830 5268 ea
863 5209 1066 5267 fuerint
1101 5213 1296 5267 misera
1328 5215 1638 5271 conditione
1667 5228 1718 5272 et
1752 5219 1837 5272 iu-

258 5301 610 5353 cousiderata
646 5297 982 5359 temeritate,
1013 5310 1078 5350 ne
1105 5297 1367 5353 miremur
1389 5299 1454 5353 ab
1486 5299 1675 5355 eodem
1714 5317 1843 5356 ora-

261 5397 383 5438 tore
437 5399 490 5453 p.
531 5381 664 5447 326,
715 5381 846 5443 τοὺς
891 5381 1255 5447 κακοδούλους
1297 5383 1519 5448 τούτους
1569 5387 1840 5454 Καυνίους

259 5470 486 5538 pessime
511 5467 611 5520 sibi
635 5466 962 5528 consulentes
993 5463 1221 5524 Caunios
1251 5468 1528 5538 appellari.

342 5563 590 5631 'ApaEa.
626 5561 838 5619 Habent
864 5565 1048 5619 urbem
1077 5561 1382 5633 Stephanus
1413 5578 1466 5620 et
1493 5565 1836 5628 Ptolemzens.

266 5646 594 5703 Theodorus
626 5649 910 5716 episwpus
935 5646 1141 5711 πόλεως
1178 5649 1419 5722 Ἀράεων
1446 5651 1714 5722 ἐπαρχίας
1733 5656 1840 5706 Au-

268 5734 430 5796 νίας,
473 5733 586 5786 sive
644 5732 917 5804 ‘Apégmv,
961 5743 1017 5788 ut
1053 5750 1330 5803 perperam
1366 5755 1416 5806 p.
1453 5738 1576 5796 675.
1614 5741 1841 5797 concilio

166 5823 172 5830 '
269 5815 690 5890 Coustantiuop.
761 5819 963 5888 tertio,
1031 5819 1183 5890 pejus
1253 5821 1559 5893 Stephanus
1635 5826 1837 5890 πόλεως

1119 293 1509 359 COMMENT.
1549 291 1633 354 IN
1672 287 2090 352 HIEROCLIS
2125 286 2670 352 SYNECDEMUM.
2745 257 2750 261 ’

3355 272 3491 342 1138

1921 401 2181 475 Ἀράζου.
2215 400 2438 459 Nicamo
2466 400 2705 458 secundo
2737 412 2794 470 p.
2827 394 2952 463 556,
2990 391 3378 463 subscripsisse
3415 392 3498 446 di-

1923 490 2087 544 citur.
2109 488 2294 545 Bubon
2315 503 2382 542 ex
2420 485 2593 542 Plinio
2622 492 2746 541 nota
2775 492 2880 539 est.

1993 572 2127 628 ibid.
2163 571 2472 628 Ἠνόανδα.
2507 568 2766 625 oneum
2791 581 2859 624 ex
2896 562 3072 621 Piinio
3099 569 3154 617 et
3185 560 3496 638 Stepnano:

1923 672 2050 714 nam
2070 656 2344 713 Ptolemaei
2366 653 2628 711 Οίνέανδα
2647 661 2794 710 recta
2817 667 2922 707 non
2942 658 3089 705 sunt.
3108 646 3278 702 Prare
3302 644 3501 699 concil.‘

1923 741 2510 812 Con3tantittop.tertio
2534 730 3194 811 p.673Georginsprarsul
3218 723 3502 782 Ὑνιανδοῧ

1924 827 2196 898 ἐπαρχίας
2223 811 2462 892 Λυκίας,
2491 835 2546 878 et
2577 838 2631 894 p.
2669 823 2796 884 sas.
2832 817 3156 882 οἰνιάνδων,
3188 831 3252 871 ac
3282 811 3504 868 Nicmno

1925 909 2168 968 secundo
2203 925 2260 980 p.
2289 908 2394 964 526
2429 908 2695 979 Georgius
2728 904 3008 961 οίνιάνδου
3042 902 3322 956 scribitur.

1993 988 2132 1053 ibid.
2174 979 2472 1066 Βαλούρα.
2502 993 2821 1064 Βάλϐουρα,
2868 1001 2929 1044 ut
2968 991 3020 1044 in
3048 987 3219 1041 Plinio
3244 993 3298 1038 et
3328 979 3507 1036 Pt‘olc-

1926 1097 2096 1148 maeo,
2137 1082 2288 1148 cujus
2324 1080 2508 1151 oppidi
2550 1079 2835 1148 cpiscopus
2875 1070 3228 1140 Chalcedon.
3259 1066 3507 1124 Concilio

1927 1183 1980 1238 p.
2037 1167 2144 1222 5'24
2189 1165 2470 1236 Philippus
2515 1161 2906 1234 Βαρῦουρέων,
2955 1166 3010 1213 et
3048 1171 3104 1225 p.
3153 1154 3259 1210 666
3294 1151 3507 1217 πόλεως

1928 1252 2328 1325 Βαλὸουραίων,
2355 1249 2555 1320 optime
2585 1246 2941 1318 Βαλϐουρέων
2969 1258 3021 1314 p.
3054 1240 3124 1299 97
3155 1239 3399 1296 vocatur.

1999 1321 2597 1408 ιὴίίιίιίομεστάραος.
2629 1333 2780 1401 Mihi,
2816 1331 2916 1387 nisi
2945 1325 3262 1401 Corydalla,L
3276 1325 3345 1380 sit
3377 1321 3516 1378 nihil

1930 1423 1996 1480 de
2028 1439 2092 1478 ea
2129 1422 2385 1476 innutuit.

2003 1509 2136 1564 ibid.
2177 1508 2316 1560 Ὑπὸ
2348 1505 2633 1576 ἡγεμόνα.
2661 1506 2769 1559 sub
2817 1500 3136 1572 Vespasiano
3167 1495 3402 1566 principe
3430 1493 3514 1546 itt-

1931 1593 2168 1647 sularum
2203 1588 2473 1661 provincia
2514 1587 2660 1657 facta
2697 1595 2802 1657 est,
2834 1585 3032 1640 Sextus
3061 1581 3232 1636 Rufus
3267 1578 3340 1634 ait
3379 1576 3511 1632 Bre-

1930 1680 2065 1735 υἱον.
2123 1693 2175 1732 c.
2234 1675 2339 1742 10,
2390 1672 2735 1743 ργωεὶάίδᾳαε
2784 1669 3002 1737 imperio
3053 1666 3322 1736 subjecta:
3366 1662 3517 1717 unde

1935 1762 2298 1818 Diocletianus
2365 1759 2664 1830 imperator
2721 1757 2785 1811 ad
2853 1752 3146 1824 Diogenem
3209 1748 3511 1805 insularum

1932 1846 2215 1916 praesidem
2252 1843 2440 1900 scribit
2461 1841 2497 1897 ι.
2525 1858 2554 1895 ν
2587 1855 2638 1898 c.
2667 1840 2754 1897 ubi
2785 1853 2938 1894 caus.
2975 1843 3128 1901 stat.,
3159 1833 3520 1916 ejusdemque

1932 1915 2300 1986 meminerunt
2353 1928 2709 1995 imperatores
2762 1923 3034 1978 Honorius
3080 1929 3132 1974 et
3175 1915 3516 1972 Theodosius

1933 2017 1987 2070 itt
2022 2015 2054 2070 l.
2089 2013 2159 2070 32
2187 2030 2240 2070 e.
2274 2009 2377 2067 Th.
2415 2011 2482 2066 de
2513 2008 2779 2075 Navicul.,
2821 2007 2910 2062 ubi
2944 2005 3095 2076 plura
3128 1999 3514 2058 Gothofredus.

1933 2104 2107 2172 Agere
2155 2114 2356 2170 praeses
2407 2097 2727 2167 plerumque
2772 2090 2946 2148 Rhodi
2982 2090 3214 2148 solebat.
3255 2099 3513 2157 quorsum

1934 2199 2056 2238 cum
2091 2185 2267 2238 hieme
2300 2179 2638 2251 periculosus
2665 2185 2724 2235 et
2753 2191 2899 2248 saepe
2936 2176 3177 2230 incertus
3216 2179 3361 2225 esset
3387 2185 3515 2223 cur—

1935 2274 2057 2336 Stts',
2098 2269 2298 2325 frustra
2327 2267 2550 2323 Rhodiis
2592 2263 2949 2336 querentibus
2972 2301 2988 2327 ,
3029 2262 3382 2331 imperatores
3414 2254 3519 2308 Va-

1935 2357 2050 2413 lens
2073 2356 2361 2411 Gratianus
2389 2364 2442 2410 et
2466 2350 2804 2408 Theodosius
2835 2348 2978 2403 aliud
3012 2346 3296 2402 edixerunt
3328 2342 3364 2396 l.
3397 2341 3432 2395 6
3460 2355 3510 2392 e.

1936 2443 2000 2496 de
2035 2440 2182 2496 Oﬂic.
2223 2449 2421 2494 rector.
2453 2435 2700 2508 provinc.
2718 2433 2920 2490 Civitas
2957 2431 3308 2493 Rhodiarum,
3339 2427 3517 2493 aiunt,

1935 2527 2194 2595 injuria»:
2238 2539 2391 2577 suam
2445 2536 2549 2574 non
2603 2530 2709 2573 tam
2759 2516 3001 2572 decenter
3034 2529 3192 2584 quam
3235 2527 3351 2566 sero
3393 2525 3522 2564 con-

1934 2618 2115 2676 questa
2162 2615 2257 2661 est.
2318 2604 2465 2659 Unde
2504 2601 2803 2657 inviolabili
2841 2599 3200 2654 observatione
3234 2595 3516 2650 sancimus

1937 2705 2022 2757 ut,
2058 2695 2305 2765 quoniam
2338 2699 2565 2760 letnpore
2607 2686 2792 2742 hiemis
2827 2683 3094 2755 navigatio
3125 2697 3264 2751 sirpe
3305 2681 3517 2750 pericu-

1936 2763 2156 2835 lowest
2188 2789 2234 2833 et
2275 2790 2473 2844 semper
2506 2775 2708 2829 incerta
2729 2813 2746 2840 ,
2782 2772 2838 2827 iu
2875 2769 2979 2826 illis
3013 2767 3239 2840 quinque
3277 2763 3518 2832 urbibus,

1935 2881 2052 2938 quae
2097 2865 2324 2936 potiores
2364 2876 2474 2915 esse
2513 2859 2716 2914 steteris
2756 2863 3098 2920 asseruntur,
3134 2850 3366 2907 vicissim
3408 2848 3522 2902 Itis-

1937 2934 2189 3007 ntaudunt
2221 2947 2320 3002 sibi
2347 2947 2557 3015 judices
2587 2949 2982 3014 recognoscant.
3017 2937 3202 3008 Neque
3231 2937 3374 2990 enim
3412 2934 3516 2989 du-

1936 3034 2214 3092 bitandum
2241 3033 2459 3088 videtur
2475 3029 2604 3102 quin
2627 3025 2987 3097 subjudieum
3013 3022 3231 3081 nomine
3257 3017 3520 3092 praesides

1937 3118 2392 3188 complectantur,
2424 3122 2683 3185 tantoque
2709 3109 2887 3166 minus
2912 3107 3054 3181 quod
3080 3117 3134 3163 et
3155 3105 3289 3161 alias
3307 3103 3524 3171 iudices

1895 3192 1993 3260 'i’in
2043 3202 2279 3259 letarum
2324 3196 2643 3270 fragmentis
2683 3193 2939 3265 praesides
2994 3191 3405 3262 assigniliceut,
3460 3198 3520 3242 ut

1937 3287 2200 3356 exemplis
2247 3285 2414 3342 Corn.
2459 3281 2576 3337 Van
2629 3276 2998 3336 Binkershok
3048 3275 3326 3333 Observat.
3382 3291 3435 3340 t,
3483 3276 3520 3330 2

1940 3374 2123 3432 docuit
2144 3371 2405 3443 pluribus.
2428 3367 2574 3424 Care
2608 3381 2738 3423 vero
2759 3364 3000 3436 quinque
3020 3361 3208 3428 urbes,
3235 3362 3288 3417 in
3321 3361 3520 3430 quibus

1939 3459 2183 3513 vicissim
2237 3455 2469 3510 hiemem
2506 3451 2804 3521 transigere
2852 3447 3147 3517 iubentur,
3207 3447 3274 3501 de
3328 3443 3521 3501 insulas

1942 3542 2114 3599 Rhodi
2153 3538 2382 3594 urbibus
2401 3545 2522 3592 cum
2563 3534 2726 3590 Guid.
2762 3531 3050 3587 Pancirolo
3086 3531 3139 3586 in
3174 3527 3348 3584 Notit.
3385 3528 3518 3597 imp.

1942 3625 2144 3681 Orieut.
2167 3639 2214 3680 c.
2243 3621 2346 3678 102
2376 3619 2780 3690 interpreteris:
2815 3625 2892 3672 tot
2915 3615 3000 3671 illa
3027 3629 3133 3670 non
3161 3613 3315 3680 vidit,
3345 3611 3524 3667 tribas

1941 3713 2067 3768 olim
2099 3709 2353 3781 superba,
2386 3707 2528 3761 unde
2560 3702 2810 3776 τρίπολις
2838 3703 3000 3766 νᾶσος
3027 3697 3266 3755 Pindaro
3302 3697 3518 3771 Olymp.

1939 3798 2030 3853 od.
2059 3796 2115 3863 7,
2151 3794 2244 3852 sed
2273 3805 2393 3864 qua:
2425 3791 2478 3846 in
2507 3804 2668 3845 unam
2698 3786 2971 3854 Rhodum,
3000 3784 3247 3857 ejusdem
3280 3797 3403 3838 cum
3437 3783 3518 3837 in-

1943 3881 2059 3937 snla
2075 3878 2328 3944 nominis,
2343 3873 2595 3945 deinceps
2616 3873 2957 3937 coaluerunt,
2983 3869 3251 3926 Strabone
3269 3875 3407 3925 teste
3429 3866 3514 3933 lt,

1943 3982 1996 4038 p.
2032 3963 2158 4020 655.
2183 3960 2434 4032 Quinque
2461 3957 2644 4024 urbes,
2678 3956 2980 4020 uisifallor,
3015 3954 3203 4010 insulto
3232 3959 3358 4038 sunt
3381 3951 3517 4010 toti-

1944 4037 2098 4112 dein,
2141 4047 2196 4102 in
2232 4047 2336 4099 hac
2371 4043 2648 4113 provincia
2690 4042 2901 4096 caeteris
2929 4041 3213 4110 p0tiores:
3259 4037 3362 4103 hoc
3405 4038 3519 4104 ipsa

1944 4137 2331 4202 imperatorum
2364 4124 2700 4190 constitutio,
2725 4134 2784 4178 ttt
2816 4124 3096 4190 admittas,
3125 4123 3372 4194 requirit.
3408 4120 3518 4175 Nec

1943 4220 2100 4275 obest
2129 4213 2394 4270 sermonis
2421 4225 2548 4267 usus
2575 4225 2589 4264 :
2620 4223 2745 4264 nam
2779 4218 2832 4264 et
2860 4207 3118 4280 Virgilius
3140 4207 3329 4262 Delum
3355 4204 3520 4275 Apol-

1944 4305 2068 4362 linis
2099 4303 2284 4357 urbem
2308 4306 2463 4353 vocat
2487 4313 2502 4351 :
2538 4310 2711 4366 neque
2736 4293 2940 4350 Graecis
2963 4292 3256 4365 quidquam
3289 4292 3522 4347 familia-

1945 4392 2058 4445 rius
2107 4401 2266 4458 qttam
2313 4383 2541 4438 insulam
2591 4377 3084 4455 adiuv-appellare.
3138 4379 3266 4433 Vide
3316 4379 3516 4432 Anton.

1943 4475 2075 4541 Itin.
2115 4488 2168 4542 p.
2212 4469 2337 4525 525.

2027 4556 2254 4620 Ῥόδος.
2301 4551 2600 4608 insularum
2647 4548 2934 4620 provinciae
2978 4547 3293 4619 metropolis
3340 4548 3522 4615 Ephe-

1945 4644 2065 4700 sino
2112 4639 2341 4696 cont-ilio
2386 4654 2440 4710 p.
2489 4636 2598 4694 455
2636 4637 2861 4700 dicitur;
2912 4632 3173 4690 Jornandi
3223 4635 3295 4688 de
3350 4631 3521 4714 Begu.

1948 4728 2158 4785 Succos.
2194 4723 2409 4779 Rhodus
2447 4721 2816 4791 opinatissima
2849 4718 3025 4774 insula
3060 4728 3108 4774 et
3148 4720 3310 4774 totius
3344 4719 3524 4780 Adria:

1945 4814 2238 4870 ituularum
2290 4808 2619 4875 metrOpotis,
2663 4808 2754 4877 qui
2802 4807 3003 4861 rectius
3030 4803 3204 4876 Αἴςιωὲ
3240 4803 3402 4859 maris
3427 4813 3524 4858 aut

1947 4900 2090 4955 Asia:
2113 4897 2441 4965 scripsisset.
2473 4892 2748 4949 Libertate
2777 4907 2806 4946 a
2842 4891 3172 4961 Vespasiano
3197 4892 3403 4960 privata
3436 4904 3524 4946 ess

1947 4983 2084 5053 apud
2127 4981 2354 5037 Sucton.
2403 4993 2450 5033 c.
2482 4977 2548 5041 8;
2579 4977 2723 5031 unde
2765 4977 2902 5032 citra
2950 4976 3168 5034 dubium
3205 4983 3288 5030 est
3339 4976 3522 5030 Dionis

1947 5067 2318 5140 Chrysostomi
2352 5063 2678 5118 Rhodiacam
2705 5072 2832 5117 ante
2854 5061 3015 5117 fuisse
3044 5061 3322 5116 recitatam
3355 5077 3517 5131 quam

1950 5152 2177 5208 Rhodiis
2215 5150 2435 5204 libertas
2475 5146 2818 5211 auferretur,
2869 5145 2920 5199 in
2964 5146 3256 5215 provincia:
3293 5147 3521 5199 fortnam

1949 5234 2183 5291 redactis
2209 5249 2223 5287 :
2256 5232 2458 5287 salvam
2500 5229 2605 5284 illis
2634 5229 2938 5285 libertatem
2968 5240 3018 5300 p.
3052 5228 3156 5284 544
3187 5228 3250 5294 D,
3281 5231 3525 5284 beatam-

1949 5336 2054 5390 que
2083 5319 2215 5373 satis
2248 5317 2436 5372 insulae
2457 5314 2848 5380 conditionem,
2874 5315 2960 5368 cui
2994 5314 3046 5367 in
3077 5312 3237 5368 Caria
3269 5323 3322 5368 et
3358 5311 3521 5384 Lycia

1951 5406 2195 5460 civitates
2223 5401 2523 5458 tributaria
2551 5408 2732 5456 essent
2761 5398 2942 5468 plures
2965 5414 3016 5468 p.
3044 5397 3140 5452 5M
3175 5399 3213 5452 C
3239 5414 3252 5463 ;
3283 5398 3525 5454 illitlllSﬁe

1951 5491 2054 5544 illis
2099 5496 2358 5558 praeterea
2395 5486 2455 5539 τὸ
2481 5484 2690 5540 ἑαυτῶν
2734 5484 3067 5556 προεστάναι
3105 5485 3195 5537 καὶ
3242 5483 3340 5552 τὴν
3369 5485 3528 5536 πό)..ν

1948 5573 2167 5628 διοικεῖν
2200 5572 2292 5626 καὶ
2320 5570 2380 5623 τὸ
2407 5568 2798 5640 βουλεύσασθαι
2829 5569 2923 5622 καὶ
2954 5567 3251 5634 τδδικάποι
3276 5581 3322 5635 p.
3357 5568 3460 5622 δὸς)
3487 5569 3526 5620 Β

1949 5656 2250 5725 significat;
2287 5669 2406 5725 quze
2441 5654 2620 5710 omnia
2665 5654 2805 5707 inter
2839 5652 3146 5722 provincias
3187 5653 3525 5720 transcripta.-

1951 5739 2090 5794 haud
2118 5753 2247 5795 sane
2273 5739 2614 5792 conveniunt.
3007 5791 3010 5794 ,

2025 5823 2156 5886 Ibid.
2209 5821 2355 5899 asc.
2395 5822 2464 5878 De
2503 5826 2601 5877 hac
2651 5832 2701 5878 et
2750 5822 3106 5896 sequentibus
3143 5823 3340 5879 Anton.
3393 5817 3526 5876 Itin.
