4060 6342
556 264 694 335 λιιι

552 402 660 459 quo
689 388 818 444 olim
845 402 1059 445 nomine
1084 390 1267 456 fuerit,
1296 404 1420 446 cum
1462 392 1695 448 nondum
1722 394 1852 450 mihi
1872 410 1969 464 pro
1989 411 2129 452 com-

552 482 709 543 perto
739 471 832 541 sit,
865 473 933 528 de
964 475 1070 530 situ
1126 475 1402 545 quidpiam
1439 476 1599 533 linire
1622 476 1812 533 nolim.
1864 477 2006 535 idem
2063 486 2128 533 de

551 557 973 629 Anastasiopoli,
996 559 1148 625 cujus
1188 560 1389 631 aliqua,
1424 569 1483 616 ut
1509 576 1539 616 e
1582 559 1838 617 Caroloa
1864 560 1925 617 S.
1961 563 2131 618 Paulo

550 642 784 708 videbis,
828 642 880 698 iu
907 644 1265 698 conciliorum
1308 644 1453 699 Actis
1505 645 1762 700 memoria
1792 654 1897 712 est,
1923 646 2128 701 dictum

551 738 692 784 esto.

622 855 737 912 Col.
772 856 897 913 M9.
932 854 1092 926 χώρα
1109 858 1480 929 πατριμόνια.
1510 854 1685 913 Credo
1708 858 1976 929 regionem
2000 856 2134 911 indi-

555 944 668 999 cari
692 956 812 1012 quae
835 942 1098 1014 principis
1130 942 1458 1013 patrimonio
1480 951 1598 999 erat
1617 945 1943 999 eoutributa.
1973 942 2130 998 Com—

548 1026 879 1081 modissime
908 1035 1091 1082 autem
1112 1028 1522 1097 ‘Anastasiopoli
1552 1028 1819 1097 jungitur,
1857 1027 2130 1094 siquidem

553 1110 631 1163 rei
649 1116 836 1165 auctor
847 1109 1165 1178 perhibetur
1180 1110 1307 1181 imp.
1324 1110 1645 1166 Anastasius
1664 1111 1713 1164 in
1735 1106 2132 1165 Gloss.Nomir.

559 1192 1014 1265 Πατριμονιάλια,
1042 1195 1143 1248 ὅσα
1163 1193 1393 1260 ἕκαστος
1425 1194 1677 1266 βασιλεὺς
1711 1193 1897 1263 ἐαυτῷ
1933 1194 2134 1247 κτᾶται

556 1274 675 1335 ἀπὸ,
708 1276 815 1345 τοῦ,
846 1277 1109 1348 βασιλέως
1138 1277 1517 1334 ’Avaaract’ou.
1570 1279 1743 1342 Αὐτὸς
1782 1278 1891 1351 γάρ
1913 1279 2058 1332 ἐστιν
2102 1281 2130 1331 ὁ

555 1361 796 1433 ἐξευρὼν
826 1361 920 1415 καὶ
949 1358 1049 1433 τὴν
1073 1365 1443 1434 προηγορίαν
1476 1363 1682 1435 ταύτην
1712 1363 1805 1417 καὶ
1829 1363 1927 1433 τὴν
1956 1360 2132 1435 αρχὴν

554 1444 650 1498 τοῦ
686 1445 925 1516 adunco;
943 1446 1035 1501 τοῦ
1059 1448 1435 1519 πατριμονίου.
1470 1448 1599 1515 Qute
1624 1458 1800 1503 tamen
1832 1461 1899 1503 au
1936 1447 1989 1502 in
2016 1463 2133 1502 um.-

555 1528 715 1585 nibus
742 1531 897 1585 home
932 1529 1055 1587 lldei
1087 1533 1214 1595 sint,
1252 1533 1371 1588 sine
1399 1533 1627 1588 crimine
1657 1532 1888 1588 dubitari
1912 1539 2085 1601 potest
2116 1548 2130 1585 :

554 1628 681 1666 nam
714 1630 836 1666 cum
867 1614 1045 1669 coloni
1080 1616 1487 1682 patrimoniales
1512 1617 1600 1671 diu
1640 1626 1763 1670 ante
1786 1613 2130 1670 Anastasium

554 1700 963 1767 imperatorem,
990 1710 1050 1753 ut
1087 1698 1125 1754 i.
1160 1700 1181 1754 l
1233 1710 1289 1755 et
1322 1699 1357 1753 2
1386 1716 1439 1756 c.
1468 1701 1534 1757 de
1563 1698 1792 1769 Fugitiv.
1836 1707 1902 1755 .et
1937 1698 2130 1753 Colon.

555 1783 833 1852 docemur,
871 1783 1072 1840 fuerint
1117 1787 1227 1841 noti
1257 1795 1312 1841 et
1356 1802 1386 1842 ιι
1417 1779 1762 1857 patrimonio
1811 1801 2004 1841 nomen
2036 1787 2132 1839 ba-

558 1871 753 1933 heant,
792 1870 1018 1925 omnino
1072 1885 1158 1925 res
1200 1872 1314 1938 ipsa
1350 1870 1638 1927 Anastasio
1681 1871 1893 1926 videtur
1938 1870 2088 1938 prior
2114 1905 2134 1927 .

556 1956 730 2022 Atque
755 1952 810 2007 ln
845 1952 932 2007 his
993 1967 1063 2009 ne
1098 1954 1473 2023 atubigamus,
1508 1942 1884 2024 possessiones
1927 1952 2134 2007 iaciunt

556 2036 963 2100 patrimoniales
985 2052 1081 2107 per
1111 2038 1366 2093 Asianam
1394 2050 1447 2094 et
1478 2038 1752 2095 Ponticam
1786 2036 2043 2093 dioecesin
2082 2046 2137 2090 et

558 2120 707 2174 fundi
734 2120 1145 2189 patrintouiaies
1174 2138 1271 2193 per
1322 2119 1768 2191 Mesopotamiam
1794 2129 1849 2176 et
1892 2120 2133 2176 Osdroe-

557 2218 683 2258 nam
715 2205 1041 2273 provincias,
1067 2222 1297 2275 quorum
1341 2208 1704 2275 imperatores
1733 2205 1997 2262 Arcadius
2028 2204 2135 2260 Va-

557 2287 890 2344 lentinianus
922 2297 975 2345 et
1002 2286 1340 2346 Theodosius
1369 2290 1424 2345 in
1457 2291 1510 2346 i.
1558 2290 1594 2349 6
1630 2298 1683 2347 et
1710 2290 1745 2345 8
1782 2306 1833 2345 ο.
1863 2289 1929 2345 de
1958 2287 2133 2343 Fund.

557 2370 859 2428 Patrimon.
888 2373 1272 2440 meminerunt,
1303 2382 1358 2429 et
1404 2371 1631 2431 Sacrum
1665 2373 2047 2446 patrimonium
2081 2373 2135 2429 i.

560 2454 633 2515 15
661 2459 726 2514 de
770 2454 1066 2529 Vrctigal.;
1096 2460 1239 2527 quod
1262 2459 1533 2523 ultimum,
1570 2459 1781 2514 tametsi
1811 2454 1912 2512 Th.
1940 2456 2137 2512 Reine~

559 2542 674 2597 «ius
697 2540 834 2611 App.
867 2539 1115 2610 Imcript.
1141 2540 1241 2598 XX
1272 2543 1347 2598 ita
1370 2544 1677 2607 censuerit,
1714 2541 1963 2597 comitem
1995 2542 2131 2596 sacri

558 2624 873 2693 patrimonii
907 2626 1184 2696 requirere
1212 2626 1408 2683 merito
1441 2627 1749 2693 addubites,
1777 2628 2137 2696 eamdemque

560 2711 695 2764 adeo
720 2711 1009 2765 Anastasio
1048 2710 1278 2778 priorem
1316 2721 1370 2766 el
1400 2713 1498 2766 sub
1536 2710 1824 2768 Theodosii
1851 2718 1907 2766 et
1943 2710 2135 2767 Valen-

562 2792 755 2847 tiniani
806 2791 1112 2863 principatu
1161 2794 1274 2864 jam
1320 2793 1487 2859 fuisse
1516 2805 1701 2851 notum
1739 2812 1756 2851 :
1794 2796 1939 2851 nulla
1989 2796 2135 2851 enim

559 2878 752 2948 ejusin
794 2876 1003 2932 Notitia
1040 2879 1164 2949 imp.
1198 2877 1398 2936 Orienl.
1437 2917 1450 2943 ,
1490 2880 1632 2948 quod
1662 2878 1852 2947 sciam,
1883 2880 2085 2935 mentio
2116 2891 2134 2945 ;

561 2978 617 3015 tn
653 2974 758 3030 qua
794 2962 897 3016 sub
951 2962 1305 3032 dispositione
1339 2964 1553 3020 uumitis
1592 2977 1770 3019 rerum
1800 2963 2135 3036 privatarum

560 3046 837 3116 praepositi
884 3060 1105 3116 gregum
1166 3057 1221 3102 et
1268 3046 1603 3105 stabulorum
1652 3056 2141 3119 procuratoresque

562 3129 798 3185 saltuum
830 3131 1023 3187 luridas
1052 3130 1460 3201 patrimoniales
1502 3146 1555 3189 c.
1586 3131 1655 3188 88
1686 3141 1899 3188 curant.
1940 3130 2140 3187 Fateor

562 3211 648 3268 ὶίΊ.
683 3214 1034 3286 Peregrinum
1088 3213 1405 3272 Saturnium
1452 3215 1823 3273 moderantem
1875 3215 2137 3271 illustrem

563 3299 709 3355 sacri.
754 3299 1069 3370 patrimonii
1109 3301 1423 3357 comitivam
1467 3316 1588 3359 esse
1641 3301 1697 3356 in
1734 3292 2139 3371 veterl‘lapide.

560 3382 789 3449 Largior
812 3384 977 3438 etiam
998 3385 1251 3440 eumdem
1282 3384 1471 3450 videri,
1510 3384 1603 3454 qui
1643 3398 1828 3440 eomes
1856 3385 1912 3439 et
1940 3397 2140 3454 procu-

548 3476 721 3523 .rator
744 3469 797 3521 in
836 3465 877 3523 l.
914 3482 1082 3524 “te.
1116 3465 1222 3522 Th.
1258 3468 1325 3524 de
1350 3465 1485 3524 Bon.
1521 3466 2065 3538 Proscript.Areadio
2085 3475 2140 3523 et

536 3582 541 3585 ι
563 3550 803 3606 llonorio
817 3550 1150 3622 principibus
1160 3551 1371 3607 dicitur.
1386 3552 1457 3606 At
1468 3550 1535 3620 is,
1554 3562 1607 3609 ut
1621 3553 1752 3625 legis
1766 3561 2141 3621 argumentum

561 3636 787 3700 indicat,
825 3635 1137 3706 patrimonii
1166 3635 1467 3692 Gildoniaci
1500 3652 1709 3703 cernes;
1739 3652 1899 3708 quem
1932 3636 2143 3691 Neritia

560 3722 690 3790 imp.
726 3719 911 3776 Occid.
937 3719 1063 3777 ωε
1098 3731 1364 3778 memorat
1385 3763 1401 3787 ,
1430 3729 1485 3778 et
1514 3732 1836 3793 procurator
1868 3720 1991 3779 fuit.
2021 3722 2143 3779 Jam

562 3805 707 3871 quod
741 3803 913 3859 forma
949 3803 1114 3875 huius
1142 3805 1411 3863 eomitiva:
1462 3808 1535 3862 sit
1578 3807 1719 3877 apud
1758 3806 2141 3863 Cassiodorum

562 3904 652 3958 ep.
686 3905 764 3953 γι,
788 3889 840 3952 9.
881 3888 955 3954 id,
986 3900 1045 3944 ut
1082 3905 1266 3946 comes
1309 3891 1622 3961 patrimonii
1647 3900 1772 3947 ante
1792 3891 2141 3946 Anastasium

564 3971 750 4037 fuerit,
780 3972 999 4028 efﬁcere
1025 3988 1129 4029 non
1154 3975 1375 4044 poterit,
1395 3990 1519 4032 cum
1541 3976 1611 4031 ab
1640 3975 1931 4032 Anastasio
1957 3970 2140 4047 Theo-

566 4057 784 4111 dericus
806 4056 922 4124 ejus
953 4056 1029 4111 rei
1060 4058 1368 4127 exemplum
1398 4074 1615 4114 sumere
1654 4060 1916 4128 potuerit.
1941 4053 2141 4112 Verum

565 4141 667 4197 hoc
723 4141 924 4197 obiter.
965 4138 1096 4197 Mss.
1125 4142 1304 4212 χωρία
1358 4142 1709 4215 πατριμόνια,
1760 4158 1791 4198 ο
1846 4141 2047 4214 quibus
2094 4140 2141 4196 si

566 4227 996 4299 πατριμονιάλια
1043 4226 1414 4294 l‘ormaveris,
1469 4226 1669 4283 fundos
1734 4224 2142 4297 patrimoniales

569 4311 816 4367 habebis.

636 4439 767 4494 Ibid.
800 4439 1043 4510 Κίϐυρα.
1084 4438 1276 4512 Magna
1304 4440 1423 4496 haec
1450 4448 1535 4497 est
1559 4438 1780 4511 Cibyra,
1806 4453 1835 4493 a
1870 4453 1975 4509 qua
2005 4454 2140 4495 con-

564 4531 756 4579 uentus
786 4522 1126 4596 Cibyraticae
1166 4522 1308 4593 apud
1348 4521 1581 4581 Plinium
1610 4538 1667 4588 ν,
1690 4523 1782 4585 29,
1816 4525 1870 4577 in
1895 4522 2143 4594 Phrygiae

566 4606 847 4677 Carimque
880 4607 1078 4663 ﬁnibus
1114 4610 1311 4677 posita,
1340 4608 1620 4679 necionge
1645 4606 1714 4661 ab
1738 4605 2025 4661 Antiochia
2074 4607 2142 4659 ad

566 4690 898 4746 Maeandrum
929 4700 1064 4744 teste
1086 4691 1356 4746 Strabone
1384 4706 1483 4746 ιιιι
1517 4705 1570 4759 p.
1613 4690 1738 4745 650.
1771 4690 1953 4758 itaque
1980 4689 2145 4745 falsus

566 4788 649 4829 est
682 4773 1004 4829 seholiastes
1034 4773 1243 4830 lioratii
1284 4773 1629 4844 Cruquianus
1655 4774 1708 4826 iu
1740 4772 1839 4842 Ep.
1880 4772 1929 4837 ι,
1967 4771 2020 4839 6,
2073 4773 2144 4828 55

564 4861 810 4914 scribens
833 4857 1059 4929 (Cibyra
1089 4862 1232 4914 vicus
1252 4860 1551 4913 maritimus
1574 4860 1629 4912 in
1660 4855 2024 4929 Paphlagonia
2047 4867 2145 4913 aut

565 4944 756 5013 Lydia.
787 4942 911 4997 Fuit
940 4944 1159 5013 quidem
1195 4943 1360 4996 altera
1391 4943 1579 4996 eodem
1610 4943 1826 4997 nomine
1854 4944 1945 4997 sed
1973 4943 2147 4996 minor

564 5030 620 5080 in
667 5026 980 5095 Pamphylia
1020 5025 1157 5093 apud
1190 5026 1439 5081 eumdem
1484 5025 1805 5081 Strabonem
1830 5042 1920 5082 Inv
1949 5025 2145 5096 p.667,

566 5125 733 5179 quam
762 5111 806 5165 si
844 5109 1144 5175 intellexit,
1188 5124 1429 5165 errorem
1467 5124 1735 5166 excusare
1762 5112 1979 5179 queque
2040 5126 2145 5165 non

566 5195 785 5260 poterit.
826 5197 866 5249 A
907 5195 1115 5249 minore
1170 5196 1271 5248 hac
1308 5193 1505 5265 Cibyra
1541 5193 1743 5248 Thema
1795 5194 2149 5267 Cybyrrhaeo-

570 5292 747 5334 tarum
775 5278 1064 5358 appellavit
1090 5278 1477 5334 Constantinus
1511 5277 1552 5332 1.
1591 5294 1610 5335 t
1649 5277 1839 5335 Them.
1872 5281 1970 5342 ll;
2006 5281 2146 5350 quod

569 5379 690 5414 rum
751 5364 921 5432 patria
972 5363 1246 5417 AuaSIas-ii
1294 5362 1684 5433 Thamnaturgi
1741 5362 1794 5417 in
1850 5363 2148 5434 Synaxario

567 5446 877 5502 Divionensi
901 5447 1122 5507 feratur.
1142 5448 1322 5517 χώρας
1348 5447 1446 5519 μὲν
1467 5442 1535 5519 ἣν
1559 5447 2011 5521 Κιὸυρραιωτῶν,
2036 5464 2151 5503 me-

577 5533 683 5585 rito
738 5534 951 5585 minds
1004 5531 1070 5585 D.
1132 5534 1521 5595 i‘apelwoeium
1573 5544 1707 5588 tom.
1740 5532 1766 5588 Ι
1805 5531 1928 5588 Jun.
1967 5534 2148 5604 p.526

570 5615 893 5670 scribentem
916 5632 929 5669 :
960 5614 1139 5669 Nihilo
1173 5615 1381 5681 [acilius
1401 5616 1744 5683 explicuerint
1767 5634 1885 5687 qva?
1905 5617 1962 5672 S.
1986 5618 2149 5671 Allia-

574 5700 723 5751 nusio
754 5700 961 5759 mrria:
988 5715 1107 5751 unm
1124 5701 1587 5767 lt'zbyrr/toilaram
1608 5701 1659 5756 in
1684 5700 1851 5771 elogio
1874 5703 2150 5760 nominata

577 5786 717 5858 rt’gt'o
750 5788 895 5848 nulla
917 5787 1064 5848 nobis
1088 5789 1337 5861 innotuit,

1604 275 1991 343 ADDENDA.
2025 302 2095 315 --
2126 280 2189 343 Ρ.
2227 277 2743 342 WESSELINGII

3668 272 3800 338 liii

2318 393 2456 451 ibid.
2503 393 2973 465 Κοκτημιιλικαϊ.
3037 390 3160 448 ΑΙὶο
3208 392 3299 448 tibi
3349 388 3802 463 coniectore,qui

2240 494 2426 534 verum
2449 478 2677 544 divinet,
2710 492 2847 549 opus
2868 486 2950 534 est
2977 495 2993 531 :
3031 492 3131 547 ego
3164 476 3297 530 nihil
3340 476 3468 531 hinc
3497 476 3735 541 expedio.

2312 560 2447 618 Ibid.
2468 562 2727 633 ἐπαρχία
2751 559 3049 627 Ποντικῆς
3074 557 3124 613 a'
3148 604 3160 615 .
3194 560 3285 614 Sic
3304 574 3461 623 mss.;
3494 574 3612 626 quae
3641 559 3804 614 lacera

2240 662 2367 702 esse
2388 656 2628 716 apparet.
2656 645 2914 700 Ct-edoab
2941 644 3206 700 llieroelis
3229 660 3388 698 manu
3423 646 3630 698 venisse
3648 646 3807 714 ἐπαρ-

2240 729 2333 800 χία
2356 728 2625 799 Ποντικῆς
2650 729 2966 799 διοικήσεως
2987 736 3035 782 α’
3060 727 3305 793 Βιθυνία,
3336 728 3604 796 provincia
3638 724 3809 782 Ponti-

2240 836 2314 873 cae
2340 818 2618 873 dimceaeos
2650 819 2817 886 prima
2842 817 3108 888 Bithynia.
3132 816 3353 870 Orditnr
3379 817 3505 869 hinc
3520 815 3810 871 diter-esea:

2239 901 2480 958 Ponticae
2507 901 2834 973 provincias,
2872 916 3009 971 quas
3040 897 3097 952 il
3138 900 3324 962 fuisse,
3361 898 3684 968 Bithyniam,
3708 896 3810 953 ilo-

2243 986 2549 1052 noriadem,
2581 982 3001 1055 Paphlagoniam
3029 1024 3045 1047 ,
3083 982 3351 1039 Galatiam
3383 982 3610 1053 primam
3641 991 3696 1035 et
3726 996 3808 1036 se-

2239 1071 2497 1132 cundam.
2517 1069 2883 1139 Cappadocias
2918 1069 3070 1131 duas,
3098 1067 3319 1123 totidem
3340 1066 3644 1130 Armenias,
3660 1065 3813 1123 Helo»

2244 1166 2536 1225 nopontum
2571 1162 2626 1207 et
2647 1163 2868 1221 pontum
2898 1151 3362 1217 Poletuouiacum,
3391 1165 3461 1205 ex
3490 1149 3665 1205 Natit.
3689 1151 3803 1217 imp.

2244 1236 2340 1291 Or.
2372 1251 2422 1293 c.
2444 1238 2500 1303 l,
2519 1252 2637 1305 quae
2656 1245 2710 1293 et
2740 1234 3046 1307 Bithyniam
3076 1233 3351 1290 consulari
3378 1233 3615 1297 mandat,
3638 1232 3813 1303 explo-

2244 1330 2360 1378 rate
2398 1322 2669 1377 novimus.

2315 1406 2451 1461 ibid.
2507 1404 2862 1475 Χαλκηδών.
2902 1403 3014 1459 Etsi
3040 1402 3220 1474 primo
3272 1401 3392 1457 loco
3445 1399 3589 1455 inter
3633 1398 3813 1471 Bithy-

2243 1488 2347 1543 nia:
2378 1488 2543 1544 urbes
2570 1499 2801 1559 ponatur
2830 1498 2884 1543 et
2931 1487 3167 1542 eonrilio
3209 1484 3625 1553 Constantinop.
3662 1487 3814 1538 tertio

2243 1586 2296 1637 [ι.
2332 1571 2438 1627 495
2467 1569 2701 1627 Joannes
2726 1573 2824 1642 τῆς
2854 1569 3248 1640 Καλχηδονέων
3294 1568 3680 1640 μητροπόλεως
3716 1567 3811 1635 τῆς

2243 1658 2485 1713 Βιθυνῶν
2522 1661 2788 1731 ἐπαρχίας
2835 1657 3164 1723 snhscribat,
3201 1672 3308 1712 non
3353 1664 3538 1710 tamen
3588 1654 3695 1709 nisi
3722 1669 3815 1709 uo-

2244 1747 2389 1801 mine
2442 1757 2598 1800 tenus
2632 1744 3103 1814 metropolisl‘uit,
3149 1743 3315 1799 salvis
3358 1741 3689 1797 Nicomedia:
3717 1756 3813 1797 suo

2238 1829 2363 1897 jure
2409 1837 2465 1885 et
2494 1830 2814 1900 privilegiis,
2851 1840 2908 1883 ut
2963 1828 3294 1893 Marcianus,
3328 1828 3415 1882 cui
3465 1828 3811 1883 honorarium

2244 1916 2390 1972 hunc
2447 1919 2664 1972 titulum
2714 1918 2895 1980 debet,
2928 1916 2981 1971 in
3022 1914 3353 1972 Chalcedon.
3407 1929 3562 1970 eone.
3604 1930 3660 1983 p.
3709 1914 3803 1968 681

2241 2004 2444 2060 sciscit.
2492 2004 2604 2076 Τὴν
2637 2004 3023 2076 Καλχηδονέων
3070 2002 3245 2071 πόλιν,
3277 2002 3475 2071 inquit,
3526 2004 3585 2055 ἐν
3722 2002 3816 2069 τῆς

2240 2093 2402 2161 ἁγίας
2457 2094 2694 2157 πίστεως
2741 2092 2960 2153 σύνοδος
2999 2090 3325 2161 διεκροτὴοη
3354 2130 3370 2153 ,
3436 2088 3816 2161 μητροπόλεως

2241 2182 2386 2253 ἔχειν
2413 2180 2687 2249 πρεσϐεῖα
2731 2177 3123 2247 ὲθεσπίσαμεν,
3169 2177 3395 2246 ὀνόματι
3431 2177 3575 2246 μόνῳ
3603 2176 3817 2245 ’ταύτην

2244 2268 2601 2336 τιμήσαντες,
2646 2262 2960 2333 σωζομένου
2998 2261 3200 2333 δηλαδὴ
3233 2264 3299 2334 τῇ
3330 2258 3688 2331 Νικομηδέων
3712 2274 3816 2329 μη-

2240 2349 2494 2418 τροπόλει
2517 2346 2612 2401 τοῦ
2647 2345 2778 2417 ἰδίου
2807 2343 3140 2418 ἀξιώματος.
3167 2346 3270 2412 Qui
3304 2359 3429 2399 cum
3500 2338 3810 2412 Κὰλχηδόνσ

2240 2436 2429 2488 urbem
2462 2432 2715 2502 appellat,
2757 2430 2899 2485 haud
2933 2430 3157 2483 multum
3206 2428 3359 2483 abest
3381 2442 3407 2479 a
3438 2424 3816 2497 Καλχαδονιων

2242 2516 2424 2572 numis
2454 2533 2467 2570 :
2507 2517 2634 2570 olim
2660 2515 2804 2570 enim
2840 2511 3143 2583 Καλχηὸὼν
3181 2512 3614 2579 nuncupabatur.
3670 2508 3817 2574 Quod

2241 2614 2441 2654 nomen
2474 2608 2640 2667 atque
2697 2594 3003 2668 Καρχηδὼν
3033 2609 3157 2649 cum
3192 2607 3325 2648 sono
3358 2608 3545 2663 parum
3598 2595 3821 2658 distent,

2245 2684 2467 2753 praebita
2497 2695 2639 2751 saepe
2682 2679 2923 2737 librariis
2952 2687 3036 2733 est
3088 2678 3309 2732 occasio
3344 2677 3498 2730 urbis
3544 2677 3820 2751 utriugque

2242 2766 2647 2829 confundenda,
2675 2764 2837 2823 veluti
2863 2777 2985 2817 cum
3008 2760 3245 2832 Apsyrto
3269 2758 3535 2828 Hippiatr.
3556 2773 3606 2812 c.
3630 2774 3817 2823 ιιιιιι,

2240 2866 2294 2921 p.
2338 2850 2441 2905 H5
2481 2849 2749 2915 tribuunt,
2784 2848 2878 2901 xui.
2921 2845 3079 2899 τοῦτο
3121 2844 3179 2898 δὲ
3239 2844 3301 2897 ὲκ
3352 2843 3465 2896 τῶν
3500 2841 3821 2911 Γεωργικῶν

2242 2934 2513 3002 Μάγωνος
2575 2932 2670 2992 ςοῢ
2723 2929 3097 3001 Χαλκτδδονῖου
3159 2928 3386 2997 εὓρηται
3416 2928 3437 2990 ’;
3488 2935 3553 2980 οιο
3590 2924 3820 2979 Hiemi-ii

2243 3033 2327 3088 ρ..
2352 3018 2373 3071 i
2395 3016 2452 3064 in
2475 3016 2681 3085 Μάγων
2707 3016 2766 3070 δὲ
2795 3012 3200 3086 όΧαλκηὸόνιος
3242 3012 3300 3063 ὲν
3320 3012 3429 3072 τοῖς
3473 3009 3819 3079 Γεωργικοῖς.

2244 3099 2434 3170 Neque
2465 3100 2610 3154 enim
2664 3091 2820 3170 Mago
2857 3094 3337 3158 Chalcedonensis,
3395 3092 3489 3147 sed
3540 3091 3819 3162 Carthagi-

2245 3184 2451 3240 niensis
2493 3183 2613 3249 fuit,
2641 3182 2798 3255 cuius
2831 3180 2898 3234 de
2925 3179 2991 3233 li.
3022 3178 3090 3232 lt.
3122 3177 3313 3243 libros,
3345 3173 3550 3231 Punico
3574 3189 3821 3230 sermone

2248 3267 2504 3337 scriptos,
2543 3266 2768 3322 Cassius
2802 3262 3087 3335 Dionysius
3132 3258 3405 3316 Uticensis
3427 3257 3613 3313 Graeca
3646 3258 3819 3324 lingua

2248 3350 2409 3405 vertit
2437 3349 2578 3421 apud
2614 3346 2912 3403 Varronem
2948 3345 3011 3398 it.
3051 3343 3118 3399 Β.
3158 3361 3201 3411 ι,
3232 3343 3287 3398 i.
3332 3342 3507 3412 Atque
3541 3341 3683 3395 haud
3714 3340 3822 3396 seio

2249 3450 2318 3489 an
2350 3432 2512 3502 hujus
2537 3431 2778 3503 Magonis
2809 3444 3002 3487 nomen
3036 3430 3089 3483 in
3132 3428 3214 3483 his
3237 3426 3496 3494 Stephani
3530 3426 3729 3491 lateat:
3764 3423 3823 3477 '0

2248 3518 2477 3586 πολίτης
2526 3516 2896 3588 Καρχηδόνιος
2929 3509 3335 3584 ’Καρχηδόνιος
3363 3504 3431 3579 ἦν
3459 3507 3620 3576 σοφὸς
3657 3508 3823 3577 μέγας

2249 3603 2345 3656 καῖ
2363 3600 2776 3674 Κλειτόμαχοςῤ
2802 3598 3115 3668 Διογνήτου.
3141 3594 3479 3649 Siclaeerum
3502 3603 3630 3674 ante
3654 3592 3821 3645 locum

2251 3684 2526 3752 Menagins
2557 3671 2609 3738 in
2637 3684 2925 3754 Diogenem
2946 3680 3127 3735 Laert.
3145 3694 3219 3743 tv,
3240 3677 3310 3731 67
3330 3687 3383 3732 et
3408 3676 3499 3729 Ben
3514 3671 3687 3729 iteiius
3702 3688 3825 3728 cou-

2246 3772 2563 3834 stituerunt,
2590 3778 2743 3825 recte
2764 3808 2777 3835 ,
2813 3769 2875 3822 tsi
2908 3766 3036 3835 quid
3056 3779 3160 3835 ego
3189 3760 3386 3829 video;
3424 3760 3516 3829 qui
3550 3759 3595 3814 si
3628 3769 3821 3830 praete-

2251 3870 2342 3911 rea
2375 3852 2538 3924 σοφὸς
2582 3854 2791 3923 Μάγων
2820 3851 2841 3923 ί
2868 3866 2990 3905 nam
3022 3848 3252 3903 alterum
3281 3844 3559 3900 tolerabile
3594 3859 3701 3897 nou
3724 3841 3824 3906 est)

2242 3938 2637 4001 ’correxisseut,
2664 3935 2839 3991 locum
2860 3950 2944 3987 me
2964 3932 3146 4004 judice
3175 3934 3577 4000 penetrassent.
3596 3924 3678 3981 Ne
3703 3940 3825 3979 vero

2248 4038 2278 4077 a
2310 4021 2591 4091 proposito
2614 4018 2823 4089 longius
2851 4020 3190 4077 aberremus.
3223 4012 3366 4068 idem
3403 4011 3535 4078 mihi
3564 4011 3753 4063 vitium
3774 4010 3821 4059 iu

2253 4108 2335 4163 his
2372 4104 2659 4161 Strabonis
2687 4103 2901 4157 videtur
2922 4099 3219 4155 admissum
3255 4113 3379 4164 ιιιι,
3415 4095 3627 4167 p.609,
3658 4094 3744 4147 ubi
3762 4092 3824 4144 de

2249 4190 2556 4246 Metrodoro
2579 4186 2823 4255 Scepsio,
2855 4184 2941 4238 διὰ
2988 4184 3047 4237 δὲ
3091 4182 3194 4255 τὴν
3216 4182 3376 4249 δόξαν
3418 4183 3478 4235 ὲν
3520 4177 3823 4250 Καρχηδόνι

2245 4273 2430 4344 γάμου
2459 4268 2714 4343 λαμπροῦ
2746 4270 2913 4338 πένης
2933 4266 3010 4321 ὣν
3035 4268 3194 4338 ἔτυχε
3211 4263 3656 4337 καὶέκρημάτιζε
3678 4264 3825 4329 Καρ-

2250 4356 2518 4429 χηδόνιος.
2566 4354 2642 4409 De
2683 4352 3012 4422 Carthagine
3052 4352 3195 4409 enim
3248 4365 3378 4405 vera
3410 4363 3514 4403 non
3550 4345 3821 4429 videntur,

2252 4427 2515 4510 siquidem
2542 4436 2837 4493 Metrodori
2866 4445 3027 4492 relate
3060 4435 3205 4490 nulla
3237 4433 3358 4498 fuit,
3399 4432 3607 4489 dudum
3633 4446 3663 4485 a
3706 4427 3823 4484 Sci-

2251 4527 2412 4597 pione
2436 4522 2554 4579 solo
2578 4532 2810 4592 aequata.
2840 4522 3029 4576 Dicere
3054 4534 3240 4589 posses
3271 4517 3632 4574 Metrodorum
3656 4528 3819 4569 rerum

2253 4608 2564 4664 extendisse
2597 4608 2911 4675 vixisseque
2944 4605 3117 4659 donec
3141 4618 3170 4657 ο
3209 4601 3425 4659 (ἔξοδοι-ο
3454 4601 3585 4656 urbs
3622 4600 3823 4654 instau-

2253 4704 2487 4756 raretur,
2530 4689 2866 4760 exiPlinioJa
2895 4687 3171 4756 Scaligero
3201 4687 3508 4746 emendato,
3536 4698 3727 4745 xxrvr,
3752 4680 3820 4735 6:

2256 4777 2358 4833 Hic
2394 4791 2615 4846 namque
2636 4784 2713 4829 est
2745 4773 3026 4828 Mamurra
3055 4769 3253 4827 Catulli
3288 4768 3596 4835 Veronensis
3636 4768 3825 4821 carmi-

2254 4862 2409 4917 nibus
2431 4860 2748 4927 proscissus,
2782 4873 2935 4928 quem
2976 4857 3316 4911 Metrodorus
3348 4852 3593 4919 Scepsius
3630 4850 3822 4906 clarius

2252 4961 2408 5018 quam
2440 4941 2681 4997 Catullus
2705 4940 2844 4994 dixit
2896 4942 3106 5003 habere,
3139 4939 3393 5010 quidquid
3428 4935 3691 5021 habuisset
3724 4932 3821 4987 Co-

2254 5039 2403 5083 mata
2452 5025 2649 5081 Gallia.
2687 5025 2755 5079 At
2806 5025 2980 5081 obstat
3050 5022 3267 5086 Strabo,
3319 5021 3409 5091 qui
3465 5020 3819 5077 Metrodorum

2254 5113 2492 5169 nondum
2523 5111 2668 5165 victo
2698 5109 2928 5180 Tigrane
2948 5106 3454 5173 Ii'litbridalisjussn
3491 5112 3819 5173 peremptum

2257 5196 2518 5264 prodidit,
2557 5209 2652 5248 nec
2673 5192 2927 5248 dissentit
2978 5192 3297 5247 Plutarchus
3319 5192 3371 5243 in
3392 5189 3675 5256 Lucullup.
3702 5183 3821 5241 580.

2256 5283 2442 5349 itaque
2464 5294 2584 5335 cum
2617 5277 2687 5333 is.
2707 5278 2931 5333 Vossius
2950 5278 3001 5329 iu
3028 5290 3159 5330 mss.
3184 5273 3445 5329 Plinianis
3473 5275 3539 5328 ad
3560 5271 3818 5328 Catullum

2257 5383 2310 5437 p.
2341 5367 2401 5420 7i
2435 5365 2722 5427 invenerit,
2752 5373 2808 5418 et
2847 5371 2960 5430 post
2989 5374 3112 5415 eum
3135 5358 3465 5418 iiarduinus.
3489 5375 3638 5427 quem
3667 5365 3715 5410 et
3746 5370 3820 5409 res

2256 5462 2304 5507 et
2363 5455 2550 5507 domus
2578 5449 2743 5518 ipsius
2794 5447 2993 5501 clarius
3033 5461 3190 5513 quam
3226 5438 3493 5507 Catullus,
3529 5443 3582 5498 id
3631 5450 3684 5497 et
3728 5455 3821 5509 ego

2258 5538 2580 5607 probavero,
2620 5547 2698 5598 re,
2747 5539 2805 5584 ut
2848 5545 3013 5598 saepe,
3053 5543 3164 5582 rem
3223 5528 3547 5583 familiarem
3581 5536 3818 5583 notante.

2329 5621 2464 5676 ibid.
2498 5616 2875 5688 Νικομήδεια.
2913 5615 2989 5670 De
3017 5614 3347 5669 nobilissima
3389 5615 3668 5684 metropoli
3698 5626 3818 5669 tau-

2262 5718 2371 5759 tum
2399 5704 2605 5766 dii-am,
2637 5703 2781 5758 amni
2817 5702 2984 5757 fuisse
3032 5700 3353 5769 appositam,
3382 5714 3540 5769 quem
3569 5700 3817 5771 Phrygem

2266 5791 2598 5851 Thcmistius
2633 5787 2788 5846 Orat.
2820 5801 2968 5857 xxiv,
3000 5800 3053 5859 p.
3084 5784 3190 5845 305
3223 5793 3380 5843 vocat
3412 5800 3423 5837 :
3456 5781 3820 5845 Nicomedien-
