4060 6342
263 221 405 289 1145

254 361 340 399 ses
362 344 512 399 enim
533 352 710 415 rogat,
726 343 1129 400 arbitrenturne
1160 361 1219 400 se
1238 346 1483 418 ποταμοῦ
1512 347 1606 403 τοῦ
1625 343 1839 419 Φρυγὸς

255 433 325 502 τῇ
348 429 740 503 φιλανθρωπίᾳ
766 430 833 486 ad
869 432 1013 500 ipsos
1036 432 1471 499 complectendus
1503 448 1626 489 esse
1652 447 1842 488 accen-

250 514 418 571 sum?
459 529 562 570 nec
621 530 811 570 verum
847 523 1028 569 tamen
1058 516 1108 570 id
1138 516 1257 584 ejus
1285 517 1457 573 fuisse
1490 531 1713 581 nomen,
1747 514 1840 570 sed

249 599 491 655 Gallum.
543 599 599 654 id
644 612 707 654 ex
768 596 1027 654 Passmne
1082 599 1362 668 Cypriani,
1414 615 1580 668 quam
1636 608 1768 653 tom.
1808 599 1844 655 5

251 683 520 740 Thesauri
546 682 802 737 Anecdot.
875 697 999 752 pag.
1032 680 1171 737 1618
1205 684 1295 738 ed.
1323 683 1568 739 Martene
1596 682 1838 750 comple-

250 784 356 823 xus
382 774 496 832 est,
529 757 793 821 discimus
825 783 838 819 :
874 763 1031 820 Ducti
1056 774 1230 821 autem
1267 768 1336 820 ad
1364 767 1717 837 ﬂuvium,qui
1750 781 1838 820 vo-

250 864 409 906 ταίην
445 846 729 917 Gallus,in
766 848 1132 905 Nicomediam
1187 852 1471 918 civitatem,
1514 858 1573 903 ut
1605 850 1842 904 decolla-

251 947 461 991 rentur.
499 935 689 991 Gallus
735 944 921 989 autent
956 949 1054 990 cur
1113 934 1379 1006 Phrygius
1426 936 1662 1001 dicatur,
1716 950 1838 990 cuzu

250 1022 426 1079 simili
470 1021 791 1090 cOgnomine
845 1018 1088 1092 Phryges
1114 1017 1341 1074 ﬂuvium
1384 1020 1696 1086 habuerint,
1728 1036 1837 1076 non

248 1115 372 1177 eget
399 1104 695 1159 verborum
725 1103 954 1159 ambitu.

315 1189 445 1247 Col.
466 1190 589 1247 149.
608 1192 906 1259 Πρίνετος.
931 1188 1197 1260 Πρὲνετος
1222 1187 1431 1246 Socrati
1456 1188 1530 1245 Η.
1558 1189 1625 1245 Ε.
1651 1206 1728 1258 vr,
1752 1189 1838 1255 I6,

250 1275 347 1331 ubi
395 1277 702 1348 emporium
729 1289 796 1330 ex
828 1274 1059 1328 adverso
1101 1270 1430 1330 Nicomedia:
1453 1273 1618 1329 situm
1650 1276 1838 1345 perbi-

251 1361 463 1425 betur;
519 1370 684 1431 atque
712 1357 785 1412 ibi
825 1358 880 1411 in
921 1355 1121 1411 Tabula
1150 1355 1471 1431 Peutingera
1519 1356 1590 1413 Μ.
1615 1356 1675 1414 Ρ.
1707 1358 1778 1415 28
1808 1374 1840 1413 α

252 1443 438 1497 Nicaea
475 1442 834 1513 conspicitur.
873 1438 1004 1494 Vide
1028 1436 1304 1497 Valesium
1338 1442 1393 1497 iu
1423 1455 1550 1496 eum
1598 1439 1840 1496 Socratis

252 1527 463 1581 locum.
508 1525 591 1579 Τὰ
637 1524 778 1579 κατὰ
830 1523 1138 1594 Πραὶνητον
1187 1525 1285 1595 τῆς
1337 1524 1591 1588 Βιθυνίας
1616 1524 1840 1596 ἀγρίδια

250 1609 536 1665 Palladius
594 1605 707 1664 Vit.
782 1607 1158 1679 Cbrysostomi
1224 1622 1279 1677 p.
1333 1608 1423 1665 75.
1475 1607 1842 1664 Continuator

252 1690 633 1761 Theophanis,
666 1690 825 1762 cujus
876 1690 1040 1745 verba
1086 1692 1381 1767 exscripsit
1432 1693 1498 1748 Α.
1539 1691 1734 1761 Pagius
1784 1693 1836 1747 iu

251 1776 455 1832 Critic.
506 1776 609 1832 An.
638 1774 769 1842 960,
794 1774 851 1842 5,
883 1773 1073 1830 urbem
1109 1790 1307 1830 nomen
1355 1777 1405 1830 id
1449 1774 1723 1845 indeptam
1756 1774 1826 1829 af-

254 1865 443 1919 lirmat
484 1880 517 1919 a
567 1860 815 1921 Praenato
875 1861 1234 1932 Bithynorum
1295 1860 1570 1934 quondam
1620 1860 1837 1916 tutelari

253 1951 383 2005 deo.
1012 1974 1023 1983 κ

329 2033 467 2089 lbid.
506 2033 911 2101 Ἐλενόπολις.
968 2030 1198 2088 Preneto
1246 2031 1479 2086 vicinam
1526 2028 1841 2101 Stephanus

256 2116 312 2172 in
345 2119 659 2191 Πρόνεκτος
686 2118 816 2174 facit
849 2138 865 2174 :
904 2134 1082 2190 neque
1116 2120 1257 2175 enim
1292 2117 1396 2171 alia
1439 2126 1528 2171 est
1552 2116 1675 2189 ejus
1698 2113 1839 2169 Dre-

256 2219 423 2271 pane,
459 2212 518 2258 ut
548 2219 612 2260 ex
638 2203 865 2259 Socrate
908 2200 977 2256 H.
1010 2200 1078 2255 E.
1118 2218 1160 2266 ι,
1192 2201 1260 2256 18
1289 2205 1526 2255 constat.
1577 2197 1841 2269 Apposita

257 2288 364 2342 fuit
405 2284 572 2343 ﬂuvio
623 2286 858 2343 Draconi
889 2303 917 2340 a
945 2286 1306 2342 Constantino
1337 2284 1406 2339 bl.
1433 2296 1575 2339 novo
1618 2284 1843 2337 nomine

258 2374 519 2427 decorata
550 2372 603 2426 in
645 2373 839 2427 matris
880 2371 1160 2436 honorem,
1188 2386 1308 2437 quae
1352 2367 1426 2423 ibi
1459 2377 1587 2422 nata
1623 2365 1845 2422 fereba-

261 2466 350 2511 tur
390 2459 532 2527 apud
557 2455 879 2524 Procoitium
915 2452 1085 2508 Fabr.
1113 2453 1321 2509 Jurtin.
1358 2468 1414 2517 ν,
1435 2450 1489 2506 2.
1522 2449 1739 2505 Helenae
1762 2450 1845 2503 in-

258 2542 661 2597 staurationem
696 2540 939 2596 tribuunt
966 2538 1096 2593 Arta
1128 2538 1185 2592 S.
1214 2537 1438 2592 Lueiani
1462 2552 1514 2591 c.
1545 2537 1616 2591 5:
1651 2534 1843 2591 Postea

259 2638 462 2690 autem,
490 2624 762 2693 inquiunt.
808 2638 922 2692 qua:
960 2623 1104 2676 nobis
1131 2624 1417 2676 adiutarent
1453 2618 1667 2673 Domini
1691 2622 1848 2673 resti-

260 2714 364 2765 tuit
402 2726 621 2765 erucem
650 2727 697 2762 et
732 2726 979 2780 magnum
1013 2709 1149 2762 inter
1180 2708 1353 2760 claros
1382 2708 1720 2774 imperatores
1750 2721 1845 2773 ge-

263 2797 377 2849 nuit
408 2793 837 2860 Constantinum,
878 2795 1172 2849 veneranda
1189 2795 1410 2855 Helena,
1440 2791 1652 2859 quando
1682 2806 1849 2845 rener-

270 2880 484 2932 tebalur
504 2875 909 2947 Hierosolymis,
934 2879 1103 2930 locum
1132 2877 1400 2927 honorum
1432 2875 1483 2925 in
1515 2890 1573 2928 eo
1605 2872 1845 2931 condidit

260 2964 548 3025 ciuitatem,
596 2960 990 3030 convocatisque
1038 2958 1428 3014 habitatoribus
1484 2975 1546 3011 ex
1606 2957 1670 3011 iis
1730 2974 1847 3019 quia

262 3047 609 3102 circumcirca
682 3050 831 3099 erant
885 3044 1201 3114 regionibus,
1249 3051 1298 3096 et
1346 3042 1545 3113 offuciis
1608 3042 1849 3111 operibus

264 3130 517 3201 publicis,
577 3129 766 3185 ualidis
828 3144 946 3183 eam
1004 3127 1172 3181 cinxit
1208 3126 1462 3181 moenibus
1515 3137 1559 3179 et
1601 3124 1849 3194 templum

267 3214 497 3285 martyri
546 3212 889 3281 aediﬁcavit
947 3211 1264 3265 maximum.
1334 3209 1545 3264 Similia
1603 3209 1749 3279 leges
1795 3208 1849 3261 in

269 3296 626 3367 Philosmrgii
656 3294 728 3362 Η.
769 3292 838 3349 Ε.
862 3309 923 3362 ιι,
946 3294 1045 3359 15ς
1074 3293 1168 3365 qui
1209 3308 1341 3348 sane
1378 3300 1663 3360 propterea
1692 3305 1854 3345 coer-

268 3383 531 3437 sitionem
585 3378 908 3436 Gothofredi
970 3394 1075 3434 non
1128 3385 1450 3433 meruerat:
1487 3390 1664 3445 neque
1705 3375 1849 3429 enim

269 3466 620 3522 aliuddicere
644 3463 813 3518 voluit
843 3478 1004 3534 quam
1032 3461 1233 3517 Helena
1256 3470 1480 3516 auctore
1506 3475 1568 3514 ac
1585 3457 1852 3515 suadente

277 3552 585 3620 Drepanem
621 3562 654 3601 a
684 3545 1046 3601 Constantino
1093 3543 1263 3600 fuisse
1307 3557 1375 3599 ex
1407 3545 1528 3599 vico
1568 3546 1619 3597 in
1661 3542 1849 3597 urbem

270 3642 689 3690 commutatam.
718 3629 945 3700 Pr0pter
965 3628 1154 3685 urbem
1177 3627 1649 3684 erantcalidarum
1681 3640 1853 3697 aqua-

272 3734 396 3773 rum
450 3716 666 3783 balnea,
711 3717 777 3770 ad
825 3731 946 3784 quas
1007 3712 1395 3769 Constantinus
1445 3712 1546 3773 sub
1607 3722 1852 3767 extrema

273 3806 401 3857 vita:
424 3814 749 3873 preperasse
778 3800 975 3853 dicitur
1006 3812 1036 3852 a
1069 3796 1298 3852 Socrate
1331 3797 1405 3854 Η.
1437 3796 1504 3851 E.
1529 3813 1567 3861 ι,
1602 3796 1635 3849 4
1661 3805 1715 3850 et
1749 3793 1854 3850 So-

276 3901 510 3944 zomeno
541 3902 600 3948 ιι,
625 3884 712 3939 54.
750 3883 1038 3939 Eusebium
1062 3881 1216 3950 paria
1230 3882 1555 3938 scribentem
1578 3879 1684 3935 Vit.
1709 3879 1856 3937 Con-

275 3981 449 4028 stant.
488 3987 565 4037 tv,
588 3970 654 4026 61
690 3970 963 4038 interpres
992 3965 1143 4021 aliud
1194 3966 1373 4022 dicere
1408 3966 1602 4034 coegit.
1634 3965 1856 4021 Seriore

279 4073 420 4126 aevo,
447 4065 506 4110 ut
534 4055 586 4109 id
615 4055 829 4114 addam,
858 4050 1201 4121 Helenopolis
1221 4050 1515 4106 miserabili
1541 4048 1858 4105 conditione

283 4143 457 4197 fuisse
492 4139 706 4195 videtur
745 4154 758 4190 :
792 4137 960 4192 refert
1006 4136 1149 4189 enim
1185 4133 1385 4206 Glyeas
1420 4134 1615 4189 Annal.
1646 4150 1700 4190 tv
1731 4149 1855 4206 pag.

279 4226 386 4283 527
404 4224 703 4280 Manuelem
724 4221 1061 4277 Comnenum
1085 4221 1357 4289 appulisse
1384 4220 1485 4274 οὐκ
1508 4219 1564 4274 ἐν
1580 4237 1687 4273 τινι
1708 4220 1858 4289 τόπῳ

280 4310 539 4382 διαφανεῖ
627 4306 964 4362 Ἐλενοπόλει
1019 4304 1076 4359 δέ
1112 4320 1236 4371 τινι,
1286 4307 1352 4377 ἢν
1393 4304 1443 4358 οἱ
1482 4304 1858 4376 ἀγροικότεροι

289 4393 563 4452 Ἐλεεινοῢ
598 4393 752 4447 πόλιν
800 4390 1080 4456 καλοῦσιν,
1138 4390 1412 4460 appulisse
1481 4388 1857 4461 Helenopolin,

285 4496 449 4553 quam
486 4480 804 4534 rnsticiores
833 4474 1235 4547 Eleeinupolin,
1253 4475 1408 4544 quasi
1436 4475 1587 4530 dicas
1604 4476 1858 4545 oppidum

284 4562 619 4627 miserabile,
651 4571 852 4616 vocant
879 4581 891 4615 :
920 4568 1070 4616 recte
1112 4558 1256 4614 enim
1311 4558 1671 4616 Leunclavius
1722 4563 1862 4617 hanc

288 4648 516 4704 indicari
543 4646 946 4710 animadvertit,
973 4654 1027 4698 et
1051 4640 1307 4698 vecabuli
1334 4643 1714 4713 paronemasia
1740 4643 1860 4711 ejus

287 4732 600 4803 Opinionem
639 4730 854 4792 ﬁrmat;
890 4737 948 4781 ut
986 4742 1211 4799 prorsus
1246 4727 1367 4784 sine
1399 4727 1609 4783 ratione
1632 4727 1706 4783 illi
1759 4726 1856 4783 Pb.

288 4816 539 4873 Labbeus
576 4816 649 4872 sit
671 4813 979 4869 oblocutus.

366 4900 495 4953 ibid.
530 4900 765 4954 Νίκαια.
790 4894 1057 4968 Bithynia:
1082 4895 1402 4966 metropolin
1426 4910 1549 4951 esse
1584 4894 1660 4950 ait
1711 4893 1865 4951 Stra-

291 4993 360 5043 bo
405 5005 502 5055 xu,
537 5003 589 5056 p.
621 4985 746 5050 565$,
790 4985 1201 5063 notissimmque
1220 4980 1335 5052 ejus
1352 4996 1405 5038 et
1438 4982 1767 5039 Nicomediae
1800 4987 1866 5040 de

291 5080 524 5145 primatu
570 5081 693 5133 sunt
745 5071 1167 5134 contentiones;
1208 5070 1259 5123 in
1320 5069 1518 5139 quibus
1580 5072 1677 5123 etsi
1723 5071 1866 5124 victa

293 5159 631 5222 discesserit,
694 5156 1001 5211 Nicomedia
1058 5156 1123 5207 ad
1177 5152 1491 5225 Metropolis
1544 5153 1865 5222 dignitatem

292 5249 457 5314 elata,
492 5259 671 5301 tamen
728 5247 893 5313 impp.
954 5242 1365 5297 Valentinianus
1398 5253 1449 5297 et
1482 5240 1701 5309 Valens,
1730 5259 1868 5313 quo-

294 5334 440 5386 niam
470 5345 535 5386 ea
578 5332 627 5385 in
655 5329 789 5384 urbe
817 5330 1044 5400 Augusti
1068 5338 1225 5383 erant
1257 5329 1450 5393 creati,
1502 5332 1747 5383 eamdem
1772 5330 1867 5384 sed

296 5416 520 5472 secundi
551 5414 653 5469 loci
685 5412 1004 5481 metropolin
1050 5426 1169 5468 esse
1190 5411 1491 5482 jusserunt.
1533 5411 1704 5467 Verba
1738 5413 1868 5484 legis

296 5500 444 5554 Actis
478 5496 691 5555 concilii
724 5494 1209 5551 Cbalcedon.tom.
1259 5496 1348 5559 IX.
1384 5511 1437 5565 p.
1504 5497 1601 5552 161
1666 5499 1867 5553 inserta

297 5592 423 5641 sunt
452 5601 467 5650 ;
505 5581 647 5636 unde
680 5588 861 5635 natam
900 5579 1183 5635 credidero
1212 5582 1513 5637 multorum
1558 5584 1867 5651 persuasio-

298 5685 442 5733 nem,
476 5681 582 5738 qua
608 5664 1070 5728 Chalcedonensis
1093 5665 1310 5721 concilii
1363 5676 1605 5736 tempore
1626 5666 1864 5725 Nica‘am

295 5753 397 5809 hac
418 5751 731 5825 dignatione
760 5760 973 5811 auctam
1001 5750 1245 5808 arbitrati
1269 5760 1425 5812 sunt.
1468 5753 1556 5807 Διὸ
1582 5753 1646 5825 δὴ
1677 5755 1865 5828 ἐπειδὴ

1119 224 1502 288 COMMENT.
1541 227 1624 287 Ibi
1664 224 2084 291 HIEROCLIS
2117 180 2697 303 semensum.

3380 241 3521 311 1M6

1952 350 2308 443 mpod-mone,
2343 356 2593 429 inquiunt
2622 356 2875 443 Augusti,
2919 356 3087 443 πάλαι
3113 358 3408 433 ὠνομάσθη
3427 361 3524 416 καὶ

1946 436 2105 488 τοῦτο
2136 436 2292 507 νόμοι
2348 443 2573 495 παλαιοὶ
2615 441 2956 513 περιέχουσι,
2988 442 3056 496 τὰ
3079 443 3218 497 αὐτὰ
3247 446 3391 515 ὅπερ
3421 445 3527 498 Νι-

1946 519 2245 588 κομηδεῦσι
2275 524 2708 594 νομοθετούντων
2754 525 2914 595 ἡμῶν
2973 527 3237 600 ὑπῆρξεν,
3268 528 3522 600 οὐδεμίαν

1945 604 2277 674 ἀμφιϐολίαν
2306 606 2454 680 ἔχειν
2498 610 2718 665 δύναται
2750 611 2811 664 τὸ
2858 613 3132 666 ἀσάλευτα
3160 613 3254 668 καὶ
3324 614 3524 687 ισχυρὰ

1946 687 2148 759 μένειν,
2196 692 2292 746 καὶ
2338 696 2423 758 εὶς
2449 698 2509 748 τὸ
2550 695 2744 751 ἔπειτα
2776 696 3215 768 αὐξηθησόμενα.
3284 696 3377 751 Sic
3420 698 3525 764 illi,

1944 776 2232 832 verborum
2288 780 2481 837 ordine
2527 783 2665 838 satis
2720 796 2935 852 aspero,
2984 798 3146 853 quem
3183 798 3306 839 cum
3360 786 3525 852 punio

1942 857 2107 915 aliter
2133 873 2287 918 vetus
2313 863 2584 934 interpres
2632 869 2987 936 expresserit,
3043 884 3166 923 eum
3206 869 3518 926 audiamus.

1947 938 2236 1013 Propterea
2278 947 2398 1003 licet
2452 948 2857 1019 metropolitano
2889 954 3012 1006 olim
3044 962 3120 1007 est
3169 945 3445 1013 nomen
3472 963 3523 1009 et

1940 1027 2039 1083 hoc
2067 1030 2204 1100 leges
2256 1034 2487 1102 antiqua:
2515 1035 2803 1100 continent,
2830 1047 3006 1091 tamen
3031 1038 3194 1108 legem
3224 1040 3374 1092 nobis
3399 1055 3523 1108 pro-

1943 1112 2225 1182 ferentibus
2264 1116 2411 1170 nulla
2438 1118 2837 1195 dubitatioesu
2888 1123 3101 1191 poterit,
3129 1138 3189 1177 eo
3214 1126 3351 1193 quod
3408 1123 3522 1177 lucc

1942 1195 2159 1251 immota
2188 1207 2237 1252 et
2261 1202 2417 1267 ﬁrma
2448 1210 2795 1273 permaneant
2833 1214 2882 1258 et
2938 1204 3267 1272 temporibus
3322 1207 3525 1272 futuris

1942 1283 2205 1351 augenda.
2274 1283 2542 1340 Prmteriit
2578 1285 2723 1356 ἅπερ
2763 1288 3134 1357 Νικομηδιῦσι
3169 1288 3431 1360 ὑπῆρξεν,
3467 1299 3525 1345 et

1945 1365 2082 1419 bene
2118 1381 2201 1418 me
2228 1366 2478 1424 arbitro:
2507 1384 2613 1423 non
2664 1370 2814 1426 enim
2852 1367 3029 1426 Nicaea
3089 1387 3314 1440 prorsus
3364 1373 3527 1427 Nico-

1944 1447 2133 1504 mediae
2159 1450 2263 1504 fuit
2286 1462 2524 1522 aequata.
2554 1452 2647 1509 sed
2677 1455 2902 1510 secundi
2924 1453 3029 1510 loci
3060 1455 3397 1525 metropolis,
3417 1458 3525 1511 sal-

1943 1534 2024 1616 vis
2056 1535 2313 1616 omnibus
2337 1550 2476 1592 verae
2498 1540 2801 1607 metropoli,
2837 1547 3040 1595 creata.
3074 1536 3148 1594 ’Ἦ
3184 1541 3245 1593 ὲν
3265 1540 3527 1611 ,δευτέρῳ

1941 1614 2092 1687 τόπῳ
2136 1614 2275 1672 οὖσα
2317 1621 2708 1692 μητροπόλεως
2772 1620 2999 1691 ὀνόματι
3052 1622 3320 1690 καλεῖται,
3362 1624 3525 1678 iidem

1940 1699 2175 1769 Augusti
2218 1702 2371 1758 aiunt
2422 1705 2477 1759 in
2519 1706 2693 1774 Epist.
2720 1706 2789 1762 ad
2824 1706 3263 1763 Nicomedienses
3308 1724 3359 1779 p.
3399 1709 3521 1765 103.

1944 1784 2232 1839 Adduntur
2275 1787 2330 1840 in
2360 1786 2548 1843 eadem
2580 1788 2988 1855 constitutione,
3031 1805 3138 1861 qua
3178 1789 3360 1847 Nicaea
3408 1808 3525 1845 me-

1943 1867 2167 1934 tropolis
2205 1868 2286 1933 iit,
2326 1872 2576 1939 quaedam
2614 1873 2681 1927 de
2724 1872 3095 1943 Bithynarcha
3144 1875 3370 1943 ejusque
3429 1890 3524 1928 so-

1944 1950 2105 2004 lemni
2150 1951 2202 2005 in
2233 1955 2515 2025 metropoli
2546 1971 2827 2026 processu,
2871 1957 3103 2033 προόδῳ,
3131 1973 3248 2028 qua:
3281 1959 3367 2013 vix
3396 1955 3528 2012 alibi

1944 2038 2203 2105 reperias.

2012 2120 2148 2177 ibid.
2176 2123 2737 2192 Βασιλεινούπολις.
2770 2121 2964 2197 Gravis
2995 2126 3099 2181 bac
3128 2127 3194 2180 de
3218 2125 3352 2181 urbe
3375 2140 3516 2182 cou-

1948 2204 2119 2258 tcntio
2141 2203 2288 2265 inter
2312 2203 2634 2261 Eunomium
2669 2207 3146 2265 Nicomediensem
3194 2219 3247 2264 et
3289 2213 3527 2271 Anasta-

1943 2285 2083 2341 sinm
2111 2285 2387 2342 Nicacuum
2419 2292 2471 2343 in
2513 2289 2937 2347 Cbalccdouensi
2977 2293 3079 2346 l‘uit
3119 2290 3357 2361 Synodo,
3385 2286 3529 2344 utro~

1943 2384 2048 2439 que
2095 2371 2280 2426 urbem
2315 2372 2414 2427 sibi
2458 2385 2759 2430 asserente.
2795 2372 3001 2430 Pratter
3037 2375 3139 2429 alia
3198 2375 3528 2427 Anastasius

1947 2463 2080 2507 tom.
2102 2451 2170 2507 lX
2202 2469 2254 2523 p.
2278 2454 2367 2510 98:
2390 2453 2535 2525 Ἐγὼ
2553 2456 2608 2510 δὲ
2632 2456 2906 2528 δείκνυμι,
2931 2458 3123 2526 inquit,
3142 2456 3525 2510 Βασιλ-ινούπο-

1943 2536 2027 2592 λιν
2055 2538 2143 2592 ἀεὶ
2192 2540 2297 2592 ὑπὸ
2343 2539 2578 2595 Νίκαιαν
2624 2542 2928 2612 γενομένην
2957 2556 2973 2571 ·
3005 2540 3101 2595 καὶ
3157 2541 3266 2611 γὰρ
3322 2539 3531 2612 ρεγεὼν

1943 2616 2012 2692 ἦν
2053 2620 2244 2693 αὐτῆς.
2289 2622 2476 2677 Ταῦτα
2516 2622 2584 2676 τὰ
2620 2622 2977 2695 βουλευτήρια
3020 2621 3129 2678 οἵδε
3163 2640 3177 2654 ’
3217 2625 3310 2677 καὶ
3357 2624 3526 2688 εἴποι,

1932 2706 2051 2780 ,ὑπὸ
2094 2706 2214 2759 τινα
2249 2702 2319 2779 ἦν
2365 2706 2827 2774 Βασιλινούπολις,
2863 2709 2910 2761 εἰ
2969 2709 3044 2779 μὴ
3077 2708 3283 2780 ρεγεὼν
3332 2702 3400 2780 ἦν
3427 2708 3546 2762 Νμ.

1947 2790 2133 2852 καῑας.
2171 2789 2283 2861 Ego
2312 2791 2583 2846 ostendam
2613 2789 3023 2861 Busilinopolim
3059 2807 3151 2845 sue
3180 2784 3366 2847 Nicwa
3398 2808 3530 2845 scm-

1946 2889 2038 2941 per
2064 2873 2227 2942 fuisse
2258 2891 2277 2929 :
2317 2892 2438 2927 nam
2472 2877 2610 2944 regia
2641 2874 2746 2944 fuit
2794 2875 2950 2945 ejus:
2988 2878 3040 2930 id
3082 2880 3231 2931 curia
3277 2878 3436 2939 novit,
3476 2886 3527 2929 ιε

1946 2958 2091 3011 dicat
2141 2961 2306 3023 curio,
2341 2960 2433 3014 sub
2464 2978 2564 3031 quo
2595 2962 2696 3024 fuit
2741 2960 3147 3029 Basiliuopofis,
3204 2962 3249 3014 si
3289 2959 3529 3029 nonfuit

1950 3042 2091 3112 regio
2115 3040 2336 3102 Niciam.
2389 3044 2480 3120 Sic
2509 3055 2660 3100 vetns
2692 3044 2987 3114 interpres.
3023 3045 3155 3100 Post
3208 3046 3331 3099 dein
3377 3043 3530 3112 plura

1949 3124 2011 3180 in
2034 3126 2178 3181 hanc
2210 3142 2323 3181 rem
2358 3126 2528 3191 addit,
2561 3138 2615 3183 et
2645 3128 2922 3183 lulianum
2955 3136 3051 3182 aut
3102 3128 3271 3181 alium
3300 3142 3365 3180 eo
3384 3127 3530 3180 anti-

1950 3211 2192 3278 quioretu
2217 3211 2622 3280 Basilinopolim
2652 3215 2801 3267 urbis
2822 3212 3083 3283 dignitate
3106 3226 3329 3266 ornasse
3352 3210 3536 3283 (βασι-

1951 3293 2077 3359 λεύς
2108 3311 2191 3359 τις
2216 3294 2528 3361 Ἰουλιανὸς,
2557 3296 2593 3367 ἦ
2623 3296 2722 3350 οὐκ
2742 3291 2858 3349 οἶδα
2893 3296 2976 3359 τίς
2999 3297 3105 3368 πρὸ
3125 3294 3316 3362 αὐτοῦ,
3344 3294 3534 3365 ἐποίη-

1955 3395 2046 3430 σεν
2072 3378 2242 3449 αὐτὴν
2272 3378 2472 3449 πόλιν),
2506 3394 2741 3451 eumque
2761 3394 2823 3435 ex
2857 3378 3038 3435 Nicaea
3067 3381 3367 3447 sumpsisse
3400 3379 3530 3442 τοὺς

1953 3464 2512 3534 πραγματευομένους
2532 3504 2545 3527 ,
2576 3464 2835 3528 curiales,
2863 3472 2915 3518 et
2946 3461 3289 3532 Basilinopoli
3323 3464 3534 3518 consti~

1952 3546 2148 3614 tuisse,
2182 3547 2523 3617 valuisseque
2554 3547 2811 3616 deinceps
2830 3547 3284 3603 consuetudinem
3320 3556 3373 3600 ut
3397 3562 3533 3616 quo-

1956 3632 2057 3684 ties
2096 3628 2446 3701 Basilinopoli
2494 3630 2735 3686 curiales
2762 3632 3037 3699 deessent,
3063 3629 3241 3685 Nicaea
3282 3646 3532 3686 arcesse-

1955 3725 2163 3774 rentur.
2203 3716 2245 3772 E
2273 3718 2471 3788 quibus
2502 3716 2796 3773 manifesm
2826 3724 3055 3787 apparet
3088 3716 3216 3770 olim
3256 3715 3531 3772 Basilina-

1956 3802 2101 3873 poiin
2132 3802 2299 3857 fuisse
2318 3802 2515 3870 'yicum,
2550 3809 2713 3871 atque
2736 3802 2889 3857 urbis
2916 3803 3131 3855 demum
3157 3801 3434 3871 privilegia
3463 3802 3532 3856 ab

1954 3886 2167 3944 Iuliano
2191 3898 2283 3943 aut
2306 3877 2413 3942 alio
2451 3887 2647 3956 quovis
2676 3886 3000 3956 impetrasse
3027 3903 3040 3940 :
3071 3900 3403 3955 quamquam
3429 3902 3539 3957 ego.

1960 3972 2237 4029 lulianum
2274 3970 2442 4029 fuisse
2467 3982 2674 4043 putem,
2719 3973 2810 4039 qui
2844 3970 3002 4025 matri
3034 3969 3288 4025 Basilina:
3311 3970 3537 4038 ejusque

1958 4057 2233 4113 memoriae
2277 4057 2329 4112 id
2374 4056 2617 4113 dederit.
2670 4054 2735 4108 'H
2762 4053 3004 4108 Βιθυνῶν
3034 4054 3268 4108 Βασὶνου
3298 4053 3453 4118 πόλις
3480 4055 3534 4108 in

1961 4140 2131 4210 Epist.
2165 4139 2374 4212 Synesii
2404 4140 2471 4195 66
2505 4154 2612 4194 non
2644 4139 2746 4193 alia
2778 4148 2882 4202 est,
2916 4146 2977 4192 ut
3002 4136 3393 4193 Abr.0rtelins
3414 4138 3543 4207 jure

1960 4226 2267 4297 suspicatus
2296 4236 2402 4292 est,
2429 4224 2571 4282 forte
2593 4225 2756 4281 etiam
2788 4238 2855 4279 ex
2908 4222 3303 4277 animadversis
3349 4236 3539 4277 emen-

1961 4311 2138 4366 danda
2173 4327 2188 4365 :
2227 4308 2637 4379 Basilinopolim
2684 4308 2826 4364 enim
2868 4317 3186 4362 constanter
3242 4306 3536 4377 appellant,

1962 4394 2251 4452 Liberatus
2281 4395 2443 4451 etiam
2482 4392 2749 4449 Diaconus
2783 4392 3025 4446 Breoiar.
3067 4407 3118 4447 c.
3153 4391 3242 4446 15.

2033 4477 2169 4534 Ibid.
2219 4479 2382 4544 Κίος.
2435 4478 2692 4533 Eamdem
2740 4490 2804 4531 ac
2840 4475 3153 4531 Prusiadem
3206 4488 3327 4530 esse
3378 4489 3539 4528 nemo

1966 4567 2219 4635 ignorat;
2271 4564 2373 4619 etsi
2416 4564 2562 4617 enim
2615 4562 2746 4617 Cius
2792 4575 2935 4615 novo
2989 4573 3054 4612 eo
3108 4558 3330 4613 nomine
3381 4556 3542 4610 fuerit

1966 4652 2186 4716 donata,
2211 4648 2427 4720 pristini
2450 4662 2581 4704 usus
2610 4659 2871 4715 perpetuo
2901 4642 3122 4710 mansit,
3140 4657 3247 4712 qua
3270 4641 3337 4696 de
3367 4656 3421 4693 re
3438 4641 3540 4694 Ch.

1965 4736 2231 4794 Cellarius
2265 4733 2329 4789 G.
2352 4732 2418 4789 Α.
2454 4748 2537 4799 ιιι,
2560 4732 2592 4786 8
2623 4748 2673 4800 p.
2704 4730 2832 4785 9.85.

2040 4819 2173 4875 Ibid.
2213 4818 2507 4887 Ἀπάμεεα.
2542 4816 2679 4871 Olim
2718 4815 2946 4885 Myl-lea,
2978 4821 3038 4867 nt
3075 4819 3271 4880 prreter
3317 4817 3544 4864 cmtcros

1970 4905 2168 4961 Suidas
2193 4904 2245 4956 in
2281 4901 2684 4970 Ἀσκληπιάδης
2717 4899 2895 4953 docet.
2946 4896 3224 4951 Coloniam
3276 4892 3445 4948 fuisse
3474 4907 3544 4946 ex

1968 4989 2143 5044 Plinio
2179 4987 2275 5056 Ep.
2321 5004 2374 5049 κ,
2426 4986 2494 5041 56
2543 4996 2597 5039 et
2635 5000 2697 5037 ex
2743 4983 2907 5037 Dione
2938 4981 3325 5051 Cbrysostomo
3389 4975 3541 5029 Orat.

1970 5090 2079 5141 xu,
2106 5090 2158 5143 p.
2200 5072 2297 5128 501
2341 5085 2612 5141 numaque
2636 5069 2798 5124 Thes.
2833 5067 3033 5121 Britan.
3069 5076 3199 5118 tom.
3235 5061 3300 5125 ll,
3333 5076 3385 5129 p.
3416 5060 3540 5117 264.

1973 5171 2136 5228 atque
2166 5157 2310 5212 haud
2337 5156 2559 5210 multum
2589 5152 2762 5210 Prusa
2794 5153 2857 5205 ad
2888 5150 3201 5221 Olympum,
3225 5163 3342 5217 qum
3356 5154 3409 5199 et
3430 5144 3545 5213 ejus

1970 5251 2149 5308 portu,
2168 5241 2212 5295 si
2234 5239 2451 5308 quidem
2483 5238 2626 5292 nullo
2646 5237 2753 5291 alio
2782 5245 2987 5304 posset,
3024 5234 3097 5286 uti
3126 5231 3355 5296 solebat,
3381 5228 3546 5283 fuisse

1970 5326 2296 5392 disjunctam
2344 5339 2408 5377 ex
2440 5321 2676 5390 ejusdem
2715 5317 3095 5389 Chrysostomi
3160 5314 3313 5369 Orat.
3366 5329 3452 5376 ιιι,
3487 5328 3545 5378 μ.

1970 5410 2079 5465 295
2122 5408 2396 5463 novimus.
2452 5408 2603 5462 Adde
2644 5422 2697 5477 p.
2756 5403 2861 5459 492
2917 5412 2970 5458 et
3030 5416 3151 5471 qua:
3202 5400 3271 5453 ibi
3336 5398 3546 5453 Casau-

1972 5500 2164 5552 bonus.

2044 5578 2178 5633 ibid.
2213 5575 2477 5647 Προῦσα.
2522 5573 2728 5628 Plinius
2761 5573 2856 5626 lib.
2897 5570 2933 5627 l.
2966 5588 3019 5629 ν,
3060 5586 3110 5624 c.
3146 5570 3271 5631 uit.,
3319 5566 3542 5619 Prusam

1974 5668 2075 5723 Sub
2099 5664 2332 5736 Olympo
2362 5664 2429 5717 ab
2458 5661 2722 5715 Annibale
2752 5660 3023 5713 comiitam
3059 5658 3337 5725 professus
3359 5666 3544 5721 repre—

1979 5752 2298 5811 hensionem
2334 5747 2590 5805 Salmasii
2618 5745 2672 5802 in
2707 5744 2947 5801 Setinum
2979 5756 3032 5813 p.
3063 5740 3187 5810 616,
3234 5736 3449 5795 Cuilarii
3474 5738 3535 5794 ϐ.
