4074 6338
520 282 543 347 1
562 278 659 347 151

513 395 594 456 si;
623 393 691 466 ἦν
723 395 778 448 οἷ
820 414 875 449 τε
913 396 972 449 τὺ
1016 398 1226 471 βόρειον
1256 400 1351 455 τοῦ
1404 403 1656 469 Εὐξείνου
1710 406 1877 474 μέρος
1954 420 2104 472 περι-

517 479 799 542 οικοῦντες
830 480 1034 535 Σκύθαι
1066 481 1158 535 καὶ
1197 485 1248 557 oi
1292 484 1423 556 πρὸς
1454 487 1603 540 νότον
1637 474 1877 557 κείμενὀι
1911 487 2102 555 ὥσπερ

517 560 601 627 εἰς
626 579 678 616 τι
706 564 895 638 κοινδκι
921 567 1306 637 συντρέχοντες
1346 571 1607 641 ἐμπόριον
1636 574 1704 625 τὰ
1735 572 1865 642 παρ’
1894 570 2105 625 ἑαυτῶν

515 664 576 701 τι
632 650 1073 720 συνεισφέρουσι,
1109 654 1203 706 καὶ
1250 653 1320 706 τὰ
1367 657 1499 726 παρ’
1549 655 1719 726 αὐτῆς
1766 656 2101 727 ἀντιλαμὸἀσ

516 750 691 797 νουσι,
769 734 923 798 πόλις
958 734 1099 805 ἑῴας
1149 752 1211 790 τε
1256 738 1437 808 πάσης
1477 739 1681 809 λήξεως
1716 743 1814 794 καὶ
1846 740 2103 810 ἑσπερίου

523 816 734 886 μεταξὺ
759 818 990 889 κειμένη
1015 833 1036 853 ’
1063 818 1156 873 ubi
1195 820 1348 889 plura
1392 824 1444 875 in
1476 822 1589 889 ejus
1622 824 1835 877 Iaudem
1869 838 2099 892 scqnun-

516 911 625 958 tur.
662 903 815 958 Adde
851 902 1025 960 schol.
1056 903 1325 973 Apollonii
1366 906 1405 961 1.
1442 923 1506 973 If,
1539 907 1665 973 945,
1698 909 1784 963 11111
1819 923 2103 979 perperam

516 987 822 1058 Δάματρις.

589 1069 703 1125 Col.
732 1070 857 1129 149.
875 1071 1255 1135 ἰουνόπο.ιις.
1278 1072 1367 1129 Sic
1386 1082 1439 1129 et
1457 1074 1883 1130 Chalcedonensi
1911 1072 2107 1129 concil.

520 1168 577 1218 υ.
606 1154 675 1207 95
705 1166 759 1209 et
781 1154 997 1212 Nicteno
1025 1160 1259 1215 secundo
1284 1176 1337 1231 p.
1374 1159 1464 1213 52.
1502 1160 1722 1215 Rectius
1754 1160 2109 1213 Constantino

521 1238 557 1291 I.
597 1254 636 1301 I,
671 1238 861 1295 Them.
886 1243 917 1292 7
947 1242 1276 1307 Ἰωνόπολις.
1313 1244 1471 1298 Petiit
1506 1244 1771 1311 impostor
1802 1242 2112 1298 Alexander

521 1322 676 1391 παρὰ
713 1321 808 1375 τοῦ
835 1324 1238 1399 αὐτοκράτορος
1283 1328 1761 1398 μετονομασθῆναι
1802 1326 1863 1378 τὸ
1934 1324 2112 1379 Ἀϐώ-

521 1420 619 1457 νου
649 1408 827 1476 τεῖχος
856 1409 954 1462 καὶ
996 1409 1301 1466 Ἰωνόπολιν
1323 1412 1613 1482 κληθῆναι,
1647 1410 1784 1480 apud
1812 1407 2111 1463 Lucianum

525 1488 577 1541 111
622 1486 1022 1547 Pseudomante
1069 1512 1085 1548 :
1125 1496 1235 1548 voti
1284 1496 1595 1549 damnatum
1634 1492 1820 1558 fuisse,
1865 1490 2111 1545 ’ἰωνοπο-

526 1570 719 1625 λειτῶν
738 1576 965 1639 autumi,
988 1578 1056 1632 ab
1077 1577 1355 1634 liarduino
1375 1578 1659 1635 Vaillantio
1676 1576 2113 1649 Spauhemioque

525 1658 794 1725 producti,
822 1660 1170 1718 confirmant.
1980 1688 1981 1691 ‘

594 1739 725 1797 Ibid.
748 1742 1037 1812 Δαὸὐϐρα.
1060 1746 1331 1817 Δαδίὸραν
1360 1743 1755 1801 Constantinus
1779 1746 1817 1799 1.
1842 1761 1882 1806 1,
1909 1742 2108 1800 Them.

526 1821 579 1887 7,
612 1825 704 1876 sed
742 1840 1051 1896 perperam,
1081 1829 1349 1901 appellat.
1383 1829 1542 1897 Pejus
1576 1831 1747 1884 multo
1781 1829 2110 1885 Chalcedon.

523 1922 580 1975 ιι.
610 1907 717 1963 661
762 1909 1156 1981 Polychronius
1188 1913 1444 1984 Δαδύρων
1498 1913 1699 1967 dicitur
1730 1931 1744 1967 :
1787 1915 1986 1967 rectius
2018 1911 2115 1964 Μ-

524 1996 946 2118 ἳίῖἱῖιοοῗξῖκῖιάθ
975 2010 1029 2066 p.
1061 1996 1131 2052 52
1155 1996 1373 2053 Nicetas
1396 1999 1711 2073 Δαδύὸρων.
1744 1997 1882 2054 Vide
1912 1997 2117 2053 Proba-

602 2144 737 2200 Ibid.
772 2147 1097 2217 Γαλατίας.
1135 2150 1296 2207 Deest
1332 2151 1573 2224 πρώτης.
1605 2154 1858 2209 Socrates
1880 2149 1945 2206 11.
1977 2150 2040 2205 Ε.
2073 2166 2114 2217 1,

533 2226 606 2281 56
630 2238 683 2281 et
705 2244 765 2293 tt,
797 2230 864 2285 15
891 2234 1095 2304 μικρὰν
1120 2236 1389 2289 Γαλατίαν
1420 2240 1536 2291 sive
1597 2252 1819 2306 parvam
1846 2234 2114 2291 Galatiam

530 2314 767 2381 appellat
804 2323 857 2370 et
892 2327 1045 2373 vetus
1076 2317 1215 2389 lapis
1260 2321 1312 2375 in
1358 2319 1521 2375 Roma
1556 2319 1865 2377 Subterran.
1895 2334 1949 2390 p.
1990 2318 2115 2385 154,

530 2399 674 2465 quod
731 2406 786 2452 et
842 2398 1177 2458 Ilolsteinius
1233 2404 1402 2469 vidit,
1456 2407 1544 2460 ubi
1604 2406 1860 2475 Δόκιμος,
1913 2402 2115 2475 χωρίου

527 2480 732 2551 Γολόης
765 2485 970 2554 μικρᾶς
1002 2485 1295 2550 Γαλατίας.
1329 2486 1803 2559 Ἀγκυρογαλατία
1834 2488 2030 2542 dicitur
2062 2487 2115 2539 in

532 2565 878 2621 Sardicensis
928 2570 1120 2639 synodi
1155 2571 1316 2639 epist.
1375 2581 1508 2627 tom.
1559 2572 1626 2626 III
1679 2571 1886 2625 Conril.
1923 2569 2113 2625 Gener.

534 2661 589 2717 Ρο
625 2647 715 2709 δίο
749 2651 892 2721 (ιυῡύ
930 2655 1141 2725 Ancyra
1176 2652 1335 2722 hujus
1371 2665 1515 2710 esset
1554 2654 1887 2725 metropolis.
1922 2653 2119 2708 Subdi-

536 2742 646 2788 tum
674 2744 853 2790 autem
896 2737 1192 2800 consulari,
1217 2754 1375 2808 quem
1404 2737 1499 2792 τοῦ
1531 2739 1718 2801 ἔθνους
1751 2740 1987 2810 ἄρχοντα
2012 2736 2118 2793 So-

535 2833 796 2874 zomeuus
842 2834 897 2886 ν,
932 2819 992 2875 11
1045 2830 1346 2893 nuncupat,
1382 2820 1570 2890 fuisse,
1616 2837 1682 2878 ex
1728 2820 1938 2875 Notitia
1984 2823 2115 2891 intp.

540 2903 745 2958 Orient.
777 2918 827 2959 c.
858 2919 873 2958 t
902 2916 1136 2961 constat.

607 2987 740 3043 Ibid.
779 2989 1054 3059 Ἄγκυρα.
1090 2992 1202 3046 Hoc
1242 2992 1445 3062 justum
1488 3001 1593 3050 est.
1629 2991 1829 3065 Πρώτη
1871 2993 1964 3046 καὶ
2022 3009 2118 3061 με·

537 3073 699 3141 γίοτη
736 3072 993 3127 Γαλατῶν
1018 3074 1171 3139 πόλις
1195 3075 1422 3132 Lilianio
1446 3076 1719 3147 Apologet.
1742 3087 1886 3132 Orat.
1911 3091 1960 3147 ι).
1990 3074 2118 3139 5991

539 3155 852 3226 utetrOpolis
879 3154 1105 3213 Galatiae
1145 3159 1199 3214 in
1240 3158 1513 3215 Theodori
1553 3161 1790 3232 Syeiota:
1827 3160 1940 3212 Vita
1978 3154 2145 3213 XXII"

537 3236 720 3307 April.
764 3241 1065 3307 sapissime
1094 3242 1311 3299 dicitur.
1343 3244 1473 3299 Vide
1505 3250 1631 3300 Ant.
1661 3244 1793 3300 Itin.
1825 3260 1879 3315 p.
1912 3244 2033 3299 145.

609 3322 748 3376 Ibid.
781 3324 976 3379 Tu6fa.
1010 3324 1139 3379 Erat
1166 3326 1219 3381 in
1252 3325 1521 3397 Trocmis,
1554 3330 1698 3384 unde
1739 3343 1988 3383 nummus
2010 3326 2118 3384 ϐε.

541 3408 695 3463 TPO.
729 3407 1153 3476 ΤΑΟΥΙΑΝΩΝ,
1183 3412 1601 3468 Severiaaorum
1633 3411 1991 3468 Trocmorum
2016 3411 2122 3466 Ta-

545 3493 848 3561 vianorum,
877 3494 931 3550 in
979 3494 1135 3551 Thes.
1168 3494 1381 3551 Britan.
1413 3508 1543 3552 tom.
1588 3511 1652 3562 11,
1698 3513 1750 3565 p.
1786 3496 1911 3552 233.
1964 3495 2122 3551 Plura
2159 3535 2163 3537 λ

541 3578 739 3632 Anton.
777 3577 907 3633 Itin.
943 3594 998 3652 p.
1027 3579 1155 3645 202,
1182 3589 1237 3635 et
1267 3580 1335 3635 de
1366 3581 1577 3651 Aspuna
1608 3597 1661 3651 p.
1695 3581 1818 3636 145.

616 3661 751 3718 Ibid.
798 3664 1006 3721 Κίννα.
1061 3663 1239 3718 Habet
1302 3666 1440 3721 hanc
1488 3665 1675 3720 urbem
1734 3662 1957 3720 Galatia:
2001 3661 2125 3719 Vita

542 3742 812 3801 Theodori
843 3746 1079 3820 Syciottc
1103 3764 1151 3806 c.
1180 3749 1235 3816 8,
1260 3759 1314 3803 et
1338 3748 1614 3805 Nicaeuum
1640 3750 1933 3805 secundum
1962 3763 2015 3815 p.
2032 3748 2124 3813 50,

546 3832 830 3903 Κιννηνῶν
860 3833 1014 3897 πόλις
1046 3835 1243 3890 concil.
1270 3834 1684 3906 Constantinop.
1722 3835 1882 3891 tertio
1912 3850 1963 3904 p.
1994 3833 2127 3890 501.

544 3912 840 3972 Ptolemaro
866 3932 1149 3989 perperam
1203 3919 1361 3991 vulgo
1391 3920 1612 3983 Κίαινα,
1657 3921 1797 3988 quod
1838 3919 1965 3974 hinc
2004 3934 2126 3976 cor-

546 3999 647 4066 rigi
676 4000 872 4057 debere
902 4003 1106 4058 codicis
1135 4005 1453 4059 Coisliniani
1491 4003 1661 4059 Κίννα
1690 4002 1945 4059 affirmat.

618 4084 753 4138 Ibid.
828 4085 1277 4157 Ῥεγαναγανιία.
1345 4088 1736 4158 Ῥεγελαγανία
1791 4095 2127 4159 oportuerat,

548 4170 745 4237 quippe
778 4168 1013 4239 Lagauia
1045 4170 1265 4225 Tabulze
1300 4182 1353 4228 et
1401 4172 1528 4226 Itin.
1576 4174 1701 4228 Ant.
1739 4189 1788 4241 ι).
1842 4172 1960 4228 1η.
1998 4171 2128 4243 Ejus

548 4253 749 4319 praesul
799 4252 1134 4323 Euphrasius
1178 4257 1455 4322 Λασανίας
1503 4259 1700 4313 dicitur
1744 4276 1796 4328 p.
1823 4258 1896 4314 95
1932 4260 2123 4314 concil.

550 4333 903 4402 Chalcedon.,
934 4340 1113 4396 verius
1151 4342 1429 4409 Λαγανίας
1457 4360 1508 4413 p.
1538 4342 1660 4398 662.
1696 4344 1843 4396 Dicta
1874 4343 2127 4407 deinreps

548 4421 981 4493 Anasmsinpolis
1008 4423 1242 4490 videtur,
1265 4429 1520 4496 quoniam
1559 4429 1611 4482 in
1643 4425 1755 4481 Iac.
1798 4425 1957 4483 Goari
2011 4423 2127 4479 No-

552 4508 685 4559 iitiis
745 4506 831 4560 illa
887 4510 1249 4576 mcmot'atur',
1301 4526 1565 4581 nusquam
1641 4511 1909 4577 Lagauia;
1963 4524 2126 4581 quam

554 4590 923 4654 conjecturam
959 4591 1097 4647 situs
1127 4594 1464 4662 plausibilem
1495 4596 1643 4651 facit.
1688 4594 1921 4662 l.agania
1951 4595 2021 4648 24
2055 4591 2125 4648 M.

554 4672 615 4726 P.
650 4673 903 4745 Juliopoli
940 4674 1201 4740 distabat,
1225 4680 1384 4748 spatii
1426 4680 1660 4735 medium
1693 4688 1913 4736 secante
1952 4680 2128 4735 Siberi

554 4756 740 4825 ﬂuvio,
771 4759 853 4813 cui
884 4758 1097 4831 Syceon
1125 4762 1381 4833 oppidum
1412 4765 1649 4820 vicinum
1689 4775 1828 4830 erat,
1870 4764 2131 4833 Procopio

558 4839 735 4909 .idif.
784 4841 926 4897 Just.
966 4861 1020 4907 ν.
1072 4845 1106 4899 4
1156 4854 1421 4905 aut-tore:
1465 4848 1669 4919 Syceon
1718 4864 1847 4903 vero
1895 4865 2015 4903 cum
2067 4849 2135 4906 111

559 4925 634 4979 Μ.
670 4925 728 4979 Ρ.
763 4927 1159 4999 Anastasiopoli
1195 4929 1429 4990 aﬂ'uerit.
1476 4948 1582 4984 non
1616 4933 1716 4985 alia
1763 4935 1949 5001 utique
1977 4947 2038 4987 ea
2069 4948 2133 4986 ac

560 5008 794 5074 Lagania
826 5012 1051 5068 dicenda
1084 5024 1185 5069 est.
1227 5014 1349 5071 Vita
1386 5015 1651 5070 Theodori
1685 5016 1926 5089 Syceotac
1971 5031 2019 5071 c.
2052 5018 2085 5069 2
2115 5035 2129 5071 :

510 5136 515 5139 .
560 5094 623 5147 In
656 5092 967 5151 Galatarum
1001 5100 1205 5168 regione
1231 5112 1303 5154 est
1330 5100 1596 5169 oppidum,
1619 5104 1772 5169 .quod
1805 5100 2003 5171 Syceon
2045 5119 2137 5171 ap-

561 5178 805 5242 uellmur,
843 5183 1133 5250 subjectum
1184 5185 1576 5247 Anastasiopoli
1626 5187 1779 5252 primi
1828 5189 2133 5255 Ancymao-

560 5278 673 5315 rum
694 5265 1015 5327 ρήηρίραξιιε
1037 5282 1053 5319 :
1077 5268 1425 5323 distatautem
1446 5269 1840 5340 Anastasiopoli
1866 5268 2020 5323 1211.
2045 5272 2129 5337 Ρ.;

562 5345 650 5398 ubi
689 5344 745 5399 Ρ.
786 5343 1112 5403 Francisrns
1151 5350 1339 5415 Zinus,
1383 5354 1466 5407 cui
1515 5350 1762 5406 Latinam
1800 5368 1919 5405 eam
1968 5356 2127 5407 vitam

560 5428 841 5493 dolemus,
874 5432 1013 5486 haud
1056 5434 1219 5490 dubie
1272 5435 1495 5490 oili-odit
1542 5438 1605 5491 ad
1650 5435 1875 5505 πρώτην
1932 5438 2133 5505 Ἀγκυ-

564 5512 741 5579 pawth
791 5516 1080 5587 ἐπαρχίαν,
1119 5529 1177 5574 ut
1204 5534 1268 5576 ex
1305 5519 1481 5590 primo
1498 5519 1909 5591 Ancyranorum
1933 5522 2140 5593 priuci»

561 5605 689 5663 patu
728 5602 1073 5665 perspicitur.

636 5677 767 5733 Ibid.
817 5680 1219 5751 Ῥεγέμγηζος.
1267 5686 1468 5751 Μνίζος
1504 5694 1618 5749 est,
1654 5686 1810 5757 cuius
1849 5688 2136 5757 cpiscopus

564 5759 806 5818 Andreas
840 5765 1042 5834 πόλεως
1074 5771 1277 5836 Μνίζου
1309 5772 1404 5842 τῆς
1430 5771 1649 5845 πρώτης
1682 5772 1937 5829 Γαλατῶν
1961 5772 2135 5845 ἐπαρ-

1584 288 1966 353 ADDENDA.
2007 312 2074 329 -··
2112 288 2176 349 Ρ.

2212 283 2654 348 WESSELING
2665 280 2724 344 II
3643 270 3664 333 1
3683 272 3775 333 1ῧὲ

2214 403 2339 471 χίας
2370 399 2605 455 concilio
2632 393 3046 461 Coustantinop.
3082 389 3239 447 tertio
3272 405 3324 460 p.
3355 389 3450 443 501
3482 385 3804 443 subscribit.

2212 485 2411 540 Νίσαεηὶ
2446 483 2662 537 secundi
2700 480 2913 534 concilii
2957 478 3108 532 affuit
3136 475 3289 531 Actis
3315 474 3555 540 ejusdem
3591 471 3804 535 episco-

2210 583 2310 637 pus
2338 567 2465 629 Leo,
2498 566 2591 621 sed
2618 566 2707 630 qui
2739 564 3083 618 vitiosissime
3102 577 3153 630 p.
3189 560 3250 615 5|
3289 558 3499 618 πόλεως
3542 555 3806 621 Ἀμίνσου

2208 660 2263 707 et
2292 666 2343 720 ρ.
2373 649 2470 705 591
2511 647 2754 717 Μιζούης
2786 648 3009 710 dicitur,
3034 644 3227 699 melius
3258 658 3309 711 p.
3345 640 3473 694 551.
3511 638 3687 707 Digna
3716 638 3811 687 ita-

2209 751 2316 803 que
2343 732 2519 788 fuerat
2549 748 2666 801 quae
2703 734 2753 785 in
2789 727 3124 800 Geographie
3171 726 3233 782 S.
3268 726 3449 779 locum
3481 729 3803 789 occuparet.

2211 815 2347 874 Vide
2375 818 2501 873 Aut.
2547 816 2675 871 Itin.
2711 831 2763 887 ρ.
2810 813 2913 870 112
2947 832 2960 867 :
3000 829 3119 867 nam
3157 810 3287 882 ρεγὲ
3318 819 3375 864 ut
3417 810 3598 863 denuo
3640 804 3811 872 expli-

2212 918 2421 968 cemus,
2462 902 2598 956 nihil
2636 900 2798 955 fuerit
2823 913 3067 954 necesse.

2283 986 2415 1041 Ibid.
2466 985 2871 1049 Ἡλιούπολις.
2914 980 3214 1049 Heliopolin
3240 976 3463 1033 Galatia:
3485 974 3607 1028 Vita
3635 970 3810 1025 Theo-

2212 1072 2330 1128 dori
2370 1072 2613 1143 Syceotae
2643 1084 2694 1122 ο.
2724 1067 2758 1122 5
2792 1075 2847 1121 et
2871 1066 2903 1120 9
2940 1072 3206 1121 memorat
3233 1082 3249 1131 ;
3278 1073 3537 1143 prmterea
3570 1056 3807 1143 Meliph:

2218 1135 2451 1220 thongtis
2488 1146 2911 1202 Ἠλιουπολιτῶν
2957 1144 3290 1199 Chalcedon.
3332 1139 3567 1196 concilio
3606 1155 3663 1208 p.
3708 1135 3808 1191 I95

2214 1234 2439 1289 interest
2475 1249 2493 1287 :
2526 1232 2665 1285 unde
2707 1244 2898 1284 sanum
2948 1229 3051 1283 hoc
3090 1239 3214 1282 esse
3261 1226 3490 1289 diceres,
3532 1222 3801 1290 siquidem

2214 1327 2267 1371 et
2297 1329 2506 1371 caetera:
2531 1312 2750 1368 Notitiae
2776 1310 3107 1383 conspirant.
3133 1309 3463 1379 Corruptum
3494 1316 3678 1360 tamen
3709 1312 3805 1364 est,

2213 1410 2267 1455 et
2297 1401 2348 1454 in
2393 1397 2770 1460 Ἰουλιούπολις
2823 1396 3167 1459 mutandum,
3216 1403 3327 1445 tttm
3377 1389 3520 1460 quod
3574 1386 3805 1454 Mt'llpll-

2218 1485 2451 1554 thongus
2486 1492 2800 1538 constanter
2837 1482 2987 1547 alibi,
3019 1491 3076 1533 ut
3108 1480 3285 1549 p.2i5
3323 1488 3375 1533 et
3402 1476 3507 1531 662.
3545 1473 3810 1528 Ἰουλιουσ

2215 1569 2424 1633 πόλεως
2478 1568 2772 1634 scribatur,
2807 1577 2860 1620 et
2894 1565 3125 1619 concilio
3178 1562 3597 1629 Constantinop.
3652 1556 3809 1612 tertio

2216 1669 2269 1723 p.
2314 1653 2413 1709 501
2460 1653 2750 1724 Martyrius
2779 1651 2880 1721 τῆς
2931 1646 3390 1704 Ἰουλιοοπολιτῶν
3430 1644 3667 1707 πόλεως,
3714 1642 3811 1712 τῆς

2220 1737 2442 1809 πρώτης
2496 1737 2606 1789 τῶν
2659 1736 2917 1791 Γαλατῶν
2973 1735 3243 1804 ἐπαρχίας
3294 1730 3634 1801 appelletur;
3699 1737 3811 1779 tum

2220 1823 2461 1875 maxime
2492 1820 2633 1889 quod
2668 1819 2810 1873 nulla
2861 1823 2913 1873 in
2946 1820 3158 1875 Galatia
3187 1816 3348 1871 fuerit
3385 1811 3707 1883 llcliopoiis.
3738 1809 3815 1865 De

2218 1903 2468 1974 Juliupoli
2499 1907 2625 1958 Ant.
2661 1903 2853 1958 Itiner.
2887 1920 2941 1971 p.
2973 1902 3100 1956 ΗΞ.

2292 1990 2427 2045 Ibid.
2476 1989 2778 2055 Γαλατίας
2822 1988 3255 2054 Σαλουταρίας.
3300 1981 3566 2038 Galatiam
3619 1992 3817 2033 socon-

2220 2072 2345 2127 dam
2400 2073 2629 2142 appellat
2685 2072 2985 2127 concilium
3032 2069 3451 2135 Constantinop.
3488 2068 3723 2118 tertium
3763 2071 3816 2116 et

2220 2158 2417 2226 passim
2454 2157 2566 2211 alii.
2603 2155 2817 2211 Zosimo
2852 2168 2931 2210 est
2960 2157 2992 2226 ἡ
3028 2153 3172 2208 κατὰ
3197 2151 3439 2222 Φρυγίαν
3462 2147 3713 2202 Γαλατία
3742 2160 3821 2212 ιν,

2221 2240 2275 2307 7,
2302 2242 2440 2309 quod
2473 2240 2725 2311 Phrygia}
2753 2250 2895 2294 esset
2927 2240 3177 2291 finitima.
3219 2233 3439 2289 Notium
3464 2230 3822 2295 ἕωλοι-18111.

2219 2338 2270 2379 c.
2307 2323 2359 2384 1.
2395 2324 2468 2377 uti
2499 2334 2707 2387 nostro,
2744 2321 2951 2376 Galatia
2994 2320 3268 2381 salutaris,
3299 2319 3515 2386 pra‘sidi
3543 2316 3817 2381 subjecta.

2290 2407 2426 2464 Ibid.
2462 2407 2522 2463 D.
2562 2403 2871 2472 Πισινοῦς.
2917 2404 3105 2459 Verius
3136 2402 3455 2465 Πεσσινοῦς,
3503 2400 3590 2454 vel
3643 2399 3812 2450 [Izat-

2218 2490 2368 2556 νοῦς,
2399 2493 2462 2545 de
2489 2505 2591 2559 qua
2626 2490 2692 2543 Δ.
2732 2488 2858 2543 Itin.
2910 2505 2959 2558 p.
2992 2488 3119 2542 201.
3162 2487 3475 2556 Metropolis
3516 2482 3817 2550 provincia

2219 2582 2342 2627 erat
2370 2592 2384 2639 ;
2417 2575 2560 2626 unde
2598 2574 2647 2626 in
2691 2573 2922 2628 concilio
2964 2570 3379 2639 Coustantiuop.
3420 2567 3585 2621 tertio
3631 2580 3685 2633 p.
3716 2563 3823 2619 6611

2220 2657 2613 2712 Constantinus
2639 2656 3066 2712 Πεσσινουντίων
3089 2657 3185 2726 τῆς
3206 2656 3467 2727 δευτέρας
3485 2652 3598 2706 τῶν
3633 2650 3808 2703 Γαλα-

2221 2739 2333 2793 τῶν
2364 2739 2632 2810 ἐπαρχίας
2681 2744 2824 2794 inter
2872 2739 3322 2808 metmpolitauos
3364 2746 3821 2791 connumeratur.

2222 2822 2361 2880 Vitae
2387 2824 2655 2880 Theodori
2688 2824 2932 2895 Syceotae
2965 2840 3014 2878 c.
3055 2823 3117 2878 11
3152 2822 3561 2878 Pessinuntium
3616 2829 3824 2874 metro-

2221 2909 2381 2977 polis,
2415 2909 2558 2962 Ituud
2591 2909 2748 2963 dubie
2778 2910 2919 2979 quod
2944 2910 2993 2961 itt
3024 2905 3216 2962 Graeco
3247 2906 3451 2960 itteSsel
3476 2906 3819 2958 Πεπσινουν-

2220 2991 2350 3046 τίων
2378 2992 2732 3062 μητρόπολις.
3393 3006 3403 3014 ·

2297 3076 2431 3131 Ibid.
2450 3075 2959 3147 Ῥεγεμαυρέκιον.
2975 3074 3068 3130 Sic
3092 3089 3217 3131 mss.
3234 3114 3249 3139 ,
3265 3072 3405 3129 unde
3430 3072 3611 3128 ticum
3633 3072 3821 3137 luisse,

2225 3174 2385 3230 quem
2404 3154 2728 3231 legerenon
2766 3148 3009 3221 memini.
3040 3167 3284 3228 apparet.
3812 3214 3816 3215 ,

2297 3245 2433 3300 Ibid.
2470 3246 2835 3314 Πητινησός.
2860 3243 2978 3299 Non
3004 3245 3110 3299 alia
3140 3253 3227 3299 est
3254 3258 3317 3296 ac.
3341 3240 3622 3297 Ptolemmi
3656 3242 3821 3294 Πετε-

2222 3330 2393 3394 νισός,
2444 3331 2579 3397 sive,
2613 3339 2670 3383 ut
2707 3331 2877 3384 Palat.
2916 3341 2969 3387 et
3006 3327 3236 3385 Coisliu.
3266 3342 3421 3393 mss.,
3448 3326 3821 3400 Πετενησσός.

2226 3412 2399 3468 Habet
2429 3424 2477 3468 et
2511 3413 2708 3469 Notitia
2743 3412 2858 3468 Jac.
2885 3413 3076 3473 Goari.

2299 3496 2434 3553 Ibid.
2456 3497 2721 3566 Αίώριον.
2756 3497 3045 3563 Putabam,
3082 3512 3203 3552 cum
3235 3496 3470 3567 primum
3518 3496 3624 3551 hoc
3665 3495 3823 3566 oppi-

2226 3582 2351 3636 dum
2382 3582 2809 3644 considerarcm,
2831 3582 3005 3639 lucem
3040 3583 3168 3637 hinc
3194 3591 3359 3651 atque
3387 3581 3650 3636 auxilium
3681 3582 3828 3635 acri-

2230 3681 2357 3736 pere
2401 3663 2789 3721 Philostratum
2844 3666 2955 3722 Vit.
2996 3665 3233 3735 Sep/tisi.
3286 3682 3348 3733 tt,
3400 3665 3459 3720 11
3518 3681 3681 3737 posse
3727 3664 3823 3719 καὶ

2240 3750 2475 3812 Ἀκύλας
2505 3749 2535 3801 ὁ
2575 3751 2640 3804 ἐκ
2682 3751 2781 3821 τῆς
2822 3748 2990 3805 ἑώλου
3032 3750 3302 3813 Γαλατίας
3339 3768 3354 3805 :
3388 3751 3559 3805 latere
3588 3749 3735 3804 enim
3767 3750 3821 3802 in

2231 3850 2362 3890 voce
2408 3833 2573 3888 ἑώλου
2614 3833 2839 3891 Galatia:
2875 3838 3163 3904 quamdam
3199 3834 3391 3889 urbem
3433 3833 3639 3887 dudum
3687 3834 3820 3887 mihi

2232 3935 2643 3991 persuaseram,
2678 3919 3028 3990 mirabarque
3073 3919 3449 3974 doctissimum
3498 3916 3818 3982 Oleariunt,

2232 4017 2416 4075 Spreta
2458 4003 2710 4060 Saimasii
2752 4004 3145 4068 admonitione,
3178 4002 3499 4059 orientalem
3545 4002 3819 4058 Galatiam

2230 4090 2480 4155 vertisse,
2514 4098 2570 4143 et
2608 4089 2755 4143 serio
2802 4088 3109 4143 defendisse
3144 4088 3309 4140 ἕωλον
3342 4085 3619 4139 Γαλατίαν
3653 4098 3821 4150 recte,

2232 4173 2276 4226 si
2309 4182 2615 4243 opponatur
2643 4170 2828 4227 Galliae
2863 4171 3158 4239 Europaeo,
3188 4169 3317 4231 dici,
3358 4172 3659 4239 pricsertim
3695 4183 3820 4223 cum

2233 4271 2392 4310 nemo
2420 4258 2731 4311 Graecorum
2759 4258 2904 4323 (nam
2932 4254 3185 4325 Hesychii
3220 4257 3379 4309 verba
3408 4255 3669 4307 aliorsum
3696 4270 3821 4323 spe-

2233 4339 2399 4408 ctant)
2437 4350 2530 4393 aut
2571 4339 2833 4395 Galatiam
2864 4351 2955 4393 aut
2983 4340 3140 4393 aliaat
3171 4340 3420 4408 quamvis
3452 4338 3519 4391 ad
3544 4340 3819 4392 orientem

2234 4427 2463 4494 positam
2494 4427 2768 4496 regionem
2794 4424 2887 4479 tali
2920 4424 3076 4480 titulo
3094 4425 3326 4478 ornarit.
3359 4422 3656 4490 Postquam
3687 4436 3818 4477 vero

2234 4509 2466 4580 Δίὼριον
2503 4523 2731 4579 pravum
2765 4521 2889 4563 esse
2919 4506 3300 4572 animadverti,
3337 4506 3575 4574 suspicio
3607 4506 3824 4571 incidit,

2236 4593 2501 4651 fuissetne
2548 4593 2673 4648 olim
2727 4593 2794 4647 ὲκ
2840 4592 2941 4662 τῆς
2996 4590 3210 4645 Ὠλένου
3242 4589 3511 4653 Γαλατίας
3540 4590 3594 4643 111
3640 4587 3822 4643 Philo-

2234 4688 2436 4746 strato;
2467 4692 2624 4748 quam
2650 4675 3017 4744 conjecturam
3044 4675 3315 4731 Ptolemaei
3340 4674 3670 4729 auctoritate
3693 4690 3825 4727 con—

2236 4766 2553 4827 stabi"tam,
2579 4765 2749 4818 donec
2781 4774 2916 4815 mss.
2949 4761 3094 4815 aliud
3125 4760 3409 4827 iusserint,
3444 4769 3823 4827 autsperuen-

2238 4849 2360 4902 dam
2388 4848 2639 4902 arbitrer.
2664 4849 2722 4900 Ἀ
2736 4846 2941 4918 μώριον
2964 4845 3107 4900 idem
3132 4854 3296 4900 estac
3319 4842 3572 4915 Αξώριον,
3595 4847 3824 4912 ejuscine

2236 4933 2414 4989 vitiosi
2445 4933 2620 4986 locum
2648 4950 2918 5003 occupare
2950 4934 3109 4989 debet
3140 4949 3153 4985 :
3181 4931 3280 4985 etsi
3308 4933 3452 4985 enim
3484 4931 3535 4983 id
3563 4932 3821 4998 oppidum

2238 5033 2266 5070 a
2304 5019 2486 5071 multis
2515 5016 2764 5086 Phrygia:
2799 5018 3077 5078 tribuitur,
3112 5016 3285 5070 serior
3329 5024 3511 5068 tamen
3542 5027 3678 5068 anas
3709 5012 3821 5067 Ga-

2238 5101 2379 5154 latiae
2428 5101 2677 5155 secundm
2734 5104 3042 5162 accensult,
3097 5110 3157 5153 ut
3214 5098 3631 5167 Coustantiuop.
3693 5108 3819 5153 teri.

2240 5200 2291 5252 ρ.
2328 5185 2453 5249 67:2,
2484 5185 2572 5238 cui
2606 5183 2924 5237 Theodorus
2969 5184 3236 5253 ’Λμωρίου
3279 5183 3379 5252 τῆς
3419 5183 3680 5253 δευτέρας
3713 5182 3820 5235 τῶν

2239 5271 2496 5323 Γαλατῶν
2526 5270 2794 5339 ἐπαρχίας
2827 5269 3110 5323 scribendo
3137 5267 3310 5321 all‘nit.

2312 5354 2443 5408 Ibid.
2499 5351 2793 5418 Κλάνεος.
2849 5351 2941 5406 Sic
2971 5366 3125 5412 mss.,
3158 5364 3385 5419 quorum
3437 5350 3818 5403 auctoritatem

2240 5456 2343 5492 non
2368 5454 2485 5491 esse
2511 5440 2867 5505 Spernendam
2896 5434 3147 5490 Salomon
3177 5436 3417 5488 Κλανέου
3440 5435 3537 5502 τῆς
3559 5434 3819 5501 δευτέρας

2237 5522 2346 5575 τῶν
2392 5522 2645 5575 Γαλατῶν
2677 5521 2946 5590 ἐπαρχίας
2989 5520 3402 5586 Constautinop.
3436 5529 3563 5571 test.
3613 5535 3661 5587 ι).
3719 5519 3820 5574 501

2238 5615 2292 5661 ct
2321 5607 2424 5660 67'2
2463 5616 2514 5661 et
2560 5606 2889 5678 Nicephorus
2920 5604 3161 5657 Κλανέου
3207 5600 3411 5656 Nicaea.
3450 5618 3560 5658 sec.
3612 5620 3666 5670 ρ.
3718 5602 3820 5658 ’555

2241 5692 2549 5747 ostendunt.
2587 5688 2723 5742 Ma‘e
2756 5691 2869 5743 hinc
2902 5689 3028 5743 urbs
3058 5703 3119 5742 ex
3153 5685 3483 5755 Geographia
3517 5685 3576 5740 S.
3611 5688 3811 5740 exulat.

2319 5775 2453 5833 Ibid.
2498 5772 2946 5845 Ῥεγετγακάὸη.
2977 5771 3050 5827 Ita
3070 5786 3094 5819 εκ
3122 5786 3253 5827 ωδε.
3282 5770 3550 5841 profertur
3581 5789 3593 5825 :
3638 5780 3814 5827 tamen
