4074 6338
191 203 328 271 1153

1032 209 1430 275 COMMENT.
1474 208 1555 274 1N
1596 211 2013 279 HlEROCLIS
2048 214 2586 287 SYNECDEMUM.

3305 227 3329 292 Ῑ
3347 229 3363 294 l
3382 229 3451 296 ιι

190 324 525 379 llolsteiuius
569 325 620 381 in
668 321 960 397 Geograph.
1001 325 1060 381 S.
1098 342 1258 382 inanu
1294 335 1573 383 exaratum
1620 330 1775 383 θοαὶ-ι
1883 339 2126 387 veterem
2175 335 2538 403 dignationem
2595 339 2853 397 Cesarem
2897 342 3189 401 stabilitate
3244 343 3463 410 Firmus

184 406 603 464 rcm'l‘rocnatla
633 412 746 464 sive
785 410 1210 483 Ῥεγετρόκναδα
1262 411 1519 482 praeferre
1568 422 1768 478 mouet,

184 492 328 561 quod
356 494 475 547 sine
503 494 667 549 dubio
694 494 896 551 rectius
924 504 1008 550 est
1039 513 1054 549 :
1082 511 1205 548 nam
1237 505 1294 551 et
1316 496 1579 566 Cyriacus
1633 494 1773 567 Τρο-

184 578 395 632 κνάδων
428 576 830 647 Chalcedoo.p.
862 578 987 637 665.
1009 592 1061 636 et
1091 580 1410 636 Theodorus
1445 578 1770 651 Τροκνάδων

184 664 280 731 τῆς
304 660 568 732 δευτέρας
598 660 854 716 Γαλατῶν
877 663 1150 732 ἐπαρχίας
1167 663 1584 733 Constantinop.
1613 664 1770 717 tertio

186 759 237 815 p.
271 743 401 806 672,
432 755 486 799 et
518 745 684 800 Leon.
721 745 1045 817 Τροκνάδων
1080 747 1296 801 Nicamo
1330 749 1632 815 secnndop.
1665 745 1770 801 555

185 827 502 882 subscribit.
535 828 802 894 Quoniam
848 843 976 884 vero
1008 827 1294 898 Cyriacus,
1335 829 1491 900 cujus
1524 829 1765 894 memini,

184 910 523 982 Τροκμάδων
560 913 610 966 in
641 912 899 967 Cbalced.
934 928 987 982 p.
1024 914 1126 969 125
1156 922 1211 968 et
1239 914 1344 969 ’509
1370 912 1590 978 dicitur,
1631 913 1768 969 forte

184 995 481 1069 Τρὸκμαδα
511 997 862 1066 pra-stiterint
883 1007 941 1054 ut
971 1017 997 1051 a
1025 997 1291 1063 Trocmis,
1317 1006 1472 1071 gente
1501 998 1765 1065 Galatica,

186 1095 379 1135 nomen
414 1081 727 1137 descendat.

251 1163 368 1221 Col.
394 1166 512 1220 H9.
535 1164 1010 1232 Εὐδοξιάς.11ιιιιό
1030 1166 1254 1221 multum
1267 1165 1585 1233 disjunctam
1603 1169 1767 1223 fuisse

180 1265 209 1304 ι
241 1251 586 1306 Cermiorum
618 1252 856 1317 civitate,
907 1268 972 1307 ex
1028 1251 1143 1306 Vita
1193 1252 1458 1308 Theodori
1521 1253 1766 1323 Syceota:

181 1349 231 1391 ε.
248 1349 341 1389 vni
370 1343 610 1403 apparet.
633 1334 766 1406 Ejus
791 1336 1076 1405 cpiscopus
1104 1336 1328 1406 Aquilas
1349 1346 1433 1390 est
1460 1337 1511 1389 in
1535 1335 1765 1391 Chalce—

181 1419 307 1471 don.
359 1434 414 1488 p.
463 1419 589 1483 663,
642 1430 699 1473 ut
743 1433 1027 1489 perperam
1080 1421 1223 1474 nulla
1275 1420 1389 1488 ejus
1437 1420 1507 1474 sit
1535 1421 1677 1475 ratio
1707 1420 1762 1475 in

180 1500 511 1571 Geographie
548 1501 607 1558 S.
645 1503 853 1557 habita.

249 1586 386 1642 Ibid.
422 1586 748 1656 Μυρικιῶν.
801 1587 915 1643 Hoc
955 1602 1088 1643 mss.
1135 1588 1298 1654 dant;
1339 1601 1438 1642 nec
1468 1588 1761 1659 quidquam

179 1672 311 1726 mihi
351 1673 417 1726 de
463 1676 598 1727 urbe
642 1672 900 1735 innotuit,
937 1686 1099 1741 quam
1140 1671 1255 1728 Jac.
1286 1670 1449 1726 Goari
1497 1670 1762 1726 Noti'iam

176 1768 284 1808 non
316 1768 540 1825 prorsus
562 1770 679 1810 eam
704 1756 983 1823 damnare.
1332 1750 1339 1755 ’

248 1837 385 1894 Ibid.
443 1842 686 1912 Γερμία.
743 1838 1191 1912 Γερμοκολώνεια
1248 1839 1465 1897 Nomii?
1505 1839 1557 1896 J.
1595 1839 1759 1897 Goari

173 1937 233 1992 p.
266 1926 397 1992 544,
433 1931 534 1981 ne‘c
577 1924 737 1990 male,
774 1936 833 1978 ut
874 1927 940 1978 ad
973 1924 1105 1979 Itin.
1142 1927 1268 1981 Ant.
1313 1941 1369 1994 p.
1402 1926 1505 1981 201
1530 1926 1758 1981 videbis.

175 2008 365 2065 Etate
392 2011 600 2065 acriore
624 2008 1083 2080 Myriangeiorum
1127 2012 1346 2065 nomine
1394 2013 1507 2067 lucc
1544 2012 1758 2068 colonia

175 2096 410 2151 celebris
439 2095 562 2150 fuit.
607 2095 965 2166 Theophanes
988 2112 1041 2166 ρ.
1067 2099 1173 2155 905
1204 2115 1220 2153 :
1258 2096 1523 2170 Ἀπῆλθεν
1552 2104 1579 2155 ὁ
1608 2103 1758 2173 βασι-

172 2182 302 2244 λεὺς
344 2182 721 2244 Ἰουστινιανὸς
756 2183 915 2252 χάριν
944 2183 1109 2254 εὐχῆς
1138 2187 1194 2239 ἐν
1220 2187 1331 2246 τοῖς
1355 2187 1756 2256 Μυριαγγέλοις

174 2270 346 2339 ἠγουν
389 2270 447 2322 ὲν
484 2268 761 2338 Γερμίοις.
794 2268 947 2322 πόλει
975 2268 1077 2339 τῆς
1109 2265 1395 2336 Γαλατίας.
1426 2270 1582 2328 Fallit.
1610 2274 1754 2328 enim

173 2353 225 2406 ⁴1.
260 2354 425 2419 Guar,
455 2369 576 2407 cum
605 2351 813 2422 Pythia:
845 2354 1105 2420 thermas,
1131 2353 1199 2409 de
1231 2356 1428 2425 quibus
1462 2355 1756 2427 Procopius

172 2437 342 2493 Fabr.
373 2436 568 2492 Justin.
597 2454 647 2498 v.
684 2437 740 2499 '5,
764 2436 1146 2506 intelligendas
1175 2448 1365 2494 censet
1396 2457 1410 2493 :
1442 2439 1545 2495 illa:
1585 2441 1639 2496 in
1662 2438 1756 2496 Bi-

172 2524 363 2592 thynia
390 2519 629 2589 fuerunt,
663 2518 879 2576 Germia
910 2520 976 2576 16
996 2521 1064 2576 Μ.
1100 2521 1207 2577 P.a
1243 2522 1579 2579 Pessinunte.

248 2606 384 2662 ibid.
447 2606 569 2660 Υπὸ
603 2605 1060 2675 κονσσυλάριον.
1093 2606 1456 2678 Vespasianus
1475 2608 1757 2680 Cappado-

170 2692 278 2747 ciu:
307 2700 530 2762 promer
546 2690 798 2746 assiduos
833 2691 1189 2747 barbarorum
1223 2692 1476 2748 incursus
1516 2692 1756 2762 legiones

172 2775 419 2841 addidit,
489 2774 946 2845 consularemque
1010 2789 1278 2832 rectorem
1341 2778 1601 2846 imposuit
1660 2794 1757 2846 pro

170 2862 361 2930 equite
396 2860 663 2923 Romano,
696 2860 836 2927 apud
862 2858 1083 2915 Sueten.
1113 2874 1162 2917 c.
1199 2875 1315 2915 vin.
1349 2860 1460 2915 Sub
1489 2859 1758 2916 Constan-

174 2946 292 2999 tino
347 2942 586 3011 praesidi,
642 2941 798 3012 cujus
845 2942 897 2998 in
952 2942 991 2999 l.
1029 2943 1131 3010 41,
1169 2959 1221 2998 c.
1256 2942 1322 2999 de
1375 2944 1551 3000 libral.
1603 2959 1753 3001 caus.

169 3030 385 3085 mentit-
413 3039 517 3094 est,
545 3029 758 3099 paruit;
784 3045 958 3099 neque
979 3029 1141 3086 alium
1167 3031 1348 3086 Basilii
1378 3031 1447 3088 Μ.
1469 3020 1561 3088 aut
1582 3032 1757 3101 Chry-

171 3113 400 3169 sostomi
426 3123 673 3182 tempore
706 3115 1077 3184 magistratum
1110 3115 1367 3171 habuisse
1396 3116 1628 3172 videtur.
1666 3115 1758 3170 Ille

170 3198 342 3267 epist.
377 3195 445 3249 78
476 3207 532 3249 et
572 3194 641 3254 94
681 3196 918 3269 ἄρχοντα
944 3198 1043 3269 τῆς
1088 3199 1355 3272 ἐπαρχίας
1387 3211 1442 3254 et
1488 3200 1648 3271 epist.
1688 3199 1757 3255 86

168 3280 448 3353 ἡγεμόνα.
489 3280 578 3336 hic
615 3282 860 3352 ἡγεμόνα
907 3283 1070 3352 epist.
1101 3299 1195 3337 XIV
1232 3299 1284 3353 p.
1321 3282 1425 3340 596
1460 3299 1585 3339 nov.
1622 3284 1754 3339 ezlit.

168 3372 478 3434 nuncupat.
504 3365 688 3421 Denuo
721 3367 995 3422 consulari
1026 3369 1274 3422 mandata
1297 3378 1381 3423 est
1401 3384 1429 3421 ιι
1455 3369 1757 3423 Theodosio

166 3452 440 3514 secundo,
480 3451 638 3521 cujus
674 3450 805 3506 mitti
855 3454 931 3508 rei
967 3462 1157 3507 auctor
1196 3463 1279 3508 est
1317 3451 1531 3507 Firmus
1569 3455 1755 3507 Caasa-

168 3535 377 3588 riensis
414 3536 720 3602 episcopus,
752 3534 806 3590 itt
836 3536 1081 3605 epistolis
1114 3576 1129 3600 ,
1170 3552 1303 3607 quas
1334 3537 1399 3590 A.
1436 3537 1757 3591 Muratorius

166 3620 222 3673 in
258 3620 514 3676 Anecdol.
565 3622 734 3675 (ἔναυε.
769 3620 1026 3690 vulgavit.
1069 3620 1161 3677 Sic
1187 3624 1327 3677 enim
1359 3622 1517 3694 epist.
1542 3638 1650 3676 xvn
1690 3622 1756 3677 ad

167 3704 574 3759 Soterichum:
624 3706 897 3774 Ποιήσατε
942 3704 1001 3758 δὲ
1054 3707 1187 3777 ἡμῖν
1236 3708 1331 3761 καὶ
1386 3706 1479 3760 τὸν
1522 3706 1758 3777 ἄρχοντα

168 3789 405 3861 μείζονα
439 3788 512 3860 μὴ
542 3787 620 3859 τῷ
649 3790 872 3861 ὀνόματι
904 3787 1084 3860 μόνον,
1107 3790 1242 3843 ἀλλὰ
1273 3791 1367 3844 καὶ
1399 3793 1463 3863 τῇ
1490 3790 1715 3861 δυνάμει
1740 3810 1753 3845 :

165 3888 303 3929 nam
336 3873 381 3927 si
412 3875 703 3941 provincia
735 3873 1077 3944 praepositus,
1112 3887 1272 3942 quem
1299 3876 1584 3943 praesidem
1618 3874 1755 3928 vidi-

164 3975 323 4023 mus,
362 3959 520 4014 titulo
557 3958 940 4014 excellentium
981 3957 1145 4014 fuerit
1176 3959 1426 4023 denatus,
1475 3962 1659 4031 utique
1690 3960 1757 4015 ad

163 4042 489 4098 consularis
516 4042 831 4113 dignitatem
856 4053 1080 4098 evectus
1103 4043 1204 4098 erit
1230 4045 1553 4099 censendus.
1582 4047 1758 4111 Atque

165 4128 278 4182 hoc
330 4126 490 4193 epist.
530 4141 617 4179 xu
662 4124 727 4179 ad
763 4125 1105 4182 Thalassium
1136 4128 1338 4183 clarius
1386 4130 1557 4183 ittnuit
1600 4148 1613 4183 :
1648 4129 1759 4183 Kal

159 4214 260 4266 τὸν
295 4211 556 4283 ἄρχοντα,
585 4211 643 4265 ὃν
690 4211 1114 4283 ἐπιφανέστερον
1153 4214 1284 4287 ἡμῖν
1327 4216 1634 4286 πεποίηκας
1690 4218 1755 4287 σῇ

163 4294 411 4367 σπουδῇ,
460 4295 685 4366 χάρισαι
736 4298 849 4361 τοῖς
890 4297 1233 4368 πράγμασιν,
1281 4296 1355 4364 ὡς
1412 4301 1759 4370 προσήκοντά

161 4399 285 4451 σοι,
332 4380 718 4451 γνωρίζεσθαι.
762 4382 1003 4437 Postulat
1048 4379 1264 4439 Firmus
1307 4392 1366 4438 ut
1409 4385 1759 4455 Cappadocia!

161 4468 370 4539 prima
411 4465 711 4522 consularis
752 4465 1001 4521 latiorem
1032 4478 1305 4539 campum,
1337 4467 1427 4522 ubi
1468 4483 1758 4526 excurrere

159 4550 297 4622 ejus
341 4550 514 4605 virtus
550 4558 606 4604 et
656 4549 939 4621 prudentia
973 4549 1173 4619 possit,
1204 4550 1455 4623 accipiat,
1493 4562 1653 4623 atque
1693 4554 1758 4609 ad

160 4650 301 4690 eum
329 4632 550 4687 redeant
574 4634 734 4688 urbes
755 4648 874 4703 quae
896 4648 925 4687 a
950 4631 1177 4689 Valente
1198 4632 1521 4705 imperatore
1547 4636 1760 4693 fuerant

160 4720 457 4775 distractus
490 4726 544 4770 et
572 4716 788 4787 praesidi
828 4717 1182 4787 Cappadocia:
1206 4722 1453 4775 secunda:
1481 4719 1758 4789 subjectae.

162 4808 244 4861 En
279 4813 371 4858 est
402 4803 670 4857 sententia
720 4804 1031 4868 verborum,
1064 4805 1130 4859 ad
1157 4818 1275 4874 quae
1309 4805 1388 4859 vir
1418 4805 1760 4861 doctissimus

162 4888 478 4946 oﬂ‘endisse
506 4888 721 4943 videtur
744 4904 757 4943 :
784 4886 883 4951 Δὸς
910 4886 966 4942 δὲ
990 4890 1086 4943 καὶ
1116 4888 1325 4943 πόλεων
1352 4890 1636 4962 προσθήκῃ
1661 4893 1759 4960 τὴν

160 4974 358 5047 ἀρχὴν
390 4971 757 5043 εὐθηνετοθαι,
809 4972 895 5027 ἵνα
924 4990 1007 5027 σοι
1039 4972 1399 5044 περίϐλεπτος
1425 4974 1513 5030 διὰ
1544 4976 1761 5030 πάντων

162 5062 203 5131 ἡ
234 5055 449 5127 πατρὶς
472 5057 723 5129 γένηται.
752 5055 924 5113 Reate
949 5073 1079 5129 ergo
1117 5059 1453 5116 consularem
1485 5057 1759 5117 Hierocles

162 5144 313 5202 huic
344 5140 697 5209 Cappadociae
741 5140 925 5209 dedit;
982 5157 1081 5198 nec
1118 5144 1412 5215 quidquam
1448 5143 1522 5199 illi
1567 5143 1763 5217 oﬂiciet

166 5228 366 5284 Nam.
396 5225 528 5294 imp.
567 5222 773 5283 Orient.
806 5239 860 5282 c.
905 5226 959 5294 1,
990 5228 1078 5282 ubi
1121 5229 1334 5298 praesidi
1379 5220 1757 5298 committitur,

163 5312 346 5370 modo
381 5321 500 5364 eam
554 5305 861 5366 Theodosio
900 5311 1138 5367 secundo
1183 5322 1235 5368 ct
1278 5310 1465 5369 Firmo
1506 5314 1761 5385 episcopo

162 5412 304 5456 esse
335 5394 572 5466 priorem
604 5396 941 5453 memineris.
1172 5390 1179 5399 ’

246 5481 392 5536 Ibid.
422 5477 764 5548 Καισάρεια.
795 5477 937 5537 Olim
965 5482 1129 5538 totius
1154 5480 1504 5552 Cappadocia:
1531 5482 1631 5537 fuit
1653 5498 1764 5539 me-

165 5565 435 5637 tropolis,
458 5566 555 5620 sed
580 5565 855 5634 provincia
888 5566 941 5622 in
962 5570 1098 5625 duas
1122 5584 1151 5623 ει
1182 5566 1407 5624 Valente
1437 5570 1763 5641 imperatore

166 5663 335 5709 secta
368 5650 511 5706 bane
531 5648 603 5707 illi
630 5648 947 5718 dignitatem
979 5651 1237 5708 invidisse
1269 5652 1452 5725 Tyana
1489 5655 1765 5711 vitientur.

165 5736 361 5795 Liteiu
413 5734 517 5793 sub
577 5733 884 5794 Theodosio
938 5737 1454 5813 secundoﬁsopitam
1510 5740 1674 5798 fuisse
1709 5751 1763 5798 et

1878 415 2035 484 epist.
2079 416 2145 471 17
2185 419 2273 475 iud
2301 430 2404 477 cat.
2443 421 2612 479 Statu
2654 424 2821 481 fuisse
2844 427 2913 481 ad
2942 428 3189 496 Arga'um
3222 443 3460 489 montem

1878 509 2078 556 norunt
2115 518 2325 571 omnes,
2361 523 2465 561 non
2515 509 2642 563 item
2688 521 2909 581 propter
2955 513 3347 581 amplissimum
3383 517 3462 568 la-

1878 595 2026 667 cum,
2056 585 2147 656 qui
2186 590 2234 641 in
2271 588 2436 661 ilalyu
2472 590 2765 660 influebat;
2800 607 2981 661 cpt-rae
3014 594 3195 666 itaque
3228 599 3459 667 pretium

1879 662 2040 753 fuerit
2091 670 2310 737 paulum
2344 673 2467 727 huic
2493 677 2565 727 rei
2595 677 2892 743 immorari,
2918 689 2971 731 et
2998 662 3118 747 quat.
3154 662 3268 734 loca
3300 682 3464 753 llalys

1876 748 2119 835 pra'ﬂuat
2172 753 2470 827 inquirere.
2526 759 2697 816 Lacus
2750 762 3008 818 distineta
3066 766 3273 821 mentio
3319 748 3459 835 apud

1875 832 2194 892 Strabonem
2241 856 2340 904 xu,
2389 858 2441 912 p.
2479 844 2583 906 558
2626 856 2727 912 est,
2784 856 2836 901 et
2870 846 3132 901 incertum
3181 832 3458 906 auctorem

1873 918 2117 983 epistolae
2171 937 2291 989 qua:
2334 927 2476 981 inter
2522 927 2824 984 Basilianas
2869 933 3176 987 ttuvissitr-ze
3210 935 3459 991 editionis

1874 1001 1999 1089 565.
2058 1005 2105 1060 is
2153 1022 2275 1061 eum
2340 1013 2630 1066 inmanem
2691 1014 2830 1067 nivis
2906 1025 2958 1068 et
3009 1017 3205 1086 pluviae
3246 1021 3456 1089 copiam

1874 1087 1927 1173 in
1956 1104 2077 1141 eum
2117 1091 2388 1160 depluisse
2424 1108 2722 1164 narrasset,
2766 1098 2972 1170 ἁθρόας·
3011 1095 3104 1155 οὖν
3134 1087 3453 1173 γενομένης,

1874 1172 2171 1244 ἱηίμιίι,τῆς
2195 1177 2401 1247 τήξεως
2417 1180 2712 1236 ἁνείκαστσ.
2729 1183 2949 1255 ἐκινήθη
2966 1186 3232 1257 ῥεύματα,
3248 1172 3458 1259 ἀεννᾶφ

1871 1262 2106 1331 ποταμῷ
2142 1266 2647 1335 συνεπιμιγνύμενα
2673 1267 2750 1339 τῷ
2782 1268 2943 1323 "Aloi
2967 1272 3176 1341 ὲναύλῳ
3204 1290 3263 1325 τε
3290 1272 3401 1326 ὄντι
3440 1291 3452 1327 :

1869 1360 1974 1412 qua
2002 1346 2111 1398 niue
2141 1346 2312 1400 subito
2347 1348 2679 1417 liquescentis,
2719 1353 2911 1421 ﬂuctus
2951 1355 3305 1419 incredibiles,
3338 1355 3456 1426 ,ἰαρρὶ

1867 1429 2029 1498 ﬂuuio
2063 1439 2218 1499 atque
2252 1443 2369 1485 arto
2409 1436 2553 1488 alveo
2591 1438 2759 1488 ruenti
2813 1434 2974 1507 Halyi
3015 1440 3304 1504 commixti,
3336 1456 3456 1493 sur-

1870 1526 2134 1569 rexerunt.
2164 1518 2294 1583 Quae
2328 1518 2543 1585 Halym,
2585 1519 2708 1575 licet
2752 1521 3053 1577 Cotelerius
3088 1531 3220 1579 tom.
3272 1540 3308 1578 ιι
3341 1524 3452 1578 Μο-

1869 1612 2018 1653 nam.
2055 1598 2227 1655 Crtec.
2277 1619 2329 1673 p.
2366 1605 2433 1660 97
2477 1617 2531 1660 et
2585 1622 2822 1675 nuperus
2864 1606 3043 1662 editor
3092 1623 3215 1662 eum
3268 1609 3452 1665 videre

1868 1681 2161 1747 uoluerint,
2214 1689 2354 1741 haud
2411 1691 2635 1743 multum
2687 1690 2932 1745 Cmsarea
2988 1702 3286 1747 removent.
3343 1693 3451 1749 Nec

1867 1764 2029 1827 altus,
2083 1779 2231 1848 puto,
2295 1780 2379 1827 est
2435 1774 2634 1841 γείτων
2703 1776 2967 1845 ποταμός,
3022 1776 3173 1845 cujus
3233 1776 3461 1833 Firmus.

1866 1850 2026 1917 epist.
2078 1853 2166 1907 55.
2219 1856 2509 1923 meminit;
2548 1859 2649 1913 nisi
2703 1868 2757 1913 ttt
2794 1860 3050 1915 Melanem
3101 1876 3222 1915 esse
3270 1860 3448 1927 malis,

1866 1949 2025 2003 quem
2052 1936 2246 1993 Strabo
2280 1956 2378 2008 xit,
2403 1960 2454 2013 p.
2482 1942 2586 1999 558
2612 1945 2802 1999 stadiis
2832 1945 2900 2000 40
2932 1946 2998 2001 ab
3027 1948 3155 1999 urbe
3182 1948 3449 2002 scaturire

1866 2022 2122 2090 prodidit.
2154 2024 2306 2091 Quod
2340 2038 2617 2097 utcunque
2647 2031 2921 2097 ceciderit,
2953 2030 3137 2105 Halym
3172 2048 3299 2099 agro
3327 2049 3446 2098 suo,

1864 2107 1965 2159 etsi
2006 2122 2150 2177 saepe
2186 2105 2714 2180 perincommodum,
2761 2114 3123 2170 thsarienses
3164 2116 3295 2183 eripi
3339 2131 3443 2169 non

1863 2190 2158 2258 patientur.
2184 2193 2297 2249 Huc
2332 2210 2361 2251 a
2390 2194 2635 2252 Sebastia
2662 2197 2950 2265 deﬂuebat,
2981 2199 3034 2255 in
3067 2201 3444 2255 Armeniorum

1864 2274 2067 2330 ditione
2091 2288 2242 2334 ortus
2272 2298 2285 2336 :
2312 2274 2471 2345 citro;
2494 2285 2521 2335 ὁ
2558 2282 2729 2355 iuxtim
2760 2284 2859 2352 (sic
2888 2300 3007 2337 cum
3042 2283 3448 2339 Hemstcrhusio

1863 2369 2051 2437 nostro
2090 2361 2206 2431 lege
2245 2380 2258 2418 :
2304 2366 2429 2419 nam
2467 2365 2647 2437 λαχὼν
2680 2367 2847 2421 multo
2893 2367 3287 2434 ineptissimum
3315 2370 3441 2435 est),

1863 2436 2017 2502 οὗτος
2046 2445 2075 2496 ὁ
2102 2444 2275 2515 λοχῶν
2313 2450 2467 2517 ἡμῖν,
2503 2436 2935 2518 ἱηήιιίιρρίειοιτθ
2970 2452 3218 2517 Scriptor,
3252 2451 3446 2518 γείτων

1864 2528 2130 2598 ποταμὸς,
2147 2530 2424 2595 ἐκϐλὺζων
2447 2534 2544 2603 μὲν
2566 2537 2630 2588 ὲκ
2648 2535 2744 2604 τῆς
2760 2534 2867 2587 τῶν
2883 2531 3207 2603 Ἀρμενίων,
3228 2534 3251 2583 ὲ
3261 2533 3448 2603 (46:621-

1862 2607 2091 2679 ζόμενος
2111 2614 2166 2666 δὲ
2189 2614 2246 2667 ἑν
2263 2618 2330 2687 τῇ
2350 2616 2623 2690 ἱερωτάτη
2640 2617 2805 2691 λίμνῃ
2821 2618 2928 2671 τῶν
2950 2612 3301 2688 Σεϐαστηνῶν
3321 2635 3371 2670 κ.
3392 2618 3443 2675 λ.

1861 2693 2035 2762 Atque
2059 2697 2161 2771 hoc
2194 2714 2316 2753 cum
2349 2699 2617 2757 Strabone
2648 2719 2743 2770 xu,
2778 2697 2949 2773 p.546
2987 2704 3119 2756 bene
3150 2701 3283 2761 satis
3312 2717 3447 2755 con-

1866 2779 2017 2834 Vcnit
2063 2797 2076 2835 :
2116 2779 2306 2854 Halym
2355 2787 2500 2839 enim
2550 2802 2614 2841 ex
2667 2801 2860 2857 magna
2911 2785 3249 2855 Cappadocia
3301 2787 3444 2841 circa

1864 2862 2275 2935 Canthysenem,
2310 2867 2581 2924 Armeniae
2621 2871 2985 2925 coutributam
3010 2910 3024 2935 ,
3068 2871 3295 2925 derivat.
3338 2869 3447 2924 Nec

1864 2945 2022 3017 longe
2048 2948 2564 3008 aberit'lierodotus
2596 2970 2633 3018 ι,
2668 2953 2759 3018 7ὶ,
2796 2955 2841 3009 si
2876 2968 2971 3021 per
3001 2950 3289 3025 Ἀρμένιον
3320 2953 3447 3024 ὄρος

1864 3042 2100 3087 montem
2148 3035 2420 3091 Armenia!
2474 3037 2827 3095 intellexerit.
2884 3034 3097 3107 Optime
3147 3052 3275 3094 vero
3321 3054 3444 3094 cum

1862 3113 2127 3187 Gregorio
2185 3117 2433 3189 Nysseno
2488 3122 2732 3189 epistolae
2781 3132 2971 3177 auctor
3012 3124 3303 3188 consentit,
3355 3126 3447 3193 qui

1863 3209 2005 3254 oi‘at.
2050 3201 2073 3255 at
2130 3203 2182 3256 in
2213 3202 2285 3258 40
2320 3203 2543 3274 Martyr.
2594 3204 2923 3263 Sebasteuos
2953 3221 3005 3276 p.
3050 3205 3147 3261 501
3194 3224 3208 3258 :
3245 3206 3445 3260 Τοῦτον

1862 3281 2008 3351 λέγω
2054 3285 2147 3338 τὸν
2179 3286 2397 3354 γείτονα
2430 3289 2693 3359 ποταμὸν,
2734 3290 2792 3354 ὃς
2848 3289 2933 3343 διὰ
2977 3291 3039 3344 τὸ
3074 3289 3305 3360 μέγεθος
3334 3292 3448 3353 τοῖς

1861 3368 2180 3437 ὀνομαστοῖς
2209 3372 2320 3425 τῶν
2349 3372 2492 3426 κατὰ
2522 3373 2620 3445 τὴν
2654 3374 2982 3446 οἰκουμένην
3041 3374 3309 3447 παταμῶν
3347 3377 3448 3428 ὲν-

1867 3454 2124 3525 αρίθμιος
2156 3456 2253 3517 ὢν,
2286 3458 2397 3511 ἀπὸ
2421 3457 2521 3529 τῆς
2559 3462 2834 3530 ἡμετέρας
2871 3460 3172 3531 ἀρχόμενος
3192 3461 3248 3512 ὲν
3270 3461 3448 3530 χρόνῳ

1864 3538 2199 3607 παραμείϐει
2239 3542 2339 3610 τὴν
2389 3541 2563 3595 πόλιν.
2596 3541 2715 3597 Non
2752 3542 2838 3597 ille
2866 3544 3083 3613 quidem
3124 3542 3311 3614 Halym
3350 3559 3443 3595 no-

1866 3625 2075 3689 minat;
2109 3628 2203 3679 sed
2239 3640 2340 3680 nec
2369 3627 2419 3680 in
2450 3625 2556 3682 irin
2598 3643 2773 3698 neque
2802 3631 3001 3699 Lycum
3031 3628 3298 3697 quadrent
3324 3643 3443 3696 qum

1864 3708 1929 3762 dc
1955 3706 2119 3763 ﬂuvio
2141 3709 2401 3777 praedicat
2432 3728 2445 3765 :
2481 3719 2672 3766 neuter
2691 3712 2835 3766 enim
2872 3720 2983 3767 tam
3012 3711 3157 3783 large
3191 3713 3445 3779 etample

1862 3791 2019 3847 ﬂuxit
2069 3805 2126 3847 ut
2177 3808 2299 3849 cum
2342 3794 2693 3863 nobilissimis
2749 3794 2898 3851 orbis
2945 3807 3207 3850 terrarum
3268 3795 3446 3849 ﬂuviis

1863 3877 2112 3932 contendi
2143 3878 2333 3948 possit.
2375 3876 2432 3932 In
2466 3877 2657 3951 Halym
2695 3880 2989 3936 convenire
3016 3895 3179 3935 nemo
3210 3894 3441 3951 negave-

1865 3962 1957 4015 rit.
1987 3960 2069 4016 Ne
2098 3962 2273 4016 dicam
2311 3963 2517 4019 nullius
2557 3966 2878 4020 auctoritate
2908 3965 3117 4035 liquere
3142 3965 3440 4020 Sebastiani
3478 4027 3482 4032 I

1864 4049 2011 4121 Lyco
2062 4043 2232 4105 fuisse
2286 4050 2621 4121 appositam;
2678 4053 2831 4122 cujus
2881 4051 3123 4115 fontibus
3174 4052 3446 4106 assidebat

1866 4133 2255 4202 Sebastopolis,
2304 4137 2355 4189 tti
2394 4135 2544 4189 fallat
2582 4134 2924 4202 Ptolemaeus,
2958 4151 2988 4191 a
3016 4151 3119 4205 qua
3149 4150 3340 4190 versos
3365 4137 3446 4189 in-

1866 4219 2121 4272 teriorem
2167 4219 2475 4273 Armeniam
2518 4218 2638 4288 plus
2676 4218 2747 4273 40
2791 4219 2857 4275 Μ.
2895 4220 2955 4276 Ρ.
2988 4220 3233 4275 Sebastia
3278 4220 3447 4275 dista-

1866 4301 1978 4356 bat.
2014 4298 2205 4372 ltaque
2258 4303 2302 4357 si
2346 4313 2491 4358 recte
2544 4305 2657 4358 haec
2685 4303 3097 4374 disputavimus,
3147 4318 3256 4359 non
3289 4303 3446 4359 tidt-o

1865 4388 1956 4455 qui
1987 4386 2234 4441 excusari
2269 4385 2479 4441 Plinius
2510 4390 2681 4457 possit
2715 4403 2786 4452 vt,
2817 4387 2854 4441 2
2884 4403 3094 4445 amnem
3123 4385 3312 4460 Halym
3349 4403 3445 4458 per

1865 4469 2179 4525 Cataoniam
2236 4470 2290 4523 in
2334 4469 2728 4540 Cappadociam
2774 4471 3074 4527 immittens
3118 4470 3447 4528 :deﬂuxerit

1865 4555 2011 4610 enim
2042 4562 2253 4623 oportet
2285 4568 2352 4608 ex
2388 4554 2697 4624 regionibus
2723 4554 2881 4627 longe
2910 4555 3049 4611 ultra
3071 4555 3307 4611 Taurum
3342 4571 3443 4626 po-

1866 4640 2005 4703 sitis.
2030 4638 2297 4710 siquidem
2325 4639 2585 4695 Cataonia
2615 4638 2993 4710 Commagena:
3022 4640 3120 4697 fuit
3160 4653 3445 4714 przeteuta.

1868 4723 2035 4778 Multo
2068 4724 2248 4777 minus
2279 4736 2402 4778 sese
2442 4724 2738 4778 tuebuntur
2764 4724 3097 4781 recentiores
3128 4727 3438 4796 geographi,

1868 4809 2068 4877 passim
2115 4808 2219 4862 hoc
2259 4806 2460 4863 ﬂumen
2494 4821 2560 4862 ex
2589 4807 2776 4862 intima
2822 4808 2974 4875 Asia,
3010 4809 3288 4865 meridiem
3316 4824 3445 4876 spe-

1868 4904 2074 4960 ctante,
2107 4893 2415 4948 eminentes
2436 4900 2623 4948 contra
2660 4892 2876 4948 Arriani
2916 4896 3117 4948 monita
3153 4894 3206 4949 in
3243 4890 3444 4961 Peripl.

1868 4977 2029 5033 Pout.
2071 4976 2263 5033 Euxin.
2302 4993 2357 5048 p.
2398 4976 2466 5033 16
2500 4977 2585 5033 ed.
2616 4976 2816 5042 Οχοιι..
2862 4993 3038 5047 neque
3080 4979 3262 5041 urbes,
3311 4993 3446 5047 quas

1868 5065 2000 5129 dixi,
2042 5064 2113 5118 illi
2148 5064 2512 5120 adstruentes.
2536 5062 2826 5132 Caeterum,
2864 5064 3006 5134 quod
3048 5064 3438 5141 propemodum

1870 5148 2231 5217 neglexeram,
2257 5148 2308 5202 itt
2327 5145 2573 5219 Gregorii
2597 5147 2822 5220 NySseui
2848 5148 3027 5203 verbis
3049 5163 3153 5203 non
3184 5150 3241 5201 ὲν
3267 5150 3444 5220 χρόνῳ

1869 5235 1962 5289 sed
1994 5234 2052 5285 ὲν
2080 5232 2195 5303 χρῷ
2225 5230 2558 5303 παραμείδιι
2585 5232 2746 5288 scribi
2776 5234 2953 5298 debet,
2982 5241 3038 5286 ut
3064 5233 3284 5301 pulchre
3317 5234 3448 5287 ami-

1869 5333 1961 5373 ως
1989 5326 2193 5371 noster.

1940 5402 2070 5457 ibid.
2107 5405 2346 5457 Νινσσα.
2383 5401 2536 5458 Hanc
2566 5403 2912 5473 metropolin,
2943 5402 3036 5456 sed
3071 5403 3226 5457 titulo
3283 5413 3440 5457 tenus

1872 5489 1990 5543 sine
2026 5486 2191 5568 re’ls.
2229 5489 2583 5544 Casaubonus
2628 5489 2683 5542 in
2709 5490 2872 5559 epist.
2922 5487 3168 5557 Gregorii
3212 5487 3440 5560 Nysseni

1871 5576 1937 5630 ad
1976 5573 2311 5628 Eustatbiam
2342 5588 2394 5641 p.
2426 5574 2547 5629 116.
2574 5572 2747 5628 fuisse
2766 5575 3107 5638 autumabat,
3140 5576 3281 5644 quod
3303 5576 3443 5629 haud

1874 5657 2067 5728 injuria
2106 5659 2320 5728 negavit
2362 5659 2727 5727 Spanhetuius
2788 5660 3013 5713 Dissert.
3051 5662 3082 5713 9
3130 5659 3198 5713 de
3249 5656 3354 5713 Usu
3386 5674 3441 5713 et

1872 5742 2064 5799 Pratst.
2101 5740 2257 5798 Num.
2294 5758 2347 5813 p.
2375 5742 2498 5813 599,
2518 5742 2733 5801 tametsi
2775 5752 2920 5800 erret
2946 5742 3441 5820 vir_uubilissitnus,
