4074 6338
572 282 714 353 1167

574 402 739 459 tentia
770 399 912 455 :etsl
951 398 1092 455 enim
1133 400 1405 455 Ammiani
1438 400 1656 456 Sandan
1696 404 1797 457 viri
1840 401 2140 458 doctissimi

566 484 806 555 Opinioni
857 483 1248 553 quodammodo
1289 486 1686 553 patrocinctur,
1742 487 1926 539 oblat
1967 498 2142 538 tamen

571 569 827 633 Damalis,
859 582 978 637 qua:
1010 582 1131 621 cum
1183 566 1359 623 Sanda
1410 570 1697 639 conjuncta
1740 570 2145 641 Δαμαλισανδὸν

569 663 622 706 et
652 660 927 706 contracto
954 650 1279 705 Δαλισανδὸν
1310 652 1505 707 format
1536 671 1549 705 :
1577 667 1645 707 ne
1673 653 1848 707 dicam
1888 653 2141 709 Basiliurn

571 734 723 789 Tarsi
762 748 882 789 eum
912 735 1155 789 meminit
1201 750 1414 804 semper
1448 735 1670 793 honoris
1704 738 1889 791 titulos
1923 739 2142 801 addere,

574 827 630 873 ut
657 817 762 871 Vit.
796 816 1054 873 Tlteelml
1089 834 1142 887 β.
1170 817 1277 873 275
1301 819 1514 888 Τάρσος
1554 822 1588 891 ἡ
1620 820 1782 889 καλὴ,
1819 821 1854 874 2
1892 820 1954 876 10
1982 822 2014 890 ἡ
2047 838 2145 889 μευ

568 900 732 971 γάλη,
756 910 811 955 et
839 901 902 954 I5
929 902 962 971 ὴ
993 901 1175 956 κάλλει
1202 902 1301 956 καὶ
1333 901 1554 973 μεγέθει
1584 904 1813 974 λαμπρὰ
1843 904 1939 957 καὶ
1966 903 2143 958 εὐδαί-

572 1002 708 1055 μων.
741 987 819 1038 Ad
858 985 978 1050 hoc,
1014 985 1161 1041 urbis
1190 981 1331 1054 apud
1369 984 1626 1039 Basilium
1651 988 1908 1040 conditor
1934 986 2143 1039 Samius

570 1067 817 1124 Herculis
845 1071 986 1125 lilius
1006 1069 1271 1134 1ιιὶι,·‹·ιιιυ
1290 1070 1565 1124 Αωιηίοηί
1590 1070 1812 1125 Sandan
1841 1087 1904 1126 ex
1926 1070 2144 1125 (Ethio-

568 1155 652 1223 pia
678 1157 747 1208 sit
780 1158 1073 1223 profectus,
1102 1155 1183 1209 vir
1206 1156 1495 1223 opulentus
1516 1164 1570 1208 et
1600 1154 1814 1217 nobilis,
1841 1166 1897 1209 et
1922 1156 2144 1209 diversa:

568 1251 850 1307 pmpterea
910 1239 1137 1309 originis
1193 1238 1458 1294 videatur.
1516 1238 1665 1311 Quod
1724 1247 1900 1291 tamen
1953 1254 2143 1307 urgere

570 1322 755 1384 nolim,
788 1337 907 1375 cum
937 1325 989 1375 in
1023 1323 1245 1375 heroum
1277 1338 1472 1392 genere
1515 1338 1697 1377 secum
1729 1323 1958 1376 invicem
2006 1338 2145 1389 srepe

571 1405 889 1461 dissentiant
932 1417 1171 1467 veteres;
1230 1416 1374 1459 certe
1418 1422 1522 1460 non
1574 1407 1860 1460 laudavere
1900 1421 1995 1461 nec
2040 1403 2146 1457 Va-

568 1485 711 1551 lesii,
750 1490 839 1555 qui
884 1504 984 1558 pro
1018 1504 1081 1543 ea:
1119 1487 1421 1555 Aftltt'opia,
1454 1490 1706 1559 quoniam
1761 1504 1890 1542 mss.
1927 1488 2142 1558 quidam

568 1588 632 1625 ca:
669 1570 858 1625 zEr/rio
901 1573 1169 1636 scribunt,
1208 1589 1275 1627 ea:
1320 1572 1453 1627 Chio
1501 1575 1770 1643 profectu:
1815 1573 2142 1638 emendavit,

569 1667 843 1719 conatum,
893 1671 991 1711 nec
1018 1655 1275 1711 Gronovii
1316 1673 1381 1710 ea:
1421 1655 1680 1710 Slater/tio
1719 1656 1799 1708 vel
1851 1655 2146 1709 Melarhoio

570 1739 917 1808 corrigentis.
949 1738 1158 1795 Sandes
1195 1740 1338 1795 enim
1370 1742 1486 1793 sive
1527 1738 1786 1795 Ilercules
1814 1754 1907 1793 seu
1944 1738 2147 1794 Hercu-

568 1822 636 1878 lis
665 1823 805 1878 lilins
837 1825 1149 1894 peregrinus
1178 1824 1299 1891 fuit,
1331 1832 1392 1881 et
1431 1840 1493 1879 ex
1535 1824 1741 1878 ultimis
1791 1824 1954 1879 india:
1989 1825 2144 1891 locis,

569 1922 730 1970 quam
760 1924 879 1961 cum
914 1907 1187 1977 jEthiopia
1221 1924 1362 1978 smpe
1395 1908 1712 1979 permisceri
1743 1920 1928 1961 notum
1957 1917 2064 1974 est,
2092 1910 2146 1963 in

568 1992 809 2046 Ciliciam
844 1992 1056 2047 invasit.
1089 1992 1357 2047 Docemur
1388 1995 1485 2046 hoc
1512 2005 1540 2044 a
1568 1991 1755 2047 Nonne
1780 1992 1849 2047 51
1876 1992 1995 2057 196,
2023 2008 2145 2046 cum

570 2075 904 2136 Morrbeum.
966 2076 1215 2130 Indorum
1272 2077 1411 2145 regis
1469 2091 1724 2147 generum
1774 2086 1827 2131 et
1872 2079 2144 2147 cupiarum

570 2163 784 2225 ducem,
822 2160 1061 2214 (liciliam
1092 2161 1368 2215 domuisse
1394 2176 1460 2216 ac
1500 2160 1734 2215 Saudam
1784 2161 1912 2215 inibi
1965 2162 2147 2232 appel-

570 2243 669 2297 lari
727 2245 974 2313 perhibet
1021 2263 1034 2300 :
1078 2244 1240 2299 Ὅθεν
1301 2245 1547 2300 Κιλίκων
1601 2247 1680 2299 ἐνὶ
1746 2244 1877 2318 γαίῃ
1940 2245 2147 2319 Σάνδης

581 2328 889 2401 Ἠρακλέης
938 2329 1289 2400 κικλήσκεται
1326 2329 1492 2383 είσέτι
1541 2329 1814 2403 Μὸῥρευς,
1856 2329 1980 2395 ubi,
2015 2341 2072 2384 ut
2116 2344 2146 2385 tt

571 2412 884 2469 doctissimo
909 2412 1111 2468 (lunato
1139 2412 1269 2484 quid
1304 2421 1626 2478 mutaretur,
1654 2413 1791 2468 nihil
1824 2411 1999 2468 fuerat
2046 2429 2145 2469 ne-

570 2511 743 2558 cesse,
797 2496 870 2550 uti
912 2510 1013 2551 nec
1050 2495 1121 2551 ab
1158 2494 1439 2551 Harduino
1486 2497 1540 2551 in
1576 2495 1734 2551 Plinii
1765 2497 1799 2553 6
1837 2497 1950 2554 20:
1984 2494 2147 2554 Indus

571 2580 716 2635 enim
742 2578 956 2644 ﬂuvius,
980 2579 1173 2640 incolis
1196 2576 1411 2636 Samius
1434 2580 1755 2649 appellatus,
1777 2579 1990 2636 Herculi
2023 2583 2147 2636 huic

572 2663 756 2719 Iudico
784 2663 1218 2719 videturmerilo
1248 2663 1742 2733 cognominimNee
1771 2665 1914 2721 Indis
1939 2675 2144 2721 tantum

573 2749 778 2803 Sandes
810 2747 863 2801 in
901 2746 1105 2803 honore
1136 2757 1273 2813 erat,
1312 2760 1496 2803 rerum
1527 2758 1580 2804 et
1620 2748 1823 2814 Persis,
1853 2764 1987 2820 quos
2014 2752 2151 2819 Aga-

550 2834 737 2899 'thias,
752 2833 907 2902 cujus
923 2834 1050 2888 mihi
1071 2834 1326 2889 indicium
1342 2831 1467 2888 fecit
1484 2831 1919 2891 Hemsterhusius
1938 2847 2148 2902 noster,

568 2918 624 2981 9,
656 2932 707 2985 p.
733 2917 800 2970 6‘2
832 2916 1113 2971 Herculem
1174 2916 1391 2971 Sanden
1449 2932 1758 2985 nuncupare
1801 2917 2145 2975 testiﬁcatur.

571 3001 757 3069 Itaque
788 3000 889 3054 sia
927 2998 1203 3055 Damalido
1260 3010 1314 3055 et
1349 2998 1529 3054 Sanda
1572 2999 1895 3056 Dalisandus
1932 3004 2022 3069 sit,
2058 3003 2144 3056 vix

573 3086 703 3139 mihi
740 3083 1049 3153 persuaderi
1085 3082 1262 3153 patior
1286 3083 1596 3138 Λαλίσανδα
1622 3085 1809 3140 urbem
1841 3085 2030 3149 fuisse,
2060 3097 2141 3141 ta-

574 3169 731 3222 metsi
764 3178 954 3223 teatem
988 3170 1117 3223 citet
1156 3166 1459 3237 Stephanus
1489 3167 1825 3238 Capitonem.
1857 3171 1892 3223 l.
1928 3186 1943 3224 t
1987 3169 2148 3225 Isau-

573 3255 800 3307 ricoruut
829 3293 845 3317 ,
894 3266 1133 3321 unquam
1194 3252 1415 3306 dictam.
1480 3247 1613 3306 Novi
1658 3252 1786 3321 quid
1837 3251 2149 3309 Victorinus

571 3334 873 3390 Graintuat.
906 3350 959 3403 p.
1004 3332 1170 3400 2I70,
1204 3335 1334 3404 quid
1365 3332 1454 3388 alii
1499 3337 1565 3389 de
1604 3336 1647 3389 Δ
1693 3344 1745 3390 et
1775 3338 1813 3389 Δ
1859 3339 1997 3392 inter
2030 3354 2148 3395 sese

574 3419 919 3475 comtuutatis
941 3417 1259 3487 scripserint
1285 3437 1297 3473 :
1321 3418 1413 3472 sed
1439 3417 1541 3472 alia
1569 3417 1654 3473 bic
1671 3427 1726 3474 et
1752 3420 1917 3473 multo
1939 3422 2147 3476 diversa

572 3514 655 3558 est
690 3501 863 3557 ratio:
898 3517 1071 3571 neque
1100 3502 1244 3558 enim
1281 3501 1539 3557 Damalim
1566 3512 1620 3556 et
1656 3500 1915 3557 Lamalim
1947 3506 2150 3561 dixisse

573 3586 828 3643 credibile
857 3597 960 3642 est.
996 3585 1179 3641 Potius
1218 3585 1457 3642 arbitror
1495 3587 1548 3641 in
1582 3584 1867 3655 Capitonis
1902 3585 2147 3643 lsauricis

573 3670 1003 3727 conformatione
1043 3670 1345 3724 litterarum
1398 3670 1436 3721 Δ
1481 3678 1535 3724 et
1561 3670 1606 3724 Δ
1637 3684 1846 3725 errasse
1877 3671 2146 3737 librarios,

572 3773 744 3829 eaque
798 3758 1007 3811 ratione
1029 3753 1331 3808 Δαλίσανδα
1358 3768 1479 3809 esse
1504 3763 1651 3809 nata.

646 3843 764 3897 Coi.
802 3841 926 3897 152.
970 3839 1501 3909 Γερμανικόπολις.
1531 3835 1679 3893 Inter
1715 3838 1938 3895 Isauria:
1983 3842 2149 3897 medi-

577 3933 857 3981 terraneas
880 3924 1268 3980 Constantinus
1304 3923 1339 3977 Ι.
1367 3938 1406 3990 t,
1430 3924 1575 3976 them
1602 3922 1668 3976 15
1697 3922 1855 3978 locat.
1889 3923 2149 3994 Γερμανι-

576 4011 834 4073 κυύπολις
880 4009 978 4079 τῆς
1009 4007 1283 4079 Ἰσαυρίας
1334 4006 1530 4062 concil.
1563 4005 1894 4063 Chalcedon.
1928 4023 1980 4078 ῃ.
2021 4007 2146 4064 659.

642 4095 773 4148 Ibid.
811 4092 1231 4161 Είρηνόπολις.
1256 4089 1643 4161 Distinguenda
1668 4090 1781 4144 hinc
1814 4100 1896 4145 est
1918 4092 1984 4145 ab
2005 4091 2147 4161 ejus-

570 4179 693 4235 dem
738 4177 975 4233 nominis
1006 4176 1065 4231 in
1092 4174 1282 4231 Cilicia
1317 4172 1551 4228 secunda
1590 4174 1750 4239 urbe,
1808 4184 1867 4227 ut
1903 4175 2145 4230 studiose

573 4263 709 4317 litin
732 4260 1153 4328 Constantinum
1181 4258 1421 4314 secundo
1450 4273 1505 4327 p.
1540 4257 1644 4311 670
1685 4266 1739 4311 et
1763 4258 1861 4313 671
1890 4275 1903 4311 :
1938 4273 2062 4315 nam
2091 4271 2147 4314 et

570 4346 771 4401 Paulus
802 4343 1243 4418 Εἱρηνουπόλεως
1297 4343 1399 4412 τῆς
1442 4340 1699 4413 δευτέρας
1754 4342 1864 4395 τῶν
1907 4342 2148 4397 Κιλίκων

571 4428 840 4500 ὸπαρχίας
886 4437 941 4482 et
972 4425 1242 4497 Georgius
1280 4423 1720 4493 Είρηνουπόλεως
1754 4427 1855 4495 τῆς
1886 4424 2147 4498 Ίσαύρων

571 4511 839 4583 ἐπαρχίας
869 4509 1235 4566 subscribunt.
1290 4506 1523 4562 Basilius
1559 4506 1749 4563 Hirtio.
1794 4506 1851 4563 S.
1904 4506 2080 4563 Thecl.
2111 4510 2148 4563 2

570 4595 639 4653 18
676 4596 775 4667 τὴν
813 4593 937 4648 καθ’
968 4593 1115 4665 ἡμᾶς
1145 4590 1556 4665 Εἰρηνοῦπολιν,
1611 4600 1669 4648 ut
1700 4608 1731 4647 a
1762 4590 1967 4648 Cilicia}
2011 4595 2144 4647 urbe

569 4681 888 4750 distinguat,
911 4689 1213 4747 nuncupat.
1874 4684 1877 4687 λ

641 4764 776 4821 Ibid.
826 4762 1245 4833 Φιλαδέλφεια.
1303 4760 1398 4817 Est
1431 4761 1484 4816 in
1509 4759 1798 4817 Ptolemao
1821 4768 1881 4816 et
1916 4761 2145 4816 concilio

569 4845 898 4905 Chalcedon.
934 4861 989 4917 p.
1019 4844 1158 4913 659;
1202 4853 1519 4916 sequentem
1553 4845 1733 4916 legere
1764 4860 1867 4898 non
1902 4846 2144 4903 memini.

571 4932 743 4987 llabet
778 4929 1086 5000 Stephanus
1116 4929 1335 4985 Isauriae
1369 4929 1557 4983 urbem
1587 4928 1839 4992 Μονόὄας
1876 4944 1941 4983 οι
1970 4928 2145 4998 Capi-

572 5026 694 5070 tune
712 5030 872 5086 quam
899 5023 1138 5070 nostram
1156 5028 1277 5068 esse
1309 5028 1413 5066 non
1441 5012 1685 5066 linivero.

622 5098 773 5152 Ibid.
803 5098 1095 5167 Δαρασός.
1127 5095 1260 5150 Ρυιο
1283 5094 1535 5149 Carolum
1560 5110 1588 5148 a
1612 5094 1670 5149 S.
1690 5092 1859 5148 Paulo
1882 5095 2144 5166 Ἀδρασδν

570 5192 719 5236 recte
768 5182 1092 5235 correxisse.
1151 5179 1461 5249 Stephanus
1514 5178 1722 5242 πόλεως
1750 5177 2015 5250 Ἀδρασοῦ
2046 5180 2143 5248 τῆς

571 5263 834 5333 Ἰσαύρων
901 5263 1191 5337 ἐπαρχίας.
1253 5277 1371 5318 eam
1439 5262 1668 5326 urbem,
1708 5262 1847 5316 male
1908 5262 1960 5315 in
2013 5261 2142 5315 Ceo-

570 5349 790 5417 grapltia
810 5345 870 5403 S.
899 5350 1224 5419 neglectam,
1249 5346 1473 5415 requirit
1495 5344 1707 5402 Concil.
1726 5344 2139 5415 Constrintinup.

574 5441 694 5485 turi.
724 5446 777 5502 ρ.
808 5431 931 5487 671.

643 5515 779 5570 Ibid.
805 5515 1009 5581 Ζεέδη.
1033 5514 1193 5584 Σὸίδη
1236 5513 1356 5568 aliis
1378 5513 1619 5582 Notitiis,
1649 5512 1775 5583 Βίδη
1814 5514 2138 5569 Chalcedon.

570 5598 794 5671 Synodo
814 5615 866 5669 p.
900 5600 1026 5654 671.

647 5684 777 5739 Ibid.
827 5685 1143 5753 Νεάπολις.
1196 5682 1273 5739 De
1321 5686 1422 5739 hac
1450 5682 1585 5738 nihil
1626 5682 1839 5747 dixero,
1876 5683 1975 5736 nisi
2016 5681 2141 5737 Siti-

572 5770 692 5824 dam
721 5766 836 5837 ejus
868 5770 1023 5827 nobis
1053 5769 1368 5826 memoriam
1396 5757 1645 5825 servasse
1677 5768 1729 5822 in
1764 5767 2030 5829 'lv5zzog.

1593 287 1975 350 ADDENDA.
2018 310 2088 321 ’-
2117 286 2184 347 Ρ.
2225 282 2741 349 WESSELINGII

3687 287 3824 355 1168

2328 399 2464 454 lbid.
2501 399 2825 467 Λαιῖζὶιόος.
2869 400 2942 455 Ita
2994 400 3383 456 Constantinus
3432 399 3522 455 lib.
3564 418 3604 465 ι,
3656 406 3827 460 timo.

2250 483 2342 545 15,
2387 485 2472 536 ubi
2498 500 2620 538 eam
2653 482 2707 539 in
2750 485 2969 539 Isauriae
3013 484 3425 539 mediterraneis
3482 486 3647 542 fuisse
3676 490 3849 540 altir-'

2248 578 2378 623 mal.

2319 651 2449 704 Ibid.
2522 652 2659 704 Ὑπὸ
2734 650 3197 718 κονσουλάριον.
3268 651 3533 721 losrripta
3610 666 3689 707 est
3742 656 3825 709 1η.

2245 731 2623 804 Chrysostotni
2657 737 2816 805 epist.
2849 736 2951 791 139
2991 733 3275 789 Theodoro
3314 735 3417 806 τῆς
3465 738 3666 807 Συρῖας
3702 756 3828 790 ma-

2250 817 2543 887 σουλαρέῳ.
2592 815 2721 873 Vide.
2752 829 2807 873 et
2827 817 2948 873 Jac.
2977 815 3365 872 Gotltofredunt
3402 822 3451 872 in
3487 820 3523 873 l.
3560 821 3613 873 ll
3648 839 3695 875 e.
3724 821 3825 877 Th.

2248 901 2312 952 de
2350 899 2629 957 Cohortal.

2321 984 2451 1038 Ibid.
2493 984 2834 1054 Ἀντιόχεια.
2881 983 3057 1041 lees
3111 986 3278 1057 Syria:
3301 987 3621 1055 metropolin
3659 1004 3827 1057 agno-

2248 1078 2403 1121 scunt
2429 1082 2639 1122 omnes.
2700 1069 2832 1123 Vide
2880 1068 3264 1135 Spanhemium
3320 1069 3542 1123 Dissert.
3577 1074 3609 1125 9
3638 1074 3703 1125 de
3730 1090 3830 1125 usu

2249 1160 2295 1201 ει
2330 1161 2512 1219 ρταηι.
2548 1152 2711 1207 Num.
2750 1168 2803 1221 p.
2830 1152 2951 1208 586.
2978 1153 3113 1207 lline
3141 1151 3382 1223 Eunapio
3418 1158 3470 1207 in
3522 1154 3756 1210 Libanio
3796 1158 3830 1225 ἡ

2248 1234 2346 1301 τῆς
2376 1234 2560 1305 κοίλης
2579 1235 2923 1307 καλουμένης
2943 1236 3143 1307 Συρίας
3174 1236 3362 1307 πρώτη
3390 1238 3617 1296 πόλεων.
3653 1240 3830 1304 Quam

2250 1314 2322 1394 illi
2364 1318 2680 1387 dignitatem
2712 1318 3050 1373 Theodosius
3086 1320 3293 1388 primus
3323 1323 3390 1374 ob
3440 1332 3637 1375 motam
3681 1326 3831 1376 sedi-

2251 1401 2470 1466 tionetn,
2511 1416 2733 1470 prorsus
2767 1404 2964 1455 tttolitu
2989 1403 3222 1457 Severus
3247 1404 3564 1472 imperator,
3604 1406 3835 1459 abstulit

2249 1494 2298 1535 et
2330 1481 2611 1539 Laodicete
2640 1487 3002 1553 transeripsit.
3043 1494 3176 1541 teste
3204 1484 3546 1541 Theodoreto
3587 1486 3659 1542 Π.
3698 1486 3764 1541 Ε.
3802 1489 3837 1540 5

2246 1565 2443 1629 ‘20,eni
2484 1569 2755 1639 egregiam
2796 1569 2881 1625 Jo.
2930 1570 3350 1641 Chrysostomus
3402 1572 3637 1625 Ilontilia
3670 1574 3730 1625 17
3766 1576 3836 1627 ad

2248 1651 2570 1707 Antiochen.
2613 1668 2665 1721 p.
2708 1653 2812 1707 I75
2841 1653 2970 1709 edit.
3006 1669 3131 1708 nov.
3163 1655 3336 1709 lucem
3378 1653 3532 1708 feret.

2321 1734 2452 1788 Ibid.
2482 1738 2818 1792 Σελεύκεια.
2854 1738 3071 1792 Auctori
3110 1737 3201 1792 lib.
3242 1738 3261 1791 l
3296 1738 3531 1791 Macrob.
3583 1755 3631 1793 e.
3673 1742 3726 1793 ll
3792 1742 3831 1795 ὃ

2249 1820 2540 1874 Σελεύκεια
2592 1821 3029 1891 παραθαλασσία,
3098 1822 3251 1888 cujus
3311 1825 3471 1878 situm
3529 1833 3839 1879 accoratis-

2250 1905 2386 1959 sime
2419 1906 2701 1977 descripsit
2736 1906 2990 1978 Polybius
3019 1908 3053 1962 5
3084 1908 3171 1961 59.
3209 1906 3466 1963 Libauius
3497 1910 3593 1979 τὴν
3636 1911 3834 1963 Σελεὺο

2250 2007 2345 2043 κου
2377 1990 2633 2059 appellat,
2678 1992 2830 2059 quod
2860 2007 2984 2046 cum
3019 2007 3124 2045 non
3175 1994 3630 2047 animadverteret
3663 1996 3839 2049 inter-

2249 2088 2391 2139 pres,
2421 2076 2649 2143 turpiter
2667 2076 2851 2145 lapsus
2876 2082 2961 2129 est
2986 2076 3035 2128 in
3066 2075 3373 2129 Amice/tiro
3418 2092 3471 2146 p.
3506 2077 3629 2141 363,
3650 2080 3741 2131 τὸν
3767 2083 3837 2133 ἐκ

2248 2158 2345 2227 τῆς
2376 2158 2639 2211 Σελεύκου
2663 2159 2928 2231 τύραννον
2978 2158 3077 2227 (sic
3107 2159 3251 2212 enim
3296 2160 3515 2229 scripsit
3540 2160 3835 2233 Libanitts‘)

2251 2250 2532 2311 tyrannum
2568 2259 2598 2295 a
2632 2242 2847 2296 Seleuco
2886 2254 3125 2297 vertens.
3166 2242 3433 2311 [ﬁnge-nius
3478 2244 3836 2315 intelligitur,

2248 2326 2337 2394 qui
2370 2325 2659 2393 Seleuciae,
2689 2341 2808 2381 cum
2865 2327 3090 2396 imperio
3130 2324 3493 2381 Diocletianus
3545 2343 3834 2397 praeesset,

2252 2411 2585 2481 tyrannidem
2643 2413 2950 2475 invaSerat;
2986 2426 3094 2482 quo
3146 2412 3211 2465 de
3266 2414 3503 2481 egregi»,
3551 2426 3609 2467 ut
3667 2417 3833 2477 solet,

2249 2492 2414 2549 llenr.
2439 2493 2684 2550 Valesius
2732 2496 2784 2550 in
2815 2493 3027 2551 Eusebii
3068 2494 3136 2548 ΙΙ.
3178 2495 3242 2548 Ε.
3282 2497 3314 2551 8
3360 2495 3412 2550 6.
3437 2497 3499 2551 Ει
3531 2498 3837 2552 Seleucen—

2247 2579 2383 2634 sium
2405 2581 2610 2633 nummi
2642 2591 2901 2649 superant
2925 2581 3126 2649 plures,
3149 2594 3179 2634 e
3198 2582 3394 2641 quibus
3424 2582 3509 2635 hic
3526 2582 3843 2637 Gaza-Wit-

2247 2663 2423 2717 dianm
2452 2664 2717 2718 notandus
2748 2674 2867 2720 est:
2901 2664 3183 2717 ΑΥΤΟΚΡ
3209 2703 3225 2717 .
3257 2702 3268 2717 .
3296 2704 3335 2719 ..
3377 2666 3534 2720 NEP.
3590 2669 3838 2721 'I‘PAIA-

2247 2748 2403 2805 NOC.
2435 2748 2659 2805 APICT.
2696 2748 2849 2805 (ΖΕΒ.
2895 2749 3101 2804 ΓΕΡΜ.
3165 2751 3347 2823 ΔΛΚπ
3381 2762 3433 2804 et
3462 2762 3615 2823 parte
3657 2755 3835 2807 altera

2249 2832 2685 2887 ΣΕᾹΕΥΚΕΩΝ.
2735 2832 3078 2888 IIEIEPIAC.
3109 2833 3172 2887 B.
3211 2850 3331 2887 eum
3369 2838 3565 2904 templo
3592 2847 3842 2903 quatuor

2248 2914 2516 2969 columnis
2544 2914 2788 2983 sul'lulto,
2818 2917 2870 2971 in
2897 2916 3057 2987 cujus
3080 2916 3257 2972 medio
3286 2932 3459 2979 inons,
3496 2918 3632 2971 inl’ra
3660 2935 3836 2988 quem

2247 2996 2423 3052 ΖΕΥΟ
2456 2998 2725 3055 ΚᾹΣΙΟΟ.
2748 3000 2883 3055 Huic
2904 2999 3137 3055 similem
3168 3003 3220 3053 lti
3251 3000 3401 3054 Thes.
3432 2998 3642 3056 Frider.
3672 3018 3721 3056 c.
3754 3002 3839 3057 IX

2250 3083 2309 3138 11
2341 3098 2461 3137 cum
2493 3087 2530 3135 Δ
2556 3093 2615 3139 et
2647 3084 2699 3139 in
2726 3084 2893 3139 Num.
2935 3082 3109 3155 Impp.
3148 3080 3318 3139 Gra'c.
3356 3083 3627 3140 Vaillantii
3662 3103 3714 3157 p.
3757 3088 3844 3143 50

2250 3181 2372 3221 cum
2409 3175 2533 3222 nota
2564 3170 2766 3222 senarii
2794 3168 3073 3241 reperies;
3110 3182 3233 3238 qua:
3256 3167 3447 3224 littera:
3470 3185 3569 3225 nec
3602 3169 3840 3242 Traiani

2251 3265 2419 3319 annos
2446 3250 2699 3322 (obstant
2728 3252 2929 3321 quippe
2968 3251 3151 3307 Dacici
3198 3261 3359 3322 atque
3391 3251 3591 3321 Optimi
3642 3256 3786 3309 litttli
3820 3259 3843 3324 )

2252 3349 2349 3389 nec
2377 3351 2569 3389 novam
2605 3335 2897 3408 designant
2923 3350 3113 3403 teram,
3143 3337 3299 3407 cujus
3339 3338 3549 3391 initium
3581 3354 3847 3409 repeten-

2252 3421 2376 3474 dum
2418 3420 2558 3475 foret
2580 3436 2609 3474 a
2636 3418 2856 3491 Traiani
2883 3421 3105 3492 pietate,
3162 3437 3323 3490 quam
3353 3422 3470 3476 levi
3495 3423 3653 3478 Casio
3688 3427 3737 3478 in
3765 3427 3845 3481 iis

2252 3501 2494 3568 partibus
2524 3503 2986 3573 probaverit,qute
3015 3504 3083 3558 cl.
3115 3504 3279 3559 Liebe
3298 3506 3564 3559 sententia
3593 3522 3608 3559 :
3641 3518 3840 3564 retaut

2252 3585 2623 3640 Beroeensium
2654 3588 2882 3651 nummi,
2911 3585 3099 3642 iisdem
3124 3586 3339 3657 Trajani
3362 3591 3529 3643 titulis
3557 3593 3839 3662 inscripti,

2254 3670 2395 3722 inter
2452 3668 2767 3734 Wildiauos,
2825 3685 3057 3741 quorum
3118 3688 3260 3727 unus
3323 3675 3706 3732 BEI’OIAIQN.
3766 3679 3842 3742 Β,

2252 3753 2388 3806 alter
2412 3751 2471 3815 Γ,
2511 3754 2720 3817 tertius,
2764 3769 2925 3824 quem
2960 3755 3042 3807 vir
3092 3758 3344 3825 egregius
3385 3758 3583 3812 Select.
3617 3759 3841 3816 Nnutis.

2253 3836 2361 3890 tab.
2404 3834 2541 3890 XVII
2602 3836 2861 3907 vulgavit,
2906 3840 2963 3892 H
3000 3838 3237 3909 prafert,
3290 3848 3346 3894 et
3387 3839 3838 3900 Chalcidensium

2252 3919 2390 3986 apud
2428 3918 2770 3975 Vaillantium
2812 3936 2934 3975 cum
2989 3922 3160 3991 signis
3189 3925 3232 3975 A
3271 3933 3325 3977 et
3348 3928 3408 3976 Δ.
3462 3924 3645 3995 Neque
3675 3932 3835 3981 enim

2253 4011 2404 4071 puto,
2438 4002 2524 4056 vir
2549 4004 2743 4059 doctus
2768 4003 3125 4059 arbitrabitur
3147 4006 3214 4059 ad
3249 4022 3437 4062 omnes
3467 4009 3638 4080 Syria:
3662 4016 3841 4069 urbes

2250 4102 2368 4139 cant
2419 4102 2583 4141 teram
2642 4089 2966 4156 pervasisse,
2998 4092 3291 4159 etpassim
3350 4092 3514 4163 Syros
3564 4110 3631 4149 ex
3678 4102 3837 4154 cultu

2250 4167 2394 4224 Casii
2442 4172 2581 4240 apud
2636 4169 3011 4229 Seleucienses
3061 4172 3211 4230 Jovis
3234 4190 3406 4232 annos
3455 4179 3559 4233 sub
3589 4178 3834 4252 Trajauo

2252 4270 2586 4311 numerasse.
2640 4257 2801 4313 Forte
2830 4259 3014 4315 verius
3059 4264 3478 4318 monetariorum
3532 4278 3674 4321 nota:
3709 4286 3836 4323 creo

2249 4338 2471 4404 dentur,
2529 4341 2686 4397 nobis
2737 4356 2881 4399 nunc
2911 4343 3129 4416 ignotae.
3188 4346 3259 4401 De
3305 4345 3575 4405 Laodicea
3617 4353 3830 4410 dictum

2249 4424 2383 4479 alias
2412 4436 2517 4480 est.

2320 4507 2453 4562 Ibid.
2476 4503 2758 4564 Γάϐαλα(
2777 4510 2938 4576 Πόλις
2968 4511 3071 4582 τῆς
3112 4513 3338 4585 πρώτης
3365 4516 3564 4586 Συρίας
3589 4516 3675 4575 ιο.
3709 4521 3794 4574 Ma
3812 4553 3831 4564 -

2249 4591 2519 4647 lalaetom.
2554 4592 2616 4656 ll,
2646 4609 2699 4663 p.
2727 4590 2816 4649 88.
2850 4592 3189 4651 Theodoreto
3249 4597 3405 4660 πόλις
3458 4603 3668 4672 σμικρὰ
3732 4608 3834 4661 καὶ

2247 4678 2580 4748 χαριεστάτη
2611 4676 2815 4733 llistor.
2850 4678 3108 4753 Helisios.
3139 4698 3187 4737 c.
3221 4681 3313 4739 28.
3346 4682 3477 4739 Vide
3522 4687 3650 4746 Aul.
3684 4686 3828 4747 Itin.

2319 4844 2454 4898 Ibid.
2486 4834 2745 4912 Πάλτος.
2780 4846 3000 4903 Aberat.
3051 4848 3120 4903 20
3164 4848 3234 4903 M.
3276 4849 3335 4905 Ρ,
3368 4850 3655 4911 Laodicea.
3687 4854 3832 4913 Vide

2248 4929 2371 4982 Ant.
2401 4926 2527 4983 Itin.
2558 4944 2609 4999 p.
2642 4929 2765 4987 H7.
2786 4930 3125 4988 Justinianus
3143 4934 3283 4989 hanc
3318 4947 3371 4989 ct
3402 4936 3727 4994 Laodiceam
3771 4956 3831 4997 et

2247 5011 2477 5076 Gabala,
2542 5012 2847 5069 Antiochia?
2906 5018 3302 5085 quodammodo
3331 5021 3631 5090 ademptas,
3667 5040 3829 5083 novae

2246 5094 2557 5163 provinciae,
2586 5098 2681 5177 cui,
2705 5095 3100 5154 Theodoriadis
3130 5115 3326 5156 nomen
3366 5101 3590 5172 fecerat,
3625 5119 3827 5177 praste-

2248 5192 2447 5263 reaque
2471 5194 2535 5235 ex
2563 5176 2720 5250 Syria
2758 5182 2991 5235 secunda
3042 5182 3300 5240 Balaneas
3350 5176 3650 5246 contribuit
3682 5194 3829 5263 apud

2245 5260 2330 5317 Jo.
2363 5262 2611 5318 Malalam
2640 5274 2767 5320 tom.
2792 5263 2859 5335 ll,
2886 5281 2938 5337 p.
2975 5268 3103 5324 185.

2314 5345 2447 5401 Ibid.
2485 5346 2715 5419 Βέροια.
2747 5348 2821 5405 De
2853 5353 2955 5409 hac
2979 5361 3035 5407 et
3056 5352 3311 5410 Chalcide
3338 5354 3730 5425 disputavimus
3752 5360 3821 5417 ad

2246 5429 2383 5485 idem
2416 5429 2599 5486 ltiner.
2634 5449 2687 5503 p.
2724 5432 2842 5489 I93.
2880 5435 3065 5491 Obiter
3108 5436 3197 5492 hic
3221 5438 3429 5494 Socrati
3457 5444 3720 5498 auxilium
3746 5444 3825 5500 fe-

2243 5530 2426 5600 remus
2457 5515 2486 5567 7
2520 5514 2603 5571 I6.
2633 5518 2723 5572 Ἐν
2754 5517 3071 5592 Ἰνμεστὰρ,
3103 5522 3296 5590 inquit,
3315 5521 3461 5577 οὕτω
3497 5526 3824 5600 καλουμένῳ

2242 5599 2413 5669 τόπῳ,
2442 5599 2503 5665 ὃς
2536 5602 2712 5655 κεῖται
2744 5603 2950 5672 μεταξὺ
3009 5604 3276 5670 Χαλκίδος
3336 5609 3434 5661 καὶ
3480 5599 3821 5681 Ἀντιοχείας

2242 5683 2340 5753 τῆς
2370 5685 2427 5738 ἐν
2466 5685 2669 5757 Συρίᾳ,
2715 5686 2958 5742 Ἰουδαῖοι
3021 5688 3265 5760 συνήθως
3315 5691 3529 5756 ἑαυτοῖς
3591 5698 3818 5765 παίγνια

2246 5769 2535 5825 ἐπετέλουν
2570 5773 2711 5827 τινὰ.
2745 5771 3035 5842 Flagitiose
3064 5776 3207 5831 enim
3244 5790 3558 5847 corruptum
3606 5793 3693 5839 est
3720 5783 3822 5839 vici
