4060 6342
239 242 367 307 illi?

233 371 450 424 nomen,
483 356 537 412 in
576 372 684 427 quo
705 357 882 415 scelus
916 359 1057 428 quod
1089 358 1344 416 Socrates
1375 368 1593 415 enarrat
1624 359 1792 416 ,Ιοόωὶ

235 449 535 508 patrarunt.
570 441 718 511 Lege
750 443 808 496 ἐν
843 444 1070 514 Ἵμμαις
1103 444 1316 517 γάρ,’σι
1348 433 1523 500 vicum
1559 444 1802 509 habebis,

232 524 300 576 20
333 522 404 578 lli.
434 524 494 579 P.
525 540 556 579 a
578 524 832 582 Chalcide
861 527 1196 596 disjuuetnm
1228 530 1371 597 apud
1407 527 1804 595 Theodoretutn

235 605 371 660 Ilisl.
422 604 592 680 Relig.
619 624 670 665 c.
721 609 752 663 7
793 612 1043 681 atquein
1077 609 1286 666 Tabula
1330 610 1799 681 Peutingeroruin.

233 687 450 745 Firmat.
466 693 854 760 conjecturam,
879 695 994 748 etsi.
1016 694 1068 748 in
1095 693 1342 750 vocabuli
1379 709 1604 750 numero
1635 703 1688 748 et
1705 708 1801 764 ge-

234 787 357 826 nere
381 773 737 842 dissentiens,
772 776 1134 848 Theophanes
1165 777 1567 848 Chronograph.
1598 793 1652 849 p.
1687 779 1746 832 71
1788 796 1804 834 :

233 852 415 924 Τούτῳ
446 856 522 927 τῷ
552 856 661 911 ἔτει
688 860 930 913 Ἰουδαῖοι
960 862 1039 924 εὶς
1069 861 1129 914 τὸ
1160 862 1358 932 Ἵμμον
1393 860 1605 915 παιδίον
1638 861 1807 934 Χρισ-

231 938 410 992 τιανὸν
471 941 847 1007 συλλαϐόντες.
899 944 966 998 Ει
1015 942 1321 1011 Cedrenus,
1362 959 1670 1016 quanquam
1712 960 1808 1015 per

233 1019 443 1076 παιδίον
477 1022 828 1092 Theophanis
873 1026 927 1080 in
978 1041 1218 1082 errorem
1256 1028 1542 1097 impulsus,
1567 1043 1620 1097 p.
1651 1027 1758 1083 276
1787 1042 1800 1080 :

231 1104 472 1159 Ἰουδαῖοι
502 1111 582 1168 εἰς
611 1108 701 1161 τὸν
750 1110 949 1180 Ἴμμον
1014 1110 1198 1164 πεδίον
1250 1112 1578 1182 Χριστιανὸν
1643 1113 1804 1168 παῖδα

232 1189 605 1256 συλλαϐόντες.
627 1191 778 1248 Fecit
808 1209 873 1248 ex
897 1195 1091 1250 vicinia
1115 1195 1232 1250 soni
1260 1195 1354 1248 τοῦ
1390 1195 1605 1250 παιδίου
1624 1205 1680 1252 et
1711 1213 1806 1250 πε-

229 1274 361 1353 δίου,
403 1273 626 1330 immum
654 1291 928 1346 campum,
967 1293 1149 1348 quem,
1184 1280 1227 1332 si
1253 1280 1319 1333 ad
1345 1280 1460 1334 haec
1488 1283 1808 1337 attendisset

229 1357 356 1413 libr.
397 1358 653 1423 Orteiius,
680 1361 821 1416 circa
851 1361 1169 1432 Byzantium
1201 1378 1306 1417 non
1338 1365 1703 1432 qumsivisset.

297 1441 415 1496 Coi.
447 1443 571 1498 152.
617 1442 751 1498 Ὑπὸ
794 1444 1080 1515 ἡγεμόνα.
1131 1445 1541 1501 ὒίειηιριοηιιιυο
1572 1457 1656 1501 est
1685 1463 1808 1517 pro-

230 1525 402 1581 vincia
429 1542 458 1581 a
482 1526 631 1584 Caele
653 1529 831 1599 Syria,
855 1537 912 1583 ut
937 1528 1195 1600 Evagrius
1214 1530 1281 1588 H.
1318 1524 1381 1586 Ε.
1407 1531 1442 1585 3
1469 1531 1538 1585 52
1562 1531 1720 1587 docet
1753 1543 1808 1587 et

229 1613 469 1680 quidem,
491 1614 534 1666 si
560 1627 675 1682 quae
697 1609 903 1668 Malalre
929 1622 1057 1669 tom.
1084 1613 1149 1681 ll,
1165 1629 1221 1684 ρ.
1243 1614 1313 1671 69
1331 1616 1483 1675 iides.
1511 1631 1539 1669 a
1563 1615 1811 1671 Theodo—

232 1699 312 1753 sio
332 1698 592 1762 secundo,
621 1714 778 1769 quem
799 1709 851 1754 et
865 1699 1101 1767 Apaniiae
1107 1700 1200 1772 jus
1217 1705 1576 1768 metropoleos
1593 1700 1810 1755 dedisse

235 1781 490 1835 affirmat.
523 1782 748 1837 Praesidi
783 1785 1025 1852 paruisse
1058 1783 1270 1838 Notitia
1299 1785 1424 1852 imp.
1454 1782 1658 1838 Orient.
1697 1787 1806 1853 αἱ

234 1881 459 1921 monere
491 1866 634 1922 haud
665 1867 925 1936 neglexit-

301 1947 433 2004 ibid.
513 1948 819 2018 Ἀπάμεια.
892 1948 1194 2008 Provinciae
1265 1961 1384 2007 erat
1473 1953 1810 2022 metropolis,

229 2033 585 2102 quamobrem
614 2035 740 2098 τοὺς
769 2035 876 2088 ὑπὸ
931 2035 1240 2104 ’Λπάμειαν
1288 2037 1488 2109 ἱερέας,
1526 2040 1808 2106 episcopos

235 2116 391 2181 hujus
424 2116 575 2171 urbis
611 2119 1033 2186 metropolitano
1061 2119 1330 2185 subditos,
1364 2120 1627 2190 Evagrius
1652 2119 1803 2177 H.E.

229 2197 264 2252 5
303 2200 369 2253 Si
406 2200 656 2270 appellat.
703 2199 833 2254 Erat
891 2204 1037 2257 circa
1087 2203 1276 2257 urbem
1331 2205 1522 2265 vicus.
1570 2207 1808 2276 χωρίον,

229 2285 311 2336 cui
344 2284 604 2354 Μάρατος
640 2284 919 2356 Ζαϐδά).ης
945 2295 1064 2340 erat
1093 2303 1309 2353 nomen,
1336 2297 1468 2343 tom.
1495 2286 1564 2343 Xi
1595 2289 1805 2344 Concii.

227 2367 396 2422 Lalib.
441 2381 493 2436 p.
531 2369 634 2423 403
678 2379 732 2424 et
761 2369 867 2424 408
929 2381 1297 2425 memoratus:
1329 2369 1544 2428 vicinos
1587 2372 1679 2426 ille
1709 2373 1807 2428 ha-

228 2452 414 2507 buisse
439 2453 654 2507 videtur
705 2452 1202 2523 Maratocuprenos,
1235 2455 1302 2509 de
1342 2453 1538 2524 quibus
1588 2457 1639 2510 in
1670 2456 1806 2511 Am-

231 2535 393 2589 miau.
430 2533 504 2589 28
533 2536 588 2599 ‘2.
615 2535 954 2604 allii-malque
985 2537 1212 2605 primam
1254 2539 1392 2592 tituli
1435 2548 1802 2606 grassatorum

230 2621 469 2683 illorum,
503 2621 568 2675 de
611 2635 714 2690 qua
741 2622 1048 2676 dubitatum
1077 2621 1256 2680 video,
1290 2628 1524 2690 partem.
1555 2621 1804 2693 Sequen-

229 2710 309 2758 tes
340 2705 617 2773 tetigimus
654 2705 711 2758 in
745 2702 946 2758 Anton.
978 2700 1161 2759 Itiner.
1196 2721 1249 2772 p.
1281 2704 1400 2759 i87.

295 2786 434 2841 ibid.
462 2787 754 2856 Μαριάμη.
782 2785 874 2840 Sic
903 2795 956 2839 et
981 2785 1321 2841 Ptolemaeus.
1352 2779 1618 2842 Arrianus
1669 2789 1805 2856 Exp.

228 2874 382 2924 Alex.
420 2887 478 2932 ιι,
511 2871 574 2924 i3
605 2870 974 2941 Μαριάμμην,
1023 2870 1229 2925 Concii.
1273 2871 1404 2925 Acta
1432 2906 1436 2911 -
1460 2872 1802 2944 Μαριάμνην

227 2970 425 3008 vocare
473 2968 846 3024 assueverunt.
920 2952 1054 3006 Vide
1111 2952 1318 3024 Synod.
1384 2955 1804 3028 Constantinop.

227 3038 325 3092 sub
348 3036 542 3091 illenaa
576 3047 708 3092 tom.
743 3035 808 3090 XI
869 3037 1036 3092 Cone.
1101 3052 1154 3106 p.
1211 3033 1319 3092 402
1365 3048 1426 3093 et
1471 3037 1808 3097 Chalcedon.

227 3138 280 3193 p.
307 3121 440 3178 659.
480 3121 540 3176 L.
566 3121 900 3176 Holsteinins
928 3131 983 3176 et
1027 3121 1136 3178 Ch.
1175 3121 1441 3177 Ceilarius
1465 3137 1531 3178 ex
1566 3125 1802 3180 Alexan-

226 3205 385 3259 drino
418 3205 623 3260 Chron.
657 3201 868 3275 Κώμην
887 3205 1259 3276 Μαριάμμην,
1291 3205 1345 3260 in
1388 3220 1491 3276 qua
1516 3205 1810 3262 Gelasiuus

228 3303 439 3362 martyr
462 3289 626 3345 fixerit
658 3290 1083 3354 contuinniatus,
1134 3304 1256 3344 eum
1284 3290 1390 3344 hac
1418 3289 1556 3346 urbe
1585 3305 1804 3361 compo-

227 3386 393 3441 nunt;
415 3374 559 3444 quod
586 3380 646 3428 ut
677 3382 823 3428 recte
847 3371 1098 3438 iecerint,
1131 3387 1342 3428 vereor.
1367 3371 1808 3444 Pianeproxime

227 3455 529 3528 Heliopolin
575 3456 649 3511 ibi
700 3456 1028 3522 collocatur,
1061 3472 1090 3509 a
1126 3471 1230 3526 qua
1287 3455 1610 3512 Ptolemmus
1664 3458 1805 3512 hanc

226 3541 441 3614 lengins
492 3549 753 3594 removet.
802 3537 1106 3594 Provinciae
1153 3553 1372 3609 quoque
1433 3540 1660 3596 diversae
1703 3540 1805 3596 sibi

225 3627 529 3683 vindicant.
559 3624 700 3678 hanc
720 3622 881 3694 Syria
914 3622 1174 3694 secunda,
1222 3622 1374 3678 illam
1427 3620 1688 3679 Phteoice
1736 3625 1808 3679 ad

224 3705 515 3762 Libanum.
547 3706 623 3762 De
643 3688 904 3774 sequente
941 3708 1069 3758 Ant.
1099 3688 1231 3762 ltiti.
1254 3719 1308 3774 p.
1344 3703 1466 3760 148.

293 3793 438 3846 ibid.
470 3789 816 3859 Ῥαφαναῖε.
851 3788 1146 3856 Ῥαφανέαι
1178 3785 1466 3844 Ptolemaeo
1496 3799 1548 3846 et
1575 3790 1806 3860 Stepha-

225 3895 317 3940 no,
347 3876 438 3945 qui
475 3877 626 3929 urbis
661 3875 862 3945 gentile
899 3871 1284 3943 Ῥαφανεώτης
1312 3887 1434 3928 esse
1459 3874 1807 3931 addit.Lam-

225 3964 418 4032 padius
453 3960 793 4026 Ῥαιραναέων
821 3957 1031 4020 πόλεως
1062 3966 1147 4012 est
1173 3957 1225 4014 in
1241 3957 1575 4015 Chalcedon.
1605 3961 1804 4029 p.660,

225 4046 484 4100 etZoiitts
542 4043 838 4112 Ῥεεφάνης
896 4043 953 4099 in
1006 4041 1418 4112 Constantinop.
1473 4047 1574 4098 sub
1608 4044 1803 4100 Menna

226 4145 278 4198 p.
308 4129 439 4193 402,
470 4128 604 4181 satis
631 4127 845 4181 vitiose.

296 4213 429 4267 ibid.
450 4211 923 4279 Σελευκόϐηλος.
965 4209 1210 4266 Seleucia
1242 4220 1327 4267 est
1372 4211 1439 4264 ad
1473 4210 1656 4266 Belum
1693 4211 1815 4268 sive-

225 4311 440 4351 amnem
458 4310 552 4350 seu
573 4302 808 4351 montem
833 4313 844 4346 :
869 4309 1040 4364 neque
1053 4296 1198 4350 enim
1217 4295 1533 4370 alterutrum
1554 4309 1650 4362 pro
1665 4310 1809 4350 com-

224 4377 642 4452 pertoeStNide
665 4379 767 4435 Ch.
793 4379 1108 4436 Cellarium.
1137 4376 1340 4434 G.A.5
1371 4379 1437 4433 ιε
1458 4395 1510 4449 p.
1536 4377 1660 4434 420.
1689 4378 1802 4434 Sita

225 4481 343 4523 erat
371 4470 422 4521 in
455 4467 656 4522 llnibns
672 4467 1100 4536 Apamiensium.
1123 4465 1484 4536 Theophanes
1506 4463 1798 4535 Chronogr.

224 4570 278 4624 p.
306 4554 412 4607 289
447 4572 458 4607 :
503 4553 565 4605 Οἱ
617 4550 671 4604 δὲ
726 4549 1006 4604 Σκλαῆἰνοι
1046 4550 1245 4621 τούτῳ
1280 4550 1649 4622 προσρυέντες
1705 4550 1804 4604 σὺν

224 4638 375 4708 αὐτῷ
411 4641 468 4692 ὲν
503 4637 672 4708 Συρίᾳ
705 4635 994 4707 κατῆλθον,
1035 4635 1274 4706 χιλιάδες
1309 4638 1492 4701 πέντε,
1528 4636 1620 4689 καὶ
1657 4633 1803 4705 ᾤκη-

226 4739 329 4787 σαν
359 4723 438 4782 εἰς
467 4721 563 4792 τὴν
598 4721 903 4788 Ἀπάμειαν
936 4717 1118 4790 χώραν
1138 4721 1196 4772 ὲν
1223 4719 1384 4790 κώμῃ
1400 4718 1805 4787 Σκευοκοὸόλῳ.

224 4803 406 4860 γενιιι
431 4803 682 4859 Μὶδεειίιε
723 4803 868 4858 Hist.
896 4804 936 4857 i.
975 4817 1066 4857 χιι
1097 4812 1289 4857 auctor
1321 4819 1335 4854 :
1365 4800 1536 4856 Porro
1569 4799 1804 4856 Sclavini

225 4890 294 4942 ad
321 4888 460 4942 hunc
495 4888 815 4956 con/luentes
849 4901 968 4940 cum
1030 4886 1142 4951 ipso
1202 4887 1580 4940 tlesreiiderunt
1618 4887 1672 4940 in
1703 4885 1807 4958 Sy-

224 4973 388 5036 riam,
427 4987 642 5026 numero
665 4971 890 5040 quinque
913 4968 1107 5034 millia,
1136 4979 1182 5022 et
1236 4969 1545 5023 habitabant
1582 4971 1639 5023 in
1663 4971 1805 5038 Apa-

227 5057 511 5112 miemium
545 5059 750 5125 regione
777 5057 831 5108 in
872 5054 1090 5108 castella
1124 5053 1478 5108 Seleucobori.
1516 5055 1670 5109 Unde
1719 5056 1806 5110 vi-

229 5143 325 5198 des
352 5142 546 5210 legisse
568 5156 688 5196 eum
716 5139 796 5202 εἰς
825 5140 925 5208 τὴν
955 5139 1249 5206 Ἀπαμέων
1277 5138 1482 5208 χώραν,
1513 5150 1568 5195 et
1614 5140 1750 5194 bene
1787 5153 1804 5193 :

228 5228 353 5284 dein
373 5223 755 5297 Σελευκοδόρῳ
773 5264 788 5291 ,
817 5223 956 5292 quod
988 5238 1055 5278 ex
1082 5223 1463 5294 Σελευκοεῑήλῳ
1488 5231 1670 5278 natum
1698 5231 1804 5279 est.

231 5312 540 5381 Stephanus
599 5306 997 5378 Σελευκόϐηλον
1037 5317 1094 5362 et
1146 5307 1431 5373 Σέλευκον,
1469 5310 1596 5380 περὶ
1649 5311 1715 5381 τῇ
1749 5310 1809 5364 ὲν

230 5397 401 5470 Συρίᾳ
445 5388 720 5467 Ἀπαμείᾳ
752 5391 1052 5466 ἀρσενικῶς
1078 5391 1379 5462 λεγομένην
1407 5393 1581 5456 πόλιν,
1610 5393 1806 5448 distin-

230 5483 366 5552 guit,
403 5495 676 5552 perverse,
703 5481 746 5532 si
785 5478 912 5548 quid
945 5478 998 5530 in
1030 5476 1116 5531 his
1162 5478 1318 5531 video
1355 5497 1366 5532 :
1420 5477 1613 5540 eadem
1659 5478 1802 5534 enim

229 5576 331 5631 est,
357 5575 412 5620 el.
433 5563 828 5633 Σελευκόὸηλος
871 5569 925 5615 et
975 5561 1237 5626 Σέλευκος
1270 5563 1403 5635 πρὸς
1435 5563 1510 5632 τῷ
1530 5563 1685 5635 Βήλῳ
1711 5580 1805 5635 ηρ..

230 5651 560 5722 pellata,ae,
587 5650 662 5703 uti
689 5649 937 5707 vidimus,
974 5646 1233 5715 Apamiaa,
1269 5651 1407 5704 unde
1457 5650 1666 5720 longius
1705 5650 1804 5707 Sco

232 5735 406 5794 latinia
429 5736 618 5793 Pieria:
651 5733 905 5800 distabat,
941 5731 1134 5787 vicina.
1819 5747 1821 5750 ⁴

1077 226 1459 306 COMMENT.
1501 245 1584 307 IN
1627 245 2039 308 mssocus
2077 240 2616 310 sruscnsuuu.

3328 242 3462 308 1170

1974 359 2107 414 ibid.
2144 363 2586 430 Εὐφρατησίας.
2619 359 2758 415 Olim
2797 358 3100 424 Comagenc
3159 369 3294 415 erat.
3340 357 3489 413 Pro-.

1907 446 2092 514 copius
2117 445 2177 501 Β.
2206 445 2415 501 Pers.?i
2449 446 2517 502 17
2548 464 2561 500 :
2593 445 2762 517 Χὼρα
2790 444 2953 514 γοῦν,
2995 445 3116 516 ἢὲκ
3147 445 3476 514 Σαμοσάτων

1905 529 2062 591 ἐκτὸς
2095 530 2378 601 Εὐφράτου
2411 529 2656 599 ποταμοῦ
2673 532 2808 594 ἐστι,
2845 529 3012 584 πάλαι
3045 529 3145 600 μὲν
3173 530 3476 602 Κομαγηνὴ

1902 610 2128 682 ἐκλήθη,
2159 613 2226 666 τὰ
2255 613 2350 667 νῦν
2377 612 2435 668 δὲ
2469 611 2699 682 ποταμῷ
2719 615 2868 667 ἐστιν
2897 603 3204 680 ὲπῶνυμος.
3234 611 3300 666 Et
3325 612 3359 666 9
3383 612 3472 666 20:

1916 695 2070 750 Ἑπέι⁵
2096 695 2152 750 δὲ
2185 698 2266 761 εἰς
2296 698 2393 766 τὴν
2427 696 2772 768 Κομαγηνῶν
2801 697 2984 769 χώραν
3015 698 3040 750 ὁ
3068 696 3315 768 Χοσρόης
3359 695 3477 763 ἀφί-

1905 797 2051 846 κετο,
2089 782 2156 850 ἣν
2195 782 2449 837 καλοῦσιν
2501 780 2911 852 Εὑφρατησίαν.
2961 780 3479 851 Augusto-Euphra-

1910 865 2041 918 tesia
2075 865 2129 920 in
2160 862 2491 920 Chalcedon.
2531 881 2584 935 p.
2615 863 2722 920 565
2753 863 2975 929 dicitur,
3016 874 3068 918 et
3121 862 3283 920 Leoni
3315 864 3481 933 itnpec

1913 948 2077 1001 ratori
2104 948 2140 1002 Ι.
2184 950 2250 1004 i0
2285 965 2334 1004 c.
2371 950 2436 1006 de
2469 947 2665 1002 Dicere.
2695 945 2850 1016 οῃῖε.
2906 947 3176 1017 provincia
3215 946 3352 1001 facta
3399 960 3482 1003 est

1907 1039 1961 1081 et
2001 1045 2028 1082 ιι
2055 1028 2210 1100 Syria
2234 1040 2290 1086 et
2323 1031 2598 1088 Osdroena
2622 1031 2912 1087 dissociata
2951 1029 3105 1100 jussu
3140 1030 3481 1100 Constantini

1908 1112 2002 1176 M.,
2037 1124 2173 1170 teste
2205 1115 2393 1171 Maiala
2427 1127 2559 1171 tom.
2597 1115 2664 1181 ii,
2706 1130 2759 1186 p.
2789 1115 2843 1171 '5.
2876 1114 3085 1170 Praeses
3129 1115 3243 1185 ejus
3292 1127 3376 1170 est
3432 1119 3481 1171 in

1909 1193 2111 1251 Notitia
2170 1201 2297 1268 imp.
2356 1195 2569 1254 Orient.
2606 1214 2656 1252 c.
2701 1199 2722 1252 i
2774 1208 2830 1253 et
2894 1197 3202 1268 praesidiaie
3253 1198 3483 1254 oﬂicium

1908 1279 2282 1346 Euphratense
2307 1281 2340 1336 i.
2368 1281 2467 1334 2c.
2500 1278 2603 1334 Th.
2635 1283 2700 1335 de
2733 1280 2919 1336 Veniat.
2961 1281 3082 1337 Fer.

1983 1364 2111 1417 ibid.
2161 1364 2503 1431 'Ispdrrthc.
2541 1365 2856 1434 Metropoiin
2877 1367 2998 1419 huic
3018 1359 3305 1434 provincia:
3322 1365 3487 1418 fuisse

1909 1459 2103 1514 praeter
2139 1448 2266 1516 imp.
2295 1447 2523 1503 Leonem
2558 1459 2720 1517 atque
2741 1448 2873 1502 alios
2905 1449 3058 1502 testis
3104 1458 3188 1503 est
3225 1447 3486 1518 Evagrius

1913 1530 1976 1582 il.
2018 1529 2074 1583 Ε.
2113 1530 2147 1582 6
2198 1532 2284 1584 19.
2317 1530 2434 1596 Quo
2472 1531 2690 1587 nomine
2749 1532 3019 1586 Arabibus
3069 1541 3122 1586 et
3177 1530 3328 1602 Syris
3394 1533 3482 1595 sit,

1910 1615 2040 1681 imp.
2091 1614 2479 1668 Constantinus
2533 1614 2874 1684 i‘orphyrog.
2929 1625 3070 1667 orat.
3123 1615 3190 1669 de
3255 1615 3488 1683 imagine

1913 1700 2099 1752 Edess.
2140 1714 2194 1768 p.
2226 1698 2289 1752 5i
2309 1699 2442 1752 edit.
2470 1697 2782 1752 Conibeiisii
2816 1697 2970 1751 docet
2998 1713 3012 1749 :
3049 1697 3141 1760 Εἰς
3168 1697 3229 1749 τὸ
3250 1697 3487 1768 κάστρον

1918 1782 2272 1852 Ἱεραπόλεως
2319 1781 2578 1851 ἔφθασεν,
2633 1781 2661 1834 ὃ
2707 1782 2772 1851 τῇ
2817 1779 2917 1850 μὲν
2964 1781 3297 1852 Σαρακηνῶν
3335 1784 3486 1852 φωνῇ

1909 1867 2142 1937 Μεμμὶχ
2196 1866 2437 1933 λέγεται,
2489 1868 2556 1936 τῇ
2599 1864 2654 1918 δὲ
2689 1864 2795 1916 τῶν
2841 1863 3026 1936 Σύρων
3054 1866 3301 1920 Μαϋούκ.
3332 1865 3488 1920 Unde

1909 1953 2125 2021 egregia
2154 1948 2309 2022 liydii
2338 1951 2389 2004 in
2413 1947 2538 2003 Itin.
2565 1949 2764 2002 i’eritz.
2799 1965 2850 2016 ι).
2887 1952 2956 2004 4⁵5
2988 1949 3300 2018 conjectura
3353 1966 3488 2006 con-

1909 2035 2201 2097 stabilitur,
2237 2049 2340 2102 qua
2396 2035 2447 2086 in
2506 2031 2680 2086 Plinio
2713 2032 2844 2086 5‘23
2877 2033 3156 2102 Bumbyce,
3211 2051 3327 2102 qua:
3379 2035 3488 2087 alio

1910 2119 2120 2171 nomine
2149 2115 2452 2186 Ilierapolis
2507 2126 2746 2180 vocatur,
2804 2114 2954 2185 Syris
2999 2132 3115 2170 vero
3155 2117 3364 2188 Mabog,
3398 2135 3490 2173 ex-

1907 2201 2064 2268 pulso
2089 2211 2252 2271 atque
2276 2204 2341 2272 ad
2373 2201 2626 2254 tenebras
2649 2202 2910 2254 damnato
2947 2204 3162 2270 Mogog,
3213 2203 3486 2256 emendat.

1909 2282 2042 2338 Vide
2069 2286 2191 2339 Alh.
2218 2284 2529 2339 Schultens.
2566 2281 2796 2336 iudicem
2855 2282 3136 2338 Bnhadino
3195 2299 3484 2347 annexum,

1913 2371 1964 2422 in
2000 2367 2360 2423 Manbesiunt.

1978 2447 2112 2505 ibid.
2174 2452 2384 2519 Κύρος.
2420 2452 2716 2521 Cyrestana
2770 2453 2961 2507 civitas
3009 2453 3136 2523 imp.
3196 2453 3484 2507 .iustiniani

1908 2537 2150 2604 epistola:
2181 2537 2386 2610 (inﬂat.-
2434 2536 2464 2605 Ἰ
2535 2536 2730 2590 conuii.
2791 2537 3206 2604 Constantinop.
3266 2549 3484 2605 sect.p.

1908 2617 2033 2675 219.
2096 2618 2259 2674 Cives
2323 2618 2384 2672 D.
2442 2619 2844 2688 Papehrochius
2908 2620 3342 2690 eropoiitanos,
3393 2621 3486 2690 qui

1909 2704 2050 2756 Actis
2083 2701 2311 2773 Julioni_
2341 2703 2388 2755 οἱ
2438 2702 2537 2772 τῆς
2592 2701 2798 2765 πόλεως
2865 2703 3078 2773 Κύρου,
3123 2713 3254 2757 tom.
3291 2703 3330 2753 ii
3359 2703 3462 2756 .iun

1905 2787 2088 2856 p.178
2115 2771 2735 2861 appellat,itattd-rccte_.
2765 2785 2909 2855 Vide.
2935 2771 3058 2839 Am.
3096 2787 3226 2839 Itin.
3257 2800 3311 2853 ρ.
3352 2786 3455 2840 189

1980 2871 2390 2939 ΙΙιὶιιψνΔολίχη.
2430 2870 2661 2941 Πολίχνη
2691 2870 2910 2941 ,σμικρά
2951 2869 3295 2925 Theodoreto
3320 2874 3388 2924 Η.
3415 2867 3484 2924 Ε.

1903 2955 1939 3009 5
1966 2955 2020 3015 4,
2045 2954 2337 3008 ,Δουλικέα-
2364 2953 2678 3025 Theophani
2713 2955 3004 3023 Ciironogr.
3059 2955 3192 3021 354;
3232 2954 3296 3007 ad
3325 2967 3487 3022 quem

1906 3041 2126 3095 modum
2179 3039 2505 3094 Philotimus
2558 3039 2790 3093 Dulichii
2852 3041 3141 3110 episcopus
3191 3041 3242 3092 in
3284 3037 3482 3093 Collat.

1904 3125 2044 3178 inter
2075 3124 2380 3179 Catholicns
2427 3135 2480 3176 et
2545 3123 2900 3180 Severianus
2932 3133 3065 3178 tom.
3149 3121 3217 3178 Xi
3275 3121 3482 3177 Concil.

1908 3209 2076 3265 Labb.
2104 3225 2159 3277 ιι.
2192 3209 2312 3262 157.
2339 3207 2499 3261 Plura
2529 3223 2692 3278 supra
2735 3225 2788 3279 p.
2825 3208 2944 3270 184,
2975 3209 3063 3263 ubi
3097 3208 3163 3262 de
3195 3207 3486 3276 Zeugmate

1905 3294 2072 3352 etiam
2107 3304 2161 3346 et
2188 3292 2553 3346 Geruiauicia.

1977 3376 2113 3430 lhid.
2142 3375 2358 3444 Περῤή.
2393 3374 2678 3430 Liberatus
2723 3376 2994 3431 Diaconos
3037 3376 3277 3430 Breviar.
3313 3393 3363 3428 c.
3420 3377 3483 3427 l3

1904 3460 2145 3514 ecclesiae
2186 3460 2506 3514 Pal'CilSilim
2549 3459 2902 3513 Sabinianum
2934 3459 3100 3512 fuisse
3145 3460 3218 3511 ait
3263 3461 3470 3524 episco-

1906 3557 2052 3611 pum,
2089 3556 2248 3611 quem
2288 3541 2670 3595 Perrhensinai
2709 3541 2875 3595 fuisse
2909 3541 3038 3592 Acta
3069 3542 3286 3596 concilii
3317 3539 3501 3594 Ciani?

1905 3625 2094 3680 cedon.
2127 3635 2256 3678 tom.
2291 3621 2364 3678 iX
2385 3621 2551 3702 Coac.
2595 3625 2762 3682 Lahb.
2793 3641 2844 3695 p.
2872 3624 2972 3680 106
2996 3626 3246 3678 clamant.
3272 3624 3330 3679 V.
3355 3622 3482 3679 Ant.

1981 3793 2117 3846 ibid.
2143 3792 2491 3858 Νικόπολις.
2529 3791 2640 3846 Non
2674 3794 2834 3846 aliam
2865 3805 2987 3848 esse
3014 3800 3142 3857 puto
3175 3802 3334 3861 atque
3365 3807 3482 3848 eam

1907 3890 2070 3944 quam
2112 3874 2263 3929 ἀν-ιιι
2314 3875 2539 3945 Stylites
2595 3877 2646 3930 in
2703 3875 2903 3931 Chron.
2963 3875 3186 3948 Syriaco
3217 3879 3314 3930 sub
3351 3876 3480 3943 imp.

1904 3961 2191 4014 Anastasio
2218 3950 2518 4016 vieiiemeuti
2551 3971 2708 4015 terra:
2748 3973 2988 4016 tremore
3023 3962 3293 4015 corruisse
3320 3959 3484 4014 refert

1906 4042 2082 4098 tom.i
2110 4043 2251 4099 Bibl.
2311 4042 2524 4099 Orieut.
2575 4045 2862 4100 Assemani
2893 4060 2943 4112 p.
2970 4043 3098 4112 271,
3146 4058 3245 4098 nec
3268 4044 3480 4098 diversa

1901 4126 2135 4185 fortasse
2153 4139 2238 4183 est
2265 4127 2394 4184 Itin.
2427 4129 2554 4182 Ant.
2590 4145 2640 4198 p.
2690 4127 2811 4184 i90.

1976 4210 2106 4266 ibid.
2137 4213 2530 4282 Σκεναρχαῑα.
2586 4213 2768 4284 Σκηνὴ
2798 4209 3021 4282 ἀρχαία.
3063 4211 3307 4266 Viderint
3339 4213 3484 4281 peri-

1907 4301 2076 4356 tiores
2107 4315 2174 4352 an
2205 4299 2327 4356 loco
2359 4313 2556 4353 nomen
2614 4299 2824 4352 venerit
2853 4312 2880 4350 a
2913 4298 3272 4352 tentoriorum
3299 4298 3477 4366 copia,

1905 4384 2110 4455 etquid
2139 4383 2660 4460 ξαλγενορατίξενον
2693 4381 2796 4436 sibi
2832 4381 2978 4436 velit.
3135 4391 3139 4393 ‘

1977 4470 2110 4524 ibid.
2147 4469 2392 4538 Σύριμα.
2430 4467 2656 4522 Putares
2687 4464 2836 4535 Συρά
2864 4465 2977 4520 sive
3001 4463 3223 4535 Σοῦρον,
3260 4473 3320 4520 ut
3349 4465 3483 4522 Eva-

1905 4555 2052 4626 grius
2080 4552 2146 4608 Η.
2178 4549 2242 4604 Ε.
2275 4568 2352 4617 ιν,
2379 4551 2471 4615 25,
2523 4553 2709 4605 urbem
2754 4552 2806 4604 in
2851 4550 3142 4626 Euphratis
3179 4550 3291 4618 ripa
3333 4551 3482 4618 posi-

1907 4617 2015 4691 iam
2053 4634 2198 4710 (Vita
2220 4635 2506 4706 Symeonis
2535 4633 2744 4707 Stylita:
2771 4651 2820 4688 c.
2851 4617 2970 4690 26Ἳὲ
3006 4629 3117 4686 Ἦν
3141 4617 3238 4695 τιςί
3269 4635 3327 4686 ἐν
3376 4634 3480 4687 Συ-

1907 4723 2022 4793 ροίς
2050 4718 2409 4792 στρατιώτης,
2429 4719 2703 4788 πολίχνιον
2729 4715 2785 4770 δέ
2815 4735 2867 4770 τι
2894 4716 3052 4770 τοῦτο
3066 4716 3174 4770 τῶν
3199 4718 3481 4790 ὲπευφρα-

1905 4803 2130 4874 τιδίων),
2168 4804 2271 4860 nisi
2300 4804 2526 4875 propius
2565 4803 2825 4858 abessent
2875 4798 3114 4872 Οὖριμα,
3153 4816 3247 4872 pro
3281 4801 3486 4869 quibus

1907 4888 2138 4961 Οὔρημα
2165 4889 2342 4944 editus
2369 4881 2714 4946 Ptolemaeus.
2769 4888 2863 4941 sed
2913 4885 3043 4941 hinc
3066 4895 3122 4939 et:
3151 4900 3217 4940 ex
3251 4885 3478 4944 Coislin.

1913 4991 2012 5028 ius.
2049 4974 2381 5043 adjuvandus
2414 4970 2624 5042 Ὄριμα
2654 4980 2708 5024 et
2743 4970 2953 5040 Ὤριμα
2989 4966 3318 5023 Chalcedon.
3347 4983 3480 5023 eon-

1907 5058 1996 5110 (il.
2033 5073 2083 5124 p.
2118 5056 2242 5111 6'76.
2277 5054 2406 5110 Erat
2433 5053 2690 5124 Euphrati
2747 5053 2942 5117 adsita,
3009 5053 3152 5107 unde
3198 5051 3475 5106 castellum

1910 5142 2095 5196 Urima
2130 5141 2394 5210 Euphrati
2415 5139 2676 5194 accubans
2723 5141 2773 5192 in
2831 5138 2997 5193 veteri
3030 5137 3215 5191 codice
3253 5137 3478 5207 Syriaco

1911 5239 2015 5281 tom
2048 5225 2085 5279 l.
2122 5223 2369 5280 Biblioth.
2403 5223 2605 5276 Orient.
2640 5238 2691 5292 p.
2728 5221 2830 5274 ne
2851 5221 3158 5276 Assemani.

1981 5311 2113 5366 ibid.
2146 5311 2447 5377 Εὑρωπός.
2482 5304 2642 5360 .iosna
2673 5304 2898 5376 Styiites
2929 5315 3162 5360 castrum
3209 5317 3281 5357 an
3309 5295 3484 5360 Εωαη.

1907 5412 2029 5464 pus,
2060 5396 2196 5467 quod
2223 5395 2273 5446 in
2300 5391 2564 5458 prouincia
2585 5389 2913 5459 Mabugensi,
2933 5390 3046 5444 sive
3072 5382 3480 5456 liierapoiitaua
3505 5429 3519 5437 »-

1907 5483 1973 5535 ad
2006 5481 2323 5534 occidentem
2374 5476 2656 5544 Euphratis
2689 5486 2762 5529 est
2795 5477 3023 5544 positum
3079 5473 3215 5527 Bibl.
3265 5471 3475 5529 Otriieut.

1911 5579 2040 5622 toni.
2069 5565 2110 5630 I,
2143 5581 2198 5634 p.
2223 5562 2361 5627 282;
2395 5563 2480 5616 cui
2518 5559 2816 5629 Procopius
2849 5559 3009 5616 Fabr.
3052 5559 3347 5615 Justinian.
3388 5558 3484 5614 29

1908 5663 1956 5705 et
1987 5649 2043 5703 ii;
2085 5649 2143 5704 Ρ.
2177 5650 2212 5702 2
2245 5645 2316 5699 ΞΟ
2348 5645 2668 5700 assentitnr.
2707 5641 2894 5699 Merito
2932 5659 3060 5713 (περ)
3087 5642 3358 5697 Lueiauus
3395 5644 3478 5695 in-

1905 5734 2107 5791 sulsum
2167 5731 2491 5801 scriptorem
2561 5725 2909 5784 historiarum
2988 5728 3205 5795 laxavit,
3264 5727 3353 5794 qui
3411 5724 3480 5778 de
