4074 6338
397 255 548 322 1185

403 372 572 445 βάθος
607 372 927 445 appellatus,
984 372 1231 445 deﬁceret
1266 387 1480 446 propter
1513 389 1662 444 aqua
1687 373 1982 443 penuriam.

395 457 617 518 Fefellit
641 461 922 516 hominem
949 461 1228 519 distinctio
1257 463 1396 517 male
1427 464 1597 532 pos'ta
1632 480 1646 516 :
1690 461 1985 521 debuerat,

398 562 525 600 cum
556 547 728 611 lacus,
771 545 952 600 Maria
989 547 1186 613 dicit",
1217 546 1512 616 profundus
1555 560 1657 599 non
1696 553 1848 597 esset.
1885 543 1986 597 Pa-

400 631 556 684 tebat
586 629 754 695 lacus,
785 645 945 698 supra
972 645 1129 699 quem
1153 628 1353 693 Nitria,
1386 628 1669 684 monachis
1695 627 1824 682 olim
1849 627 1996 684 celev

399 713 641 767 bet-rima
662 752 676 776 ,
711 728 835 767 sese
865 714 1204 785 porrigebat,
1236 711 1308 767 M.
1348 712 1407 766 Ρ.
1466 713 1534 768 70
1560 753 1574 776 .
1624 713 1669 767 si
1715 708 1990 766 Palladius

404 793 614 850 ﬂistar.
654 795 935 853 Lausiacw
960 814 1010 852 c.
1043 814 1095 852 ιι
1127 814 1235 854 non
1279 799 1419 852 fallit
1453 815 1468 851 :
1522 813 1649 852 nam
1696 795 1852 851 aliter
1881 793 1991 849 Pli-

403 882 530 936 nius
566 879 640 934 N.
706 881 773 936 Η.
807 898 862 945 v,
908 882 995 936 10.
1023 882 1176 936 Adde
1230 883 1519 951 Evagrium
1575 892 1710 937 tom.
1763 879 1832 936 lli
1873 879 1990 933 Μο-

399 976 644 1026 mtntent.
681 966 932 1021 Cotelerii
985 981 1036 1035 p.
1098 965 1192 1021 101
1228 977 1282 1022 et
1321 960 1599 1021 Philonem
1649 967 1702 1021 in
1734 964 1985 1021 Flaccum

399 1065 456 1118 p.
513 1049 640 1104 9'71.

473 1134 593 1188 Col.
617 1133 739 1186 155.
754 1133 1092 1203 Ἐ’λειιρχία.
1111 1133 1416 1190 Provinciae
1433 1145 1520 1187 aut
1536 1133 1776 1197 regionis
1795 1149 1988 1186 nomen

395 1227 507 1281 est,
548 1221 648 1272 etsi
711 1217 858 1272 Isaac
927 1218 1240 1290 Ἐλεαρχίας
1319 1220 1371 1272 in
1434 1218 1666 1272 concilio
1719 1215 1991 1284 Ephesino

397 1314 454 1369 Ρ.
504 1300 608 1356 159
645 1313 698 1356 et
723 1301 1054 1357 Chalcedon.
1090 1318 1141 1372 β.
1182 1303 1280 1357 127
1318 1311 1647 1358 memoratur
1685 1321 1700 1357 :
1731 1301 1820 1357 ille
1844 1302 1987 1356 enim

403 1396 504 1439 aut
542 1385 943 1442 Pachnemunis
977 1397 1072 1441 aut
1109 1385 1432 1460 Phragonis,
1488 1402 1608 1457 quae
1653 1396 1884 1457 utraque
1937 1389 1986 1440 in

399 1467 692 1527 Elcarchia
722 1473 906 1528 sedem
936 1472 1148 1540 habuit,
1196 1474 1426 1528 antistes
1455 1471 1577 1528 fuit.
1623 1472 1736 1528 Sita
1766 1473 1989 1543 provin-

396 1557 485 1611 cia
514 1557 629 1611 sive
657 1572 718 1610 ea
755 1556 902 1625 regio
936 1567 1052 1612 erat
1101 1557 1241 1612 inter
1283 1558 1422 1612 ostia
1477 1557 1902 1628 Sebennyticum
1936 1570 1991 1615 et

396 1637 724 1694 Pbatnicutn
759 1657 773 1693 ε
808 1640 971 1710 priori
1010 1642 1243 1695 vicinam
1271 1639 1440 1696 fuisse
1481 1656 1550 1695 ex
1579 1640 1870 1696 Ptolomaeo
1910 1657 1986 1704 tv,

395 1724 454 1789 5,
488 1723 776 1794 posteriori
841 1739 906 1780 ex
953 1725 1188 1780 Diodoro
1227 1725 1316 1782 ‘28
1359 1741 1414 1797 p.
1459 1725 1563 1781 806
1593 1735 1838 1797 apertum
1882 1739 1986 1782 est.

393 1808 607 1864 Nomen
642 1810 845 1878 accepit
879 1826 907 1864 a
940 1808 1250 1880 paludibus,
1291 1826 1412 1881 quae
1439 1811 1512 1864 ibi
1540 1811 1804 1879 plurimae.
1840 1812 1988 1866 Thu-

395 1894 623 1964 cydides
643 1909 680 1958 ι,
708 1895 828 1949 11οε
848 1894 1118 1963 Αἴγυπτος
1140 1894 1196 1948 δὲ
1216 1896 1375 1950 πάλιν
1400 1894 1506 1949 ὑπὸ
1520 1894 1732 1966 βασιλεῖ
1748 1897 1986 1962 ἐγένετο,

395 1977 544 2049 πλὴν
577 1977 908 2050 Ἀμυρταίου
925 1979 1020 2033 τοῦ
1048 1980 1105 2033 ἐν
1136 1981 1250 2045 τοῖς
1292 1980 1440 2034 ἕλεσι
1467 1980 1750 2051 βασιλέως.
1789 1981 1989 2036 Τοῦτον

395 2061 454 2116 δὲ
488 2058 577 2115 διὰ
615 2063 845 2131 μέγεθός
901 2082 960 2118 τε
1011 2064 1108 2118 τοῦ
1160 2064 1314 2130 ἕλους
1363 2067 1461 2119 οὐκ
1518 2065 1773 2119 ἐδύναντο
1827 2068 1989 2132 ἑλεῖν,

396 2146 496 2200 καὶ
559 2145 680 2216 ἅμα
768 2147 1150 2218 μαχιμώτατοί
1235 2151 1342 2202 εἰσι
1398 2149 1508 2202 τῶν
1561 2151 1877 2219 Αἰγυπτίων
1940 2152 1990 2204 οἱ

393 2227 587 2285 ἕλειοι.
631 2230 784 2286 Adde
813 2231 1147 2286 Herodotum
1206 2248 1269 2295 tt,
1303 2232 1428 2288 152.
1483 2233 1613 2299 Quae
1661 2235 1840 2289 omnia
1867 2251 1992 2289 cum

397 2313 523 2368 illas
545 2313 788 2383 paludes,
810 2314 881 2368 τὰ
897 2315 1016 2386 ἕλη,
1045 2317 1096 2370 in
1127 2325 1310 2388 aperta
1335 2315 1454 2372 luce
1476 2328 1699 2386 ponant,
1721 2319 1992 2375 mirabere

399 2401 538 2458 siris
583 2402 891 2458 eruditione
939 2405 1316 2461 celeberrimis
1370 2419 1744 2474 saepenumero
1795 2422 1988 2476 parum

399 2486 813 2543 animadversas
869 2487 1144 2558 negotium
1196 2486 1542 2543 facessivisse
1580 2529 1596 2552 ,
1652 2488 1990 2560 solidamque

401 2569 542 2624 adeo
573 2570 946 2626 restitutarmn
973 2571 1198 2642 gloriam
1226 2571 1635 2627 Hctnsterhusio
1654 2581 1838 2625 nostro
1869 2588 1990 2629 esse

401 2652 651 2707 relictam
678 2669 692 2706 :
721 2656 844 2724 quis
873 2658 1015 2710 enim
1049 2655 1376 2711 dubitaverit
1402 2655 1530 2725 quin
1558 2655 1611 2708 in
1643 2656 1725 2710 his
1755 2653 1985 2728 Polyaeni

398 2735 646 2809 Slratag.
683 2754 745 2805 ll,
775 2739 841 2794 16
893 2739 1111 2811 κρύψας
1147 2739 1204 2793 δὲ
1259 2740 1386 2802 τοὺς
1416 2740 1745 2808 Αἰγυπτιους
1781 2742 1838 2794 ὲν
1877 2745 1989 2807 τοῖς

399 2822 656 2892 Ἕλλησι,
690 2825 1011 2894 παρατάξας
1039 2826 1251 2898 προῆγε
1289 2826 1416 2890 τοὺς
1449 2826 1746 2896 Ἕλληνας,
1777 2829 1878 2899 logi
1931 2830 1989 2882 ἐν

395 2911 518 2973 τοῖς
547 2909 695 2963 ἕλεσι
723 2921 972 2978 oporteat
999 2911 1140 2965 iant
1166 2911 1410 2981 ambigat
1442 2911 1731 2967 Aristidem
1767 2923 1897 2966 tom.
1928 2929 1987 2968 ιιι

397 3007 452 3061 p.
499 2991 599 3048 59!
634 2994 850 3050 dedisse
881 2995 980 3067 ἥτε
1010 2993 1120 3066 γὰρ
1152 2995 1408 3063 Μοίριδος
1440 2994 1606 3069 λὲμνη
1633 2997 1726 3048 καὶ
1764 2998 1820 3048 αἱ
1847 2998 1981 3066 πρὸς

397 3079 514 3140 τοῖς
548 3077 694 3130 ἕλεσι
721 3077 890 3143 κάτω,
919 3081 1014 3132 καὶ
1048 3080 1079 3150 ἡ
1113 3079 1376 3151 πρότερον
1404 3079 1502 3150 μὲν
1527 3080 1670 3150 ὑπὲρ
1687 3079 1868 3153 Φάρου
1893 3081 1989 3135 νῦν

393 3161 445 3216 δ’
467 3160 756 3227 ἐξόπισθεν
782 3162 881 3230 τῆς
921 3162 1275 3234 Ἀλεξάνδρου
1315 3162 1525 3227 πόλεως
1551 3164 1761 3234 Μαρία,
1803 3166 1862 3230 ὲξ
1887 3167 1989 3239 ἁρο

399 3249 504 3320 χῆς
535 3247 596 3300 τὲ
644 3249 751 3300 εἱσι
797 3248 892 3301 τοῦ
922 3247 1115 3301 Νείλου
1156 3249 1368 3313 κόλποι,
1413 3265 1542 3313 non,
1581 3260 1640 3302 ut
1684 3266 1826 3305 nunc
1859 3253 1986 3306 editi

399 3347 515 3400 prae
548 3346 608 3386 se
647 3332 849 3397 ferunt,
895 3333 1031 3402 πρὸς
1068 3337 1179 3397 τοῖς
1227 3333 1455 3402 Ἕλλησι
1486 3333 1679 3388 adsto?
1733 3335 1786 3388 id
1844 3336 1988 3390 enim

401 3417 576 3472 multo
610 3418 1030 3487 ineptissimum,
1069 3417 1525 3488 quemadmodum
1574 3419 1739 3472 etiam
1775 3434 1825 3488 p.
1857 3419 1986 3488 6l2,

381 3516 526 3555 cum
560 3502 628 3556 de
656 3499 777 3556 Nilo
799 3503 950 3554 κάτω
975 3500 1019 3554 δ’
1047 3502 1108 3555 ἐν
1132 3500 1529 3572 τοῐςιἝλλησιν
1554 3502 1629 3564 εἰς
1657 3502 1796 3554 ἑπτὰ
1826 3521 1989 3556 κατα-

401 3584 629 3656 βαίνειν,
688 3586 777 3640 nbi
820 3585 1004 3641 itidem
1047 3584 1196 3638 ἕλεσι
1233 3586 1546 3657 reliquerat.
1606 3587 1711 3641 Par
1740 3590 1877 3643 ratio
1905 3599 1990 3644 cst

397 3671 459 3724 in
497 3670 583 3726 his
610 3667 919 3724 scholiastae
974 3669 1356 3739 Aristophanis
1422 3667 1568 3724 Plut.
1610 3670 1712 3727 178
1752 3673 1988 3736 ;οἴτινες

403 3755 506 3808 καὶ
535 3753 972 3823 διαπεράσαντες
997 3755 1076 3818 εἰς
1109 3753 1205 3825 τὴν
1232 3751 1522 3824 Αἰγυπτον,
1544 3755 1638 3808 καὶ
1660 3756 1717 3808 ἔν
1743 3773 1848 3809 τινι
1879 3758 1988 3810 τῶν

399 3837 498 3891 τοῦ
525 3837 719 3892 Νείλου
746 3837 1034 3909 στομάτων
1057 3838 1519 3904 ἀναπλεύσαντες,
1553 3841 1855 3912 προσέσχον
1876 3845 1986 3906 τοῖς

402 3919 654 3990 Ἕλλησι.
691 3918 931 3992 Reliquit
954 3931 1351 3977 commentator
1380 3925 1491 3986 τοῖς
1517 3923 1688 3990 ἕλεσι,
1731 3937 1986 3994 tantoque

401 4007 671 4063 beneﬂcio
719 4008 936 4076 collegae
995 4022 1116 4062 meo
1171 4009 1484 4072 obstrictus,
1537 4011 1799 4065 medicam
1838 4011 1985 4078 ejus-

402 4095 528 4146 dem
561 4107 778 4147 manura
820 4093 873 4147 in
930 4091 1204 4164 plerisque
1258 4093 1380 4149 aliis
1415 4095 1640 4164 supplex
1678 4095 1780 4150 sibi
1816 4111 1984 4164 expo-

403 4177 606 4232 stulat.

499 4261 610 4316 bid.
682 4259 1002 4330 Παράιιος.
1053 4259 1126 4314 lta
1187 4275 1317 4316 mss.
1380 4260 1446 4317 ι..
1491 4262 1820 4318 Holsteiuius
1866 4264 1984 4318 Πά-

406 4347 569 4421 ραλος
619 4349 895 4415 emendat,
931 4347 1084 4417 cujus
1135 4346 1329 4417 praesul
1384 4348 1458 4407 in
1495 4347 1693 4419 Ephes.
1757 4351 1985 4406 concilio

403 4447 460 4503 p.
487 4430 594 4508 439
631 4430 956 4488 Athanasius
985 4431 1241 4503 Παράλου
1265 4441 1320 4487 et
1347 4431 1763 4508 in‘Cltalcedon.
1801 4449 1851 4504 p.
1884 4433 1982 4488 127

404 4506 687 4572 Pasmeius
723 4514 979 4586 Παράλου
1026 4516 1265 4579 dicitur,
1311 4524 1366 4571 et
1413 4506 1480 4570 in
1528 4516 1707 4589 latina
1733 4518 1984 4574 versione

402 4597 613 4665 Parati,
646 4599 749 4656 etsi
774 4598 1087 4671 Ephesianae
1116 4599 1309 4671 synodi
1341 4602 1608 4670 interpres
1633 4600 1841 4656 Paralit'
1866 4618 1984 4656 tttn-

407 4683 584 4738 luerit.
629 4685 702 4738 De
734 4685 852 4754 ejus
899 4685 1036 4751 situ,
1097 4685 1201 4739 nisi
1251 4683 1392 4740 intra
1442 4683 1592 4740 Delta
1630 4687 1814 4752 luisse,
1850 4686 1985 4740 nihil

403 4768 538 4823 certi
567 4767 804 4823 Constat.
1415 4760 1423 4767 ’
1843 4802 1856 4826 ~,.

471 4851 589 4908 Col.
625 4853 727 4908 156
765 4853 832 4914 Α.
876 4855 1216 4924 Aerarium.
1276 4852 1437 4909 Forte
1495 4856 1982 4925 Αὐγουσταμνικῆς

405 4939 678 5009 quomodo
727 4938 1078 4995 Constantius
1137 4941 1434 5010 imperator
1473 4943 1611 5010 apud
1653 4943 1986 4997 Athanasius

406 5023 627 5095 Apolog.
677 5023 863 5079 Arion.
909 5039 962 5094 ρ.
998 5026 1098 5080 174
1135 5027 1250 5088 τοῖς
1282 5027 1341 5079 ἐν
1395 5027 1850 5095 Λύγουσταμνικῇ
1888 5026 1984 5078 καὶ

404 5104 632 5178 Θηῦαϊδι
677 5107 772 5160 καὶ
812 5106 1039 5172 meum;
1081 5110 1355 5180 ἡγεμόσι;
1406 5124 1501 5180 pro
1558 5111 1753 5178 quibus
1811 5108 1982 5164 Meta-

407 5190 659 5258 phr‘astcs
680 5191 731 5246 in
757 5193 1038 5248 Athanasii
1085 5193 1202 5247 ‘v’ita
1225 5212 1273 5247 c.
1296 5193 1354 5248 11
1393 5195 1505 5258 τοῖς
1528 5195 1586 5246 ἐν
1607 5194 1859 5264 Ταμνικῇ
1891 5195 1984 5247 καὶ

405 5274 632 5346 Θησαΐδι
683 5276 779 5329 καὶ
834 5277 1011 5351 Λιϐύῃ
1072 5279 1332 5348 ἡγεμόσι.
1383 5277 1668 5346 Perperatn
1725 5278 1980 5344 diceres,

408 5363 512 5417 nisi
543 5360 690 5417 Nilus
725 5361 1083 5433 Doxopatrius
1114 5373 1244 5416 tom.
1277 5364 1315 5429 l,
1353 5362 1476 5417 Var.
1520 5362 1674 5418 Sacr.
1699 5362 1772 5418 Le
1795 5363 1986 5435 bloyne

407 5463 460 5516 ιι.
493 5447 600 5502 2‘25
641 5445 741 5518 τὴν
774 5447 996 5520 πρώτην
1033 5449 1364 5519 Σταμνικῆς,
1398 5451 1459 5501 ἐν
1487 5444 1733 5521 ᾖπρώτη
1775 5449 1980 5519 μητρό-

408 5531 562 5593 πολις
610 5532 670 5584 τὸ
719 5531 1018 5604 Πηλούσιον
1048 5541 1102 5588 ct
1129 5548 1249 5588 mox
1285 5534 1383 5602 τὴν
1416 5533 1676 5604 δευτέραν
1715 5533 1982 5604 ἐπαρχίαν

408 5617 514 5670 Στα
525 5619 992 5688 μνικῆςΊιδιιειει,
1007 5620 1481 5688 suspicionemque
1501 5618 1746 5686 injiceret
1776 5623 1982 5675 seriore

403 5717 520 5757 mvo
545 5703 876 5759 Stantnicam
895 5705 1223 5772 provinciam
1249 5719 1348 5775 pro
1365 5705 1784 5776 Augustamnica
1817 5704 1981 5760 fuisse

407 5799 746 5862 usurpatam.
777 5789 952 5848 Latini
1000 5791 1479 5863 Augustamnicam
1517 5798 1571 5846 et
1632 5791 1978 5861 Augustani-

1216 256 1620 320 ‘COMMENT.
1661 255 1745 318 IN
1784 252 2208 316 HIEROCLIS
2245 253 2791 320 SINECDEMUM.

3541 262 3680 332 1186

2097 386 2239 438 cam,
2271 389 2375 444 qua
2407 377 2472 428 de
2525 374 2690 429 Henr.
2733 375 3074 433 Valesius'in
3113 378 3378 437 Ammian.
3412 381 3547 450 x'xtt,
3595 386 3679 455 l6,

2094 457 2372 522 vocitant;
2417 457 2752 540 Epiphanius
2805 461 3023 526 Ha’res,
3082 463 3148 519 75
3202 481 3257 524 c.
3302 466 3420 532 26.,
3469 471 3680 540 Αὐγου-

2093 540 2374 611 στανῑκην.
2416 540 2651 614 Cyrillus
2674 547 2836 612 epist.
2866 549 2930 600 ad
2958 547 3198 603 Atticum
3245 565 3298 619 p.
3335 549 3441 606 205
3483 554 3685 622 Αὐγου-

2097 624 2382 699 σταλικήν.
2422 628 2744 698 Speculator
2776 634 2833 685 ἐν
2873 635 2936 704 τῇ
2998 634 3441 710 Αὐγουσταλιανῇ
3505 652 3588 695 cst
3629 643 3680 695 in

2091 709 2373 765 Athanasii
2399 713 2588 768 eadem
2618 714 2836 786 Apolog.
2871 730 2926 785 p.
2962 716 3082 781 199,
3118 719 3210 773 sed
3241 721 3284 776 is
3313 709 3554 778 cohortis
3584 725 3685 778 fuit.

2095 798 2522 863 Angustalianaa,
2587 795 2742 868 cujus
2797 802 2927 869 imp.
2982 800 3322 860 Justinianus
3370 806 3542 861 Edict.
3586 825 3679 862 xm

2093 897 2140 935 (ι.
2165 880 2198 932 2
2233 881 2495 936 meminit.
2529 880 2678 937 Dicta
2704 883 3127 953 Augustamnica
3146 891 3214 943 ab
3238 905 3398 944 amne
3424 889 3547 947 Nilo
3573 903 3678 956 est,

2094 982 2250 1031 quem
2281 979 2498 1022 amnem
2529 965 2829 1037 Augustum
2884 970 3196 1026 nominasse
3226 972 3498 1031 videntur.
3549 975 3680 1031 Pro-

2096 1049 2283 1100 vinci":
2316 1059 2678 1102 correctorem
2713 1060 2767 1103 et
2802 1051 3010 1105 Notitia
3048 1053 3301 1121 imposuit.
3331 1073 3379 1110 c.
3407 1057 3458 1120 1,
3492 1069 3684 1128 estque

2095 1129 2283 1184 lsitlori
2319 1131 2608 1187 Pelusiotae
2646 1135 2683 1186 Ι.
2722 1133 2782 1196 ‘2,
2814 1149 2898 1204 ep.
2939 1137 3006 1191 l5
3049 1139 3114 1191 ad
3150 1137 3501 1206 Serapionem
3535 1141 3684 1213 Κορ-

2097 1215 2346 1282 ρίκτορα,
2379 1226 2435 1270 et
2470 1217 2652 1284 plures
2688 1220 2752 1271 ad
2785 1219 3083 1275 Ausonium
3107 1233 3495 1291 correctorem,
3537 1236 3596 1279 ut
3632 1229 3678 1283 l.

2097 1313 2110 1350 ι
2143 1312 2228 1366 ep.
2263 1298 2364 1351 116
2397 1309 2451 1352 et
2483 1299 2543 1353 L.
2573 1301 2607 1355 2
2629 1317 2716 1370 ep.
2750 1303 2820 1355 25
2841 1311 2890 1356 et
2922 1305 3145 1373 passim.

2162 1380 2772 1455 lbid.'Pwoadpovpa.
2816 1387 2932 1441 Non
2975 1391 3090 1443 haec
3129 1393 3428 1460 provinciae
3473 1399 3678 1449 metro-

2093 1463 2252 1534 polis,
2279 1467 2374 1522 sod
2397 1466 2692 1536 Pelusium,
2729 1481 2785 1526 ut
2819 1487 2884 1528 ex
2917 1472 3037 1528 Nilo
3061 1473 3391 1546 Dompatrio
3423 1474 3676 1536 vidimus.

2093 1549 2300 1606 Plinius
2338 1564 2492 1608 cxtra
2533 1551 2750 1627 IEgypti
2805 1559 3062 1614 terminos
3110 1559 3145 1614 5
3189 1561 3253 1614 1‘3
3296 1560 3680 1619 Rhinocorura

2093 1637 2254 1691 locat.
2281 1637 2477 1694 Nostro
2489 1641 2828 1700 consentiunt
2848 1641 3191 1710 Ptolemzctts,
3209 1649 3528 1706 Ammianus
3547 1665 3679 1715 ml,

2100 1721 2162 1775 l6
2187 1730 2240 1774 et
2275 1720 2634 1793 Hieronymus
2663 1728 2714 1779 in
2737 1727 2868 1780 Isai.
2889 1743 2939 1784 c.
2966 1744 3078 1795 XIX,
3114 1745 3408 1802 omnesque
3441 1735 3678 1791 Notitia’.

2094 1803 2230 1861 Vide
2257 1806 2386 1861 Ant.
2429 1808 2563 1863 Itin.
2604 1826 2657 1879 p.
2693 1811 2816 1866 152.

2165 1890 2300 1945 ibid.
2343 1893 2727 1962 Ὀστρανίκη.
2759 1897 2923 1950 [lecte
2955 1897 3024 1950 ita
3057 1912 3159 1951 ms.
3187 1896 3488 1955 Leidensis.
3530 1899 3678 1956 "and

2095 1975 2253 2046 longe
2287 1977 2472 2032 aberat
2523 1980 2589 2032 ab
2625 1981 2755 2034 urbe
2785 1979 2935 2034 lacus
2970 1981 3240 2042 Sirbonis,
3279 1992 3415 2038 teste
3439 1987 3678 2040 Aristide

2095 2067 2226 2115 tom.
2251 2076 2313 2115 ιιι
2347 2077 2397 2131 p.
2419 2061 2543 2116 591.
2579 2061 2740 2117 Plura
2774 2063 2839 2120 de
2872 2081 2933 2119 ea
2955 2075 3007 2117 et
3040 2063 3197 2120 Casio
3229 2081 3292 2122 ac
3323 2066 3680 2125 Pentaschoe-

2095 2159 2164 2200 no
2195 2145 2348 2201 alias.

2167 2229 2298 2284 lhid.
2332 2227 2637 2298 Ἀφνάτον.
2677 2228 2774 2287 Est
2813 2232 2865 2286 in
2922 2231 3192 2303 Ephcsino
3235 2251 3287 2304 p.
3340 2235 3446 2292 459
3478 2235 3675 2293 llierax

2094 2312 2378 2381 Ἀφναῖου,
2407 2324 2816 2386 οκιιοεειιιιιῳιθ
2845 2317 3031 2370 urbem
3065 2329 3272 2372 (αξιοι-ιιι
3299 2316 3540 2374 Notilim.
3569 2321 3673 2375 Ca-

2092 2397 2243 2452 rolus
2274 2412 2301 2450 a
2338 2409 2530 2453 sancto
2567 2399 2731 2454 Paulo
2762 2397 2894 2455 Itin.
2919 2400 3042 2454 Ant.
3073 2417 3126 2470 p.
3167 2404 3266 2456 162
3309 2404 3529 2474 Daphno
3559 2409 3674 2462 sive

2094 2481 2314 2550 Daphen
2371 2481 2629 2553 Stephani
2664 2486 2910 2541 eamdem
2967 2487 3304 2554 arbitratur;
3362 2491 3446 2542 cui
3499 2493 3674 2559 suspi-

2093 2564 2239 2621 cioni
2270 2565 2374 2620 etsi
2405 2568 2540 2622 situs
2572 2569 2702 2623 nihil
2731 2569 2932 2636 obstet,
2968 2570 3051 2624 vix
3080 2585 3138 2624 se
3184 2580 3362 2625 tamen
3415 2575 3553 2627 tueri
3607 2591 3675 2629 ea

2092 2651 2312 2721 poterit,
2337 2652 2440 2706 nisi
2474 2653 2524 2706 in
2551 2654 2710 2708 aliam
2739 2653 2967 2710 formam
2990 2670 3182 2709 nomen
3206 2655 3458 2725 deinceps
3479 2672 3678 2726 procu-

2092 2727 2213 2790 suui
2245 2734 2410 2789 fuisse
2437 2748 2714 2807 appareat.

2165 2821 2297 2876 ibid.
2334 2821 2585 2890 Γέρῤας.
2616 2821 2708 2878 Sic
2739 2838 2848 2893 prtc
2870 2840 2931 2880 se
2958 2840 3091 2882 mss.
3125 2826 3326 2884 ferunt.
3353 2824 3675 2882 Ptolemtrus

2090 2903 2359 2960 Gcrrbnm
2406 2916 2460 2958 et
2506 2915 2632 2962 ante
2663 2921 2785 2961 eum
2829 2906 3030 2963 Plinius
3058 2926 3131 2974 vr,
3167 2910 3257 2974 ‘29,
3318 2924 3674 2982 cognomento

2091 2989 2353 3058 Adipson,
2393 3000 2549 3046 vocat
2589 3008 2599 3044 :
2634 2991 2842 3047 Gerrba
2879 2991 3074 3048 Strabo
3128 2984 3213 3048 xvt
3255 3011 3306 3064 p.
3363 2995 3484 3061 7w,
3540 2998 3671 3049 nihil

2089 3071 2385 3129 dissidente
2406 3073 2859 3144 Petttingerorum
2893 3074 3120 3132 Tabula.
3148 3077 3341 3131 Nostro
3393 3080 3671 3151 asnpulari

2091 3159 2299 3214 videtur
2325 3161 2660 3216 Sozomcnns
2697 3158 2767 3214 Η.
2807 3161 2871 3216 Ε.
2904 3176 3025 3227 vm,
3065 3161 3126 3217 l9
3157 3184 3168 3218 :
3205 3163 3338 3216 Ἀπὸ
3370 3164 3462 3218 τοῦ
3504 3166 3671 3220 πελά.

2089 3259 2219 3312 γους
2245 3235 2347 3296 ὦδε
2385 3243 2602 3316 συμϐὰν
2638 3245 2876 3316 κατῇρεν
2905 3247 2984 3309 εἰς
3015 3237 3214 3318 Γέραν,
3256 3247 3410 3300 πόλιν
3444 3252 3670 3319 μικρὰν.

2090 3327 2234 3400 ἀμφὶ
2275 3330 2615 3398 πεντήκοντα
2648 3329 2838 3384 στάδια
2871 3329 2964 3382 τοῦ
2994 3331 3294 3401 Πηλουσίου
3324 3334 3666 3400 ἀφεστῶσαν.

2095 3409 2285 3467 Verius
2319 3423 2494 3467 tamen
2519 3412 2786 3468 Gerrbutn
2809 3414 2922 3469 sive
2955 3415 3164 3469 Gcrrha
3189 3415 3373 3482 fuerit,
3403 3417 3666 3487 siquidem

2089 3496 2196 3549 ἀπὸ
2228 3497 2338 3550 τῶν
2371 3497 2627 3570 Γέρῤων,
2679 3507 2948 3566 quatenus
3000 3501 3342 3553 tabernacula
3367 3540 3381 3564 ,
3424 3504 3630 3572 σκηνᾷς
3651 3541 3667 3563 .

2091 3589 2303 3644 notant,
2360 3596 2555 3635 nomen
2604 3582 2936 3652 acceperint.
2993 3579 3325 3637 Scholiastes
3358 3570 3585 3639 aniani
3615 3587 3667 3639 in

2087 3664 2382 3737 Ἀνάχαρσ.
2426 3682 2477 3735 p.
2525 3664 2596 3722 ’52
2645 3667 2772 3722 edit.
2825 3667 2998 3722 Atnst.
3033 3682 3048 3720 :
3087 3667 3436 3739 Δημοσθένης
3465 3669 3523 3722 δὲ
3574 3670 3669 3723 ἐπὶ

2088 3751 2199 3803 τῶν
2229 3751 2444 3820 σκηνῶν
2472 3751 2570 3807 καὶ
2610 3752 2724 3806 τῶν
2763 3752 3239 3825 περιφραγμάτων
3289 3753 3309 3822 (
3337 3768 3437 3822 pro
3465 3753 3670 3810 Coron.

2090 3850 2144 3904 p.
2187 3833 2288 3890 168
2327 3835 2413 3890 ed.
2453 3835 2650 3906 Paris.)
2687 3855 2706 3890 ι
2749 3836 2935 3891 καὶτὰ
2965 3835 3143 3908 Γέρρα
3169 3837 3608 3907 ἐνεπίμπρασαν.
3645 3855 3664 3887 ι

2088 3919 2200 3971 Καὶ
2237 3919 2367 3990 παρ’
2401 3921 2719 3988 Αἰγυπτίοις
2751 3921 2807 3976 δὲ
2856 3921 2924 3974 τὰ
2961 3922 3104 3975 κατὰ
3131 3921 3192 3973 τὸ
3235 3921 3533 3990 Πηλούσιον
3566 3937 3668 3974 κα-

2088 4002 2180 4058 λού
2189 4021 2350 4074 μενον
2373 4005 2462 4058 διὰ
2480 4005 2639 4059 τοῦτο
2660 4004 2974 4078 ὠνομάσθη,
2994 4007 3115 4058 ἐπεὶ
3144 4005 3476 4076 σκηνώματα
3496 4006 3667 4068 ἐστίν,

2089 4089 2146 4141 ὲν
2203 4084 2283 4153 οἷς
2327 4089 2846 4160 παραφυλάττοντες
2893 4091 2991 4153 τὰς
3035 4091 3276 4154 εἰσόδους
3311 4089 3664 4157 διατρίϐουσι.

2089 4170 2304 4246 Quibus
2338 4174 2511 4229 critici
2547 4174 2724 4228 verbis
2754 4184 2804 4227 ct
2839 4172 3173 4229 Gerrhorutn
3198 4175 3440 4243 positura
3472 4176 3670 4228 contir-

2089 4272 2302 4324 matur,
2333 4269 2388 4314 et
2420 4258 2471 4314 id
2507 4261 2783 4319 docemur,
2816 4258 2982 4313 fuisse
3017 4259 3088 4314 ibi
3117 4249 3367 4314 cuswdes
3387 4261 3498 4313 sive
3529 4273 3668 4328 pra-

2087 4343 2337 4403 sidiarios
2365 4343 2586 4409 milites,
2618 4341 2708 4410 qui
2746 4341 2967 4413 Egypti
3001 4343 3181 4399 aditus
3217 4352 3403 4398 contra
3431 4342 3666 4398 hostium

2088 4430 2433 4487 incursiones
2458 4436 2762 4482 tuerentur.
2795 4424 2925 4480 Erat
2967 4423 3236 4481 Gerrbum
3273 4426 3389 4480 loco
3418 4439 3665 4481 commo-

2087 4513 2314 4570 dissime
2359 4511 2622 4582 positum,
2663 4519 2828 4580 atque
2865 4510 2934 4566 ad
2979 4510 3194 4565 initium
3227 4511 3446 4580 quidem
3497 4507 3666 4565 Bara-

2088 4599 2469 4656 tbrorum‘sive
2492 4596 2833 4666 voraginum,
2857 4611 2979 4663 qua}
2991 4595 3264 4653 Pelusium
3281 4608 3468 4650 versus
3494 4595 3668 4666 porri-

2087 4690 2393 4757 gebantur;
2428 4681 2570 4751 quod
2625 4681 2671 4736 si
2698 4695 2828 4751 ergo
2879 4696 3002 4736 cum
3046 4696 3177 4736 cura
3216 4689 3523 4736 servaretur
3547 4720 3564 4745 ,
3596 4681 3665 4734 ad

2085 4773 2319 4826 claustra
2361 4766 2583 4838 Ευριί
2640 4765 2820 4819 aditus
2861 4773 2979 4818 erat
3017 4765 3263 4820 hostibus
3313 4765 3662 4820 interclusus.

2089 4855 2162 4912 Dc
2194 4853 2474 4908 Barathris
2507 4850 2614 4906 illis
2641 4848 2908 4904 Diodorus
2939 4865 3026 4902 xvr
3059 4865 3114 4920 p.
3136 4849 3244 4904 414
3265 4859 3322 4904 et
3350 4848 3546 4904 Strabo
3575 4863 3664 4904 xvi

2086 4957 2139 5010 p.
2183 4938 2306 4994 760.
3762 4936 3763 4939 “

2159 5026 2293 5080 Ibid.
2356 5021 2608 5078 Σκέννα.
2678 5020 2852 5086 Σέλα,
2906 5020 3061 5090 cujus
3111 5019 3395 5090 episcopos
3444 5019 3666 5092 Aiypitts

2072 5111 2256 5180 ’Σέλης
2287 5108 2556 5178 ἐπαρχίας
2599 5105 3090 5175 Δύγουσταμνικῆς
3120 5104 3171 5158 in
3227 5104 3498 5172 Epltesino
3536 5120 3666 5159 con-

2086 5195 2213 5252 cilio
2251 5207 2305 5264 p.
2340 5191 2446 5248 478
2470 5191 2686 5246 dicitur.
2726 5187 2862 5245 Vide
2887 5189 3014 5246 Itin.
3043 5189 3169 5242 Ant.
3205 5207 3257 5259 p.
3290 5188 3416 5242 171.

2157 5277 2288 5332 Ibid.
2320 5277 2662 5344 Σεθραΐτης.
2684 5273 2937 5329 Straboni
2966 5274 3017 5328 in
3056 5289 3188 5330 mss.
3213 5272 3518 5344 Σεθρωῖτης
3554 5283 3663 5330 "tt

2085 5379 2140 5434 p.
2177 5362 2302 5418 884.
2337 5361 2441 5416 Sed
2489 5372 2670 5414 nostro
2699 5359 2908 5414 accedit
2952 5357 3296 5414 Ptolemaeus.
3323 5355 3486 5424 Cujus
3518 5358 3664 5411 notni

2089 5445 2402 5514 metropolis
2435 5442 2682 5498 Herculis
2704 5457 2866 5512 parva
2898 5444 3026 5499 urbs
3054 5455 3192 5498 erat.
3234 5442 3420 5512 Neque
3449 5443 3548 5496 alia
3575 5442 3665 5497 hic

2086 5533 2444 5603 intelligitur;
2476 5546 2598 5584 nam
2629 5531 2680 5584 in
2710 5530 2936 5587 concilio
2970 5530 3238 5600 Epltesino
3264 5529 3419 5581 modo
3453 5527 3659 5590 Theon,

2086 5629 2144 5676 ut
2192 5635 2243 5689 p.
2281 5617 2408 5679 479,
2459 5605 3032 5690 ιιιιιὶειρθ’ΣεΘροῖτου,
3081 5617 3240 5669 modo
3327 5613 3668 5685 Ἡρακλέους

2083 5707 2180 5762 τοῦ
2222 5705 2530 5776 Σεοροῖτου,
2567 5705 3016 5774 qttentadmodmtt
3066 5719 3120 5772 ι).
3155 5703 3279 5767 551,
3317 5702 3536 5758 dicitur.
3563 5701 3664 5758 Pe-

2088 5793 2226 5850 lusio
2251 5790 2380 5846 Itin.
2419 5791 2560 5846 Ant.‘
2586 5792 2650 5847 ill.
2688 5789 2746 5845 l‘.
2775 5789 2844 5842 ‘22
2865 5799 3102 5860 Separat.
3408 5816 3410 5818 τ
3464 5815 3470 5822 -
3507 5790 3515 5812 ⁵
