4060 6342
238 323 363 389 ll‘a3

233 442 384 495 Aeolo
430 434 773 491 Marmarico.
824 436 866 490 E
918 438 1113 508 quibus
1168 440 1414 497 utirilicis
1466 440 1791 500 lectionibus

235 524 441 596 Hispani
473 524 763 592 scriptores
796 523 961 578 multa
993 527 1505 595 comminiscuntur,
1550 540 1604 583 ut
1636 525 1797 583 Jaco-

234 616 348 666 luuu
384 610 521 663 intra
543 623 653 662 sua:
682 609 917 675 regionis
953 610 1086 664 lines
1119 613 1648 667 tttmulatnnt.t'uisse
1680 613 1797 665 vin-

231 702 367 750 cant.
398 690 635 747 Mariana
671 706 853 747 arcam
888 695 1269 749 tuartnoricam
1302 696 1528 766 ellingit,
1556 700 1608 751 in
1631 709 1793 768 quam

228 781 453 837 Jztcobus
478 778 639 835 fuerit
674 778 872 843 illatus,
912 796 1137 848 prorsus
1161 822 1175 846 ,
1218 792 1275 836 ut
1308 783 1373 835 de
1422 782 1677 838 vocabulo
1708 781 1798 835 si-

236 869 385 927 leam.
422 874 610 919 contra
640 864 923 931 scriptoris
952 874 1187 919 mentem
1213 883 1228 918 :
1260 864 1395 921 solet
1424 866 1567 921 enim
1594 866 1796 927 locum,

229 954 279 1007 in
309 966 412 1021 quo
447 950 549 1005 viri
587 949 787 1020 pietate
832 948 1067 1005 illustres
1110 949 1311 1005 fuerint
1358 950 1581 1017 sepulti,
1629 962 1799 1019 appo-

236 1052 376 1091 nere.
428 1033 589 1091 Aliud
635 1048 765 1099 ergo
814 1033 1033 1087 Maurus
1086 1033 1359 1089 Castalius
1411 1032 1696 1089 Ferrarius
1745 1042 1802 1086 et

233 1121 432 1187 Gaspar
468 1117 723 1172 Sanctius
769 1118 909 1185 apud
961 1124 1336 1175 exstructores
1391 1117 1568 1188 magni
1617 1116 1799 1185 operis

234 1206 413 1259 Sanct.
448 1214 578 1259 tom.
607 1200 678 1256 Vl
721 1199 854 1269 Jul.,
898 1218 954 1273 p.
1002 1202 1070 1257 14
1112 1202 1237 1259 inde
1280 1210 1562 1268 eruerunt,
1592 1199 1799 1270 opinati

235 1288 567 1342 Tamaricam
595 1297 797 1340 rectam
830 1300 979 1351 esse;
1022 1284 1365 1341 Tamaricam
1397 1293 1577 1340 autem
1607 1282 1800 1339 Galla:-

232 1373 325 1426 cia:
354 1384 474 1426 esse
498 1379 729 1440 partem,
763 1385 925 1439 quam
962 1368 1234 1425 Tamarici
1279 1370 1418 1441 apud
1464 1368 1658 1425 lelam
1682 1368 1738 1435 ὅ,
1771 1367 1796 1421 1

234 1458 356 1512 olim
388 1458 689 1511 habuerunt
723 1473 736 1521 ;
774 1454 917 1521 quod
961 1458 1234 1523 posterius
1258 1465 1317 1510 ut
1344 1469 1535 1509 verum
1562 1466 1684 1509 esse
1710 1453 1803 1508 de-

236 1555 370 1607 mus,
406 1554 593 1608 magna
640 1547 818 1593 tamen
863 1537 1160 1593 (lillerentia
1196 1539 1339 1594 inter
1368 1535 1715 1593 Tamaricam
1750 1543 1807 1590 et

236 1623 603 1677 Marmaricam
636 1634 754 1676 sese
783 1618 940 1675 uﬂ'ert
985 1640 999 1676 :
1041 1634 1089 1676 et
1116 1637 1233 1691 qua:
1265 1637 1389 1676 arca
1422 1620 1512 1675 illa
1547 1620 1663 1675 sive
1700 1632 1803 1674 ars

234 1706 563 1763 Tantarica?
615 1717 710 1761 aut
771 1706 861 1759 ubi
918 1705 1134 1761 tandem
1200 1706 1385 1763 lecta?
1437 1706 1719 1761 enimvero
1760 1704 1805 1759 si

233 1793 458 1865 partium
487 1791 725 1862 seposito
763 1791 944 1847 studio
983 1808 1093 1847 rem
1128 1793 1302 1864 ipsam
1343 1788 1803 1855 consideraveris,

236 1878 360 1949 quid
387 1878 557 1945 magis
575 1876 767 1931 lsidori
788 1877 968 1931 verbis
996 1878 1463 1933 accommodatum
1486 1888 1609 1931 esse
1632 1883 1809 1944 petest

239 1960 400 2018 Barce
459 1961 830 2018 Marmarica?
888 1958 1200 2019 Praesertim
1258 1977 1383 2018 eum
1450 1958 1805 2028 Freculpbus,

239 2058 359 2103 tom.
391 2046 458 2114 Π,
493 2048 529 2102 l.
568 2062 627 2112 n,
663 2062 713 2102 c.
754 2046 788 2100 4
825 2045 1086 2101 Iacobum
1130 2046 1273 2102 intra
1306 2045 1709 2109 Marmaricam,
1753 2054 1810 2099 et

236 2135 543 2203 Anonymus
578 2132 813 2201 scriptor
842 2130 1095 2200 operibus
1137 2128 1455 2186 (Ecumcnii
1482 2129 1808 2200 praepositus

235 2219 289 2269 ἐν
315 2215 465 2271 πόλει
517 2214 619 2284 τῆς
653 2215 1029 2285 Μαρμαρικῆς
1074 2215 1345 2283 sepultum
1396 2210 1564 2268 fuisse
1603 2212 1808 2278 tradat,

236 2301 542 2371 librariique
574 2301 627 2354 in
657 2300 993 2354 Marmaricae
1034 2299 1296 2353 vocabulo
1337 2311 1480 2366 stupe
1531 2298 1811 2367 peccarint

236 2387 477 2456 turpiter,
531 2393 591 2438 nt
634 2381 749 2439 Jos.
810 2383 1077 2438 Simlerus
1124 2392 1179 2436 et
1230 2380 1297 2438 Η.
1343 2383 1531 2438 Surita
1576 2383 1630 2436 in
1679 2380 1808 2437 Ant.

237 2468 385 2534 llin.,
419 2484 473 2540 p.
512 2469 582 2523 70
612 2479 961 2524 monuerunt.
994 2467 1152 2521 Dices
1179 2466 1483 2522 Graeculum
1511 2466 1661 2522 illum
1689 2482 1810 2523 esse

230 2553 422 2609 nullius
476 2553 607 2609 ﬁdei
655 2563 709 2607 et
742 2552 907 2608 multa
966 2566 1248 2621 perperam
1304 2552 1574 2619 miscere;
1630 2567 1809 2622 neque

228 2651 323 2707 ego
352 2650 626 2709 negavero
658 2653 672 2691 :
705 2636 840 2691 satis
872 2645 1049 2690 tamen
1082 2636 1283 2689 indicat
1308 2632 1375 2688 de.
1406 2631 1725 2689 Marmarica
1750 2648 1810 2689 se

230 2721 424 2790 aliquid
481 2720 843 2783 inaudivisse,
902 2736 1007 2776 non
1062 2723 1125 2774 de
1176 2719 1483 2783 Tamarica,
1528 2734 1704 2789 neque
1746 2720 1811 2774 de

229 2820 345 2860 arca
376 2805 734 2861 marmorica.
777 2801 960 2860 Probe
992 2819 1120 2859 vero
1172 2803 1379 2859 Barcen
1426 2803 1808 2858 Marmaricam

230 2890 479 2962 appellari
520 2906 678 2945 nemo
713 2890 872 2946 facile
920 2891 1219 2961 negaverit,
1263 2890 1357 2957 qui
1396 2887 1752 2944 Marmaridas
1778 2905 1807 2943 a

228 2977 530 3031 Parmtonio
595 2977 662 3031 ad
716 2976 902 3053 Syrtin
958 2990 1130 3045 usque
1193 2974 1454 3045 majorem
1527 2982 1809 3044 porrectos

226 3060 387 3115 luisse
418 3076 447 3114 e
487 3058 667 3113 Plinio
699 3056 765 3127 γ,
798 3058 831 3114 5
862 3059 1136 3114 didicerit.

292 3142 414 3201 Col.
436 3142 568 3200 156.
608 3144 891 3212 Τεύχηρα.
917 3143 1028 3198 lino
1053 3144 1343 3214 Τεύχειρα.
1372 3141 1635 3198 Vitiosum
1659 3142 1812 3197 urbis

228 3232 383 3301 hujus
399 3245 603 3287 nomen
618 3231 773 3287 estin
793 3231 1028 3285 Diodoro
1044 3229 1247 3294 Siculo,
1264 3244 1476 3299 xtnn,p.
1492 3228 1598 3284 605
1617 3247 1633 3287 :
1654 3227 1811 3283 Μετὰ

232 3318 284 3371 δὲ
309 3316 493 3373 ταῦτα.
518 3317 832 3388 θαρσήσας,
865 3317 971 3389 καὶ⁸
993 3316 1091 3386 τὴν
1108 3316 1264 3369 πόλιν
1284 3314 1383 3385 τὴν
1402 3309 1814 3385 ὀνομαζομένην

226 3403 435 3476 Τάριχα
496 3403 953 3474 ἐκπολιορκήσας.
1005 3402 1147 3471 Lege
1188 3400 1495 3472 Τεύχειρα,
1552 3413 1810 3469 quorsum

228 3504 311 3543 res
340 3490 453 3557 ipsa
483 3497 542 3542 et
572 3502 703 3544 mss.
737 3487 1007 3541 variantes
1041 3486 1329 3552 scriptura:
1361 3486 1587 3546 ducunt,
1613 3492 1667 3535 et
1692 3481 1813 3537 vide

226 3576 420 3630 Anton.
466 3573 628 3638 ltin.,
659 3573 815 3643 p.67
854 3582 906 3627 et
944 3569 1116 3626 schol.
1150 3569 1367 3624 Pindari
1420 3567 1581 3639 Pyth.
1619 3565 1723 3621 οιι.
1756 3569 1811 3633 4,

230 3660 315 3713 ubi
343 3658 575 3730 Cyrenae
608 3657 767 3727 hujus
808 3657 1073 3725 originem
1124 3655 1383 3710 vindicat.
1418 3653 1493 3708 De
1536 3653 1813 3721 sequenti-

227 3744 327 3799 bus
356 3741 597 3797 duabus.
641 3738 773 3795 Itin.
815 3738 1009 3793 Anton.

295 3825 431 3882 Ibid.
461 3826 691 3891 Λιϐύης
729 3825 841 3893 τῆς
869 3823 1046 3878 κάτω.
1088 3822 1419 3879 Athanasius
1454 3821 1553 3893 τὴν
1584 3820 1811 3890 ἔγγιστα

230 3911 433 3982 Λιϐύης
494 3909 767 3981 appellare
821 3908 982 3972 solet,
1037 3918 1096 3961 ut
1143 3906 1305 3977 epist.
1355 3906 1421 3961 ad
1468 3906 1808 3968 Antiocben,

230 4014 279 4065 p.
307 3997 438 4053 776.
471 3994 609 4050 Cum
642 3992 889 4048 Hierocle
937 3989 1147 4045 Natitta
1180 3991 1318 4058 imp.
1363 3987 1593 4057 (hient,
1628 4006 1747 4055 cap.
1777 3991 1806 4044 1

156 4077 163 4081 ’
228 4080 377 4147 iacit,
429 4093 555 4151 qua:
598 4077 717 4146 eius
770 4077 933 4132 etiam
980 4074 1515 4130 administrationem
1570 4073 1809 4143 ptresidi,

228 4167 384 4221 sicuti
443 4167 579 4234 imp.
633 4161 975 4217 Justinianus
1022 4158 1212 4215 Edicto
1257 4172 1378 4221 xm,
1426 4171 1480 4211 c.
1534 4156 1621 4223 17,
1662 4172 1809 4210 com-

228 4248 416 4305 mittit.

298 4338 433 4391 Ibid.
465 4336 876 4405 Παραιτόνιον.
904 4331 1080 4402 Libya:
1108 4329 1237 4385 hinc
1284 4328 1496 4381 initium
1524 4327 1689 4382 sumit
1718 4323 1811 4380 Ju-

228 4424 499 4477 stinianus
523 4418 715 4475 Edicto
741 4418 830 4475 15.
852 4432 901 4472 c.
928 4414 1016 4470 l8.
1049 4413 1299 4470 Lucanus
1322 4411 1571 4479 Syrtibus
1594 4410 1811 4480 apposi-

231 4518 340 4561 tum
374 4507 545 4561 fuisse
569 4504 784 4559 videtur
820 4503 1123 4565 censuisse,
1160 4516 1281 4553 cum
1312 4500 1365 4559 3,
1389 4498 1498 4553 295
1532 4498 1677 4550 canit
1709 4495 1812 4550 Us-

229 4610 327 4663 que
362 4591 697 4646 l’arwtouins
743 4587 855 4641 an
890 4587 959 4640 ad
990 4586 1171 4639 littora
1210 4586 1414 4653 Syrtes,
1465 4582 1609 4636 haud
1655 4582 1816 4637 dubio

230 4692 560 4747 perperam:
598 4675 753 4740 longe
801 4672 947 4725 enim
997 4669 1186 4736 Syrtes
1230 4683 1258 4721 a
1306 4666 1609 4720 Paraetonio
1652 4668 1818 4720 dista-

230 4746 380 4818 bant.
414 4757 643 4823 Tamen,
674 4757 827 4825 quasi
864 4764 1045 4809 certus
1082 4752 1242 4819 hujus
1275 4750 1568 4819 opinionis,
1603 4761 1656 4804 et
1686 4746 1814 4803 alibi

230 4846 423 4918 Syrtes
454 4842 687 4913 Egypto
740 4855 891 4908 praue
924 4840 1125 4910 jungit,
1154 4835 1315 4890 veluti
1348 4835 1399 4898 7,
1431 4834 1537 4888 Ml
1576 4852 1589 4887 :
1634 4832 1811 4904 Syrti-

229 4931 325 4986 bus
346 4932 472 4985 hinc
496 4925 703 4995 Libycis
735 4932 847 4978 tuta
888 4933 964 4977 est
1002 4921 1287 4991 Aigyptus,
1311 4926 1365 4973 et
1395 4918 1500 4974 5w
1535 4936 1548 4972 :
1579 4921 1646 4972 Et
1680 4920 1816 4971 vada

229 5024 495 5068 testantur
517 5010 735 5081 junctus
768 5005 1026 5078 {Egyptia
1054 5002 1259 5074 Syrtes.

301 5098 439 5153 Ibid.
490 5092 1007 5163 Ζωγροζαγούλης.
1072 5087 1129 5141 L.
1181 5084 1489 5142 llolsteuius
1543 5084 1594 5137 in
1635 5083 1813 5139 Caroli

232 5197 260 5233 a
311 5181 369 5234 S.
432 5178 595 5234 Paulo
646 5176 951 5247 Geograph.
989 5170 1049 5226 S.
1097 5171 1303 5224 duabus
1351 5170 1572 5224 \ocibns
1617 5166 1815 5239 Ζώτρα

230 5266 472 5333 Ζάγυλις
526 5263 808 5333 legendum
870 5268 963 5313 aut
1011 5258 1146 5311 duas
1185 5256 1301 5308 illas
1355 5254 1517 5306 urbes
1568 5254 1625 5305 in
1650 5266 1812 5306 unam

233 5352 491 5421 deinceps
524 5348 791 5403 coaluisse
827 5345 1156 5405 arbitratur;
1185 5340 1323 5410 quod
1353 5348 1403 5392 et
1440 5338 1568 5390 mihi
1602 5336 1808 5393 arrisit.

523 5940 786 5998 [ἐινιιυι.
833 5935 927 5995 (in
994 5930 1205 5992 CXIII.

1064 325 1458 390 COMMEN'I‘.
1496 332 1576 391 IN
1617 320 2035 390 HIEROCLIS
2076 315 2595 379 SYNECDEMUM

3332 308 3479 375 1191

1897 447 2201 503 Pbilocalus
2231 446 2518 513 Ζαγυλέων
2561 446 2794 500 antistes
2825 451 2909 499 est
2951 442 3003 497 in
3047 440 3281 495 concilio
3309 438 3475 495 Chal-

1846 577 1851 584 .
1901 531 2114 597 cedam,
2148 548 2199 599 ι).
2231 532 2333 586 H7
2378 540 2434 587 et
2469 527 2608 600 apud
2648 527 2999 583 Lambecium
3035 526 3176 579 Bibl.
3230 522 3484 589 Vindob.,

1898 631 2020 680 vm,
2050 632 2104 685 ι).
2136 614 2260 671 49.3.
2289 613 2554 669 Maximus
2582 612 2868 683 Ζαγὺλεως
2909 609 3175 665 Gennadii
3205 608 3488 680 Synodica:

1901 701 2216 757 subscribit.
2248 700 2575 755 Athanasius
2609 701 2674 752 ad
2702 696 3026 753 Antiochea.
3070 693 3191 749 767.
3218 690 3487 755 Marcum,

1904 787 2133 856 Ζύγρων
2149 784 2248 853 τῆς
2266 784 2494 853 ἔγγιστα
2508 784 2714 854 Λιῦύης
2734 789 3017 838 memorat.
3037 779 3323 834 Ptolemaeo
3341 789 3488 831 utra-

1900 884 2005 940 que
2030 876 2135 933 est,
2163 869 2326 938 κώμη
2356 869 2529 935 vicus,
2558 882 2663 921 non
2702 866 3093 937 longoquidem
3140 866 3282 919 inter
3316 878 3373 917 se
3402 863 3491 917 in-

1906 945 2152 1016 tervallo,
2185 952 2481 1021 nccjuncti
2522 964 2700 1008 tamen
2735 951 3060 1008 arctissime.

1974 1040 2111 1095 Ibid.
2144 1037 2413 1094 Πιδονία.
2460 1038 2714 1109 Πηδωνέα
2760 1048 2815 1092 et
2854 1036 3131 1092 Ptolemmi
3184 1047 3350 1104 prope
3384 1032 3491 1086 Ca-

1906 1124 2219 1179 tabathtnon
2245 1138 2506 1192 parvum;
2538 1134 2700 1191 atque
2743 1121 2889 1176 haud
2919 1120 3032 1175 scio
3067 1135 3133 1172 an
3176 1120 3300 1171 hinc
3327 1115 3491 1169 luerit

1903 1208 2133 1277 Apollon
2164 1206 2426 1271 Πιθανίας
2456 1208 2511 1261 in
2545 1206 2816 1277 Synodica
2846 1203 3097 1261 Genadii.

1976 1293 2106 1347 Ibid.
2158 1290 2465 1361 Ἀντιφρώ.
2520 1292 2703 1345 Eidem
2746 1288 3033 1362 Synodica:
3079 1287 3307 1358 Apollon
3362 1284 3491 1338 Ἀν-

1905 1376 2113 1448 τίφρων
2152 1376 2467 1429 subscribit.
2500 1375 2787 1445 Ἀντὶφραι
2856 1371 3136 1438 Straboni,
3200 1372 3289 1441 qui
3340 1385 3487 1431 xm,

1906 1478 1961 1534 p.
1995 1460 2101 1515 799
2142 1474 2249 1513 non
2278 1460 2435 1529 longe
2466 1474 2496 1511 a
2534 1458 2674 1511 mari
2712 1458 2882 1513 locat.

1978 1542 2111 1599 Ibid.
2141 1542 2376 1611 Δὰρνις.
2411 1540 2533 1596 Ιιςιεο
2558 1541 2850 1611 provincia:
2880 1538 2982 1595 fuit
3014 1538 3351 1606 metropolis,
3386 1537 3487 1591 nisi

1908 1626 2060 1683 Nilus
2089 1624 2448 1696 Doxopatrius
2485 1627 2658 1693 fallat,
2695 1635 2846 1681 certe
2891 1634 3178 1694 corruptus
3226 1639 3350 1677 cunt
3392 1638 3490 1674 nr-

1911 1712 2030 1768 bem
2086 1708 2343 1781 Δαρικὼ,
2400 1727 2453 1781 p.
2525 1708 2633 1765 225
2690 1718 2865 1765 vocat.
2931 1708 3090 1764 Plura
3163 1709 3286 1761 Ant.
3331 1704 3492 1771 Itin.,

1911 1810 1965 1866 p.
2000 1796 2087 1852 69.

1982 1882 2113 1936 Ibid.
2146 1877 2541 1949 Ἀμμωνιακή.
2584 1878 2749 1935 Recte
2794 1879 2865 1934 ita
2913 1892 3041 1932 mss.
3074 1873 3320 1946 Lugdun.
3372 1873 3490 1927 Non

1911 1966 2014 2022 alia
2055 1974 2138 2020 est
2168 1979 2231 2018 ac
2273 1964 2547 2019 Ptolemaei
2585 1964 2740 2037 χώρα
2772 1962 3163 2035 Ἀμμωνιακὴ,
3198 1960 3321 2015 (mli
3362 1960 3494 2014 soli-

1911 2066 2017 2121 que
2049 2049 2295 2104 siccitate
2346 2064 2561 2118 aspera.
2606 2047 2944 2102 Athanasius
2969 2044 3364 2118 ’Δμμωνιακὴν
3394 2044 3495 2115 τῆς

1911 2134 2139 2206 Λιϐύης.
2199 2133 2353 2203 Apol.
2406 2136 2471 2189 ad
2518 2132 2918 2197 Constantium,
2980 2146 3037 2200 p.
3084 2130 3188 2185 517
3234 2128 3493 2199 appellat,

1910 2234 1967 2277 et
2009 2223 2215 2282 exsiliis
2238 2223 2620 2289 episcoporum
2671 2217 3007 2287 frequentem
3058 2213 3225 2268 fuisse
3275 2223 3386 2267 tum
3424 2226 3496 2268 eo

1912 2307 2030 2361 loco
2072 2315 2182 2361 tum
2225 2305 2430 2361 Πίθων.
2487 2302 2699 2365 Arium,
2750 2316 2805 2368 p.
2864 2296 2967 2353 587
3010 2296 3301 2369 signiﬁcat.
3356 2294 3496 2351 For-

1915 2400 2057 2445 tasse
2078 2400 2131 2445 et
2183 2392 2287 2446 huc
2315 2388 2549 2459 pertinet
2589 2385 2749 2440 Oasis
2782 2382 3093 2447 Strabonis,
3132 2394 3294 2449 quam
3326 2394 3497 2449 prope

1912 2477 2193 2531 Ammonis
2240 2473 2523 2529 oraculum
2570 2470 2821 2526 collocat.
2873 2465 3042 2522 Recte
3086 2479 3219 2521 sane
3272 2465 3497 2518 Ammo-

1914 2561 2067 2615 niace
2098 2558 2475 2628 appellabitur.

1982 2643 2114 2697 Ibid.
2152 2642 2286 2696 Εἰσὶ
2319 2639 2428 2709 τῆς
2461 2638 2714 2704 δύσεως.
2750 2634 2877 2692 llaec
2909 2643 2964 2690 et
2998 2648 3120 2705 qua:
3167 2641 3497 2702 sequuntur,

1913 2743 1940 2779 a
1973 2744 2075 2783 ms.
2120 2726 2371 2782 Leidensi
2418 2724 2694 2788 exsulant,
2734 2720 2877 2777 hanc
2900 2719 3195 2776 clausulam
3236 2717 3496 2783 addente,

1912 2809 2079 2874 Τέῖος
2119 2809 2213 2863 τοῦ
2267 2807 2572 2876 καταλόγου
2645 2806 2835 2861 πασῶν
2894 2805 3003 2861 τῶν
3057 2802 3339 2876 ἐπαρχιῶν
3399 2803 3499 2855 καὶ

1915 2898 2120 2951 πόλεων
2140 2895 2249 2948 τῶν
2277 2894 2382 2948 ὑπὸ
2412 2893 2507 2946 τοῦ
2533 2890 2798 2963 βασιλέως
2830 2890 2941 2943 τῶν
2979 2886 3406 2955 Ῥωμαίων,τοῦ
3438 2889 3498 2939 ὲν

1913 2977 2514 3043 Κωνσταντινουπό).ει,
2545 2975 2976 3046 διοικουμένωνξ
3008 2987 3129 3049 qua!
3160 2973 3292 3026 mihi
3324 2971 3500 3027 multo

1916 3079 2132 3136 quoque
2153 3064 2346 3133 jnstior
2372 3071 2426 3119 et
2452 3062 2629 3115 verior
2653 3061 2760 3115 illis
2802 3054 3018 3114 videtur
3051 3074 3167 3129 qua:
3190 3056 3251 3113 [ι.
3279 3055 3499 3111 Holstc-

1914 3150 2039 3206 nius
2098 3164 2164 3205 ex
2217 3151 2329 3203 suis
2384 3144 2669 3204 codicibus
2714 3145 2989 3214 excerpsit
3040 3161 3055 3195 :
3114 3155 3290 3212 neque
3350 3143 3497 3198 enim

1915 3236 2195 3289 commode
2223 3231 2540 3289 Occidentis
2574 3231 2804 3299 imperio
2842 3228 2911 3283 ab
2940 3226 3189 3283 Hierocle
3203 3228 3501 3298 provincia:

1918 3321 2261 3382 tribuentur,
2348 3332 2469 3387 quae
2526 3316 2696 3385 ipsius
2753 3322 2914 3369 aetate
2979 3314 3194 3368 amissaa
3272 3325 3500 3380 prorsus

1916 3414 2108 3467 erant;
2161 3399 2463 3469 cuiusmodi
2512 3399 2786 3471 pleraeque
2832 3405 2953 3452 sunt
3001 3412 3134 3466 quas
3178 3395 3500 3466 subiunctos

1921 3488 2093 3541 vides.

1966 3569 2122 3633 Jbid.
2172 3568 2497 3637 Γαλήγων.
2537 3566 2755 3621 Γάλλων
2807 3575 2901 3619 aut
2933 3564 3193 3619 Γαλατῶν
3230 3576 3324 3620 aut
3356 3566 3396 3618 Γ
3400 3564 3502 3619 αλ·

1914 3653 2047 3707 λιῶν
2076 3662 2414 3723 oportuerat.

1985 3739 2099 3793 lbid
2164 3737 2461 3792 Σπανίων.
2504 3734 2743 3792 Solenmi
2776 3749 2925 3807 more
2954 3750 3049 3803 pro
3082 3733 3391 3790 Ἱσπανίων.
3419 3733 3499 3790 Ita

1911 3824 2108 3880 Paulus
2138 3820 2312 3891 Epist.
2364 3819 2432 3873 ad
2461 3817 2685 3873 Roman.
2732 3834 2837 3886 xv,
2880 3816 2952 3874 28
2989 3820 3088 3889 τὴν
3136 3818 3397 3887 Σπανίαν,
3443 3836 3500 3875 et

1914 3907 2152 3963 Galenus
2202 3907 2331 3977 περὶ
2381 3920 2541 3974 τροφ.
2592 3903 2790 3973 δυναμ.
2839 3916 2912 3962 It.
2972 3917 3024 3969 p.
3066 3900 3171 3957 59.0
3211 3905 3352 3957 κατὰ
3398 3905 3498 3976 τὴν

1927 3991 2164 4062 Ἰϐηρίαν
2190 4007 2250 4043 τε
2291 3988 2388 4041 καὶ
2418 3988 2659 4040 Σπανίαν
2688 3984 3121 4057 ὀνομαζομένην,
3154 3994 3208 4040 et
3252 3986 3498 4041 Athana-

1914 4077 2031 4131 sius
2081 4075 2171 4128 τὸν
2214 4072 2324 4126 τῶν
2360 4070 2611 4125 Σπανίων
2644 4068 2834 4123 Ὅσιον
2887 4078 3183 4140 nuncupat.
3237 4070 3501 4126 Similiter

1914 4158 2137 4213 Σπάνιοι
2185 4158 2343 4211 ἵπποι
2383 4157 2522 4221 apud
2565 4155 2853 4227 Apsyrtuni
2891 4152 3128 4224 Hippiat,
3178 4171 3223 4209 c.
3279 4155 3401 4220 H5,
3445 4167 3500 4210 et

1917 4244 2125 4298 Melane
2166 4242 2226 4295 τὸ
2279 4243 2436 4309 γένος
2489 4240 2676 4309 Σπὰνη
2736 4237 2790 4292 in
2832 4237 2975 4293 Hist.
3034 4237 3196 4293 Laus.
3249 4238 3496 4301 Palladii.

1918 4341 1967 4381 c.
2134 4326 2285 4378 Adde
2318 4323 2645 4378 Salinasiutn
2676 4324 2731 4377 in
2761 4320 3035 4390 Spartinn.
3066 4320 3329 4388 Hadrian,
3361 4340 3411 4380 c.
3445 4328 3497 4389 l,

1916 4421 1971 4466 et
2000 4408 2083 4463 «ιο.
2127 4408 2395 4463 Rhodium
2430 4408 2483 4460 itt
2515 4404 2705 4461 Lexico
2740 4406 3105 4461 Scriboniano.

1991 4494 2123 4548 ll)i.l.
2157 4489 2532 4561 Βρισνόρων.
2569 4490 2880 4561 Βριτάννων
2911 4492 3151 4546 scribere
3182 4491 3367 4547 t'o’nit.

1991 4578 2125 4633 Ibid.
2174 4574 2467 4645 Ἔπαρχια
2511 4574 2815 4639 Σικελίας.
2860 4572 2973 4629 Has
3020 4584 3130 4631 tres
3169 4577 3231 4629 ad
3284 4578 3496 4632 Italiam

1916 4666 2193 4734 pertinere
2240 4659 2305 4715 L.
2351 4659 2660 4715 tlolstenius
2712 4660 2941 4729 margini
2991 4660 3265 4730 ascripsit,
3326 4674 3500 4731 eaque

1920 4749 2131 4803 ratione
2204 4761 2489 4800 numerum
2552 4742 2648 4798 γη
2702 4744 3102 4813 provinciarum
3173 4747 3495 4810 rotundari;

1918 4832 2059 4902 quod
2094 4832 2168 4885 uti
2203 4845 2386 4885 verum
2410 4839 2514 4892 est,
2548 4829 2617 4883 ita
2645 4828 2972 4897 scriptorem
2993 4826 3049 4883 id
3075 4824 3308 4883 voluisse
3340 4828 3498 4883 dubi-

1921 4929 2002 4972 tes
2031 4936 2043 4970 :
2076 4932 2138 4970 ca
2171 4915 2316 4969 enim
2346 4915 2393 4969 si
2421 4913 2624 4968 homini
2671 4911 2854 4982 opinio
2898 4913 3021 4977 fuit,
3054 4927 3152 4967 cur
3196 4910 3358 4965 Italia!
3387 4923 3499 4967 tres

1919 5001 2018 5055 has
2052 4998 2363 5068 provincias
2393 5012 2502 5051 non
2542 4996 2794 5052 addidit?
2841 4996 3029 5051 Putem
3066 4998 3167 5051 hoc
3191 4997 3497 5051 auctarium

1919 5100 2026 5139 non
2056 5084 2220 5139 unius
2243 5097 2363 5138 esse
2404 5083 2663 5150 auctoris,
2713 5081 2976 5151 novisque
3005 5080 3409 5137 accessionibus
3442 5080 3497 5134 in

1919 5173 2061 5226 hanc
2118 5168 2347 5224 formam
2403 5184 2433 5223 a
2488 5168 2722 5226 diversis
2753 5166 2923 5224 fuisse
2946 5177 3305 5223 exstructum.
3339 5166 3502 5220 Cctte

1919 5255 2136 5323 dignum
2175 5268 2281 5307 non
2321 5260 2405 5308 est
2429 5254 2575 5324 quod
2606 5269 2705 5311 nos
2736 5253 2988 5319 multum,
3038 5262 3235 5308 metam
3278 5253 3494 5305 tandem

1920 5348 2218 5403 assecutus,
2252 5348 2515 5395 moretur.

3107 5916 3189 5978 38
