4044 6210
946 458 2403 684 CONSTANTINI
2514 508 2962 678 IMP.
3468 496 3519 681 ζ

1306 782 2586 963 PORPHYROGENITI

589 1116 733 1202 DE
813 1113 1587 1204 'l‘HEMATlBUS
1686 1111 2266 1201 OBIENTIS
2354 1114 2501 1200 ET
2616 1110 3341 1204 OCCIDENTIS

1922 1323 1998 1365 ET

899 1494 1055 1593 DF.
1204 1490 2276 1595 ADMINISTRANDO
2455 1493 3026 1596 IMPEBIO.

1842 1711 2071 1761 accemr

1203 1868 1615 1928 HIEROCLIS
1671 1866 2157 1925 GRAMMATICI
2201 1867 2720 1927 SYNECDEMUS.

658 2230 963 2291 BONJI'.
1011 2227 1412 2290 VULCANII
1452 2229 1760 2288 DEDICA
1782 2228 1921 2290 T10
1953 2228 2188 2288 LIBRI
2236 2230 2487 2291 PRlMl
2531 2232 2644 2291 DE
2704 2232 3277 2297 TIIEMATIBI'S.

1372 2566 1784 2610 NOBILISSIMIS
1816 2568 2329 2620 AMPLISSIMISQUE
2356 2568 2544 2621 VIRIS,

826 2686 983 2731 ,ΙΛΝο
1023 2687 1245 2731 ΠΟΠΞᾸΞ
1272 2690 1309 2731 Δ
1344 2689 1774 2749 NOORTWYCK,
1806 2692 2009 2737 PAULO
2051 2694 2258 2751 BUSIO,
2294 2694 2639 2737 ABRAHAMO
2663 2696 2742 2737 ΑΒ
2794 2695 3115 2751 A‘LMONDA,

1257 2778 1695 2855 CURATORIBUS
1748 2814 2081 2857 ACADEMIJE
2137 2815 2481 2859 LEYDENSIS
2516 2816 2569 2858 S.
2626 2817 2687 2859 ι).

418 3044 676 3101 Immanis
708 3041 954 3112 profecto
986 3050 1283 3111 tempestas
1313 3041 1506 3097 bellica
1539 3042 1809 3113 Belgicam
1842 3057 2083 3101 nostram
2113 3058 2259 3102 totos
2283 3047 2395 3113 jam
2429 3061 2601 3101 annos
2634 3047 2819 3116 viginti
2864 3049 3159 3115 concussit,
3184 3051 3433 3120 jactavit,
3460 3051 3606 3107 lace-

349 3140 511 3199 ravit,
548 3133 872 3189 nobilissimi
914 3131 1344 3202 amplissimiqne
1388 3132 1531 3199 viri;
1584 3148 1759 3202 neque
1796 3133 1978 3189 adhuc
2022 3131 2261 3188 faustum
2304 3134 2526 3204 aliquod
2574 3134 2725 3189 sidus
2760 3135 2981 3200 affulsit,
3025 3136 3169 3205 quod
3212 3139 3368 3193 nobis
3408 3148 3607 3192 terram

354 3222 571 3277 videndi
609 3221 823 3274 tandem
867 3235 1019 3288 spem
1055 3218 1218 3273 faciat
1256 3236 1269 3271 :
1310 3219 1469 3274 linem
1504 3219 1650 3271 enim
1684 3219 1928 3273 laborum
1968 3229 2241 3275 tantorum
2272 3231 2523 3290 optamus
2556 3222 2738 3290 potius
2776 3223 2958 3277 miseri
2995 3238 3156 3292 quam
3189 3238 3494 3292 speramus.
3533 3226 3613 3291 Ex

350 3309 602 3363 omnibus
631 3322 760 3362 vero
785 3306 946 3360 malis
980 3321 1099 3375 qua:
1124 3306 1443 3361 catervatim
1473 3320 1657 3360 secum
1693 3307 1859 3360 traxit
1883 3306 2081 3361 bellum
2118 3308 2220 3363 hoc
2250 3323 2375 3362 vere
2404 3318 2582 3373 atrox,
2604 3310 2670 3362 ad
2695 3324 2925 3377 quorum
2954 3311 3388 3365 recordationem
3419 3314 3614 3365 merito

351 3396 694 3451 cxhorrescit
735 3395 984 3458 animus,
1033 3393 1417 3462 gravissimum
1470 3393 1864 3461 propemodum
1909 3408 2134 3450 censere
2176 3396 2324 3450 soleo
2374 3395 2786 3466 dissipationem
2838 3396 3334 3464 bibliothecarum;
3380 3415 3613 3468 quarum

350 3481 637 3552 Splendore
674 3496 739 3535 ac
774 3479 1124 3534 multitudine
1158 3478 1398 3548 Belgium
1431 3477 1562 3533 nulli
1599 3479 2006 3547 provinciarum
2045 3483 2210 3537 totius
2244 3483 2394 3538 orbis
2432 3491 2561 3538 ante
2593 3485 2690 3538 hos
2720 3484 2986 3539 tumultus
3020 3484 3267 3539 cedebat.
3297 3485 3435 3553 Quid
3466 3489 3611 3540 enim

353 3572 496 3625 aliud
522 3585 590 3623 cx
624 3568 1076 3623 bibliothecarum
1111 3567 1333 3622 interitu
1369 3581 1532 3635 quam
1575 3566 1861 3623 barbaries
1893 3578 1948 3624 et
1972 3570 2301 3641 ignorantia,
2332 3585 2397 3624 ex
2427 3571 2732 3640 ignorantia
2758 3571 3009 3627 confusio
3036 3573 3277 3627 omnium
3314 3588 3517 3637 rerum,
3547 3588 3613 3625 ex

354 3661 671 3715 canfnsione
694 3658 1041 3729 πανωλεθρία
1062 3667 1147 3714 est
1173 3657 1573 3723 exspectanda?
1598 3657 1905 3713 Prudenter
1929 3658 2096 3728 igitur
2123 3658 2448 3728 munerique
2472 3648 2653 3714 vestro
2675 3660 3058 3714 convenienter
3084 3660 3281 3726 facitis,
3309 3671 3615 3725 curatores,

359 3754 474 3820 qui,
505 3749 769 3819 ﬂagrante
798 3750 975 3803 adhuc
1005 3748 1144 3802 bello
1173 3748 1634 3818 saavientibnsque
1663 3748 1981 3803 tumultibus
2018 3747 2269 3817 publicis,
2291 3748 2555 3819 quidquid
2587 3748 2741 3803 vobis
2773 3749 3084 3819 reipublicae
3119 3748 3324 3813 clavus,
3355 3750 3420 3803 ad
3452 3765 3613 3819 quem

357 3846 676 3892 constanter
708 3836 1026 3903 fortiterque
1054 3837 1360 3902 cxcuhatis,
1395 3836 1493 3891 otii
1525 3836 1803 3903 relinquit,
1830 3836 1881 3890 id
1907 3850 2069 3893 omne
2100 3841 2394 3895 academize
2424 3841 2809 3910 prombvenda:
2839 3851 2895 3896 et
2927 3842 3271 3898 bibliotheca:
3304 3843 3531 3915 publica:
3558 3842 3615 3895 in

358 3942 420 3981 ca
457 3927 827 3981 instauranda:
859 3928 1187 3995 impenditis,
1226 3940 1280 3981 et
1312 3928 1523 3984 laceras
1554 3943 1618 3982 ex
1654 3928 1996 3995 superiorum
2034 3941 2299 3980 annorum
2336 3926 2638 3996 naufragiis
2678 3928 2912 3992 tabulas,
2953 3930 3116 3996 inque
3148 3940 3421 3983 extremos
3451 3944 3619 3995 prope

357 4015 508 4071 orbis
539 4013 769 4085 angulos
804 4014 1028 4081 ejectas,
1077 4016 1329 4068 maximis
1363 4015 1563 4070 vestris
1601 4015 1911 4082 sumptibus
1948 4012 2293 4078 conquiritis,
2338 4011 2595 4063 collectas
2635 4012 2942 4076 publicatis.
2987 4013 3059 4064 De
3100 4013 3238 4065 libro
3268 4016 3619 4080 antiquarum

358 4120 453 4172 per
484 4107 791 4160 universam
828 4105 1097 4174 Europam
1130 4106 1547 4174 inscriptionum
1580 4104 1791 4173 loquor,
1819 4114 1981 4172 quem
2006 4113 2104 4151 vos
2133 4112 2241 4151 aere
2265 4106 2448 4152 vestro
2478 4096 2530 4150 in
2561 4111 2716 4150 usum
2747 4096 3023 4164 publicum
3058 4098 3325 4152 edendum
3357 4100 3614 4175 curastis.

360 4192 627 4247 Eximium
661 4204 810 4247 certe
833 4207 990 4259 Opus,
1019 4193 1063 4245 si
1099 4193 1240 4258 quod
1274 4208 1513 4261 unquam
1550 4208 1582 4245 e
1623 4187 2023 4262 typographicis
2062 4184 2229 4256 prelis
2270 4182 2514 4254 prodiit;
2564 4183 2719 4252 cujus
2755 4182 2894 4236 fama
2930 4183 3129 4237 dudum
3166 4192 3289 4236 ante
3322 4184 3616 4238 editionem

362 4290 536 4335 totum
570 4281 755 4333 orbem
787 4288 1077 4346 pervagata
1106 4278 1409 4330 incredibili
1441 4293 1564 4332 eum
1599 4279 1679 4331 sui
1708 4276 2114 4344 exspectatione
2146 4284 2387 4329 erectum
2423 4273 2617 4337 tenuit,
2656 4276 2854 4341 quippe
2886 4264 3154 4341 qui'uunc
3187 4272 3430 4337 tandem,
3457 4280 3621 4327 exuto

361 4369 533 4431 senio,
570 4365 861 4433 prisunum
895 4372 1079 4415 vestro
1110 4362 1374 4433 beneficio
1396 4364 1700 4431 juventutis
1736 4365 1900 4417 decus
1932 4366 2003 4417 sit
2029 4374 2451 4430 recuperaturus
2476 4377 2492 4415 :
2518 4374 2626 4428 quo
2658 4361 2874 4428 quidem
2903 4361 3119 4415 nomine
3153 4361 3492 4417 immortales
3519 4377 3621 4416 vo-

362 4459 468 4521 bis,
496 4455 753 4524 quamdiu
788 4454 975 4517 stabit,
1007 4452 1211 4522 gratias
1234 4453 1474 4507 debebit.
1502 4454 1677 4520 Atque
1706 4463 1764 4505 ut
1801 4454 1855 4506 in
1893 4454 2309 4521 praesentiarum
2338 4454 2408 4508 de
2441 4454 2678 4507 utilitate
2715 4453 2847 4505 nihil
2880 4454 3053 4506 dicam
3083 4469 3203 4522 quae
3231 4468 3296 4507 ex
3328 4454 3429 4509 hoc
3461 4470 3625 4524 opere

363 4545 430 4598 ad
465 4557 655 4596 omnes
685 4540 919 4609 antiqua:
949 4538 1350 4610 reconditteque
1378 4540 1639 4593 doctrinm
1668 4539 1940 4591 studiosos
1967 4552 2050 4594 est
2079 4552 2428 4607 perventura,
2459 4557 2578 4609 quae
2605 4552 2685 4595 est
2713 4541 2959 4610 profecto
2991 4542 3255 4605 maxima,
3280 4544 3620 4606 excitabitis,

364 4633 474 4685 imo
506 4628 912 4682 inﬂatnntabitis
942 4626 1137 4681 illustri
1176 4628 1276 4681 hac
1299 4642 1462 4696 quam
1490 4626 1820 4696 praeluxistis
1852 4625 1969 4680 face
2000 4629 2164 4681 etiam
2199 4628 2355 4690 alios,
2382 4638 2441 4680 ut
2476 4629 2741 4697 quidquid
2770 4628 3076 4682 lacerarum
3112 4645 3176 4684 ex
3211 4630 3315 4684 hoc
3350 4636 3627 4689 communi

360 4719 811 4775 bibliothecarum
853 4715 1187 4786 Belgiearnm
1225 4716 1510 4785 naufragio
1550 4714 1855 4770 tabularum
1894 4715 1960 4769 ad
2006 4716 2153 4783 ipsos
2196 4716 2525 4784 pervenerit,
2570 4717 2682 4785 pari
2721 4717 3006 4770 alacritate
3047 4717 3099 4769 in
3148 4732 3304 4770 usum
3348 4719 3627 4786 publicum
3671 4715 3678 4781 ε

360 4806 666 4862 conferant.
693 4805 932 4871 Quorum
965 4805 1017 4858 in
1048 4820 1278 4859 numero
1310 4820 1501 4858 nomen
1540 4820 1717 4858 meum
1752 4803 1924 4858 libens
1958 4804 2236 4874 proliteor.
2288 4802 2628 4871 Simulatque
2658 4804 2800 4856 enim
2830 4803 3041 4858 consilii
3069 4803 3236 4857 vestri
3271 4807 3536 4858 rationem
3562 4806 3631 4859 de

360 4896 542 4965 operis
582 4895 740 4962 hujus
771 4893 1011 4950 editione
1051 4895 1306 4963 cognovi,
1350 4894 1635 4949 continere
1673 4908 1758 4947 me
1794 4910 1897 4947 non
1940 4891 2087 4963 potui
2124 4891 2250 4958 quin
2292 4889 2525 4943 testandi
2579 4889 2776 4959 privati
2822 4890 2925 4943 mei
2960 4890 3143 4959 gaudii
3185 4891 3459 4960 studiique
3500 4906 3628 4961 erga

366 4999 474 5038 rem
521 4982 843 5037 litterariam
879 4999 1040 5036 causa
1078 4982 1492 5038 Constantinum
1525 4983 2099 5053 Porphyrogennetam
2134 4980 2272 5050 napi.
2303 4975 2576 5046 θεμάτων,
2609 4989 2887 5034 auctorem
2924 4994 3200 5046 nunquam
3247 4983 3481 5035 antehac
3512 4982 3631 5035 edi-

366 5075 501 5129 tum,
545 5068 776 5134 primum
815 5083 844 5119 c
886 5066 1070 5120 multis
1112 5069 1416 5137 arriperem
1452 5067 1763 5137 publiciqne
1804 5067 1947 5137 juris
1994 5066 2254 5121 facerem.
2300 5065 2437 5119 Tres
2476 5080 2605 5119 vero
2649 5080 2828 5120 causa:
2873 5066 3094 5121 fuerunt
3127 5066 3327 5135 quibus
3365 5069 3629 5122 adductus

365 5154 743 5223 dignissimum
767 5172 892 5209 eum
923 5157 1162 5225 judicavi
1192 5158 1281 5226 qui
1308 5172 1418 5211 uno
1444 5159 1746 5227 eodemque
1777 5167 2023 5225 tempore
2055 5172 2162 5226 quo
2192 5164 2396 5210 renatae
2428 5166 2553 5210 sunt
2581 5157 2731 5211 orbis
2752 5157 2981 5223 deliciae,
3009 5159 3111 5215 hoc
3136 5171 3218 5214 est
3251 5161 3633 5229 inscriptiones

366 5252 582 5307 vestra,
615 5246 668 5296 in
694 5244 1058 5297 clarissimam
1089 5244 1390 5299 doctissimi
1427 5245 1589 5314 hujus
1626 5245 1805 5299 s:cculi
1839 5247 2015 5300 lucem
2046 5242 2369 5314 amplissimi
2406 5244 2640 5296 nominis
2672 5246 2837 5297 vestri
2870 5247 3130 5315 auspiciis
3164 5248 3426 5317 prodiret.
3456 5245 3632 5299 Prima

365 5332 508 5399 quod
554 5332 881 5400 imperator,
920 5332 1120 5387 Leonis
1164 5333 1309 5387 illius
1342 5334 1525 5400 filius;
1561 5335 1757 5389 deinde
1798 5334 1940 5402 quod
1986 5334 2188 5403 optime
2216 5332 2284 5386 de
2319 5332 2514 5386 studiis
2559 5332 2861 5385 litterarum
2907 5337 3153 5400 meritus,
3183 5336 3380 5402 quippe
3414 5334 3507 5403 qui
3542 5350 3638 5388 ex-

364 5420 594 5474 stinctas
628 5421 1017 5487 propemodum
1047 5435 1110 5473 ac
1136 5421 1517 5491 semisepultas
1545 5437 1641 5476 sua
1677 5431 1837 5475 aetate
1876 5421 2049 5475 bonas
2080 5429 2228 5475 artes
2258 5434 2321 5473 ac
2360 5419 2622 5474 scientias
2655 5421 2935 5475 suscitarit
2964 5430 3020 5475 et
3047 5422 3115 5475 ah
3143 5420 3362 5473 interitu
3395 5421 3639 5477 vindica-

368 5506 475 5569 rit;
520 5506 683 5561 tertia
725 5506 868 5575 quod
914 5508 1030 5576 pari
1076 5506 1189 5561 fere
1221 5522 1346 5561 cum
1393 5507 1840 5578 inscriptionibus
1872 5509 2073 5563 vestris
2121 5508 2337 5562 fortuna
2373 5508 2456 5573 bis
2490 5517 2705 5576 captus,
2749 5510 3039 5562 militarem
3087 5509 3323 5561 furorem
3356 5523 3636 5580 expertus,

370 5596 703 5663 redemptus.
745 5592 878 5647 Nam
917 5595 1151 5663 primum
1182 5592 1490 5649 Mechlinize
1521 5596 1660 5666 apud
1693 5598 1963 5648 medicum
1994 5597 2283 5665 quemdam
2316 5596 2571 5665 Anglum,
2607 5594 2874 5649 Thomam
2905 5593 3262 5659 Clementem,
3302 5611 3494 5665 parum
3529 5599 3639 5653 cle-

372 5690 581 5736 menter
611 5681 831 5736 habitus
865 5680 1065 5734 tnultos
1104 5696 1277 5734 annos
1313 5684 1366 5735 in
1411 5682 1748 5738 bibliotheca:
1781 5683 1861 5736 vel
1906 5683 2251 5754 βιϐλιοπέδης
2290 5686 2467 5754 potius
2500 5683 2753 5751 squalore
2793 5691 2847 5735 et
2881 5680 3103 5750 pulvere
3136 5682 3324 5749 latuit;
3360 5694 3543 5754 postea
3576 5687 3632 5739 in

655 5773 933 5834 Ρλτῐιοι.
989 5771 1106 5831 Gn.
1157 5771 1383 5834 CXIII.

3220 5776 3248 5833 1

262 5861 511 6169 (ξδ’
542 5951 569 5991 ’ί
