4044 6210
414 312 479 381 ει
1527 311 1943 374 numnum
1985 310 2549 373 PILEFATIONES.
2587 385 2597 395 η
3174 302 3185 311 ’
3615 318 3689 383 te

402 427 573 483 altera
614 425 828 479 miserm
875 424 1018 479 illius
1062 422 1215 476 urbis
1255 422 1579 492 direptione.
1617 422 1983 492 αἰχμάλωτος,
2036 424 2253 478 militari
2294 424 2566 479 violentia:
2604 421 2900 485 obnoxius.
2938 430 3176 492 perierat
3218 426 3323 480 nisi
3363 426 3618 497 periisset
3658 448 3675 484 :

406 516 597 571 nescio
622 516 766 569 enim
797 529 907 583 qao
932 515 1073 567 bono
1104 527 1204 567 suo
1234 510 1348 566 fato
1380 512 1511 566 mihi
1549 512 1789 572 ιιιιιιιιιιαι,
1818 528 1928 565 una
1954 525 2075 564 cum
2104 510 2374 581 Procopio
2398 513 2466 565 de
2489 511 2735 566 mdilieiis
2763 509 3057 565 Jttstiuiani
3094 523 3150 566 et
3175 514 3429 580 Agatbia,
3459 517 3684 574 oblatus

398 602 695 675 persolutis
725 603 941 671 λύτροις
983 609 1235 657 servatus
1260 609 1366 654 est.
1405 597 1578 669 Cujus
1615 600 1838 669 quidem
1877 599 2223 668 imperatoris
2263 598 2427 653 simul
2461 605 2516 652 et
2552 598 2840 668 scriptoris
2874 600 3064 670 optimi
3102 601 3372 668 prolixam
3410 605 3549 671 apud
3582 622 3683 660 vos

399 689 766 745 laudationem
797 689 1083 742 instituere
1110 687 1245 741 niltil
1281 686 1499 753 attinet,
1527 702 1652 739 cum
1690 696 1743 740 et
1777 687 1844 740 ad
1875 686 2078 741 calcem
2117 685 2277 749 hujus
2309 686 2429 740 libri
2475 686 2707 740 illustria
2743 686 2954 755 aliquot
2983 687 3372 742 historicorum
3404 690 3548 743 illius
3577 694 3677 745 teri

401 779 469 834 de
503 793 569 834 eo
598 776 910 831 testimonia
945 774 1340 846 congesserint,
1368 784 1422 828 et
1450 789 1546 828 vos
1579 774 1678 839 ipsi
1709 788 1805 842 pro
1831 773 2094 843 singulari
2123 782 2303 826 vestra
2340 774 2646 829 eruditione
2677 790 2999 844 summaque
3026 775 3217 844 judicii
3256 776 3557 831 acrimonia
3592 779 3678 831 fa-

398 864 598 919 cillime
629 878 746 926 eas,
778 862 942 916 veluti
966 877 1032 916 ex
1068 875 1269 930 ungue,
1300 859 1444 930 quod
1477 860 1650 924 aiunt,
1681 859 1914 924 leonem,
1946 860 2067 915 sitis
2103 864 2336 932 agnituri
2368 864 2747 932 scriptumque
2778 862 2879 918 hoc
2910 863 2988 917 rei
3021 863 3301 919 litterariae
3329 880 3681 937 summopere

400 951 531 1006 utile
565 948 901 1019 jndicaturi,
935 964 1057 1002 cum
1097 950 1260 1002 totius
1304 947 1415 1002 fere
1454 948 1598 1002 Asize
1630 957 1943 1001 accuratam
1977 949 2402 1017 descriptionem
2442 952 2768 1020 agminaque
2808 949 3067 1003 militaria
3101 965 3198 1019 per
3231 964 3350 1004 eam
3384 952 3680 1008 distributa

397 1040 694 1099 contineat.
720 1050 776 1092 et
816 1047 1177 1105 praeterquam
1207 1036 1349 1105 qttod
1383 1035 1549 1090 multa
1584 1037 1862 1090 contineat
1908 1036 2029 1091 aliis
2067 1039 2393 1108 geograpltis
2430 1040 2510 1093 vel
2548 1040 2728 1109 ignota
2766 1040 2847 1092 vel
2883 1038 2953 1093 ab
2994 1041 3072 1094 eis
3110 1040 3335 1097 silentio
3370 1045 3675 1112 pratterita,

395 1141 501 1181 non
537 1140 710 1193 pauca
746 1126 944 1178 habeat
987 1134 1248 1193 praeterea
1281 1125 1347 1178 ad
1385 1124 1724 1193 antiquitatis
1765 1134 1820 1177 et
1858 1124 2100 1179 historiae
2130 1127 2526 1196 cognitionem.
2563 1128 2701 1181 adde
2732 1128 2897 1181 etiam
2942 1127 3076 1183 artis
3118 1127 3378 1184 militaris
3421 1132 3671 1199 peritiam

393 1212 778 1268 conducibilia.
809 1210 1049 1277 Quarum
1076 1211 1295 1279 quidem
1328 1226 1507 1265 rerum
1539 1219 1864 1273 gravitatem
1896 1211 2149 1280 iucundis
2174 1217 2374 1283 passim
2402 1216 2808 1271 narrationibus
2838 1227 2893 1270 et
2924 1217 3088 1271 variis
3114 1228 3356 1273 veterum
3388 1231 3673 1287 poetarum

395 1297 820 1353 auctoritatibus
854 1298 1020 1352 veluti
1060 1299 1430 1353 condimentis
1468 1298 1795 1368 quibusdam
1840 1299 2054 1367 miscet,
2091 1311 2149 1356 ut
2180 1301 2300 1370 ejus
2342 1303 2509 1359 lectio
2551 1304 2633 1357 vel
2675 1313 2758 1359 ter
2790 1306 3019 1373 repetita
3071 1320 3413 1375 nequaquam
3463 1308 3669 1377 fatiget.

393 1388 580 1444 Utitur
613 1403 743 1443 vero
772 1388 1043 1443 interdum
1085 1389 1398 1444 nominibus
1440 1390 1646 1458 aliquot
1678 1387 1979 1443 olliciorum
2021 1389 2342 1444 militarium
2378 1391 2605 1445 remotis
2640 1406 2669 1445 a
2705 1392 3101 1447 consuetudine
3135 1391 3388 1461 loquendi
3426 1407 3673 1448 veterum

331 1536 346 1555 κ
391 1474 745 1538 Grascorum;
777 1490 943 1545 quam
984 1475 1055 1530 ob
1085 1489 1307 1530 causam
1337 1485 1479 1530 notae
1513 1475 1830 1530 necessario
1863 1476 1992 1529 mihi
2020 1476 2342 1545 adjicienda:
2376 1479 2616 1542 fuerunt.
2650 1494 2750 1549 per
2780 1494 2917 1548 quas
2948 1480 3122 1534 lucem
3159 1480 3399 1549 aliquam
3435 1481 3503 1535 iis
3538 1482 3676 1550 ipsis

391 1564 674 1619 vocabulis
706 1562 982 1618 aﬂerrem.
1027 1565 1084 1617 In
1118 1565 1317 1632 quibus
1347 1563 1393 1617 si
1428 1562 1610 1617 forsan
1646 1579 1676 1616 a
1711 1577 1876 1629 scopo
1916 1563 2186 1626 aberravi,
2224 1565 2439 1618 veniam
2474 1574 2529 1619 et
2564 1575 2686 1636 peto
2720 1576 2774 1620 et
2806 1580 3040 1629 mereor.
3070 1582 3193 1620 cum
3229 1581 3292 1620 ea
3329 1567 3668 1621 doctissimis

391 1650 555 1705 etiam
593 1656 760 1705 nostri
803 1651 902 1705 ιηνὶ
936 1651 1070 1706 viris
1098 1666 1203 1707 non
1238 1651 1490 1715 exiguum
1528 1650 1802 1716 negotium
1835 1647 2112 1703 lacessant
2145 1649 2243 1722 (ιι).
2275 1651 2525 1721 Accipite
2559 1666 2690 1708 vero
2724 1667 2841 1716 vos,
2883 1652 3208 1706 nobilissimi
3238 1654 3672 1723 amplissimique

392 1742 518 1808 viri,
549 1741 969 1798 Constantinum
1000 1756 1097 1810 per
1128 1755 1215 1795 me
1245 1738 1389 1794 Orco
1419 1748 1666 1808 ereptum
1707 1739 1922 1809 lucique
1955 1740 2166 1807 pariter
2192 1751 2249 1796 et
2280 1741 2435 1796 Latio
2464 1743 2763 1808 donatum;
2802 1743 3057 1814 accipite,
3097 1743 3343 1812 inquam,
3380 1754 3440 1798 ut
3474 1753 3671 1800 testem

390 1827 630 1900 ingentis
660 1829 861 1899 gaudii,
894 1830 1037 1899 quod
1066 1843 1167 1899 ego
1206 1842 1271 1880 ex
1312 1842 1525 1881 summa
1569 1825 1737 1880 animi
1774 1827 1939 1880 vestri
1969 1830 2036 1883 ad
2053 1830 2292 1899 juvauda
2318 1831 2496 1886 studia
2528 1833 2836 1897 alacritate,
2871 1847 3032 1903 quam
3065 1847 3159 1888 vos
3189 1833 3668 1900 sumptuosissima

392 1919 588 1970 harum
621 1917 1034 1986 inscriptionum
1061 1915 1303 1970 editione
1335 1913 1768 1968 luculentissime
1795 1913 2142 1980 declarastis,
2184 1917 2377 1972 intimo
2406 1928 2629 1988 pectore
2658 1920 2903 1989 concepi.
2940 1918 3223 1988 Simulque
3251 1919 3408 1973 vobis
3438 1933 3669 1987 persua-

332 2072 343 2079 _
388 2003 514 2057 dele
546 2019 629 2057 me
661 2003 945 2070 deinceps,
964 2011 1152 2058 vestro
1176 2000 1446 2071 imprimis
1472 1999 1725 2068 exemplo
1754 2000 2064 2069 incitatum,
2088 2003 2341 2058 daturum
2375 2020 2601 2076 operam
2633 2016 2691 2062 nt
2722 2007 2850 2061 mihi
2886 2021 2985 2061 nec
3015 2007 3267 2062 voluntas
3301 2020 3476 2076 neque
3499 2005 3672 2077 (absit

386 2095 557 2144 verbo
595 2091 822 2161 invidia)
860 2091 1091 2146 facultas
1123 2098 1504 2159 promovenda:
1532 2087 1611 2141 rei
1638 2086 1918 2141 litterariae
1942 2090 2311 2160 ornandthue
2338 2102 2536 2147 vestras
2561 2093 2854 2147 academiae
2882 2092 3120 2146 defuisse
3145 2091 3412 2145 videatur.

464 2177 671 2241 Valete,
699 2178 799 2231 viri
827 2176 1148 2232 nobilissimi
1176 2175 1633 2244 amplissimique,
1655 2183 1708 2228 et
1736 2174 2125 2243 rempublicam
2152 2177 2378 2250 ejusque
2405 2180 2757 2237 seminarium
2787 2178 3122 2234 academiam
3149 2178 3385 2234 feliciter
3407 2186 3671 2234 curantes

389 2263 660 2319 fremente
692 2264 1013 2334 furenthue
1041 2264 1244 2319 invidia
1279 2272 1652 2332 perseverate.
2542 2302 2561 2317 .
2724 2264 2751 2283 ‘
2783 2267 2843 2320 ι).
2873 2264 2939 2318 V.
2974 2265 3383 2321 addictissimus

452 2372 705 2443 Lugduni
749 2374 1074 2428 Batavorum
1118 2376 1184 2428 Α.
1224 2374 1281 2425 1).
1320 2370 1489 2437 1588,

2657 2374 3055 2428 Βοκλινεκτυιιιι
3100 2371 3520 2431 VULCANIUS.

780 2460 900 2515 ΚςιΙ.
944 2461 1172 2516 Martiis.

729 2745 1341 2807 FIL‘D.1W0RELLI
1382 2745 1844 2807 DEDICATIO
1887 2744 2123 2805 LIBRI
2164 2745 2533 2809 SECUNDI
2575 2747 2686 2806 DE
2731 2748 3309 2811 THEMATIBUS.

1036 2906 1505 2950 ILLUSTRISSIMO
1544 2908 1620 2950 AC
1663 2905 2216 2950 REV’ERENDISSIMO
2265 2906 2606 2951 CARDINALI
2660 2907 3003 2966 PERRONIO,

1540 3030 2041 3076 ARCHIEPISCOPO
2096 3031 2212 3076 SEN
2219 3031 2302 3075 ΟΝ
2308 3030 2474 3088 ENSI,

542 3161 891 3209 GERMANME
944 3160 1226 3219 PRIMATI,
1266 3158 1791 3204 CHRISTIANISSIMI
1832 3158 2022 3205 REGIS
2064 3159 2352 3203 FRANCIE
2391 3159 2469 3203 ΕΤ
2518 3160 2837 3205 NAVARRE
2877 3161 3477 3213 EL’EEMOSYN‘ARC‘HR

1220 3289 1569 3334 FEDERICUS
1613 3289 1945 3335 MORELLUS
1976 3291 2340 3336 PBOFESSOR
2375 3291 2606 3337 REGIUS
2653 3292 2709 3336 S.
2748 3292 2807 3335 P.

394 3459 409 3476 ‘
456 3447 536 3503 Ειι
576 3441 919 3500 Constantini
958 3439 1557 3512 Porpltyrongennetze,
1591 3438 1886 3496 cardinalis
1921 3438 1991 3493 ilh

2057 3439 2305 3504 trissime,
2343 3440 2736 3511 ὀλοπορςρύρων
2772 3438 2992 3506 ἀντάξιε
3035 3441 3271 3509 πολλῶν,
3315 3458 3654 3504 commenta-

388 3539 502 3592 rius
533 3536 599 3589 de
636 3530 968 3588 theutatibus
1007 3528 1422 3599 praefecturisve
1465 3526 1821 3584 occidentalis
1860 3527 2034 3597 partis
2067 3527 2280 3598 imperii
2313 3527 2572 3596 Orientis,
2618 3532 2882 3586 hactenus
2919 3531 3266 3589 desideratus
3305 3544 3361 3590 et
3402 3536 3470 3591 ab
3509 3538 3656 3593 ἱστο-

390 3619 956 3698 ριαρχαιολογοφίλοις
983 3618 1186 3673 notitia:
1207 3616 1468 3673 Romanae
1493 3615 1756 3672 studiosis
1786 3615 1987 3670 omnibt

2065 3617 2204 3671 votis
2226 3618 2504 3686 expetitus
2538 3640 2549 3673 ;
2583 3632 2753 3686 nunc,
2792 3619 2837 3674 si
2870 3620 3051 3675 minus
3082 3621 3312 3690 integer,
3335 3624 3653 3698 ὁλοσχερὴς,

382 3722 440 3765 at
469 3721 617 3766 certe
642 3717 880 3779 quantus
909 3714 1146 3775 quantus
1171 3701 1230 3759 in
1253 3704 1415 3760 unico
1452 3703 1619 3759 veteri
1648 3703 1831 3758 codice
1861 3717 1963 3757 ms.
1986 3702 2170 3772 Regia:
2202 3703 2541 3760 bibliotheca:
2571 3720 2761 3761 recens
2790 3722 2819 3760 a
2851 3708 3170 3773 me,dextro
3197 3708 3485 3776 Mercurio,
3509 3728 3660 3766 cout-

386 3806 570 3868 pertus
596 3807 698 3859 est.
732 3795 1059 3861 descriptus,
1096 3792 1432 3861 recognitus,
1464 3800 1698 3860 utraque
1732 3790 1913 3860 lingua
1957 3789 2354 3862 imperatorum
2383 3793 2560 3848 editus
2596 3795 2847 3865 notisque
2878 3794 3183 3852 illustratus
3223 3798 3441 3867 prodire
3469 3809 3524 3853 et
3558 3801 3661 3854 sub

382 3887 585 3942 eximio
617 3883 855 3940 caelestis
899 3881 1100 3951 ingenii
1140 3881 1212 3936 ιιιὶ
1254 3879 1488 3933 candore
1528 3888 1583 3931 et
1623 3879 1757 3932 ostri
1799 3878 1871 3931 tui
1920 3877 2209 3947 splendore
2252 3895 2519 3950 apparere
2551 3884 2736 3953 gestit.
2765 3881 2962 3952 Quidni
2997 3899 3127 3940 vero
3170 3885 3470 3957 imperator
3500 3888 3656 3956 φιλο-

385 3977 714 4045 μουσότατος
748 3973 840 4025 καὶ
871 3970 1315 4033 Θεοσεδέστατος,
1352 3969 1404 4022 itt
1442 3966 1729 4040 Porpher
1766 3967 1968 4036 palatio

2058 3977 2164 4023 itus
2193 3978 2246 4024 et
2273 3971 2545 4041 extemplo
2577 3986 2819 4045 purpura
2856 3973 3098 4034 indutus,
3131 3973 3496 4025 cardinalicia:
3529 3986 3655 4036 pur-

384 4078 534 4130 purm
576 4073 682 4116 tua:
725 4061 890 4114 decus
935 4068 988 4113 et
1034 4057 1344 4127 praesidium
1395 4072 1500 4110 non
1550 4055 1826 4110 ambiret?
1872 4057 1980 4109 into
2020 4057 2206 4124 quidni
2259 4059 2560 4124 imperator
2604 4056 3137 4125 Porphyrugenitus,
3183 4054 3342 4123 cujus
3390 4053 3651 4120 maiestas

384 4149 669 4221 φιλολογίᾳ
695 4160 748 4202 et
775 4148 1002 4201 scientia
1031 4146 1474 4217 ἀρχιτεκτονικῇ,
1505 4158 1668 4215 quam
1704 4153 1780 4198 tot
1806 4143 1981 4214 βασιλι

2057 4144 2106 4197 ὂν
2133 4143 2500 4197 voluminibus
2527 4144 2901 4214 exaggeravit,
2941 4142 3111 4212 magis
3136 4157 3298 4212 quam
3328 4141 3496 4211 pallio
3527 4160 3654 4214 pur-

384 4254 552 4308 pureo
593 4241 847 4293 decorata
882 4244 983 4297 est,
1015 4233 1160 4288 hunc
1208 4246 1425 4301 quoque
1462 4246 1737 4286 musarum
1773 4230 2043 4299 regiarum
2084 4230 2251 4282 fetum
2289 4227 2542 4282 Minerrzc
2570 4238 2675 4283 tute
2703 4228 2956 4282 aetherem
2989 4227 3167 4297 peplo,
3206 4229 3306 4283 hoc
3337 4239 3442 4293 est,
3481 4230 3651 4299 ἐγκυ-

383 4326 754 4390 κλοπαιδείας,
787 4322 1140 4378 scientiarum
1177 4335 1239 4373 ac
1265 4319 1528 4400 virtutttm
1567 4319 1722 4384 orbe,
1748 4318 1946 4372 includi
1978 4317 2338 4386 percuperet?
2364 4332 2483 4370 cum
2522 4317 2823 4386 praesertim
2859 4316 2999 4369 idem
3039 4316 3166 4370 huic
3205 4317 3434 4387 principi
3467 4329 3651 4373 votum

383 4414 545 4469 fuerit
578 4424 741 4482 atque
778 4408 1088 4465 Alexandro
1126 4420 1338 4476 magno,
1373 4407 1496 4470 ταῖς
1538 4405 1765 4477 περὶτὰ
1794 4404 1980 4476 ἄριστα

2059 4403 2343 4475 μπειρίαις
2386 4403 2589 4474 μᾶλλον
2629 4404 2662 4475 ἢ
2706 4404 2827 4465 ταῖς
2867 4403 3133 4474 δυνάμεσι.
3174 4403 3473 4477 διαφέρειν.
3515 4406 3652 4461 lliuc

382 4502 606 4573 Optimis
638 4500 786 4555 curis
813 4513 910 4569 pro
938 4495 1115 4551 salute
1140 4493 1330 4564 patriae
1355 4494 1597 4548 animum
1627 4509 1843 4562 semper
1873 4492 2121 4549 exercuit
2146 4501 2201 4547 et
2227 4491 2437 4558 stilum,
2463 4492 2729 4562 optimum
2763 4491 2976 4545 dicendi
3009 4491 3351 4560 magistrum,
3382 4493 3651 4564 siquidem

383 4590 449 4643 ad
487 4591 794 4644 Romanum
827 4583 1018 4648 lilittnt,
1052 4582 1142 4650 qui
1173 4595 1338 4651 regno
1368 4591 1595 4649 paterno
1626 4582 1912 4644 successit,
1940 4590 1994 4637 et
2025 4578 2266 4650 llugonis
2296 4578 2460 4633 Italia:
2491 4579 2632 4647 regis
2669 4579 2833 4632 liliaut
2868 4576 3107 4644 Bertam,
3137 4580 3434 4634 Eudoxiam
3467 4589 3651 4649 postea

382 4660 605 4740 dictam,
649 4687 871 4728 uxorem
912 4671 1085 4736 duxit,
1114 4669 1316 4724 librum
1352 4683 1658 4740 gemmeum
1695 4670 1938 4738 scripsit,
1981 4671 2034 4724 in
2079 4682 2186 4735 qtto
2220 4668 2491 4738 descripta
2529 4666 2704 4721 fuerat
2743 4681 2956 4720 summa
2996 4667 3160 4721 totius
3198 4668 3371 4723 Gratci
3413 4670 3648 4737 imperii,

380 4774 539 4834 pacta
571 4762 752 4816 omnia
783 4759 1082 4822 sociorum,
1109 4766 1164 4812 et
1191 4756 1429 4831 hostium
1472 4747 1653 4823 vires;
1704 4773 1865 4829 quem
1896 4757 2086 4812 Veneti
2120 4756 2401 4827 φιλόκαλοι
2428 4756 2571 4812 velut
2598 4757 2934 4823 thesaurum,
2970 4757 3199 4827 Egnatio
3227 4758 3567 4828 perhibente,
3594 4760 3648 4812 in

278 4896 281 4900 Α
376 4850 707 4906 billiotheea
743 4861 837 4902 sua
870 4846 1057 4900 sedulo
1085 4853 1431 4900 conservant.
1460 4842 1607 4901 Idem
1642 4846 1887 4900 Romano
1908 4860 2057 4901 more
2086 4858 2310 4900 noverat
2333 4860 2560 4915 parcere
2588 4845 2848 4913 subjectis
2875 4856 2930 4900 et
2960 4844 3239 4901 debellare
3260 4846 3544 4914 superbos.
3584 4845 3650 4900 Et

382 4952 440 4994 ut
471 4942 523 4993 in
552 4937 743 5007 primis
769 4934 1037 5004 justitiam
1072 4932 1240 4989 coluit
1270 4933 1561 5003 legumque
1591 4935 1805 4990 silentia
1851 4934 2016 5003 rupit,
2052 4935 2125 4988 ita
2160 4933 2427 5005 llcsycltia
2456 4948 2549 4988 seu
2581 4935 2764 5005 quinte
2792 4934 2908 5004 ejus
2944 4943 3096 4997 nata,
3121 4933 3319 5004 quippe
3351 4949 3473 5003 quae
3498 4932 3650 5002 φιλό-

381 5044 535 5098 φρων
565 5023 732 5087 Δίκας
762 5022 1010 5095 θυγάτηρ
1040 5038 1068 5075 a
1105 5022 1341 5077 Pindaro
1372 5022 1698 5085 celebratur,
1723 5023 2035 5079 felicissime
2066 5037 2196 5077 usus
2229 5037 2293 5078 ac
2320 5023 2525 5092 potitus
2553 5032 2660 5089 est,
2681 5032 2937 5091 expertus
2961 5022 3124 5076 etiam
3156 5036 3317 5089 quam
3350 5034 3479 5076 vere
3508 5020 3651 5075 Pau-

381 5112 567 5166 sanias
599 5112 816 5174 dixerit,
850 5109 912 5164 τὸ
943 5111 1007 5164 ὲκ
1035 5108 1172 5164 Θεοῦ
1206 5109 1434 5179 εὐμενὲς
1464 5108 1558 5163 ἐπὶ
1592 5110 1760 5164 παντὶ
1793 5108 1978 5182 ὲργάζε

2049 5110 2122 5164 lat.
2156 5109 2459 5182 ῥᾳστώνην.
2491 5110 2611 5165 Non
2647 5119 2731 5165 est
2760 5109 2926 5177 igitur
2953 5109 3096 5178 quod
3122 5108 3364 5163 dubitem
3405 5121 3473 5161 ne
3511 5109 3646 5164 tanti

382 5196 728 5269 imperatoris
756 5196 1033 5251 πολιτικὸν
1069 5198 1421 5271 σύγγραμμα
1456 5199 1548 5254 tibi
1586 5199 1657 5254 sit
1698 5199 1979 5270 καταθύμιι

2051 5240 2057 5264 ,
2089 5208 2302 5270 gratum
2339 5207 2395 5254 et
2432 5207 2758 5269 acceptum;
2805 5197 2958 5265 cujus
2997 5196 3180 5250 divino
3219 5195 3440 5265 ingenio
3471 5196 3648 5252 consi-

453 5376 535 5457 _(a)
558 5373 781 5457 Quibus
815 5381 967 5457 certe
997 5364 1592 5457 [aegritudo-eripiam
1626 5371 1821 5457 afferre
1853 5387 1953 5457 po;
2055 5372 2181 5428 belli
2223 5372 2274 5427 in
2314 5372 2652 5457 bibliotheca
2685 5367 3476 5457 Christianissimilgailomm‘
3499 5366 3645 5457 regis

374 5439 577 5504 tui‘ss’et
601 5439 774 5499 codex
798 5457 905 5499 ms.
935 5442 1003 5498 de
1032 5441 1224 5500 ciliciis
1256 5439 1462 5514 palatii'
1474 5445 1589 5498 sive
1614 5443 1748 5497 aul:e
1771 5439 1953 5514 Cpoli-
2054 5444 2326 5498 asservari
2362 5443 2697 5514 intelligam,
2756 5451 2812 5514 e_t
2843 5439 2990 5493 aliud
3043 5439 3095 5493 in
3152 5439 3482 5514 bibliotheca
3533 5439 3646 5514 Att-

378 5528 545 5579 tanaz,
572 5514 726 5585 cujus
764 5528 888 5585 cum
919 5529 1022 5585 ego
1044 5524 1170 5585 ante
1199 5508 1370 5570 annos
1404 5508 1847 5585 circiterviginti
1878 5514 1948 5569 cl.
2052 5525 2284 5582 gustana
2317 5508 2755 5573 exstareseiam,
2784 5510 2923 5563 bona
2947 5524 3071 5585 spes
3102 5524 3191 5585 me
3222 5510 3380 5585 habet
3408 5508 3647 5585 τοι-θριξ-

380 5603 436 5646 v.
470 5577 754 5657 Inachium
788 5577 1039 5657 Hoppéro
1070 5583 1288 5657 Belgico
1322 5586 1375 5640 in
1418 5583 1693 5654 Hispaniis
1713 5577 1950 5657 fprzesidi
2053 5577 2268 5657 quando
2306 5593 2364 5657 ut
2399 5594 2496 5637 aut
2532 5596 2647 5634 mea
2678 5590 2793 5643 aut,
2830 5577 2987 5657 quod
3012 5595 3118 5657 non
3156 5577 3467 5657 invidérim,
3500 5577 3641 5632 alte-

380 5659 600 5730 eopiatn
625 5648 1094 5730 fecisseml'periit
1134 5648 1263 5711 m'ilti
1299 5672 1404 5730 una
1447 5648 1570 5730 cuin
1610 5648 1818 5730 optimo
1861 5654 1953 5730 illo
2058 5648 2170 5730 r'ius
2195 5652 2428 5730 alicujus
2451 5666 2615 5730 opera
2645 5650 3044 5730 auctori-simul
3070 5660 3123 5705 et
3151 5648 3385 5730 sibi'hac
3407 5650 3459 5730 in
3491 5657 3649 5719 parte

374 5717 805 5800 doctissimoque
836 5717 974 5786 viro.
1008 5728 1141 5786 Cum
1171 5735 1350 5784 tamen
1381 5717 1715 5797 ἀντίγραφον
1742 5724 1861 5796 ejus
1891 5724 1951 5779 li-
2052 5717 2423 5780 subveniatur.
2456 5717 2787 5788 VULCtNIUS,
2813 5720 2901 5776 ubi
2930 5722 3063 5777 uotis
3094 5721 3202 5776 suis
3233 5717 3516 5790 prtefatur.

3490 5862 3556 5926 Ἴ

3508 6006 3561 6037 ,2
3644 6022 3661 6038 ι
