4044 6210
450 350 513 415 l3
686 352 725 369 "
1578 352 1989 415 VARIORUM
2014 351 2578 416 PREFATIONES.
3633 347 3699 417 ιι

446 465 648 531 lioque,
683 462 1009 518 felicissimis
1058 464 1276 520 llenrici
1320 464 1408 530 IV,
1448 466 1593 535 regis
1618 464 2093 525 Christianissimi.
2138 464 2506 528 invictissimi,
2548 462 3288 531 clementissim.,auspiciis,
3330 477 3469 516 nunc
3510 464 3553 515 si
3590 464 3701 517 ullo

448 567 688 616 unquam
723 567 859 617 :evo,
898 554 1038 621 apud
1066 553 1253 608 Gallos
1292 569 1609 608 sermonum
1644 564 1752 608 stat
1785 556 1958 608 bonos
1984 563 2040 608 et
2068 554 2243 621 gratia
2274 553 2451 606 vivax.
2487 554 2651 607 Duret
2692 554 2744 607 in
2779 552 2995 620 longum
3025 565 3287 621 generosa
3316 552 3395 603 vis
3427 551 3515 604 illa
3549 552 3701 619 φιλο-

447 641 608 706 λόγος
634 641 727 693 καὶ
755 641 1096 710 εὑεργετική.
1126 640 1273 706 Tibi,
1308 642 1601 695 cardinalis
1636 642 2023 703 illustrissime,
2062 642 2126 695 de
2153 640 2425 709 republica
2453 640 2788 703 Christiana,
2820 638 3014 708 patria,
3054 638 3245 693 litteris
3271 638 3474 709 optime
3508 640 3703 701 merito

449 728 583 791 Θεὸς
613 726 763 781 ὄλϐια
782 727 895 798 δοίη
925 730 1039 789 καὶ,
1078 722 1138 785 οὗ
1168 729 1232 780 σὺ
1263 729 1416 799 ἐρᾷς,
1449 729 1509 783 τὸ
1535 730 1735 798 τυχεῖν.
1770 727 1913 782 Bene
1938 728 2046 783 diui

1301 729 1416 799 Pis.
1449 729 1509 783 τὸ
1535 730 1735 798 τυχεῖν.
1770 727 1913 782 Bene
1938 728 2137 797 diuque
2160 728 2297 793 vale,
2324 727 2582 798 ἀρχιερΞῦ
2616 728 2898 783 ὁσιώτατε.

800 813 1027 873 Lutetia:
1056 815 1389 869 Parisiorum
1422 816 1604 870 Idibus
1631 816 1807 870 Juniis
1839 817 1905 870 A.
1929 815 1991 871 C.
2020 816 2179 872 1609.

1051 1085 1345 1140 MEURSII
1386 1082 1770 1139 ΡηΑΞΡΑΤΙΟ
1804 1082 1996 1138 LIBRI
2042 1082 2134 1136 DE
2176 1079 2648 1135 ADMINISTIHE

1535 1082 1770 1138 lFATIO
1804 1082 1996 1138 LIBRI
2042 1082 2134 1136 DE
2176 1079 2778 1135 ADMINISTRANDO
2810 1080 3132 1137 IMPERIO.

732 1206 970 1277 Benigne
1010 1205 1226 1269 Lector,

514 1296 867 1366 Compellabo
898 1304 948 1348 te
986 1295 1073 1348 hic
1105 1294 1155 1349 in
1187 1295 1399 1357 limine,
1443 1295 1536 1349 sed
1572 1293 1779 1363 paucis.
1821 1292 2019 1360 Accipe
2050 1290 2492 1355 Constantinum,
2525 1302 2579 1345 et
2617 1305 2715 1360 pro
2749 1290 3037 1353 beneﬁcio,
3071 1291 3116 1346 si
3145 1306 3249 1345 non
3283 1292 3538 1361 gratiam,
3560 1305 3711 1351 certe

450 1386 691 1440 favorem
726 1385 907 1438 redde.
940 1382 1083 1436 Nihil
1123 1392 1322 1451 praeter
1352 1385 1515 1438 istum
1548 1393 1714 1451 peto;
1750 1395 1922 1448 neque
1959 1381 2129 1450 magis
2165 1382 2219 1434 in
2260 1380 2484 1449 proclivi
2518 1380 2809 1449 quidquam
2842 1382 2936 1433 tibi
2972 1381 3123 1435 dare.
3164 1380 3319 1437 Scias
3352 1392 3534 1438 autem
3566 1387 3709 1440 unde

450 1476 706 1527 habeam.
734 1471 1001 1539 Descripsi
1033 1480 1157 1523 ante
1188 1481 1422 1538 quatuor
1449 1484 1621 1523 annos
1650 1484 1715 1522 ex
1738 1469 1923 1523 codice
1947 1468 2035 1535 qui
2062 1479 2145 1522 est
2171 1469 2221 1521 in
2247 1468 2575 1523 bibliotheca
2602 1468 2845 1521 Palatina
2874 1479 2927 1521 et
2958 1468 3184 1524 Joannis
3214 1470 3468 1539 Baptista:
3494 1471 3707 1541 Egnatii

448 1562 573 1615 olim
606 1561 777 1615 fuisse
813 1560 1149 1629 perhibetur.
1188 1559 1294 1610 Sed
1322 1571 1495 1625 neque
1522 1555 1978 1609 dissimulandum
2016 1555 2102 1607 hic
2134 1570 2332 1609 censeo
2363 1571 2523 1622 quam
2558 1556 2783 1609 multum
2814 1557 2915 1611 hoc
2942 1557 3058 1624 ipso
3090 1558 3307 1612 nomine
3332 1559 3558 1613 debeam
3591 1560 3709 1614 viro

447 1649 807 1719 amplissimo,
846 1645 1082 1713 Georgio
1114 1643 1536 1712 Lingelsbemin,
1565 1641 1896 1696 serenissimi
1925 1640 2175 1693 electuris
2203 1642 2535 1706 consiliario,
2568 1644 2657 1710 qui
2692 1652 2749 1695 ut
2780 1644 2830 1696 in
2872 1644 3081 1723 litteras
3117 1654 3171 1699 et
3210 1645 3474 1701 litteratos
3518 1662 3709 1703 omnes

450 1748 504 1790 et
531 1738 585 1789 in
621 1750 707 1789 me
746 1732 997 1803 privatim
1038 1732 1253 1801 egregie
1286 1729 1516 1786 affectus
1546 1738 1651 1791 est,
1679 1742 1893 1781 onmem
1936 1728 2093 1803 illam
2116 1728 2595 1781 instructissimam
2633 1729 3014 1783 bibliothecam
3045 1747 3141 1798 pro
3172 1733 3398 1787 arbitrio
3428 1736 3695 1788 tractandi

450 1824 663 1879 veniam
695 1802 823 1875 mihi
858 1837 885 1874 a
918 1820 1161 1889 principe
1188 1834 1286 1872 suo
1321 1817 1653 1885 impetravit.
1698 1815 1837 1881 Quin
1879 1802 2117 1871 accessit
2153 1816 2255 1869 huc
2286 1829 2506 1885 quoque
2545 1817 2777 1870 comitas
2812 1831 2863 1871 v.
2894 1831 2944 1870 c.
2974 1816 3093 1870 Iani
3127 1818 3365 1883 Gruter],
3408 1821 3525 1886 ejus
3565 1837 3710 1890 pne-

452 1912 603 1977 fecti,
637 1926 732 1979 per
762 1925 918 1978 quem
953 1909 1092 1961 liber
1125 1908 1255 1960 mihi
1294 1906 1538 1975 quotidie
1569 1906 1636 1958 ad
1670 1919 1788 1956 eam
1821 1916 2077 1958 accessus
2110 1903 2306 1971 patuit.
2343 1903 2462 1969 Quo
2501 1903 2765 1958 beneﬁcio
2804 1905 2939 1958 adeo
2981 1919 3069 1958 me
3097 1905 3313 1974 quidem
3344 1917 3570 1975 uterque
3604 1911 3711 1964 sibi

448 1999 691 2053 devinxit
724 2007 781 2050 ut
807 1998 1021 2067 publice
1048 1996 1099 2047 id
1132 1995 1220 2048 hic
1256 1995 1617 2062 proﬁtendum
1649 1992 2101 2047 existimaverim.
2150 1993 2264 2061 Ago
2291 1992 2459 2058 igitur
2486 1992 2689 2059 gratias
2714 2007 2850 2060 quas
2883 2006 3106 2060 possum
3141 1992 3406 2047 maximas
3433 2012 3446 2061 ;
3482 2011 3617 2064 quas
3649 2006 3705 2053 tu

451 2098 665 2157 quoque
694 2098 821 2153 agas
851 2083 1001 2143 licet,
1041 2080 1310 2148 siquidem
1337 2080 1519 2147 Operis
1558 2079 1721 2145 hujus
1749 2078 1989 2132 editione
2020 2078 2250 2147 gratiam
2285 2096 2314 2132 a
2353 2088 2403 2133 te
2434 2079 2596 2134 ullam
2635 2094 2734 2149 ego
2770 2079 2921 2133 iuivi.
2958 2078 3071 2134 Hoc
3105 2080 3351 2141 volebam
3384 2082 3600 2139 nescius
3640 2099 3709 2143 ne

455 2186 624 2225 esses.
662 2168 787 2223 Vale
817 2178 894 2233 et,
928 2168 1173 2237 quisquis
1200 2182 1281 2232 es,
1316 2167 1674 2220 aeternitatem
1711 2164 1907 2233 cogita.

826 2439 945 2499 EX
984 2433 1411 2498 BANDL'RII
1442 2431 1559 2493 DE
1604 2433 1973 2496 IMPERIO
2012 2434 2167 2497 SUO
2209 2435 2691 2500 ORIENTALI
2730 2439 3324 2506 PR/EFATIONE.

524 2585 700 2639 Prima
736 2595 909 2655 parte,
944 2585 995 2638 in
1033 2600 1137 2653 qua
1173 2584 1239 2637 de
1278 2584 1542 2637 divisione
1577 2583 1979 2653 provinciarum
2025 2583 2237 2653 imperii
2272 2584 2502 2641 Romani
2550 2588 2604 2641 in
2645 2591 2909 2654 themata,
2959 2605 3169 2645 necnon
3208 2592 3273 2647 de
3314 2594 3611 2661 provinciis
3646 2609 3709 2647 ac

455 2676 680 2728 urbibus
704 2673 1021 2742 imperatori
1046 2670 1334 2742 Cpolitano
1364 2670 1494 2726 olim
1529 2670 1817 2739 subjectis,
1854 2672 2167 2727 continetur
2194 2670 2535 2727 Constantini
2570 2673 3021 2747 Porphyrogeniti
3061 2678 3197 2733 liber
3233 2696 3370 2733 lllllls
3401 2682 3465 2732 de
3503 2683 3708 2734 thema-

454 2760 597 2813 tibus
617 2757 857 2815 Orientis
895 2768 950 2813 et
978 2758 1115 2813 alter
1150 2760 1218 2813 de
1253 2758 1584 2814 thematibus
1609 2757 1940 2822 Occidentis,
1985 2774 2194 2814 necnon
2244 2759 2507 2815 Hieroclis
2561 2762 2913 2821 Granuuatici
2959 2765 3347 2837 Synecdemus.
3395 2767 3491 2831 llis
3528 2779 3709 2825 autem

454 2850 663 2902 duobus
692 2847 846 2902 libris
878 2847 1376 2917 Porphyrogenitus
1403 2848 1476 2899 ita
1512 2848 1749 2900 themata
1774 2847 2035 2902 describit
2065 2848 2216 2915 (olim
2246 2850 2442 2921 quippe
2468 2850 2610 2920 θέμα
2641 2853 2781 2904 idem
2816 2855 2961 2921 quod
2986 2833 3138 2925 legio.
3160 2855 3479 2919 dicebatur;
3514 2858 3709 2911 deinde

453 2936 667 3005 θέματα
703 2935 982 3004 appellata:
1010 2934 1325 3003 provincia},
1356 2934 1407 2987 in
1444 2933 1643 3003 quibus
1680 2932 1919 3002 legiones
1948 2934 2001 2989 in
2042 2938 2311 3005 praesidiis
2339 2940 2528 2995 locata:
2564 2942 2743 3012 erant)
2775 2954 2831 2996 ut
2861 2953 3034 2997 terras
3065 2946 3116 3001 iu
3151 2946 3348 3015 quibus
3382 2947 3552 2999 lm'ala
3590 2948 3712 3003 fuco

457 3033 601 3088 runt,
644 3027 889 3093 adeoque
914 3024 1140 3094 populos
1166 3025 1362 3092 quibus
1392 3024 1589 3093 partim
1620 3025 1945 3094 cognomina
1989 3040 2084 3079 sua
2120 3027 2449 3093 debuerunt,
2484 3030 2704 3085 insertis
2740 3033 3156 3101 antiquitatibus
3192 3036 3709 3105 narrationibusque

453 3114 621 3166 variis
647 3120 1057 3166 commemoret.
1094 3110 1259 3165 Liber
1286 3111 1437 3180 prior
1466 3111 1517 3163 in
1546 3109 1791 3175 Oriente,
1830 3111 1881 3167 id
1925 3114 2121 3175 est,,in
2164 3114 2294 3169 Asia
2325 3131 2449 3172 cum
2495 3118 2691 3172 minori
2738 3128 2849 3172 tum
2892 3121 3057 3175 etiam
3105 3121 3319 3189 majori,
3357 3124 3627 3188 posterior
3658 3124 3708 3177 in

453 3200 765 3264 Occidente,
801 3200 853 3254 id
872 3210 978 3261 est,
1014 3200 1065 3253 in
1091 3200 1319 3270 EurOpas
1354 3198 1667 3269 provinciis,
1705 3198 1963 3265 Thracia,
2007 3198 2343 3270 Macedonia,
2377 3204 2619 3271 Hellade,
2650 3204 3027 3274 Peloponneso
3061 3217 3116 3263 et
3146 3210 3416 3263 nonnullis
3452 3211 3573 3263 aliis
3608 3212 3709 3263 imo

455 3288 607 3356 pario
631 3286 917 3358 Cpolitano
942 3287 1200 3355 subjectis
1231 3287 1384 3352 locis,
1424 3288 1665 3341 themata
1694 3288 2094 3357 complectitur.
2125 3288 2328 3345 Horum
2358 3292 2595 3361 priorem
2622 3292 2923 3347 Vulcanius
2956 3297 3160 3363 primus
3188 3298 3385 3364 publici
3416 3296 3556 3364 juris
3581 3297 3708 3352 fecit

454 3394 519 3431 cx
546 3394 638 3431 sua
666 3378 1017 3439 bibliotheca,
1051 3376 1239 3430 Latina
1271 3379 1525 3433 versione
1556 3388 1610 3431 ct
1638 3379 1784 3433 notis
1814 3378 2156 3434 brevioribus
2192 3378 2544 3441 illustratum,
2574 3378 2818 3449 Lugduni
2857 3381 3203 3445 Batavorum,
3233 3398 3326 3451 per
3357 3382 3707 3437 Franciscum

456 3465 987 3534 Rapbelcngium,A.
1018 3465 1182 3529 1588,
1211 3466 1371 3521 in-8".
1408 3468 1604 3521 lterum
1633 3466 1831 3535 prodiit
1854 3467 1993 3521 idem
2024 3467 2162 3521 liber
2182 3484 2303 3521 cum
2336 3468 2499 3520 variis
2532 3468 2877 3533 lectionibus,
2908 3471 3377 3524 emendatiouilms
3406 3487 3467 3524 ac
3490 3472 3709 3543 supple.

457 3556 656 3609 mentis
682 3568 745 3608 ex
789 3569 891 3607 ms.
931 3554 1119 3609 codice
1147 3553 1337 3623 Regio,
1370 3555 1550 3609 studio
1595 3570 1659 3608 ac
1687 3570 1850 3623 opera
1884 3554 2129 3611 Federici
2173 3554 2401 3620 Morelli,
2429 3556 2481 3609 in
2512 3556 2769 3623 operibus
2807 3556 3153 3621 Constantini
3192 3558 3351 3612 editis
3381 3558 3601 3621 ibidem,
3643 3574 3710 3612 ev

452 3640 662 3695 officina
694 3641 1054 3705 Elzeviriana,
1087 3646 1149 3697 Α.
1191 3643 1348 3705 1617,
1382 3642 1557 3699 iit-8°.
1585 3641 1827 3720 alterum
1865 3656 1992 3695 vero
2038 3642 2485 3712 Porphyrogeuiti
2531 3642 2753 3704 librum,
2786 3644 3042 3698 nimirum
3076 3645 3143 3698 de
3180 3644 3511 3700 thematibus
3554 3644 3713 3699 Occi-o

454 3730 658 3793 dentis,
690 3731 829 3784 idem
860 3729 1117 3785 Morellus
1146 3731 1355 3800 primus
1375 3731 1548 3785 edidit
1578 3746 1643 3785 ex
1677 3730 1864 3785 codice
1897 3744 1997 3785 ms.
2029 3729 2371 3785 biblimhecm
2403 3732 2582 3802 Regia:
2604 3746 2727 3786 cum
2763 3730 2951 3789 Latina
2972 3733 3426 3802 interpretatione
3454 3750 3518 3788 ac
3548 3738 3709 3798 notis.

457 3820 510 3870 in
542 3820 802 3884 operibus
832 3819 1197 3880 Constantini,
1226 3819 1443 3872 laudato
1470 3820 1608 3871 loco.
1645 3816 1799 3871 llunc
1833 3828 2012 3871 autem
2051 3826 2347 3887 utrumque
2373 3817 2824 3889 Porphyrogeniti
2859 3820 3076 3883 librum,
3102 3822 3167 3875 ad
3194 3822 3566 3876 illustrandam
3596 3839 3709 3877 rem

461 3905 814 3973 llyzantinam
845 3907 1336 3971 pernecessarium,
1364 3906 1621 3958 collatum
1656 3920 1780 3957 cum
1812 3906 2002 3958 codice
2036 3920 2143 3960 ms.
2183 3907 2353 3966 Regio
2387 3907 2712 3975 bombycino
2744 3925 2798 3962 n.
2828 3909 2992 3971 9.451,
3032 3920 3158 3963 ante
3188 3912 3511 3979 quingentos
3541 3926 3713 3965 annos

457 3990 679 4044 rirciter
707 3992 931 4058 scripto,
966 3992 1051 4043 hic
1083 4006 1205 4042 cum
1253 4002 1439 4044 nostra
1488 3991 1674 4042 Latina
1721 3990 2173 4055 interpretation
2202 4000 2255 4041 ct
2288 3991 2853 4046 animadversionibus
2898 3994 3242 4048 emendatum
3280 4012 3341 4048 ac
3378 3996 3710 4051 illustratum

458 4081 655 4133 iterum
692 4078 1069 4147 proponimus.
1106 4087 1389 4145 sperantes
1423 4076 1550 4130 inde
1582 4075 1788 4142 aliquid
1817 4074 1952 4127 lucis
1983 4085 2037 4127 et
2070 4073 2347 4127 historicis
2377 4084 2431 4128 et
2461 4076 2787 4144 geographis
2819 4092 3190 4134 accessurum.

533 4167 695 4219 Parte
729 4175 909 4221 autem
942 4166 1177 4219 secunda
1216 4165 1449 4217 habetur
1483 4164 1751 4230 imprimis
1785 4162 1921 4215 liber
1950 4162 2291 4216 Constantini
2319 4160 2772 4232 Porphyrogeuiti
2805 4166 2871 4217 ad
2902 4165 3206 4220 Romanum
3238 4168 3442 4233 lilium;
3474 4169 3566 4237 qui
3595 4170 3718 4237 qui.

460 4254 579 4307 dem
612 4271 638 4305 a
681 4254 915 4309 llicursio
946 4254 1101 4306 titulo
1138 4252 1216 4307 De
1250 4251 1683 4306 administrando
1717 4250 1941 4319 imperio
1970 4250 2223 4302 donatur.
2266 4250 2323 4301 ln
2368 4250 2471 4304 hoc
2518 4260 2699 4305 autem
2743 4267 2932 4321 opere,
2983 4253 3109 4305 dum
3163 4254 3373 4325 imperii
3422 4258 3716 4325 prudenter

460 4342 880 4395 administrandi
920 4344 1184 4394 rationem
1223 4339 1530 4409 prazscribit
1564 4337 2088 4408 Porphyrogeuilus,
2128 4336 2482 4407 plurimarum
2514 4338 2759 4409 gentium
2788 4356 2911 4409 qua:
2935 4339 3222 4411 Cpolitano
3256 4346 3482 4413 imperio
3524 4344 3716 4399 formlo

461 4429 667 4484 (labiles
696 4439 873 4492 erant,
907 4427 1392 4491 Patzinacitarum,
1412 4427 1735 4490 Russorum,
1758 4425 2136 4494 Bulgarorum,
2169 4422 2493 4489 Turcarum,
2526 4426 2954 4491 Saracenorum,
2985 4426 3379 4493 Dalmatarum,
3408 4430 3714 4487 Chrobato-

463 4534 602 4581 rum,
638 4516 945 4578 Slavorum,
980 4514 1341 4577 Francorum,
1378 4515 1633 4569 ltalormn
1670 4524 1722 4567 et
1754 4514 2009 4577 aliorum,
2048 4521 2241 4579 terras,
2274 4513 2535 4583 origines,
2564 4528 2742 4571 mores
2769 4524 2821 4571 et
2850 4528 3002 4585 gesta
3028 4517 3309 4583 describit,
3343 4519 3415 4573 ita
3458 4529 3516 4575 ut
3560 4521 3613 4575 in
3650 4536 3717 4576 eo

464 4622 731 4660 summam
771 4605 935 4665 totius
971 4605 1207 4673 imperii,
1248 4604 1519 4657 sociorum
1553 4602 1797 4656 omnium
1838 4601 2065 4665 hedera,
2098 4600 2335 4655 hostium
2368 4601 2533 4667 vires,
2566 4602 2825 4668 rationes,
2855 4604 3083 4658 consilia
3122 4606 3508 4673 explicaverit;
3553 4620 3718 4677 atque

466 4696 600 4747 adeo
625 4694 808 4760 operis
838 4691 998 4759 hujus
1022 4701 1404 4761 argumentum
1428 4699 1536 4743 tam
1565 4690 1881 4744 historicum
1905 4704 2067 4757 quam
2094 4687 2372 4757 politicum
2398 4699 2504 4751 est,
2532 4698 2589 4742 ut
2616 4690 2731 4759 ipse
2755 4691 2807 4744 in
2832 4693 3099 4758 prooemio
3123 4692 3280 4747 docet
3301 4694 3712 4750 Constantinus.

468 4782 669 4835 Prodiit
702 4783 935 4848 primum
968 4782 1069 4833 hoc
1106 4792 1243 4846 opus
1279 4777 1469 4832 Graece
1497 4786 1551 4831 et
1578 4777 1768 4831 Latine
1794 4777 2092 4844 interprete
2124 4773 2202 4830 lo.
2236 4775 2473 4831 Meursio
2502 4787 2557 4831 et
2586 4794 2708 4833 cum
2740 4779 2860 4851 ejus
2892 4782 3036 4836 notis
3067 4781 3433 4846 brevioribus,
3472 4782 3697 4852 Lugdun

470 4871 818 4930 Batatormn.
858 4867 933 4925 l0.
961 4867 1202 4921 Balduini
1234 4866 1395 4936 typis,
1428 4865 1563 4920 Lud.
1600 4864 1847 4919 Elzevirii
1882 4863 2166 4933 impensis,
2205 4864 2268 4920 Α.
2301 4865 2460 4931 1617,
2506 4866 2667 4921 ιιι-ὃν.
2709 4868 2880 4934 Quam
2907 4879 3100 4924 autem
3149 4871 3261 4937 ipse
3308 4885 3528 4938 operam
3574 4871 3715 4927 Con-

467 4958 703 5013 stantino
734 4971 1047 5009 navaverint
1082 4956 1133 5007 in
1182 4956 1281 5007 hac
1318 4969 1451 5007 nova
1489 4954 1751 5012 editione,
1788 4951 1911 5005 licet
1945 4950 2163 5017 planum
2196 4951 2269 5004 sit
2293 4952 2341 5005 ei
2388 4953 2479 5019 qui
2513 4965 2798 5023 utramque
2845 4956 3079 5011 invicem
3124 4958 3439 5020 contulerit,
3480 4959 3717 5012 breviter

468 5056 646 5099 tamen
681 5058 970 5112 exponam.
1012 5041 1283 5108 Imprimis
1332 5052 1537 5101 textum
1581 5037 1828 5093 Graecum
1875 5038 2082 5093 contuli
2128 5053 2249 5091 cum
2295 5040 2483 5093 codice
2514 5056 2615 5095 ms.
2675 5043 3097 5099 membrauaceo
3145 5045 3485 5099 bibliotheca:
3537 5044 3717 5115 Regia!

466 5133 682 5201 Optima:
716 5141 878 5192 noue,
917 5149 969 5184 ιι.
1000 5130 1163 5195 2661,
1200 5145 1359 5197 quem
1396 5129 1554 5182 annis
1587 5128 1786 5183 abhinc
1816 5128 2036 5181 circiter
2065 5124 2375 5195 quingentis
2410 5127 2669 5195 scriptum
2703 5128 2869 5182 fuisse
2900 5130 3069 5183 aiunt.
3105 5128 3532 5185 Innumerabiles
3562 5146 3715 5184 mcu-

470 5223 589 5283 das,
626 5222 823 5289 quibus
857 5219 1161 5272 Meursiana
1196 5217 1363 5271 editio
1403 5216 1647 5283 undique
1674 5215 1939 5274 scatebat.
1974 5213 2327 5279 sustulimus;
2364 5211 2476 5266 loca
2521 5224 2771 5284 corrupta
2806 5231 2869 5269 ac
2909 5216 3120 5281 mutila,
3154 5232 3273 5286 qua:
3303 5217 3531 5287 plurima
3558 5226 3718 5269 erant

468 5305 521 5359 in
553 5316 697 5359 textu
722 5306 912 5359 Grmro
935 5307 1103 5365 edito,
1136 5319 1200 5357 ex
1234 5303 1420 5357 eodem
1449 5318 1552 5357 ms.
1586 5300 1753 5370 Regio
1782 5301 2125 5353 sarcivitnus.
2158 5298 2429 5354 Prmterea
2461 5312 2619 5369 caput
2644 5302 2716 5367 25
2744 5303 2807 5355 de
2828 5301 3000 5357 Iberia
3032 5313 3084 5357 et
3110 5304 3180 5358 24
3203 5306 3267 5357 de
3298 5304 3576 5371 Hispania,
3599 5318 3719 5372 qua:

465 5389 736 5444 Meursius
765 5399 948 5459 utpote
977 5391 1139 5443 nimis
1168 5398 1446 5456 corrupta,
1479 5394 1537 5441 ut
1575 5391 1689 5459 ipse
1717 5389 1768 5439 in
1814 5389 1956 5439 notis
1983 5386 2080 5450 ait,
2114 5387 2232 5440 sine
2272 5388 2730 5457 interpretatione
2766 5387 2963 5445 Latina
3006 5390 3324 5459 reliquerat,
3365 5388 3553 5442 Latina
3591 5388 3720 5445 feei-

468 5494 608 5531 tuus.
642 5477 883 5550 Denique
912 5479 1214 5531 versionem
1246 5479 1411 5530 totius
1436 5476 1560 5533 libri
1603 5476 1791 5529 multis
1818 5475 1869 5528 in
1906 5474 2484 5539 lociscmendavimus.
2519 5478 2795 5544 auximus,
2826 5488 3106 5546 totumque
3130 5491 3266 5545 opus
3291 5475 3721 5534 animadversio.

467 5566 625 5619 nibus
658 5566 1067 5620 illustravimus.
1097 5564 1297 5631 Quanti
1324 5573 1503 5617 autent
1536 5562 1838 5619 faciendum
1865 5563 1936 5621 sit
1970 5566 2071 5619 hoc
2101 5563 2551 5638 Porphyrogeniti
2578 5585 2734 5638 opus,
2768 5570 2821 5624 in
2848 5584 2955 5640 quo
2981 5568 3211 5637 plurima
3246 5566 3519 5625 habentur
3552 5573 3720 5628 ltislov

465 5652 595 5714 ficis
623 5668 686 5711 ac
710 5652 1037 5729 geographia
1064 5653 1147 5707 vel
1176 5652 1358 5726 ignota
1392 5651 1477 5708 vel
1512 5651 1580 5709 ab
1607 5652 1686 5709 eis
1718 5650 1937 5707 silentio
1969 5654 2356 5723 pmicrmissa,
2393 5672 2551 5713 nemo
2581 5658 2665 5715 vel
2694 5658 3044 5713 mediocriter
3072 5657 3262 5712 doctus
3298 5658 3526 5733 ignorat.
