4044 6210
373 341 445 407 15
1490 342 1895 403 VARIORUM
1925 339 2489 401 PREFATIONES.
3558 333 3625 397 16

1795 641 2212 703 ΜΟΝΙΤΗΜ.

439 804 586 860 Libri
617 803 687 857 De
719 801 1054 858 thematibus
1094 805 1263 872 partis
1305 804 1532 859 alterius
1566 803 1816 873 recensio
1840 818 1982 856 nova
2016 802 2283 873 't'nhingae
2312 804 2513 872 prodiit
2540 819 2685 858 anno
2721 804 2859 858 {847
2893 803 2997 857 sub
3020 803 3298 857 hoctttulo
3330 819 3344 856 :
3372 804 3642 859 Constan—

367 879 509 930 tinus
560 873 1037 942 Porphyrogenitus
1082 871 1147 927 de
1191 874 1474 942 provinciis
1514 873 1661 942 regni
1703 872 2011 940 Byzantini.
2062 871 2221 926 Liber
2249 871 2531 928 secundus.
2573 874 2810 941 Europa.
2854 874 3065 926 Accedit
3099 873 3364 941 appendix
3407 875 3642 928 aliorum

367 946 684 1008 libellorum,
715 959 833 1013 cum
883 943 1139 1007 civilium,
1176 955 1286 997 tum
1335 944 1845 1006 ecclesiasticarum,
1875 953 2100 997 veterem
2129 946 2503 1012 geographiam
2541 963 2658 998 cum
2698 945 2892 1004 media,
2913 945 3178 1013 imprimis
3210 943 3535 1012 Byzantina,
3568 946 3638 997 il-

363 1015 744 1084 lustrantium.
781 1010 832 1064 Ν
840 1015 1117 1084 ovis_curis
1151 1015 1317 1068 edidit
1351 1014 1738 1084 epis-totamque
1775 1010 2653 1084 ct'iticattt‘prtemisitTheophilus
2673 1015 2801 1068 an.
2831 1010 3143 1068 Fridéricus
3179 1010 3349 1084 Tafet.
3377 1016 3504 1081 phil.
3535 1013 3635 1066 Dr.

368 1087 478 1140 litt.
505 1085 673 1153 ontiq.
712 1083 763 1136 in
799 1099 909 1154 reg.
945 1082 1298 1138 Unit'ersitate
1329 1081 1742 1154 Tubingensi’rl’.
1791 1082 1853 1154 P.
1890 1082 1983 1154 ρ.,
2018 1082 2348 1154 .lloniacensis
2378 1081 2674 1139 Academiw
2700 1086 2923 1144 sodalis,
2960 1083 3233 1154 Societatii
3265 1083 3643 1154 Geographicw

375 1150 816 1224 Francofurtensi
858 1150 1148 1224 ascriptus.
1184 1154 1442 1224 Tubinga:
1463 1150 1519 1206 in
1546 1150 1852 1220 bibliopolio
1885 1151 2102 1224 Ilenrici
2129 1153 2333 1222 Laupp.
2359 1154 2850 1219 MDCCCXLVII,
2879 1156 2958 1208 4⁸.
2991 1184 3060 1194 --
3095 1150 3478 1208 l'rtcl'ationicm'
3507 1171 3639 1223 opu-

373 1227 532 1279 scuto
561 1222 922 1294 praemissam,
948 1239 1071 1294 quae
1101 1222 1451 1279 Constantini
1491 1223 1932 1294 librumregregie
1961 1222 2223 1294 illustrat,
2253 1225 2598 1294 exhibemus.
2622 1224 3196 1294 J:ttt{5ttperiori10tno
3223 1222 3642 1294 observationes

370 1290 626 1366 ejusdem
669 1292 733 1346 ad
768 1308 926 1348 usum
968 1290 1216 1350 nosuum
1251 1293 1623 1350 derivavimus
1651 1290 2304 1348 ubi‘deStadiodromico
2335 1290 2925 1365 Byzantinocreteusi
2954 1297 3133 1366 agitur
3165 1293 3292 1365 (col.
3331 1293 3515 1362 1251).

441 1559 781 1616 Constantini
833 1567 1130 1617 thematum
1183 1561 1607 1632 (provinciarum
1650 1564 1799 1632 regni
1847 1561 1948 1633 By-
1976 1569 2022 1626 Α
2055 1562 2327 1627 Rhodum,
2385 1560 2636 1616 hostibus
2681 1562 2983 1631 expositus,
3030 1574 3200 1630 quare
3247 1574 3358 1614 uno
3403 1559 3641 1614 themate

374 1652 603 1725 zantini)
639 1653 853 1708 libellus
889 1650 1022 1708 duas
1057 1655 1222 1708 habet
1259 1661 1464 1722 partes,
1504 1669 1732 1722 quarum
1773 1665 1951 1724 poste-

377 1745 576 1798 riorem
627 1742 952 1815 (EurOpam)
997 1744 1149 1797 novis
1186 1743 1334 1798 curis
1377 1746 1430 1798 in
1468 1743 1642 1798 lucem
1679 1744 1949 1813 publicam

367 1834 693 1889 emittimus.
759 1831 968 1886 Titulus
1025 1833 1268 1900 opusculi
1310 1843 1439 1888 est:
1480 1831 1587 1885 Τοῦ
1635 1835 1951 1902 σοφωτάτου

370 1925 639 1994 βασιλέως
683 1925 1095 1978 Κωνσταντίνου
1135 1923 1230 1978 τοῦ
1274 1927 1791 1997 Πορφυρογεννήτου
1823 1929 1953 1998 περὶ

370 2016 482 2069 τῶν
511 2015 784 2086 θεμάτων,
817 2013 927 2067 τῶν
957 2015 1271 2085 ἀνηκόντων
1303 2019 1370 2086 τῇ
1404 2016 1649 2088 βασιλείᾳ
1677 2017 1782 2070 τῶν
1821 2018 1955 2071 Ῥω-

377 2109 577 2178 μαίων,
599 2107 766 2160 πόθεν
797 2105 954 2176 ἔσχον
981 2107 1081 2170 τὰς
1119 2107 1436 2176 ὀνομασίας,
1459 2108 1554 2162 καὶ
1580 2107 1633 2161 τί
1656 2109 1954 2178 σημαίνου-

376 2215 461 2250 σιν
489 2201 541 2251 αἱ
564 2197 768 2251 τούτων
792 2198 1176 2268 προσηγορίαι,
1205 2199 1298 2252 καὶ
1327 2197 1491 2251 ὅτι.τὰ
1517 2199 1617 2268 μὲν
1640 2199 1824 2253 αὐτῶν
1853 2201 1956 2271 ἀρ-

385 2286 660 2359 χαῒζνουσι,
702 2288 770 2340 τὰ
815 2287 871 2340 δὲ
923 2288 1051 2341 νέαν
1084 2289 1381 2358 ἐκτήσαντο
1421 2289 1520 2358 τὴν
1556 2289 1952 2360 προσηγορίαν.

451 2378 709 2446 Sequitur
735 2375 1003 2448 prmfatio,
1038 2376 1092 2430 in
1117 2391 1224 2445 qua
1261 2377 1556 2446 imperator
1583 2395 1644 2432 se
1669 2360 1953 2447 ex'positm

379 2486 499 2526 rum
558 2469 863 2541 pollicetur,
917 2470 1059 2524 unde
1097 2467 1334 2538 θέματος
1381 2469 1751 2525 denominatio
1812 2471 1955 2524 deri-

351 2563 554 2618 ‘vanda
587 2563 694 2629 sit;
719 2577 826 2632 quo
851 2577 974 2615 eum
1005 2562 1276 2631 promisso
1299 2575 1405 2616 non
1434 2561 1654 2618 stetisse
1688 2563 1954 2617 videmus.

378 2654 570 2726 Neque
602 2655 744 2710 enim
783 2654 931 2708 aliud
979 2664 1186 2719 narrat,
1224 2653 1327 2708 nisi
1367 2655 1471 2708 hoc
1506 2652 1519 2709 Ξ
1567 2654 1810 2723 legiones
1850 2656 1954 2709 Ro-

383 2759 668 2799 manorum
700 2742 934 2798 ablatio
963 2742 1180 2798 Caesare
1209 2743 1275 2796 ad
1302 2741 1673 2797 Theodosium
1710 2759 1879 2813 usque
1905 2752 1959 2798 et

383 2837 620 2907 reliquos
650 2836 1010 2906 imperatores
1037 2833 1379 2889 Christianos
1412 2835 1629 2888 nomina
1665 2849 1695 2889 e
1723 2835 1955 2889 nationi-

2055 1654 2548 1718 circumscribitur,
2574 1667 2686 1707 non
2728 1652 2900 1705 multo
2922 1651 3211 1720 pluribus?
3239 1650 3467 1721 Ipseque
3509 1649 3636 1703 Ilie-

2057 1745 2254 1806 rocles.
2293 1743 2606 1799 Justiniano
2635 1745 2904 1808 lcomvus,
2935 1742 3115 1796 Asiam
3136 1741 3426 1806 Minorem,
3453 1757 3481 1794 a
3515 1740 3640 1794 Bari

2055 1837 2206 1891 baris
2237 1839 2474 1891 nondum
2523 1839 2784 1901 accisam,
2826 1837 2878 1890 in
2914 1835 3226 1905 provincias
3262 1831 3418 1904 longe
3456 1834 3642 1902 plures

2056 1929 2362 1997 distinguit,
2403 1944 2564 1998 quam
2589 1931 2826 1997 scriptor
2859 1939 3046 1983 noster
3075 1936 3428 1997 purpuratus.
3472 1924 3636 1990 Quid,

2054 2021 2198 2088 quod
2248 2029 2492 2088 tempore
2537 2019 2806 2074 Manuclis
2847 2019 3197 2088 imperatoris
3242 2017 3421 2070 omnis
3465 2015 3640 2070 ferme

2057 2110 2290 2165 Thracia
2339 2127 2446 2165 uno
2483 2111 2718 2165 themate
2765 2111 3159 2179 comprehensa
3213 2122 3336 2162 esse
3381 2105 3640 2160 videtur?

2055 2201 2330 2256 Caeterum
2363 2203 2476 2272 ipse
2509 2203 2643 2257 liber
2677 2203 2908 2269 primus,
2943 2201 3187 2270 exceptis
3221 2197 3430 2268 paucis,
3465 2196 3638 2250 multo

2060 2291 2266 2346 melius
2289 2307 2347 2346 se
2388 2293 2568 2356 habet,
2622 2307 2786 2360 quam
2828 2291 3131 2355 secundus;
3188 2289 3239 2342 id
3284 2289 3426 2358 quod
3463 2289 3644 2343 omnis

2060 2393 2246 2436 nostra
2273 2382 2523 2436 tractatio
2547 2383 2600 2436 in
2632 2382 2934 2436 clarissima
2962 2381 3080 2434 luce
3108 2380 3417 2434 collocabit.

2130 2473 2285 2542 Liber
2313 2476 2536 2543 primus,
2571 2475 2759 2528 Oriens
2794 2490 2841 2529 s.
2873 2474 3030 2528 Asia.
3064 2474 3471 2528 Enumerantur
3494 2470 3640 2524 XVII

2058 2567 2351 2634 provincia)
2375 2582 2421 2623 s.
2457 2567 2692 2620 themata
2719 2567 2939 2621 totidem
2975 2566 3268 2637 capitibus.
3303 2567 3359 2620 ‘l.
3394 2565 3642 2620 Attaloli~

2057 2671 2206 2709 cum.
2244 2655 2298 2709 2.
2348 2656 2753 2710 Armeniacum.
2803 2657 2856 2710 5.
2907 2655 3346 2712 'l‘hracesiorum.
3396 2655 3451 2709 ι.
3481 2655 3642 2724 Opsi-

2059 2748 2226 2800 cium.
2255 2745 2308 2799 5.
2347 2746 2706 2814 Optimatum.
2737 2746 2792 2800 6.
2827 2745 3278 2801 Bucellariorum.
3318 2746 3368 2800 7.
3405 2745 3643 2816 Paphla-

2064 2838 2241 2906 gonia.
2273 2837 2328 2890 8.
2359 2837 2606 2892 Chaldia.
2637 2839 2690 2892 9.
2729 2837 3134 2907 Mesopotamia.
3170 2839 3256 2893 10.
3281 2839 3522 2893 Colonia.
3552 2839 3641 2892 ii.

382 2929 485 2981 bus
515 2925 598 2980 vel
624 2925 841 2979 aliunde
870 2925 1036 2995 petita
1070 2924 1344 2989 habuisse,
1379 2923 1539 2993 cujus
1559 2925 1805 2993 exempla
1831 2924 1954 2979 all‘e-
1993 2924 2032 2979 Β
2066 2927 2339 2981 Sebastia.
2368 2927 2453 2980 12.
2481 2926 2788 3013 Lycandus.
2820 2929 2904 2983 15.
2931 2927 3199 2983 Seleucia.
3230 2929 3316 2983 M.
3339 2929 3645 2998 Cibyrrteo-

375 3025 611 3081 runtur;
648 3018 861 3085 istoque
895 3028 1009 3070 aevo
1044 3015 1401 3085 imperatores
1431 3031 1619 3070 curam
1659 3017 1781 3070 belli
1819 3017 1962 3084 ipsos

385 3111 817 3164 administrasse.
858 3107 933 3161 Ea
971 3107 1258 3161 immutata
1291 3123 1412 3162 esse
1445 3109 1570 3162 inde
1609 3108 1675 3162 ab
1716 3107 1964 3164 Heraclio

387 3208 732 3276 imperatore.
754 3202 831 3256 Eo
855 3212 1093 3270 tempore
1110 3201 1281 3256 accidi
1303 3202 1436 3258 lines
1462 3203 1673 3271 imperii
1695 3204 1960 3273 cmpissc;

391 3296 520 3349 hinc
548 3295 696 3364 ipsas
721 3306 936 3361 quoque
959 3291 1268 3360 provincias
1309 3302 1640 3358 contractas,
1666 3302 1717 3347 et
1745 3295 1965 3348 nomina

381 3386 570 3439 ‘Cracca
613 3400 708 3453 pro
745 3382 952 3437 Latinis
978 3399 1085 3453 per
1123 3379 1526 3439 all‘ectatiouetn
1567 3383 1773 3449 electa;
1815 3382 1958 3452 θέμα

389 3490 516 3531 vero
546 3490 575 3529 a
607 3489 738 3530 voce
763 3474 910 3537 θέσις
936 3474 1290 3530 descendere.

463 3567 517 3621 ld
549 3565 880 3636 prmfatiouis
913 3577 1319 3635 argumentum,
1341 3581 1446 3619 non
1486 3564 1652 3619 aliud.
1675 3564 1794 3632 Quo
1820 3565 1964 3620 enim

391 3659 631 3730 ἢέματος
669 3659 750 3712 vis
779 3667 832 3712 et
855 3672 1047 3712 sensus
1075 3659 1258 3712 tendat
1303 3656 1466 3728 (legio
1513 3656 1736 3726 ejusque
1773 3659 1962 3721 sedes,

387 3752 432 3807 i.
479 3767 528 3808 e.
555 3747 873 3821 provincia),
901 3750 1000 3802 hoc
1031 3749 1222 3802 melius
1240 3749 1364 3802 aDu
1395 3748 1601 3814 Cangio
1631 3764 1676 3802 s.
1697 3763 1747 3803 v.
1775 3749 1967 3803 edoce-

389 3858 534 3904 mur,
593 3857 752 3910 quam
807 3839 875 3892 ab
922 3839 1038 3908 ipso
1092 3841 1440 3908 imperatore.
1510 3839 1719 3894 Revera
1783 3848 1963 3894 autem

389 3930 978 4002 Colustantinopolitani
1057 3929 1438 4000 imperatores,
1503 3931 1780 4004 Byzantini
1847 3938 1968 4000 post

408 4025 780 4089 lheodosium,
833 4038 939 4078 non
997 4021 1201 4088 Latini,
1242 4023 1428 4079 Crteca
1490 4024 1668 4095 liogtta
1707 4039 1808 4079 suo
1849 4021 1968 4086 iure

382 4121 707 4178 utebantur,
752 4115 879 4168 talia
931 4114 1299 4184 incogitanter
1341 4115 1423 4169 vel
1467 4129 1564 4184 per
1599 4113 1966 4167 adulationem

389 4209 734 4276 improbante
765 4204 1058 4258 Laurentio
1083 4203 1254 4273 Lydo,
1273 4202 1461 4257 Graeco
1484 4204 1772 4271 scriptore,
1797 4200 1966 4255 Justi-

397 4295 542 4349 niani
571 4293 590 4346 Ι
621 4295 754 4362 imp.
789 4307 992 4356 coaavo,
1027 4293 1080 4345 in
1109 4292 1247 4346 libro
1279 4290 1356 4344 De
1401 4290 1808 4360 magistratibus
1844 4289 1962 4352 Ill,

385 4385 492 4450 1.58;
522 4397 727 4439 morem
754 4397 881 4437 vero
909 4381 1274 4450 antiquiorem
1298 4380 1460 4434 iidem
1490 4395 1596 4434 non
1625 4380 1964 4450 abiecerunt,

394 4487 447 4532 et
479 4474 747 4545 legionum
791 4486 1008 4528 suarum
1047 4471 1264 4528 nomina
1302 4485 1335 4526 ο
1365 4471 1660 4540 provinciis
1705 4470 1969 4525 tnaximo-

382 4584 524 4638 .pere
571 4569 892 4626 hauserunt,
947 4564 1088 4618 unde
1144 4563 1346 4617 milites
1405 4562 1758 4632 cogebantur,
1813 4575 1966 4616 usum

365 4659 494 4714 aevi
534 4657 616 4713 sui
651 4667 799 4710 recte
833 4664 1129 4718 sectantes,
1167 4670 1272 4707 non
1309 4654 1530 4722 prioris.
1578 4653 1717 4718 Quid
1759 4652 1969 4707 multa?

347 4809 354 4819 ,
384 4749 696 4819 .‘mpcrator
725 4747 1062 4801 orthodoxus
1095 4744 1274 4813 carpit
1298 4743 1636 4807 .lleracliutn,
1670 4759 1834 4796 unum
1872 4757 1971 4795 an-

388 4851 752 4902 tecessorum,
774 4837 976 4906 optime
1005 4835 1072 4889 de
1103 4849 1271 4905 regno
1293 4834 1545 4887 orientali
1574 4831 1846 4897 meritum,
1876 4833 1969 4886 sed

407 4933 587 4986 minus
632 4930 1014 4985 orthodoxum.
1073 4928 1149 4983 De
1205 4926 1320 4996 ipso
1360 4926 1482 4980 libri
1529 4936 1868 4994 argumento,
1917 4926 1971 4979 id

399 5022 542 5092 quod
576 5021 1045 5092 exspectabamus,
1096 5033 1195 5073 nec
1231 5018 1354 5073 vola
1389 5033 1488 5072 nec
1527 5018 1830 5087 vestigium.
1875 5015 1972 5073 Se-

399 5115 572 5168 cunda
596 5112 878 5182 scriptoris
905 5109 1156 5165 socordia
1183 5111 1236 5164 in
1267 5125 1332 5165 co
1366 5119 1640 5175 versatur,
1669 5112 1810 5178 quod
1833 5111 1970 5179 parti

397 5222 510 5262 sua:
545 5206 732 5271 primae
754 5204 843 5275 (de
875 5201 1099 5260 Oriente
1124 5219 1171 5258 s.
1194 5203 1341 5273 Asia)
1398 5201 1611 5257 titulum
1645 5201 1970 5272 peculiarem

389 5315 508 5355 non
551 5298 828 5369 imposuit,
880 5295 1120 5351 secundo
1154 5294 1430 5364 imposuit.
1465 5293 1748 5349 Postremo
1785 5307 1883 5348 nec
1911 5307 1972 5347 ea

400 5393 617 5463 quidem
645 5389 781 5444 satis
817 5397 962 5445 recta
1003 5396 1148 5455 sunt,
1184 5389 1303 5460 quae
1333 5388 1400 5444 de
1428 5387 1632 5442 ambitu
1665 5387 1976 5457 provincia-

400 5500 520 5540 rum
568 5501 596 5538 a
638 5481 896 5538 Barbaris
955 5483 1151 5564 acciso,
1186 5481 1560 5564 perhibentur.
1616 5479 1976 5550 imperatores

2069 3029 2264 3072 tarum.
2302 3019 2387 3072 15.
2426 3018 2652 3088 Cyprus.
2688 3021 2771 3072 l6.
2821 3019 3036 3075 Samus.
3080 3022 3164 3075 l7.
3194 3021 3338 3074 Mare
3375 3019 3640 3090 Egmum.

2133 3107 2364 3178 Jamque
2408 3110 2474 3164 de
2513 3111 2596 3163 his
2653 3113 2918 3178 capitibus
2960 3126 3256 3180 eorumque
3301 3121 3640 3182 argumento,

2067 3201 2210 3269 quod
2263 3199 2612 3254 multifariam
2667 3200 2970 3256 illustratur
3015 3203 3153 3257 libro
3211 3201 3289 3256 De
3341 3203 3641 3256 administr.

2066 3294 2216 3361 imp.,
2251 3307 2374 3360 cap.
2411 3292 2501 3358 50,
2565 3293 2635 3346 ob
2667 3293 2839 3347 solam
2874 3295 3240 3365 maximopere
3277 3297 3640 3364 comparatio-

2069 3400 2215 3450 nem,
2258 3385 2401 3439 inter
2434 3386 2664 3454 primam
2695 3395 2751 3440 et
2791 3388 3080 3440 secundam
3113 3396 3318 3458 partem
3352 3387 3645 3442 instituen-

2067 3475 2212 3539 dam,
2231 3477 2477 3543 qutedam
2496 3475 2812 3545 exponenda
2842 3486 2898 3531 et
2925 3478 3192 3532 mouenda
3227 3493 3348 3533 esse
3371 3479 3646 3533 videntur.

2140 3561 2379 3618 Primum
2421 3566 2616 3629 thema,
2661 3567 3017 3621 Anatolicum.
3064 3565 3138 3621 Ita
3171 3569 3301 3634 dici,
3351 3569 3650 3639 imperator

2068 3658 2164 3723 ait,
2202 3667 2448 3726 respectu
2492 3656 2722 3725 Europae
2750 3657 3152 3729 Byzantiique;
3187 3670 3432 3730 respectu
3465 3659 3650 3716 Meso-

2067 3749 2336 3820 potamiae,
2357 3746 2549 3817 Syrias,
2569 3761 2702 3812 etc.,
2727 3750 3024 3818 nuncupari
3045 3748 3390 3806 Occidentale
3410 3753 3645 3806 medium

2069 3842 2153 3914 (τὸ
2180 3841 2405 3896 Δυτικὸν
2437 3839 2626 3913 μέσον)
2649 3852 2702 3896 et
2723 3841 2908 3896 Asiam
2934 3841 3218 3899 Minorem.
3249 3843 3464 3898 lnitittm
3491 3846 3652 3898 habet

2071 3933 2164 4003 (ita
2196 3931 2607 4003 Constantinus)
2639 3935 2707 3987 ab
2735 3933 2994 4004 oppidulo
3033 3934 3247 4003 Μηρὸς,
3282 3942 3336 3984 et
3375 3935 3426 3983 in
3463 3932 3642 3998 longi-

2074 4027 2313 4082 tudinem
2345 4028 2688 4093 protenditur
2734 4039 2905 4090 usque
2943 4025 3008 4075 ad
3045 4030 3254 4072 montes
3290 4017 3545 4082 Isauriae;
3589 4018 3644 4070 in

2071 4115 2415 4168 latitudinem
2453 4128 2483 4164 a
2515 4113 2735 4165 sinistra
2775 4112 2946 4179 tangit
2997 4107 3427 4161 Bocellariorum
3464 4108 3645 4162 thema

2071 4212 2124 4256 et
2151 4200 2568 4271 Cappadociam,
2602 4215 2632 4254 a
2675 4201 2864 4253 dextra
2908 4199 3169 4253 Isauriam
3201 4206 3256 4252 et
3286 4197 3499 4253 initium
3535 4199 3650 4254 tlte-

2070 4290 2236 4344 matis
2268 4288 2748 4358 Cibyrrteotarum.
2787 4287 3181 4358 Complectitur
3220 4289 3460 4358 quinque
3492 4299 3648 4344 vete-

2073 4399 2190 4437 rum
2253 4381 2588 4451 provincias,
2647 4395 2768 4450 qua:
2815 4390 2944 4436 sunt
3001 4398 3014 4434 :
3072 4380 3302 4452 Phrygia
3355 4380 3646 4446 Salutaris,

2065 4475 2366 4547 Lycaonia,
2400 4473 2628 4538 Isauria,
2655 4472 3000 4545 Pamphylia,
3024 4473 3249 4528 Pisidia.
3281 4474 3483 4529 Deinde
3509 4476 3648 4528 bona

2069 4566 2316 4636 quantam
2373 4564 2848 4634 iutersperguntur
2899 4566 2964 4617 de
3024 4563 3288 4634 regimine
3340 4575 3394 4618 et
3455 4563 3651 4618 ﬁnibus

2073 4655 2231 4722 hujus
2264 4655 2518 4709 thematis
2548 4665 2673 4708 ante
2712 4653 3024 4714 Arcadium,
3050 4653 3178 4706 item
3206 4655 3305 4708 sub
3331 4653 3486 4722 ipso;
3525 4654 3650 4706 hinc

2071 4759 2193 4818 post
2237 4746 2573 4807 Mauricium,
2616 4745 2854 4800 instante
2894 4761 3009 4798 sevo
3054 4744 3476 4799 Saracenorum.
3535 4745 3650 4796 Ad-

2071 4839 2276 4893 duntur
2318 4836 2565 4906 quaedam
2602 4837 2668 4890 de
2709 4834 2994 4890 Persarum
3027 4850 3142 4890 azvo
3179 4846 3234 4888 et
3267 4833 3644 4896 Macedonum.

2144 4929 2447 4984 Secundum
2477 4927 2677 4990 thema,
2709 4926 3102 4981 Armeniacum.
3141 4925 3521 4981 Denominatio
3565 4936 3650 4980 est

2075 5017 2393 5086 impropria,
2428 5029 2526 5070 nec
2555 5014 2803 5070 lleraelio
2834 5015 2963 5086 imp.
2989 5014 3216 5085 ejusque
3236 5014 3651 5070 successoribus

2077 5112 2358 5165 vetustior.
2401 5109 2711 5179 Respondet
2751 5104 3104 5177 Cappadociae
3141 5116 3406 5172 veterum,
3453 5105 3650 5178 majori

2077 5215 2153 5256 sc.
2183 5199 2510 5268 minorique.
2539 5197 2832 5253 Justiniani
2860 5196 2878 5250 l
2903 5197 3114 5251 aliusve
3159 5195 3509 5264 imperatoris
3537 5211 3651 5250 arvo

2077 5291 2417 5361 Cappadocia
2448 5290 2714 5359 tripartita
2743 5304 2862 5344 esse
2890 5289 3086 5356 coepit;
3117 5295 3170 5341 et
3206 5289 3454 5358 superior
3488 5303 3651 5356 parva

2078 5385 2380 5447 dicebatur,
2417 5383 2588 5436 media
2631 5383 3016 5444 Charsianum,
3062 5381 3331 5435 maritima
3371 5369 3654 5434 Armenia-

2077 5491 2199 5532 cmn
2231 5476 2324 5546 (ob
2355 5475 2624 5529 Armeniae
2658 5472 2958 5544 viciniam).
2992 5472 3152 5528 Varia
3195 5473 3267 5528 ibi
3300 5473 3652 5540 interponun-

396 5574 684 5647 Byzantini
712 5557 1367 5648 provinciarutn'li’t’tes'et
1408 5571 1624 5626 nomina
1649 5587 1750 5640 pro
1771 5580 1972 5638 tempo-
2006 5587 2050 5643 ι)
2080 5578 2167 5624 tur
2207 5570 2274 5624 de
2325 5568 2544 5637 antiqua
2589 5566 2944 5635 Cappadocia:
2999 5565 3246 5621 historia.
3299 5563 3432 5618 llinc
3485 5563 3648 5617 urbes

397 5683 518 5720 rum
555 5668 763 5721 ratione
786 5667 1088 5732 mutabant,
1115 5680 1219 5720 non
1243 5661 1454 5718 tantum
1481 5664 1741 5720 bellorum
1767 5663 1971 5718 eventi-

400 5759 504 5818 bus
533 5760 685 5818 moti.
714 5761 777 5817 Et
804 5774 1033 5831 magnus
1069 5760 1171 5817 iste
1219 5767 1426 5816 tractus
1453 5755 1700 5815 Ciliciam
1741 5756 1883 5814 inter
1917 5765 1971 5812 et

2079 5661 2318 5732 potiores
2353 5659 2516 5713 totius
2540 5656 2888 5728 Cappadociae
2917 5667 2971 5712 et
3011 5657 3268 5712 nobilium
3294 5655 3651 5726 quorumdam

2081 5751 2461 5824 Cappadocum
2500 5751 2716 5808 nomina
2755 5759 3142 5808 memorantur.
