4044 6210
334 362 398 427 Π
1459 369 1550 427 VA
1560 366 1748 426 RlOli
1758 368 1802 425 U
1814 366 1868 425 M
1910 364 2357 424 PILEFATION
2369 366 2481 425 ES.

3543 360 3615 423 18

405 470 647 525 Tertium
706 471 895 535 thema,
949 467 1375 524 Tht'accsiarum.
1428 474 1602 526 Antea
1649 471 1929 525 dicebatur
1961 475 2002 529 Λ
2039 478 2217 524 autem
2261 470 2521 525 Seleucia:
2568 470 2678 523 sola
2720 479 2843 523 ante
2883 470 3077 523 clisura
3124 478 3275 538 erat;
3331 469 3605 530 Romanus

337 565 460 617 Asia
519 562 718 616 Minor.
773 562 975 616 Nomen
1017 565 1280 616 novitium
1333 566 1497 616 traxit
1542 572 1569 615 a
1620 564 1924 618 Thracibus

344 654 533 722 Mysiae
564 653 852 721 Europam,
890 669 954 707 eo
990 656 1291 710 translatis.
1346 655 1739 721 Complectitur
1782 663 1925 708 vete-

342 762 462 801 rum
486 746 680 815 Lydos,
700 744 951 810 Marones,
974 742 1161 813 cares,
1194 745 1363 802 Iones.
1391 748 1449 801 In
1497 747 1605 802 line
1640 748 1925 801 traduntur

346 840 556 894 urbium
576 855 663 893 xxi
686 839 842 906 hujus
860 840 1003 894 Asia?
1019 841 1347 907 (Thracesii)
1368 844 1608 903 nomina,
1629 859 1733 897 non
1752 842 1924 909 plura.

417 928 669 994 Quartum
714 932 913 991 thema,
967 930 1238 998 Opaicium
1278 932 1684 1002 (Obsequium).
1733 931 1923 985 Latina

353 1035 448 1074 vox
485 1034 577 1073 eos
616 1019 911 1088 signiﬁcat,
948 1022 1036 1090 qui
1087 1023 1399 1088 imperatori
1433 1033 1674 1091 prmeunt
1715 1024 1924 1077 ordinis

350 1111 526 1166 tuendi
548 1120 600 1164 et
638 1111 859 1165 honoris
893 1127 1080 1173 causa,
1108 1112 1221 1167 sive
1249 1123 1303 1165 ut
1339 1114 1453 1167 vias
1484 1114 1534 1166 ei
1569 1125 1622 1167 et
1653 1114 1923 1168 domicilia

344 1210 670 1271 prmparent.
708 1202 861 1257 Unde
889 1219 993 1256 non
1032 1204 1334 1273 στρατηγὸς
1364 1206 1605 1275 (prtetor)
1638 1205 1777 1261 illius
1797 1221 1925 1276 pro—

342 1292 534 1346 vinciae
561 1308 810 1348 summus
850 1295 1201 1363 magistratus
1236 1299 1455 1361 dicitur,
1485 1299 1578 1353 sed
1620 1313 1801 1352 eomes
1837 1314 1924 1352 so-

348 1381 641 1435 lummodo.
690 1380 763 1435 Ea
812 1384 961 1452 regio
1006 1383 1285 1452 Bithynos,
1332 1384 1597 1456 Phryges,
1648 1387 1926 1442 Dardanos

342 1472 659 1541 (Troianos)
687 1474 1089 1542 complectitur.
1118 1474 1294 1529 Urbes
1320 1488 1711 1531 enumerantur
1742 1480 1925 1531 decem

346 1564 701 1627 illustriores,
760 1580 870 1618 non
933 1565 1143 1632 plures.
1202 1566 1473 1618 Cmterum
1518 1566 1657 1619 lines
1699 1577 1930 1633 quatuor

344 1657 584 1725 partium
624 1656 917 1727 provincia:
966 1656 1110 1709 haud
1148 1656 1512 1725 indiligenter,
1554 1667 1610 1710 ιιι
1646 1672 1745 1711 nec
1778 1658 1929 1724 alibi,

344 1747 775 1815 distinguuntur.
794 1745 867 1798 De
880 1743 1105 1808 Opsicio
1129 1759 1179 1798 ν.
1200 1746 1424 1800 omnino
1454 1745 1531 1798 Du
1548 1745 1789 1814 Cangius
1810 1762 1856 1803 s.
1875 1762 1924 1799 v.

2031 562 2158 629 imp.
2201 577 2319 615 eam
2370 562 2497 616 fecit
2538 562 2896 630 στρατηγίαν.
2947 562 3346 617 Enumerantur
3390 567 3611 620 numina

2029 653 2211 706 decem
2235 654 2473 718 urbium,
2493 668 2611 721 qua:
2635 664 2810 705 tamen
2834 653 3037 707 Cilicim
3065 655 3242 723 potius
3265 665 3606 727 erant,qnam

2030 743 2268 797 Isauri:e.
2310 742 2371 798 V.
2411 760 2627 813 quoque
2657 742 2859 799 Leonis
2888 743 3017 814 Sap.
3056 746 3451 811 expositionem
3484 749 3609 801 bse-

2029 837 2254 901 viorem,
2291 839 2378 890 ubi
2416 849 2597 892 nostra
2628 838 2875 892 Seleucia
2908 838 3044 892 adeo
3084 838 3411 910 Pamphylia:
3440 844 3610 896 ascri-

2028 929 2189 983 bitttr.
2236 931 2386 984 Adde
2423 930 2747 987 Hieroclem.

2102 1022 2373 1075 Decimum
2397 1034 2643 1092 quartum
2683 1022 2875 1088 thema,
2902 1021 3378 1092 Cibgrrwotarum.
3408 1022 3610 1076 Nomen

2026 1116 2321 1182 provincia:
2352 1115 2579 1182 petitum
2612 1116 2679 1169 ad
2712 1115 3064 1184 ignominiam
3102 1112 3372 1185 Cibyrrae,
3407 1116 3613 1184 ignobi-

2027 1205 2091 1259 lis
2115 1206 2319 1275 oppidi,
2350 1206 2510 1274 cujus
2539 1205 2687 1259 cives
2719 1207 2838 1275 plus
2868 1205 3035 1261 semel
3070 1205 3369 1259 refractarii
3401 1205 3616 1258 fuerant

2026 1297 2286 1350 adversus
2313 1297 2693 1366 imperatores.
2736 1296 2894 1351 Fines
2924 1298 3226 1367 permagni,
3264 1312 3339 1350 sc.
3369 1312 3399 1348 a
3429 1296 3611 1349 Tauro

2029 1385 2237 1439 Cilicia:
2264 1401 2432 1453 usque
2470 1386 2536 1438 ad
2577 1385 2817 1439 Miletum
2852 1387 3205 1452 pertinentes.
3243 1384 3382 1453 Ergo
3410 1384 3613 1438 Cilicia:

2030 1483 2270 1539 partem,
2313 1473 2710 1544 Pamphyliam,
2745 1475 2987 1546 Lyciam,
3024 1476 3242 1530 Cariam
3279 1474 3609 1529 continebat.

2032 1565 2088 1615 ιιι
2120 1564 2297 1617 medio
2319 1566 2573 1620 thematis
2604 1568 2823 1622 Rhodus
2860 1568 3053 1632 insula,
3081 1568 3235 1637 cujus
3260 1568 3615 1636 antiquitates

2036 1663 2355 1723 tanguntur,
2378 1656 2592 1709 aliunde
2616 1657 2826 1723 plenius
2855 1668 3011 1714 noue.
3041 1658 3331 1729 Prmeipua:
3355 1658 3614 1713 thematis

2033 1746 2196 1798 nrbes
2240 1761 2362 1799 cum
2408 1746 2634 1815 singulis
2676 1748 2954 1815 regionum
3006 1749 3204 1803 finibus
3241 1753 3379 1804 haud
3433 1750 3613 1803 indili-

421 1834 674 1900 Quintum
702 1836 892 1899 thema,
925 1835 1271 1902 Optimatum.
1309 1835 1481 1890 lnlimi
1514 1838 1717 1891 ordinis
1745 1839 1922 1892 thema
1959 1821 2002 1877 Β
2032 1846 2224 1904 genter
2257 1848 2667 1892 enumerantur.

348 1927 480 1981 dicit
515 1938 725 1991 auctor,
758 1928 1152 1998 praesidemque
1196 1929 1317 1998 ejus
1360 1929 1533 1983 solum
1564 1932 1923 1984 domesticum

349 2021 689 2087 nuncupari;
726 2021 1048 2088 quibuscum
1080 2021 1160 2073 Du
1194 2022 1430 2089 Cangius
1455 2020 1767 2075 conteratur
1788 2035 1839 2075 ε-
1870 2038 1923 2074 v.

346 2109 741 2176 Complectitur
764 2108 1050 2176 Bithynos,
1084 2108 1391 2173 Tarsiatas,
1430 2109 1672 2179 Thynos.
1702 2108 1929 2165 Urbium

353 2195 596 2264 quinque
689 2196 1017 2251 celebriores
1111 2208 1522 2252 enumerantur.
1604 2199 1936 2255 Mcmoratur

356 2300 577 2354 quoque
621 2285 919 2355 Sangarius
958 2285 1177 2349 ﬂuvius,
1210 2303 1332 2341 cum
1374 2299 1537 2357 ponte
1568 2287 1931 2345 Justi’nianeo.

425 2376 648 2432 Sextum
691 2379 891 2441 thema,
938 2378 1388 2445 Bucellariorum,
1438 2397 1483 2436 s.
1546 2381 1930 2437 Bucellarium.

347 2466 461 2522 Nec
499 2469 613 2522 haec
648 2469 924 2537 provincia
969 2484 997 2523 a
1043 2480 1202 2540 gente
1234 2473 1466 2539 quadam
1521 2490 1717 2529 nomen
1747 2477 1931 2541 habet,

345 2560 446 2613 sed
470 2574 500 2612 a
525 2559 861 2626 bucellariis,
901 2561 937 2616 i.
968 2576 1017 2615 e.
1050 2563 1141 2630 qui
1162 2576 1528 2618 commeatum
1558 2567 1819 2621 militibus
1849 2584 1935 2622 ve-

349 2651 577 2717 hebant,
637 2651 762 2705 coll.
812 2652 979 2706 etiam
1023 2652 1101 2707 Du
1136 2652 1307 2725 Cang.
1351 2672 1399 2710 s.
1447 2671 1499 2707 γ.
1548 2657 1937 2713 Describuntur

347 2745 493 2798 lines
542 2744 863 2813 provinciis,
921 2757 1315 2802 enumerantur
1364 2749 1606 2819 quinque
1640 2751 1799 2805 urbes
1838 2768 1935 2821 po-

344 2838 540 2891 tiores.
570 2836 762 2891 incolas
788 2836 1013 2902 Galatea,
1047 2837 1407 2911 Mariandyni,
1444 2842 1682 2913 Bithyni.

418 2926 721 2996 Septimum
761 2930 957 2993 thema,
1001 2929 1390 3001 Paphlagonia.
1429 2933 1505 2988 De
1532 2935 1854 3004 antiquitate
1882 2948 1943 2989 et

343 3019 580 3074 infamia
598 3031 844 3075 veterum
870 3020 1298 3093 Paphlagonum.
1326 3025 1434 3080 Sex
1467 3028 1628 3082 urbes
1654 3030 1941 3083 interiores

341 3120 745 3171 enumerantur
768 3122 823 3167 et
850 3125 1086 3183 quatuor
1114 3117 1424 3173 maritimm.

420 3204 690 3258 Octavum
740 3204 935 3272 thema,
980 3207 1225 3263 Chaldia.
1264 3206 1542 3278 Trapezus
1595 3212 1934 3281 metropolis.

343 3296 624 3350 Interiora
657 3307 785 3351 sunt
816 3298 1088 3353 Armenia:
1125 3300 1350 3355 minoris
1387 3303 1703 3369 primordia.
1748 3304 1936 3359 Trium

339 3386 584 3441 aliarum
620 3388 834 3442 urbium
862 3389 1107 3457 nomina,
1136 3405 1187 3443 e.
1220 3405 1271 3459 ε.
1304 3389 1583 3453 Celtzene,
1614 3399 1719 3443 etc.

420 3477 649 3530 Nouum
678 3480 873 3546 thema,
905 3478 1309 3548 Mewpotamia.
1340 3466 1512 3534 Parva
1545 3482 1711 3550 regio,
1765 3483 1941 3537 nomi-

338 3570 432 3624 nis
473 3572 826 3634 recentioris,
869 3573 1047 3640 potius
1091 3573 1294 3627 clisura
1337 3574 1456 3629 sine
1504 3576 1743 3641 nomine,
1778 3592 1938 3646 quam

338 3663 703 3731 pra-rectura.
734 3664 956 3733 Spectat
994 3664 1192 3721 Leonis
1225 3666 1352 3734 imp.
1389 3683 1585 3723 mrum.

419 3754 715 3807 Decimum
737 3754 1361 3819 thema,Colonia.Parva
1380 3760 1673 3829 regio,cum
1693 3776 1944 3824 arceant-

342 3848 417 3899 de
441 3845 774 3899 nomen.Est
794 3834 1005 3898 initiuin
1024 3849 1296 3902 Armeniae
1312 3850 1724 3903 minoris.Fines
1746 3852 1950 3904 descri-

347 3932 735 3989 buntur.Noto
752 3934 806 3988 in
821 3936 948 3998 line,
967 3940 1127 3989 verba
1150 3946 1325 3991 textus
1337 3938 1653 3991 Bekkeriani
1673 3940 1947 4005 (Βασίλεια

344 4045 410 4091 o;
441 4057 517 4067 ι-
550 4025 827 4097 βασιλεὺς)
854 4026 938 4081 sic
967 4026 1143 4095 legere
1174 4027 1467 4081 editionem
1506 4029 1899 4082 Vulcanianam
1933 4048 1947 4083 ί

344 4123 376 4173 ὁ
407 4120 551 4189 ἐμὸς
567 4118 812 4183 πάππος,
827 4118 1015 4191 κύριος
1043 4119 1344 4183 Βασίλειος,
1362 4121 1389 4172 ὁ
1410 4119 1541 4186 τῶν,
1562 4138 1616 4174 κ.
1636 4138 1685 4174 τ.
1710 4120 1759 4175 λ.
1785 4122 1940 4176 Unde

346 4213 520 4281 plane
559 4212 848 4276 evincitur,
874 4212 1017 4267 hunc
1056 4210 1252 4266 librum
1292 4226 1482 4267 revera
1513 4215 1731 4283 quidem
1770 4217 1939 4285 impe-

348 4305 562 4357 ratoris
590 4302 765 4355 nostri
795 4304 1057 4371 scriptum
1082 4317 1226 4368 esse,
1266 4305 1358 4357 sed
1381 4305 1676 4374 privatum,
1708 4322 1810 4360 non
1844 4322 1945 4376 pu-

347 4394 494 4448 blica
527 4393 857 4448 auctoritate
880 4394 1235 4462 compositum
1267 4404 1429 4463 atque
1449 4396 1651 4449 editum
1675 4414 1691 4461 ;
1722 4397 1773 4450 id
1801 4398 1944 4466 quod

2098 1925 2375 1979 Decimum
2418 1928 2657 1993 quintum
2701 1929 2897 1991 thema,
2941 1929 3118 1982 insula
3161 1930 3385 1998 Cyprus.
3428 1931 3502 1984 Ea
3548 1932 3615 1981 ad

2031 2020 2279 2083 verbum,
2310 2020 2555 2089 exceptis
2602 2022 2808 2090 paucis,
2848 2037 2911 2077 ex
2953 2021 3200 2076 Hierocle
3237 2038 3344 2075 non
3398 2037 3607 2075 memo-

2035 2116 2153 2163 rato
2179 2109 2459 2177 desumpta
2493 2120 2639 2174 sunt,
2674 2112 3035 2180 incogitanter
3069 2112 3296 2181 repetita
3337 2111 3607 2167 Hierocle;

2036 2198 2230 2265 capitis
2281 2199 2654 2267 inscriptione.
2688 2200 2966 2256 Adduntur
2998 2204 3243 2270 qutedam
3277 2202 3345 2257 de
3376 2203 3603 2257 historia

2039 2290 2246 2343 insulm.
2284 2290 2535 2345 Auctoris
2566 2292 2733 2345 nostri
2766 2308 2879 2346 aevo
2920 2294 3205 2347 Saracenis
3244 2294 3419 2347 denuo
3455 2308 3602 2362 pare~

2038 2382 2127 2433 bat
2151 2396 2165 2430 :
2198 2396 2368 2449 quare
2400 2380 2564 2449 igitur
2584 2382 2817 2451 scriptor
2840 2399 2960 2437 eam
2987 2384 3278 2451 provinciis
3305 2382 3615 2454 Byzantinis

2039 2470 2401 2526 adnumerat?
2433 2471 2669 2527 Basilius
2707 2474 2862 2542 imp.,
2895 2473 3064 2527 nostri
3099 2473 3334 2527 C:esaris
3366 2474 3613 2537 πάππος,

2041 2570 2178 2617 teste
2215 2562 2542 2619 Vulcaniana
2574 2566 2830 2629 editione,
2850 2566 3089 2636 Cyprum
3126 2567 3191 2619 ad
3219 2569 3396 2620 thema
3419 2583 3619 2621 evexe»

2044 2663 2156 2718 rat;
2194 2656 2244 2708 id
2270 2656 2412 2724 quod
2447 2656 2497 2709 in
2533 2666 2757 2722 textum,
2793 2668 2845 2711 ut
2872 2657 3015 2712 idem
3054 2657 3234 2725 plane,
3264 2658 3407 2726 quod
3440 2658 3491 2709 in
3523 2659 3620 2710 de-

2042 2744 2183 2796 citnu
2206 2745 2442 2799 themate
2468 2746 2717 2813 legimus,
2742 2748 2983 2816 recipere
3006 2746 3239 2801 debebat
3259 2743 3305 2799 1.
3330 2743 3620 2809 Bekkerus,

2046 2834 2211 2889 libelli
2270 2852 2504 2905 nuperus
2534 2837 2733 2891 editur.

2124 2927 2394 2981 Decimum
2439 2939 2642 2982 sextum
2680 2930 2872 2992 thema,
2926 2928 3117 2983 Samus
3156 2929 3357 2982 imula.
3409 2928 3483 2981 De
3527 2942 3625 2980 n0-

2049 3020 2195 3075 mine
2232 3020 2380 3075 Sami
2412 3022 3101 3092 arcltmologieaqnmdam.
3142 3022 3250 3075 Viri
3284 3021 3502 3089 quidam
3532 3035 3625 3074 ve-

1970 3150 2021 3215 α
2053 3123 2224 3167 terum
2261 3112 2499 3167 illustres
2521 3123 2934 3167 enumerantur.
2960 3112 3243 3168 Thematis
3270 3112 3402 3167 lines
3432 3111 3627 3181 (Ephe-

2050 3220 2143 3258 sus
2192 3234 2259 3244 -—
2313 3206 2761 3275 Adramyttium).
2817 3204 3046 3277 Smyrna
3120 3204 3361 3272 prmlecti
3433 3204 3630 3268 sedes;

2048 3294 2217 3363 quod,
2242 3304 2298 3348 ut
2321 3294 2451 3357 alia,
2477 3296 2681 3348 utinam
2716 3296 2767 3347 in
2808 3293 3033 3363 reliquis
3056 3308 3272 3362 quoque
3296 3295 3631 3348 thematibus

2049 3386 2438 3457 signiﬁcasset!

2122 3478 2391 3532 Decimum
2414 3477 2594 3545 septim
2605 3492 2691 3529 um
2715 3477 2910 3540 thema,
2933 3491 3078 3529 mare
3103 3473 3417 3545 zEgteunnA
3428 3475 3631 3530 rchmo~

2045 3568 2216 3640 logica
2262 3568 2326 3622 de
2363 3584 2417 3620 ν.
2451 3567 2675 3635 Αἰγαῖον
2715 3565 2973 3633 πέλαγος.
3021 3563 3270 3631 Quinun
3316 3564 3630 3618 Graecorum

2048 3660 2289 3715 dialecti.
2324 3658 2489 3713 Fines
2521 3657 2747 3727 spatiosi
2786 3675 2799 3712 :
2834 3665 2960 3711 sunt
2991 3655 3135 3709 enim
3179 3653 3337 3723 hujus
3379 3654 3637 3708 thematis

2046 3752 2327 3821 Cyclades,
2380 3750 2684 3818 Sporadum
2730 3745 2986 3816 majores,
3038 3745 3289 3817 Mitylene
3352 3744 3634 3815 (Lesbos),

2046 3844 2233 3907 tibius,
2257 3841 2520 3903 Lemnus,
2568 3840 2827 3895 ulteriora
2862 3851 3035 3905 usque
3062 3839 3128 3890 ad
3168 3838 3346 3889 sinum
3380 3836 3633 3899 Cianum,

2050 3928 2522 3996 Constantinopoli
2556 3928 2887 3995 proximum.

2126 4017 2282 4070 Liber
2310 4016 2590 4078 secundus,
2617 4015 2873 4069 Occidens
2892 4030 2938 4069 s.
2965 4013 3204 4079 Europa.
3238 4013 3643 4065 Enumerantur

2054 4109 2149 4164 XII
2203 4106 2499 4179 provinciae
2547 4122 2592 4162 s.
2663 4105 2901 4159 themata
2956 4103 3178 4158 totidem
3240 4101 3527 4172 capitibus.
3586 4102 3634 4156 l.

2050 4202 2307 4257 Thracia.
2344 4201 2398 4253 2.
2436 4198 2774 4253 Macedonia.
2814 4198 2867 4251 5.
2912 4197 3195 4266 Strymon.
3239 4195 3296 4249 4.
3346 4193 3638 4248 Thessalo—

2049 4295 2193 4349 nica.
2236 4291 2293 4347 5.
2345 4290 2528 4344 llellas
2566 4288 2843 4360 (Graecia).
2885 4287 2941 4344 6.
2980 4285 3412 4356 PeIOponuesus.
3446 4283 3499 4340 7.
3532 4282 3636 4338 Cc-

2049 4389 2322 4460 phalenia.
2364 4386 2419 4441 8.
2454 4384 2748 4454 Nicopolis.
2777 4383 2834 4438 9.
2880 4379 3257 4453 Dyrrachium.
3292 4379 3381 4433 10.
3424 4378 3634 4433 Sicilia.

346 4482 527 4536 etiam
569 4496 637 4535 ex
674 4480 928 4536 atiectato
959 4490 1204 4535 veterum
1240 4490 1525 4535 auctorum
1568 4497 1666 4536 usu
1697 4484 1946 4552 sequitur
1979 4488 2024 4543 ι)
2054 4484 2140 4537 lt.
2165 4480 2565 4551 Longobardia.
2600 4476 2686 4530 12.
2712 4474 2976 4530 Cherson.
3012 4472 3215 4527 llorum
3241 4487 3455 4541 quoque
3486 4472 3634 4540 capi-

349 4588 530 4646 atque
571 4574 927 4645 negligentia,
962 4590 1067 4645 qua
1108 4574 1280 4628 utitur
1318 4575 1370 4627 in
1404 4572 1615 4628 urbium
1661 4589 1948 4629 enumera-

351 4672 534 4731 tione,
570 4667 819 4738 potiores
848 4681 1178 4733 memorans,
1216 4680 1324 4720 non
1354 4681 1581 4731 omnes;
1614 4667 1759 4735 quod
1791 4682 1950 4723 secus

351 4764 409 4816 in
443 4760 727 4815 indicibus
758 4758 1187 4828 episcopalibus,
1218 4757 1349 4814 item
1382 4758 1435 4813 in
1470 4756 1741 4822 Hierocle,
1777 4775 1949 4827 quan-

351 4870 524 4923 quam
550 4852 820 4920 scriptore
844 4852 1074 4922 privato.

430 4944 791 4999 Uudecimum
828 4945 1025 5010 thema,
1068 4943 1334 5001 Seleucia.
1385 4942 1441 4998 Id
1488 4959 1705 5015 quoque
1751 4945 1949 5000 Arme-

356 5037 463 5091 niae
503 5037 739 5091 minoris
780 5050 908 5106 pars
947 5044 1049 5092 cst.
1089 5034 1403 5105 Sequuntur
1434 5036 1679 5107 vulgaria
1724 5048 1778 5094 et
1824 5039 1951 5093 trita

355 5128 506 5182 circa
537 5143 591 5181 v.
620 5127 848 5180 Cwsaris
877 5125 1299 5195 etymologiam.‘

432 5218 830 5271 Duodecimum
861 5217 1057 5281 thema,
1097 5214 1404 5285 Lycandus.
1436 5214 1514 5271 Ea
1558 5228 1723 5283 terra,
1758 5219 1953 5272 Arme-

357 5311 465 5365 nia:
488 5324 646 5380 pars,
675 5325 779 5363 non
804 5308 974 5363 multo
992 5318 1120 5362 ante
1142 5308 1397 5362 thematis
1416 5306 1590 5362 locum
1617 5307 1950 5369 obtinuerat,

360 5417 445 5456 se.
475 5400 683 5456 Leonis
713 5400 841 5470 imp.
869 5401 1139 5471 Sapientis
1163 5414 1301 5455 aevo.
1340 5400 1597 5466 Quaedam
1628 5401 1694 5456 de
1725 5399 1952 5457 historia

362 5494 543 5550 urbis.

437 5586 720 5642 Decimum
762 5588 973 5642 tertium
1007 5590 1207 5653 thema,
1257 5587 1524 5642 Seleucia.
1562 5586 1701 5642 Dicit
1740 5597 1953 5654 partem

366 5681 617 5745 lsaurim,
670 5681 913 5755 ﬁnesque
983 5680 1264 5735 describit.
1330 5678 1701 5734 Mcmorantur
1756 5678 1957 5733 dehinc

368 5775 539 5832 urbes
564 5773 809 5844 potiores
839 5771 1061 5839 Ciliciae,
1105 5772 1247 5843 quod
1284 5771 1476 5828 abesse
1514 5778 1747 5843 poterat.
1786 5769 1957 5839 Regio

2059 4588 2169 4630 tum
2192 4582 2591 4643 argumentum,
2621 4580 2679 4624 ut
2704 4568 2823 4623 libri
2859 4568 3041 4637 primi,
3067 4565 3303 4619 breviter
3332 4578 3630 4633 exponam,

2061 4670 2434 4738 maximopere
2472 4667 2543 4721 ob
2584 4662 2974 4719 instituendam
3032 4661 3117 4730 (ut
3162 4658 3297 4728 dixi)
3355 4659 3638 4727 utriusque

2057 4757 2545 4829 comparationem.

2135 4852 2379 4906 Primum
2423 4850 2623 4914 thema,
2660 4846 2915 4899 Thracia.
2943 4842 3191 4913 Byzantii
3220 4841 3361 4894 laus.
3390 4838 3641 4891 Thracm

2060 4950 2243 5003 thema
2275 4944 2627 5001 constitutum
2666 4949 2751 4993 est
2789 4946 3037 5006 tempore
3064 4933 3363 4989 invasionis
3394 4928 3639 4998 Bulgaria

2060 5054 2156 5095 cat.
2196 5038 2336 5091 Ante
2367 5035 2734 5089 Romanorum
2777 5043 2991 5092 aevum,
3013 5040 3122 5095 quo
3159 5031 3318 5077 erant
3354 5021 3424 5075 5'5
3454 5019 3636 5079 urbes,

2060 5132 2167 5185 duo
2202 5141 2362 5198 regna
2396 5122 2603 5178 habuit.
2628 5119 2868 5187 Bulgari,
2903 5133 3049 5172 nunc
3086 5114 3313 5177 domini,
3347 5110 3638 5166 Thraciam

2062 5224 2116 5277 in
2173 5221 2385 5275 minora
2444 5213 2716 5270 territoria
2769 5209 3111 5264 dividebant.
3176 5207 3319 5261 Ante
3376 5202 3640 5269 Bulgaros

2062 5314 2295 5371 Thracia
2352 5312 2421 5362 ab
2462 5308 2579 5375 ipso
2618 5300 2917 5374 Byaantino
2958 5300 3288 5370 imperatore
3326 5292 3645 5361 regebatur,

2063 5421 2172 5461 non
2204 5417 2233 5456 a
2266 5409 2498 5471 praetore
2523 5390 2886 5465 (στρατηγῷ),
2909 5399 3153 5445 utnune.
3176 5381 3390 5471 Bulgari
3418 5379 3637 5471 quando

2064 5468 2291 5562 regnum
2333 5484 2692 5556 Byzantinum
2736 5478 3060 5532 invaserint.
3105 5472 3182 5524 Ex
3217 5468 3468 5562 Hierocle
3499 5481 3641 5562 quae-

2063 5560 2188 5637 dam
2237 5580 2304 5633 de
2345 5574 2616 5637 Doloncis,
2668 5586 2789 5641 qua:
2833 5569 2908 5622 ibi
2956 5579 3060 5618 non
3117 5560 3489 5616 inveniuntur.
3545 5560 3643 5614 Ar-

2066 5672 2414 5742 chazologica.
2444 5668 2755 5736 Sequuntur
2785 5659 3025 5727 quinque
3045 5653 3316 5725 eparchite
3338 5652 3635 5717 Thracicaa,

2065 5783 2126 5826 ex
2165 5762 2414 5823 [herode
2440 5772 2562 5816 cum
2604 5752 2829 5810 urbibus
2874 5748 3114 5820 repetita:
3142 5745 3211 5817 (is
3235 5746 3394 5803 habet
3430 5743 3538 5812 Vl),
3576 5752 3632 5796 et
