4044 6210
381 348 451 431 19
1502 345 1909 426 VAHIORUM
1952 352 2520 429 PR/EFATIONE‘S.
3584 360 3656 429 eo

382 481 521 533 satis
560 478 781 549 quidem
815 472 1187 547 indiligenter,
1221 472 1331 530 imo
1369 472 1617 529 confuse.
1653 472 1710 528 in
1754 471 1968 544 Europa
1998 480 2044 534 A
2074 474 2403 533 Macedonia:
2448 476 2873 550 (Thessalonicae
2909 493 2954 534 s.
3003 476 3300 533 Thessaliae
3340 476 3501 533 medii
3527 480 3652 550 aevi)

382 566 636 625 Thraciae
675 568 803 624 facit
834 583 956 623 eum
987 564 1274 628 Hierocle;
1302 564 1500 620 deinde
1526 579 1661 620 vero
1693 564 1968 635 Rhodopae

382 670 587 731 praeter
625 657 1104 729 Maximianopolin
1145 667 1199 714 et
1238 655 1626 727 Trajanopolin
1656 657 1799 726 (quae
1831 656 1968 710 istuc

384 750 513 809 vere
537 752 901 823 pertinebant)
928 749 1175 805 attribuit
1195 742 1620 819 Parthic0polin,
1650 746 1967 802 Heracleam

385 840 715 915 Strymonis,
748 841 963 902 Serras,
1000 841 1299 911 Philippos,
1336 840 1739 895 diversissimas
1761 855 1789 892 a
1820 838 1970 892 Rho-

385 937 544 1002 .lope,
603 946 683 987 sc.
745 932 949 987 veteris
984 930 1311 986 Macedoniae
1349 930 1532 985 urbes.
1563 928 1619 983 Id
1652 929 1809 998 longe
1845 944 1966 984 rec-

389 1026 494 1078 tins
526 1024 579 1078 in
615 1024 889 1088 Hierocle,
916 1034 1077 1094 quem
1108 1022 1248 1085 vide.
1278 1021 1626 1077 llaemimonti
1654 1022 1966 1091 eparchiam

386 1117 548 1171 tertio
572 1115 694 1172 loco
725 1118 896 1187 ponit,
923 1111 1199 1172 Hierocles
1222 1124 1457 1184 quarto;
1494 1125 1757 1168 cteterum
1788 1115 1842 1168 in
1874 1130 1968 1169 ur-

385 1212 549 1269 bibus
580 1214 855 1270 consentit
890 1231 1011 1266 cum
1046 1212 1311 1267 Hierocle.
1350 1210 1467 1266 Jam
1497 1213 1747 1281 sequitur
1775 1212 1966 1279 insipi-

385 1305 513 1358 dum
557 1306 687 1361 illud
756 1305 1025 1375 Ἐπαρχίο.
1056 1304 1322 1376 Θρᾴκης..
1351 1304 1521 1374 κλίμα
1554 1304 1829 1357 Maestbe
1877 1304 1972 1357 καὶ

399 1397 1573 1470 Ἀκόντισμα,Φιλιππούπολις,Βερόη,νῆσος
1591 1397 1788 1463 Θάσος,
1808 1401 1969 1468 νῆσος

384 1469 740 1561 ἓαμοθρᾴκη.
761 1490 961 1546 Verum
992 1490 1072 1544 lite
1090 1489 1278 1544 insula:
1294 1505 1480 1545 revera
1505 1501 1662 1546 erant
1685 1484 1970 1557 Rhodopes

385 1596 536 1651 pars,
579 1582 657 1635 vel
704 1585 1027 1652 (secundum
1061 1576 1388 1649 ilierOcient)
1418 1578 1741 1637 Macedonia:
1762 1583 1967 1651 prima),

389 1675 480 1728 ubi
504 1674 645 1729 idem
676 1689 775 1729 suo
800 1676 916 1730 loco
939 1674 1101 1729 habet
1124 1675 1296 1743 κλίμα
1320 1668 1591 1730 Maestbe
1609 1677 1701 1729 καὶ
1735 1672 1972 1727 Ἀκόντι-

372 1764 529 1834 eam,
555 1783 867 1837 quanquam
891 1765 1019 1820 illud
1044 1766 1212 1835 κλίμα
1232 1767 1526 1829 Μεστικὸν,
1552 1766 1742 1820 mediis
1758 1765 1970 1818 urbium

2072 582 2192 622 esse
2219 569 2407 622 voluit.

2147 650 2380 714 Tertium
2447 666 2645 725 thema,
2702 656 3197 733 Stantem-Breve
3253 655 3545 726 capitulum
3600 664 3656 710 et
3746 722 3747 727 η

2073 766 2209 820 pene
2263 750 2437 805 lmile.
2496 750 2823 804 Macedoniae
2874 749 3121 815 junctum
3173 761 3295 801 esse
3347 748 3657 817 Strymonis

2075 845 2293 910 thema;
2353 843 2537 897 nullibi
2599 842 2856 897 thematis
2903 840 3122 893 nomine
3177 853 3491 904 occurrere,
3557 839 3655 894 sed

2073 936 2308 989 clisurw.
2343 933 2573 1004 Scythas
2607 931 2844 1005 (Slavos)
2886 929 3093 986 incolas
3131 931 3352 994 habere,
3393 931 3460 984 ab
3492 930 3659 985 Justi-

2074 1024 2237 1076 niano
2283 1022 2636 1077 Rhinottneto
2688 1021 2739 1074 in
2792 1018 3057 1088 angustiis
3112 1014 3441 1087 Strymoniis
3498 1019 3654 1072 sedes

2073 1131 2199 1169 suas
2230 1116 2471 1182 adeptos.
2511 1113 2699 1167 Dicere
2744 1110 2994 1171 debebat,
3050 1109 3231 1177 prisco
3278 1106 3652 1178 (Macedonum:

2072 1203 2572 1276 Rmnanorumque)
2603 1217 2843 1275 tempore
2874 1202 3199 1257 Macedonize
3231 1209 3437 1267 partem
3487 1198 3657 1254 fuisse

2074 1318 2229 1358 suum
2278 1300 2584 1372 Strymonis
2618 1300 2796 1353 thema
2846 1296 2909 1362 (i.
2942 1294 3299 1347 συνετέτακτο
3330 1308 3425 1361 pro
3462 1291 3655 1344 συντέ-

2073 1395 2331 1461 castrat);
2391 1392 2664 1462 peculiare
2710 1398 2889 1444 autem
2948 1386 3239 1453 provincia:
3305 1399 3499 1438 nomen
3551 1385 3655 1438 isto

2073 1499 2189 1538 aevo
2229 1497 2331 1539 non
2381 1484 2660 1548 habuisse,
2709 1496 2885 1550 neque
2925 1479 3086 1533 etiam
3128 1476 3333 1529 ultimis
3368 1485 3493 1529 ante
3531 1474 3655 1528 Sla-

2074 1590 2266 1630 vorum
2312 1574 2775 1644 Bulgarorumque
2802 1571 3091 1625 adventum
3141 1567 3374 1630 sacculis,
3430 1567 3528 1621 sed
3575 1567 3655 1619 di-

2075 1678 2220 1724 ctam
2255 1666 2597 1722 solummodo
2644 1663 3081 1724 ciisurarchiam,
3124 1663 3158 1714 i.
3198 1675 3249 1714 e.
3289 1661 3407 1729 ejus
3442 1658 3656 1731 generis

2079 1761 2378 1830 regionem,
2409 1759 2925 1827 cujusmomentum
2970 1754 3021 1807 in
3082 1754 3194 1807 sola
3235 1763 3445 1807 constat
3481 1766 3673 1833 angu-_

386 1859 1599 1931 nominibusinterpositum,mihietiamnunc
1618 1858 1697 1912 vel
1720 1858 1963 1924 spurium
2004 1822 2047 1876 Β
2075 1852 2301 1905 Stiarum
2347 1864 2568 1903 sitarum
2605 1842 2889 1912 custodia;
2925 1846 2979 1900 id
3017 1848 3160 1915 quod
3205 1860 3363 1899 secus
3402 1852 3521 1897 erat
3564 1845 3655 1896 de-

386 1951 470 2003 vel
500 1963 818 2020 corruptum
850 1968 971 2007 esse
1000 1953 1250 2015 videtur;
1280 1949 1509 2019 Philippi
1538 1964 1666 2004 vero
1690 1957 1743 2003 et
1772 1947 1965 2002 Bertea

387 2040 634 2097 Thraci:e
654 2046 841 2114 (sensu
871 2041 1084 2111 stricto)
1114 2042 1255 2111 apud
1282 2040 1585 2095 Hiemclem
1615 2046 1760 2094 recte
1777 2050 1967 2093 occur—

386 2132 515 2188 runt
576 2152 697 2187 cum
760 2130 1228 2202 Diocletianopoli,
1281 2130 1645 2202 Sebaslopoli,
1705 2133 1962 2202 DiOSpoli.

388 2218 659 2277 llieroclis
688 2222 909 2294 Mysiam
940 2223 1160 2289 omittit,
1192 2223 1242 2276 in
1264 2222 1486 2292 Scythia
1514 2236 1633 2276 cum
1658 2238 1722 2276 eo
1741 2236 1967 2276 consen—

386 2326 545 2370 ιιεηε.

461 2472 761 2557 secundum
819 2487 1012 2550 thema,
1068 2484 1409 2542 Macedonia.
1486 2481 1788 2540 Notandum
1843 2490 1967 2537 ante

387 2578 570 2631 omnia
609 2579 846 2641 videtur,
885 2578 1027 2632 hanc
1073 2578 1217 2631 inter
1254 2576 1505 2631 Thraciae
1548 2577 1967 2647 Strymonisqne

388 2673 630 2725 themata
666 2672 813 2738 poni,
839 2679 893 2724 et
918 2679 1038 2739 post
1065 2669 1409 2740 Strymonem
1441 2671 1590 2738 sequi
1617 2669 1967 2724 Thessaloni-

388 2762 530 2826 ca‘ni,
565 2762 603 2815 i.
640 2778 691 2816 c.
730 2761 1103 2815 Macedoniam
1147 2763 1347 2815 veteris
1387 2777 1612 2824 sensus;
1644 2776 1805 2829 quam
1842 2761 1965 2815 dein

386 2846 532 2921 justo
558 2854 757 2908 iterum
777 2854 970 2908 ordine
1002 2852 1204 2923 excipit
1226 2846 1460 2916 Graecia,
1482 2862 1590 2908 etc.
1611 2848 1650 2905 Ε
1679 2868 1841 2906 sensu
1871 2852 1969 2919 igi-

391 2956 479 2999 tur
514 2946 860 3014 imperatoris
894 2946 980 2999 hic
1012 2944 1341 2999 Macedonia:
1366 2945 1553 3000 titulus
1595 2943 1966 2999 Macedoniam

390 3050 419 3090 a
455 3048 638 3091 vetere
674 3038 945 3090 diversam
973 3036 1265 3105 signiticet,
1300 3053 1377 3091 sc.
1414 3053 1530 3092 eam
1568 3035 1815 3090 Thraciae
1846 3050 1968 3102 par-

395 3128 525 3196 tem,
561 3132 846 3199 quaeinter
877 3126 1111 3185 llebrum
1145 3126 1483 3199 Pontumque
1508 3128 1772 3182 Euxinum
1802 3136 1964 3197 patet,

392 3232 496 3277 neu
521 3240 550 3276 e
583 3211 890 3293 Strytnotiis
912 3224 1218 3289 occidente;
1257 3224 1307 3277 id
1340 3225 1507 3292 quod,
1537 3232 1592 3276 nt
1621 3220 1770 3286 alibi,
1805 3237 1882 3277 sc.
1912 3221 1963 3275 in

392 3297 521 3368 Ᾰμίει
570 3315 720 3378 facit,
756 3315 919 3370 claris
966 3316 1150 3370 verbis
1202 3315 1511 3385 signiﬁcare
1548 3314 1778 3368 debebat
1808 3314 1970 3368 homo

394 3417 723 3474 purpuratus
744 3406 1064 3460 libraribsve
1087 3406 1225 3475 ejus,
1255 3408 1307 3459 ni
1335 3405 1597 3460 socordiae
1625 3422 1653 3458 a
1682 3406 1973 3459 lectoribus

396 3495 706 3551 insimulari
765 3496 998 3552 volebat.
1042 3496 1182 3563 Quid
1235 3512 1366 3565 ergo
1400 3497 1591 3550 horum
1644 3496 1761 3549 loco
1801 3504 1975 3549 tentat

329 3599 332 3603 '
396 3588 655 3657 agitque?
683 3586 891 3642 Premit
918 3589 1300 3658 compendium
1331 3590 1599 3657 qttoddam
1634 3588 1833 3642 veteris
1864 3585 1975 3641 Ma-

397 3680 639 3734 cedonia:
673 3678 1101 3751 (Thessalonicae
1133 3680 1294 3735 medii
1320 3681 1463 3749 aevi),
1503 3697 1532 3735 e
1562 3674 1841 3750 Stephano
1875 3680 1976 3752 By-

401 3772 625 3825 aantino
677 3786 781 3826 non
843 3771 1146 3842 epitomato
1193 3772 1297 3840 (sic
1353 3774 1555 3839 statuo)
1610 3774 1973 3841 desumptum.

399 3850 528 3916 Post
569 3863 703 3930 haec,
748 3862 897 3917 nullo
939 3863 1169 3918 transitu
1208 3860 1274 3917 ab
1317 3863 1766 3918 antecedentibus
1810 3863 1976 3925 facto,

400 3958 706 4013 Hieroclem
747 3957 1013 4013 exscribit
1061 3958 1126 4013 de
1165 3955 1364 4026 duplici
1415 3956 1730 4011 Macedonia
1776 3956 1981 4012 veteris

398 4056 615 4116 Sensus,
644 4060 699 4106 et
728 4050 948 4120 quidem
980 4049 1079 4104 tevi
1117 4048 1437 4104 Diocletiani
1474 4049 1615 4113 rell.,
1658 4047 1860 4104 stolide
1894 4050 1980 4105 in-

401 4140 629 4195 trudens
663 4136 1001 4205 Maroneam,
1040 4138 1324 4209 Topirum,
1369 4138 1677 4209 Nieopolin,
1710 4140 1981 4212 lthapolin

403 4230 686 4301 (Neapolin
710 4231 773 4302 ?).
794 4228 1198 4301 CereOpyrgum
1223 4226 1310 4301 (ἲ),
1346 4229 1849 4302 Diocletianopolin,
1884 4234 1984 4289 Se-

402 4308 732 4392 bastOpolin,
788 4338 909 4392 qua:
972 4330 1100 4375 sunt
1148 4322 1349 4391 partim
1404 4320 1714 4392 Rhodopes,
1782 4326 1980 4394 partim

402 4415 650 4471 Thracia:
677 4430 837 4470 sensu
862 4415 1075 4478 stricto,
1100 4414 1188 4468 ubi
1210 4429 1302 4470 eas
1328 4425 1472 4469 recte
1497 4416 1659 4471 habet
1685 4418 1981 4482 Hierocles,

2070 1944 2211 1997 cimo
2281 1941 2526 2006 seculo,
2583 1941 2673 1994 ubi
2736 1957 2844 1994 non
2918 1938 3085 1993 semel
3147 1945 3354 1990 tantum
3415 1936 3657 1989 occurrit.

2071 2034 2380 2104 στρατηγὸς
2446 2032 2773 2102 Στρυμόνος.
2826 2026 2885 2082 lu
2950 2030 3082 2083 istas
3136 2037 3317 2081 autem
3378 2026 3656 2095 angustias

2070 2124 2354 2180 Slavorutn
2424 2118 2700 2180 rebellium
2749 2123 3185 2190 Strymoniorum
3249 2128 3455 2187 partem
3502 2118 3654 2186 juSSn

2070 2220 2419 2287 imperatoris
2471 2219 2629 2272 modo
2683 2217 2968 2271 memorati
3013 2229 3041 2267 a
3092 2210 3273 2267 littore
3316 2214 3465 2265 sinus
3497 2208 3657 2278 Stry-

2072 2312 2264 2374 monii,
2295 2312 2384 2364 uhi
2431 2310 2759 2365 commercia
2804 2308 3179 2377 impedierant,
3226 2306 3276 2358 in
3325 2304 3438 2355 ioca
3488 2304 3657 2370 magis

2070 2404 2213 2457 edita
2248 2412 2302 2456 et
2336 2411 2564 2465 remota,
2609 2400 2887 2469 angustias
2917 2399 3257 2467 potissimum
3292 2394 3655 2464 Strymonius,

2073 2504 2313 2549 remotos
2349 2493 2538 2547 fuisse.
2575 2486 2753 2561 Atque
2787 2492 2838 2545 id
2883 2491 3154 2555 ultimum,
3190 2504 3296 2543 nou
3331 2487 3500 2549 aliud,
3532 2487 3655 2540 novi

2073 2601 2267 2642 nomen
2314 2598 2575 2648 meretur,
2622 2584 2765 2651 quod
2796 2583 2977 2645 unice,
3020 2580 3073 2634 ni
3126 2580 3302 2643 fallor,
3336 2586 3522 2633 nostro
3564 2594 3657 2630 ca.

2070 2660 2257 2749 pitulo'
2288 2675 2571 2731 debemus.
2626 2674 2881 2745 Singulas
2927 2682 3109 2727 autem
3171 2672 3331 2740 hujus
3402 2669 3657 2723 thematis

2072 2770 2237 2823 urbes
2282 2768 2631 2831 vetustiores,
2679 2777 2736 2819 ut
2785 2765 2949 2819 etiam
2991 2758 3391 2818 Thessalonicae
3422 2759 3655 2813 Thessa-

2071 2857 2291 2925 lizeque,
2321 2871 2483 2924 supra
2512 2854 2913 2923 praeoccupavit
2947 2852 3066 2906 loco
3092 2854 3300 2920 inepto.

2145 2947 2405 3012 Quartum
2467 2946 2660 3010 thema,
2721 2944 3116 2998 Thessalonica.
3163 2943 3378 2996 Initium
3433 2939 3657 3008 capituli

2072 3048 2346 3094 curtatqu
2400 3053 2523 3093 esse
2584 3048 2829 3107 apparet.
2879 3038 3014 3102 Quis
3081 3036 3226 3089 enim
3284 3031 3656 3086 narrationem

2077 3133 2342 3199 integram
2378 3140 2430 3185 et
2475 3129 2803 3200 singularem
2845 3132 2912 3184 ita
2952 3130 3180 3197 occipiet
3211 3145 3224 3181 :
3260 3126 3332 3179 Τὸ
3359 3124 3563 3187 suav,
3603 3140 3659 3178 κ.

2075 3240 2123 3277 τ.
2150 3224 2245 3277 1.?
2277 3222 2544 3276 Caeterum
2572 3223 2837 3291 agnoscit,
2887 3222 2968 3276 sui
3012 3219 3273 3289 temporis
3302 3215 3658 3270 Thessaloni-

2078 3331 2197 3370 cant
2254 3316 2418 3369 totius
2466 3315 2696 3384 alicujus
2736 3315 3028 3383 provincia:
3073 3326 3267 3365 nomen
3314 3308 3501 3362 fuisse.
3556 3305 3657 3360 De.

2081 3408 2206 3462 hinc
2244 3407 2445 3462 addere
2483 3407 2735 3469 debebat,
2776 3407 2946 3472 ipsam
3003 3416 3239 3473 quoque,
3290 3408 3347 3453 ιιι
3409 3398 3661 3467 Strymo-

2082 3502 2227 3555 nium
2271 3500 2473 3563 thema,
2502 3500 2702 3552 veteris
2746 3497 3072 3551 Macedoniae
3102 3504 3310 3563 partem
3346 3490 3533 3554 fuisse,
3570 3504 3668 3558 pro

2084 3596 2279 3649 insano
2325 3594 2432 3647 isto
2466 3595 2629 3663 μέρος
2659 3589 2962 3659 τυγχάνει.
3004 3590 3317 3658 διηυιιιιιω·
3365 3584 3663 3640 ονοιιωοιο-

2086 3687 2203 3757 gica
2238 3684 2506 3753 quaedam,
2536 3684 2753 3737 aliuude
2790 3681 2998 3748 plenius
3041 3681 3341 3748 meliusque
3369 3687 3517 3732 nota.

2161 3777 2417 3841 Quintum
2461 3776 2655 3835 thema,
2715 3762 3215 3843 Hellasr((}m’cia).
3271 3771 3430 3826 Initio
3477 3772 3668 3839 capitis

2090 3864 2323 3921 trivialia
2351 3866 2514 3919 habet
2549 3864 2618 3919 de
2646 3864 2865 3919 nomine
2892 3862 3137 3919 Graeciae.
3174 3860 3465 3917 Enimvero
3507 3861 3668 3931 hujus

2086 3959 2327 4015 borealia
2361 3957 2750 4031 (Thessaliam)
2782 3974 2843 4012 ex
2872 3957 3141 4023 Hierocle,
3188 3968 3244 4012 ut
3279 3954 3664 4018 viditnus,jam

2089 4059 2513 4121 przeoccupavit,
2546 4069 2856 4121 quanquam
2890 4053 2933 4101 is
2972 4048 3307 4101 Thessaliam
3340 4054 3515 4111 neqite
3553 4042 3666 4093 Ma-

2087 4144 2328 4199 cedonia:
2391 4143 2616 4205 (veteris
2682 4140 2898 4207 sensus)
2952 4137 3154 4207 jungit,
3228 4148 3405 4203 neque
3447 4132 3672 4187 Graecia:

2090 4234 2258 4297 addit,
2292 4235 2472 4302 potius
2506 4235 2574 4288 ab
2606 4244 2835 4301 utraque
2865 4246 2983 4283 eam
3023 4239 3077 4282 ut
3109 4227 3439 4297 singularem
3470 4235 3670 4279 terram

2090 4329 2395 4399 distinguit.
2437 4316 2600 4382 Fines
2635 4323 3052 4381 autetnGraecia:
3087 4323 3138 4375 in
3167 4319 3656 4390 Thermopylarum

2094 4422 2383 4492 angustiis,
2418 4434 2514 4491 per
2566 4416 2859 4473 Leonidam
2903 4417 3087 4481 claris,
3122 4416 3288 4484 ponit,
3326 4428 3381 4469 et
3411 4414 3674 4481 Pelopon-

406 4514 568 4576 quem
616 4504 762 4561 vide.
807 4504 1027 4561 Omittit
1069 4521 1284 4576 quoque
1330 4506 1606 4563 Larissam
1655 4508 1974 4577 (Macedoni-

2096 4531 2286 4570 nesnm
2344 4532 2372 4568 a
2427 4514 2636 4569 Griecia
2694 4518 2933 4578 separat,
2985 4516 3173 4563 contra
3225 4517 3462 4568 veteres,
3507 4517 3673 4573 atque

404 4614 523 4655 cam
552 4600 679 4668 sc.).
714 4597 770 4653 In
802 4598 1119 4654 Macedbnia
1150 4601 1387 4654 secunda
1414 4600 1687 4657 consentit
1708 4617 1831 4655 cum
1859 4600 1983 4655 Ilie-

402 4690 567 4746 rocle.
604 4689 722 4745 Jam
756 4690 883 4762 quid
916 4687 1198 4761 sequitur?
1228 4685 1543 4757 Miraberis,
1576 4692 1686 4747 imo
1716 4693 1979 4772 stupebis.

406 4783 689 4839 Thessalia
742 4783 968 4852 (veteris
1023 4782 1240 4855 sensus)
1292 4785 1559 4855 sequitur,
1609 4800 1731 4839 cum
1793 4785 1984 4839 iisdem

403 4873 570 4953 plane
602 4876 826 4930 urbibus
852 4875 1174 4946 insulisque,
1199 4890 1337 4945 quas
1365 4876 1642 4932 Hierocles
1668 4876 1831 4930 habet
1864 4886 1987 4945 post

405 4965 781 5021 Macedoniam
817 4976 1126 5037 utramque.
1172 4966 1388 5022 Oblitus
1428 4967 1611 5037 igitur,
1652 4973 1774 5035 post
1806 4968 1985 5022 thema

407 5060 565 5112 Suum
618 5057 916 5112 secundum
968 5053 1389 5128 (Macedoniam)
1450 5058 1636 5113 venire
1680 5054 1989 5127 Strymonis

408 5149 615 5211 thema,
664 5148 789 5203 dein
829 5144 1260 5216 Thessalonicae,
1304 5149 1680 5204 somnolentns
1721 5148 1897 5217 pergit
1933 5146 1984 5200 itt

404 5243 769 5298 exscribendo
796 5239 1069 5307 llierOcle,
1107 5244 1199 5313 qui
1222 5259 1322 5297 suo
1351 5242 1603 5311 iustoque
1638 5236 1837 5295 ordine
1865 5246 1986 5307 post

406 5332 755 5389 Macedoniae
769 5334 932 5389 habet
948 5324 1576 5399 Thessaliam,Gra3ciam
1591 5349 1715 5387 cum
1736 5332 1969 5400 Pelopon

414 5440 547 5480 neso
570 5435 624 5480 et
649 5424 1212 5507 insulis‘quibusdam;
1243 5425 1482 5489 Cretam,
1501 5435 1609 5480 etc.
1634 5423 1776 5496 Fuge
1806 5430 1991 5478 noster

410 5516 646 5586 scriptor
680 5529 804 5587 post
833 5516 1130 5574 Thessaliae
1160 5518 1323 5571 urbes
1360 5517 1543 5572 haecin
1572 5516 1677 5571 line
1720 5513 1940 5585 apponit
1974 5528 1987 5569 :

413 5609 561 5674 Ἕως
614 5604 716 5666 ὧδε
758 5612 818 5665 τὸ
853 5608 992 5684 θέμα
1045 5607 1406 5674 Μακεδονίας.
1442 5608 1548 5664 Ubi
1592 5608 1775 5663 forsan
1799 5610 1846 5664 ei
1879 5610 1988 5665 sin-

412 5698 619 5779 gularis
648 5701 870 5770 quidam
897 5702 1054 5758 medii
1082 5706 1181 5757 aevi
1215 5718 1345 5758 usus
1373 5700 1626 5771 loquendi
1659 5701 1987 5756 obversaba-

414 5786 523 5857 tur,
562 5789 651 5860 qui
677 5784 1011 5847 Thessaliam
1042 5792 1265 5862 (veteris
1295 5793 1513 5864 sensus)
1540 5805 1752 5864 partem
1788 5792 1991 5849 ‘vetcris

1926 6102 1970 6149 ,9

1996 6156 2015 6177 Ι

2089 4606 2250 4659 etiam
2283 4603 2612 4665 Hieroclem,
2644 4603 2735 4672 qui
2766 4612 3054 4671 utramque
3086 4601 3285 4669 jungit.
3336 4602 3453 4669 Ipse
3493 4608 3671 4653 tamen

2091 4696 2464 4765 imprudenter
2497 4704 2658 4764 caput
2687 4706 2846 4749 suam
2896 4694 2966 4747 ita
3018 4693 3220 4748 claudit
3252 4710 3265 4746 :
3296 4693 3406 4745 Kal
3434 4690 3672 4743 τοσαῦτα

2093 4790 2249 4860 μὲνὴ
2334 4787 2529 4852 Ἑλλὰς
2589 4789 2733 4842 κατά
2790 4788 2884 4841 τὸν
2953 4784 3249 4858 Ἱεροκλέα.
3315 4785 3680 4853 lncogitanter

2090 4884 2255 4935 etiam
2281 4882 2505 4937 Graecia:
2536 4883 2697 4937 urbes
2746 4892 2907 4935 Lxxrx
2950 4880 3158 4941 tribuit,
3190 4878 3331 4947 quod
3364 4892 3467 4930 non
3511 4876 3683 4943 ipsius

2092 4975 2315 5029 Gracche
2365 4976 2623 5029 convenit
2668 4976 2758 5044 (ab
2816 4990 2879 5026 ea
2933 4972 3364 5041 PelOponnesum
3415 4967 3678 5036 separat),

2097 5068 2191 5120 sed
2225 5066 2542 5131 llierocleae,
2569 5066 2658 5119 ubi
2690 5080 2877 5119 revera
2906 5069 3009 5119 iste
3034 5077 3195 5119 Lxxtx
3229 5062 3442 5115 urbium
3477 5060 3684 5112 insula-

2104 5172 2330 5229 rumque
2364 5175 2621 5213 numerus
2658 5168 2805 5213 recte
2852 5156 3083 5227 legitur;
3125 5170 3352 5222 quarum
3380 5153 3585 5221 primas
3608 5164 3682 5203 vu

2100 5260 2163 5307 ex
2230 5252 2475 5308 Hierocle
2535 5253 2751 5320 repetit,
2817 5249 3004 5304 addito
3071 5264 3165 5314 per
3237 5245 3511 5316 pigritiam
3562 5250 3684 5312 post

2102 5345 2422 5414 ’Ἄμφισσαν
2476 5344 2577 5399 hoc
2614 5342 2749 5408 solo,
2778 5342 2871 5395 καὶ
2917 5343 3015 5403 τὰς
3053 5339 3269 5402 λοιπάς.
3322 5337 3510 5391 Mirum
3555 5348 3682 5403 pos-

2102 5446 2295 5502 tremo,
2329 5437 2469 5502 quod
2507 5451 2611 5490 non
2650 5436 2909 5489 Eubteam
2950 5448 3167 5502 quoque
3194 5429 3550 5490 obliviscitur,
3584 5437 3684 5480 nec

2101 5523 2363 5593 Cycladas
2390 5522 2771 5593 Eginatnque.

2170 5614 2389 5668 Sextum
2429 5615 2623 5674 thema,
2667 5610 3084 5678 Peloponnesus.
3113 5604 3241 5662 Eam
3275 5606 3326 5658 iu
3358 5600 3689 5655 anteceden-

2102 5705 2243 5758 tibus
2301 5721 2423 5757 cum
2464 5702 2674 5757 Grascitt
2720 5703 3018 5771 junxerat;
3075 5701 3184 5768 jam
3234 5710 3359 5747 vero
3408 5693 3528 5759 (suo
3574 5703 3689 5741 arvo

2100 5792 2427 5862 obsequens)
2461 5803 2699 5862 separat,
2727 5799 2785 5845 ut
2814 5788 3139 5859 singularem
3174 5782 3508 5852 provinciam
3540 5788 3688 5831 trae-

2154 6093 2249 6177 ἑο
