4044 6210
421 312 494 382 23
1540 294 1957 370 VARIORUM'
1995 305 2560 372 PRrEFA'TlONES.
3611 310 3684 381 at

424 448 532 495 n‘ou
562 434 729 495 etiam
760 437 980 494 nomina
1005 427 1263 488 urbium?
1293 429 1645 501 Respondere
1672 431 1725 485 in
1754 440 2004 500 promptu

2111 456 2205 510 ges
2237 442 2515 504 habuisse,
2551 454 2754 509 eosque
2805 441 3159 495 ﬁnitimorum
3191 454 3406 509 quoque
3435 439 3683 497 dominos

423 527 529 588 est.
578 531 976 598 Extravagatus
1019 535 1159 588 erat,
1205 540 1325 578 cum
1373 538 1438 578 ex
1497 521 1743 578 Hierocle
1775 522 1997 576 Daciam

422 621 881 678 mediterraneam
912 633 1034 672 eum
1058 617 1283 672 urbibus
1322 625 1610 686 repeteret,
1635 615 1776 684 quod
1810 628 2002 680 reapse

423 694 620 772 melius
643 712 1002 769 conveniebat
1048 711 1202 765 initio
1254 709 1522 779 opusculi,
1555 722 1714 777 quam
1754 706 1842 758 lini
1879 723 1892 771 ;
1949 717 2003 760 et

427 805 759 862 Dardaniam
813 801 927 857 lere
963 817 1086 856 cum
1125 801 1363 856 themate
1390 815 1488 855 suo
1521 798 1835 870 Strymonio
1879 798 2002 866 iuu-

427 913 556 966 gere
593 904 827 964 poterat,
858 903 912 947 ut
967 903 1174 962 partem
1229 891 1526 947 borealem.
1575 890 1693 945 Jam
1743 904 1892 954 vero,
1933 891 2001 943 ad

425 999 619 1043 sanam
652 997 891 1042 mentem
935 1001 1210 1050 reversus,
1247 984 1451 1052 reliqua
1478 985 1716 1039 themata
1748 982 2000 1053 aggredi-

429 1094 538 1145 tur,
575 1080 842 1142 Siciliam,
873 1077 1334 1148 Longohardiam,
1358 1077 1688 1131 Chersonesn
1719 1093 1732 1140 ;
1790 1076 1856 1129 de
1881 1075 2002 1144 qui-

430 1169 534 1228 bus
581 1186 714 1227 vero
757 1161 830 1224 nil
878 1170 1019 1238 apud
1069 1168 1391 1223 Hieroclem.
1454 1168 1507 1221 In
1559 1167 1727 1219 altera
1784 1164 2001 1235 capituli

424 1271 583 1331 parte
618 1261 766 1315 varia
793 1260 1032 1314 inculcat
1063 1259 1128 1312 de
1151 1256 1563 1326 antiquitatibus
1605 1255 1955 1325 Dyrrachinis
1982 1271 1997 1319 ;

428 1354 496 1408 de
516 1350 876 1408 Constantino
903 1350 996 1414 3L,
1043 1351 1328 1420 imperium
1368 1349 1729 1402 Romanorum
1781 1351 1922 1400 inter
1944 1345 2004 1398 li-

427 1446 529 1499 rtos
557 1444 862 1512 partiente;
895 1452 1169 1508 postremo
1208 1441 1277 1495 de
1321 1440 1607 1504 Dalmatia,
1636 1438 1801 1492 Italia!
1831 1438 2001 1492 ascri-

426 1536 624 1600 henda,
657 1535 828 1604 patria
871 1533 1213 1600 Diocletiani,
1249 1533 1426 1601 impiae
1473 1530 1747 1585 memoriae
1772 1531 2003 1598 impera-

427 1628 586 1689 toris,
617 1626 798 1694 ibique
822 1640 958 1694 aqua
976 1624 1396 1693 iucundissima.

504 1717 774 1769 Decimum
799 1715 994 1776 thema,
1055 1712 1265 1767 Sicilia.
1297 1712 1353 1766 In
1402 1714 1502 1767 hoc
1565 1712 1829 1771 themate,
1865 1710 1999 1762 utin

429 1808 654 1877 reliquis
692 1806 920 1870 duobus,
945 1805 1203 1860 immunis
1232 1817 1314 1859 est
1338 1803 1531 1858 Noster
1583 1801 1874 1856 Hierocleae
1903 1814 2002 1853 au-

428 1895 739 1959 ctoritatis;
777 1908 937 1964 quem
972 1894 1293 1962 scriptorem
1321 1893 1385 1945 tle
1445 1891 1532 1945 his
1587 1889 1662 1943 nil
1711 1887 2003 1941 tradidisse

428 1988 704 2051 existimo,
753 1995 848 2040 aut
870 1986 1118 2056 periisse,
1153 1990 1273 2053 qua:
1310 1983 1556 2036 tradidit.

500 2080 642 2150 Ergo
667 2079 908 2134 Siciliam
957 2087 1082 2132 ante
1120 2091 1270 2146 papae
1300 2075 1529 2130 Romani
1579 2073 1864 2142 imperium
1893 2087 1998 2124 non

431 2170 745 2242 Byzantinis
775 2171 1022 2240 paruisse
1047 2171 1143 2234 ait,
1175 2171 1267 2224 sed
1313 2169 1607 2230 Romanis;
1656 2164 1999 2236 postmodum

433 2263 769 2332 Byzattlinis,
804 2263 1000 2331 quibus
1037 2276 1198 2316 omne
1224 2247 1369 2314 istud
1404 2274 1554 2314 mare
1596 2265 1788 2326 pareat
1829 2269 2002 2322 usque

433 2357 502 2410 ad
564 2355 842 2409 columnas
891 2353 1206 2408 Herculeas.
1262 2351 1335 2405 De
1386 2350 1696 2404 nominibus
1744 2345 1942 2400 Sicilire
1972 2358 2003 2398 e

433 2443 710 2513 Stephano
738 2443 868 2512 (imo
890 2441 1171 2496 llellanico
1197 2438 1550 2506 Timaeoque).
1582 2434 1777 2490 Insulae
1805 2445 2002 2488 nostrae

435 2537 772 2605 aliarumque
800 2535 1138 2603 magnitudo.
1184 2530 1466 2594 Saraceni,
1497 2529 1687 2583 ultimo
1714 2541 1828 2581 aevo
1873 2525 2004 2580 Sici-

432 2628 520 2682 lire
550 2627 753 2682 domini
809 2623 959 2691 facti,
991 2622 1296 2678 Calabriam
1335 2621 1502 2675 solam
1541 2619 1869 2675 Christianis
1918 2631 2003 2672 re-

433 2717 709 2785 linquunt,
759 2717 916 2786 cujus
956 2713 1262 2785 etpaqubv
1307 2712 1507 2768 Noster
1553 2718 1836 2774 memorat,
1877 2723 1998 2761 cum

435 2805 661 2860 urbibus
691 2805 1033 2875 quibusdam,
1081 2817 1311 2873 quarum
1356 2804 1572 2857 nomina
1613 2801 1808 2854 ibidem
1868 2799 2003 2868 legi-

378 2919 382 2922 ’
438 2914 556 2953 mus
585 2896 896 2968 (Rhegium,
935 2897 994 2950 S.
1031 2896 1278 2967 Cyriaca,
1318 2895 1376 2951 S.
1411 2895 1694 2957 Severiua,
1748 2892 1998 2964 Croton).

438 2990 618 3057 Quare
655 3004 784 3044 vero
833 2987 1073 3044 Siciliam
1137 2989 1314 3043 thema
1366 2987 1447 3042 sui
1501 2987 1597 3040 aevi
1645 2985 1998 3057 Byzantinum

439 3091 732 3150 nuncupat,
762 3093 814 3134 et
843 3079 1148 3151 στρατηγὸν
1180 3087 1447 3135 memorat
1485 3091 1881 3147 numerumque
1911 3092 2001 3130 ur-

437 3173 582 3224 bium
622 3170 736 3225 22?
769 3170 1051 3226 Postremo
1085 3169 1210 3224 trita
1243 3171 1309 3225 de
1353 3167 1588 3224 Hierone
1639 3177 1694 3223 et
1743 3167 2000 3238 Dionysio

438 3262 706 3332 tyrannis,
743 3262 868 3316 item
894 3263 960 3316 de
981 3262 1309 3317 Archimede
1333 3260 1717 3330 Marcelloque.

508 3352 851 3407 Undecimum
878 3352 1069 3411 thema.
1103 3350 1494 3421 Longobardia.
1525 3350 1804 3404 Inferioris
1837 3350 2005 3402 Italiae

435 3441 890 3512 Lougobardiam,
938 3443 975 3498 i.
1003 3457 1050 3495 e.
1087 3441 1412 3508 Calabriam,
1451 3441 1770 3510 significari,
1809 3451 2006 3510 prazter

435 3535 540 3588 alia
587 3550 652 3588 ex
697 3533 1039 3588 antecedenti
1089 3534 1267 3602 capite
1309 3521 1674 3601 cognoscitur,
1724 3532 1813 3585 ubi
1849 3540 2005 3585 vetus

434 3627 706 3681 Calabriae
749 3640 946 3679 nomen
1005 3625 1073 3678 de
1121 3625 1310 3678 eodem
1371 3623 1486 3678 fere
1535 3632 1708 3676 tractu
1745 3621 2001 3676 occurrit.

434 3716 554 3771 1am
605 3719 671 3772 de
713 3717 928 3772 nomine
996 3717 1157 3786 hujus
1213 3715 1603 3786 Longobardize
1646 3714 2004 3786 etymologica

435 3809 702 3877 quautam.
753 3808 891 3862 llinc
932 3807 1036 3861 alia
1087 3808 1314 3878 insipida
1364 3808 1432 3863 de
1479 3807 1816 3862 Butbrenoto
1863 3807 2004 3878 (sic),

434 3900 682 3970 Neapoli,
745 3899 938 3956 Besbio
976 3901 1094 3970 (sic)
1138 3908 1316 3956 monte
1359 3901 1544 3969 ibique
1590 3899 1838 3954 Burcauo
1884 3900 2003 3969 (sic)

435 3993 749 4048 Graecorum
778 3992 1026 4048 coloniis.
1065 3993 1324 4061 Equidem
1355 3993 1692 4063 signiﬁcasse
1725 3993 2005 4046 Beneven-

438 4098 552 4139 tum
575 4095 724 4154 pnto,
760 4100 864 4138 non
893 4083 1288 4138 Buthrenotum
1331 4081 1712 4151 (Butrintnm),
1750 4083 1891 4148 quod
1924 4091 2007 4135 est

433 4175 612 4245 Epiri,
663 4173 750 4228 vel
777 4175 957 4242 potius
990 4171 1335 4242 Hydruntum
1377 4170 1734 4242 (Otrantum).
1777 4173 1843 4226 Et
1876 4171 2006 4224 Βέσ-

440 4269 555 4318 ϐιον
581 4265 708 4335 ὅρος
733 4273 816 4319 est
844 4263 1110 4318 Vesuvius
1150 4278 1306 4318 mons
1345 4277 1464 4317 cum
1498 4270 1712 4319 cratere
1743 4279 1840 4318 suo
1875 4262 2008 4333 (vul-

439 4357 628 4425 cano);
677 4355 984 4410 Graecorum
1042 4369 1170 4409 vero
1227 4353 1452 4409 coloniae
1510 4363 1690 4410 sunt:
1734 4353 1900 4408 Cuma
1954 4363 2008 4408 et

439 4449 780 4516 Parthenope
819 4444 1146 4516 (Neapolis),
1180 4454 1308 4510 etc.,
1343 4459 1451 4499 non
1491 4460 1643 4501 mons
1673 4444 1763 4500 ille
1795 4445 2005 4514 ignivo-
2040 4441 2085 4497 1)

440 4537 1010 4607 mus.—lmperante
1052 4535 1382 4601 Justiniano,
1446 4537 1555 4592 into
1603 4537 1722 4607 (sic
1790 4539 1902 4606 ipse
1949 4552 2010 4592 se

441 4631 729 4699 emendat)
767 4630 1003 4694 Zenone,
1054 4629 1214 4685 Gothi
1251 4630 1507 4700 Neapolin
1559 4631 1804 4699 aliasque
1850 4631 2010 4685 urbes

444 4721 685 4790 rapiunt.
720 4720 947 4784 Narses,
983 4718 1319 4774 Francorum
1350 4722 1547 4783 victor,
1577 4719 2008 4789 Longobardiam

445 4812 591 4864 illam
619 4809 825 4865 Graecis
856 4809 1098 4877 subjicit.
1142 4809 1538 4879 lmperantibus
1565 4808 1887 4879 Theophilo,
1917 4809 2012 4862 hli-

445 4885 653 4955 chaelis
684 4898 815 4964 lilio,
847 4906 900 4953 et
934 4897 1131 4952 Basilio
1163 4896 1419 4954 Saraceni
1441 4899 1554 4952 Afri
1596 4910 1777 4969 partes
1817 4899 2010 4968 Illyrici

447 4994 724 5046 incassum
757 4990 957 5056 adorti,
1005 4990 1309 5044 Calabriam
1349 4991 1588 5062 eapinnt,
1621 5005 1651 5044 e
1685 5006 1787 5060 qua
1834 5001 2011 5044 tamen

445 5082 640 5149 Graeci,
667 5081 819 5136 socio
862 5080 1154 5144 Ludovico,
1215 5079 1645 5136 France-Galliae
1712 5098 1857 5152 rege,
1907 5082 2012 5147 usi,

447 5187 542 5228 eos
624 5171 886 5242 ejiciuttt.
978 5171 1232 5226 Calabria
1323 5174 1519 5227 exinde
1591 5171 2012 5243 Byzantinorutn

448 5267 651 5320 thema.

518 5356 898 5411 Duodecimum
919 5357 1114 5420 thema,
1132 5355 1384 5412 Cltet'son.
1401 5356 1568 5425 Hujus
1581 5373 1800 5427 quoque
1822 5357 2016 5426 capitis

451 5451 663 5504 initium
693 5454 832 5506 male
849 5467 908 5508 se
925 5455 1105 5519 habet,
1128 5453 1410 5521 scriptoris
1439 5453 1614 5522 culpa.
1638 5453 1828 5507 Dicere
1857 5453 2018 5506 debe-

455 5541 564 5604 bat,
595 5542 904 5612 antiquiore
953 5555 1193 5613 tempore
1240 5559 1358 5597 eam
1395 5552 1616 5608 terram,
1668 5558 1786 5612 qua:
1824 5543 2019 5597 swculo

452 5629 656 5684 Christi
707 5633 915 5688 decimo
962 5634 1204 5691 Chersou
1248 5635 1547 5698 dicebatur,
1593 5651 1696 5689 nou
1738 5635 2015 5706 Byzantini

454 5720 665 5790 imperii
693 5734 898 5793 partem
927 5725 1114 5793 fuisse,
1157 5727 1249 5783 sed
1282 5727 1505 5798 Bospori
1536 5729 1750 5784 nomine
1783 5743 1910 5782 suos
1940 5741 2022 5782 re-

2029 1761 2077 1822 B

2105 535 2402 589 exstitisse.
2437 533 2658 587 Terram
2693 533 3060 606 Bosporanam
3101 532 3406 603 insequenti
3441 544 3683 601 tempore

2104 625 2434 680 Chersonem
2487 626 2685 680 dictam
2724 639 2751 678 a
2802 624 3085 693 metropoli
3129 623 3366 692 ejusdem
3422 629 3680 682 noanis.

2104 713 2222 769 Jam
2273 715 2647 783 sequentibus,
2691 730 2811 784 quae
2867 725 3034 782 agunt
3081 714 3388 782 deantiqua
3454 714 3682 781 Bospori

2107 804 2356 870 historia,
2395 805 2732 874 negligenter
2776 804 2889 858 haec
2931 804 3237 871 prteIudnnt
3278 823 3291 859 :
3340 805 3494 874 Ἔχει
3539 807 3596 859 δὲ
3646 807 3682 878 ἡ

2107 897 2320 967 ἱστορία
2344 896 2534 958 οὕτως.
2584 895 2886 966 Statimque
2929 911 2991 950 ea
3051 896 3324 964 leguntur,
3387 912 3507 965 quae
3554 909 3680 954 nota

2105 999 2231 1043 sunt
2277 1005 2307 1044 e
2362 990 2638 1057 Stephano
2685 985 3012 1056 epitomate;
3083 1003 3190 1056 quo
3226 988 3474 1058 pleniore
3522 1006 3679 1046 usum

2106 1079 2292 1142 fuisse,
2333 1097 2362 1133 e
2392 1080 2610 1149 reliquis
2645 1091 2814 1150 patet,
2846 1082 2934 1135 ubi
2982 1082 3283 1135 testimonia
3315 1079 3470 1137 aﬂ‘ert
3522 1082 3680 1138 Phle-

2104 1172 2306 1240 gentis,
2343 1169 2652 1232 Strabonis,
2696 1171 3012 1239 Phavorini,
3043 1187 3161 1241 qua:
3200 1174 3506 1241 antiquiora
3548 1172 3680 1229 Bosn

2106 1268 2219 1332 pori
2250 1276 2518 1332 spectant.
2550 1266 2796 1322 Grtrcum
2819 1282 3036 1335 quoque
3059 1267 3391 1334 epigramma
3411 1266 3478 1318 de
3503 1266 3678 1336 Chry-

2105 1357 2278 1424 sopoli
2314 1372 2343 1412 e
2387 1357 2662 1425 Stephano
2707 1359 2950 1428 pleniore
2985 1363 3234 1412 haustum
3273 1369 3428 1427 puto.
3479 1358 3677 1413 Ultima

2105 1448 2324 1516 capituli
2356 1465 2548 1502 manca
2580 1463 2700 1503 esse
2728 1459 2965 1513 constat,
3018 1465 3139 1518 qua:
3176 1450 3256 1503 sic
3281 1464 3311 1503 e
3341 1461 3526 1504 nostro
3556 1452 3678 1506 Ste-

2105 1541 2282 1610 phano
2310 1543 2558 1596 resarciri
2590 1552 2840 1612 poterunt
2877 1562 2890 1598 :
2925 1583 2963 1598 ..
2981 1541 3423 1620 πολιορκοῦντος,
3451 1543 3544 1596 καὶ
3571 1543 3678 1597 διο-

2108 1633 2362 1702 ρύξαντος
2380 1634 2581 1687 εἴσοδον
2610 1637 2876 1704 κρυπτὴν,
2896 1635 3018 1688 ὅθεν
3040 1634 3259 1702 ἀφανῶς
3281 1635 3330 1687 ol
3358 1633 3677 1705 ὀρύττοντες

2107 1723 2336 1792 ἔμελλον
2384 1723 2478 1776 τοῦ
2533 1725 2846 1794 ὀρύγματος
2907 1726 3187 1789 ἀναδῦναι,
3233 1726 3326 1778 καὶ
3380 1726 3513 1794 (dele
3545 1727 3679 1780 hanc

2107 1812 2361 1902 Stephani
2387 1815 2728 1884 particulam)
2767 1815 2967 1886 Ἑκάτη
2997 1817 3284 1884 φωσφόρος
3328 1811 3467 1870 οὖσα
3512 1817 3679 1886 δᾷδας

2105 1907 2329 1975 ἐποίησε
2349 1907 2566 1975 νύκτωρ
2603 1909 2714 1971 τοίς
2749 1908 2993 1971 πολίταις
3027 1908 3282 1976 φανῆναι,
3314 1908 3410 1960 καὶ
3449 1908 3548 1978 τὴν
3580 1925 3677 1962 που

2106 2003 2354 2070 λιορκίαν
2384 2003 2650 2070 φυγόντες
2693 2003 3006 2071 Φωσφόριον
3037 2002 3127 2054 τὸν
3161 2001 3324 2055 τόπον
3361 2001 3674 2070 ὠνόμασαν.

2173 2093 2240 2147 Ει
2267 2093 2381 2148 haec
2410 2095 2628 2160 quidem
2659 2095 2724 2148 de
2755 2103 2986 2162 utroque
3014 2093 3257 2161 epusculi
3299 2090 3674 2147 Constantinei

2105 2185 2244 2239 libro
2307 2181 2599 2244 subiciant,
2677 2184 2951 2252 praemissa
3020 2182 3251 2244 scilicet,
3311 2191 3368 2235 ιιι
3392 2183 3456 2236 iis
3505 2180 3678 2236 solido

2105 2287 2324 2330 utamur
2387 2275 2576 2344 judicii
2631 2274 2999 2340 fundamento,
3053 2273 3196 2343 quod
3245 2273 3356 2344 jam
3399 2273 3468 2327 de
3514 2273 3676 2328 totius

2104 2369 2290 2437 scripti
2365 2368 2592 2423 consilio
2663 2369 2943 2438 pretioque
3012 2367 3293 2421 terendum
3354 2381 3473 2420 esse
3524 2365 3675 2420 vide-

2105 2472 2210 2514 llll‘.

2172 2553 2563 2608 Constantinus
2623 2551 3120 2623 Porpltyrogenitus
3170 2552 3280 2604 duo
3311 2551 3510 2618 scripta
3544 2561 3672 2617 geo-

2103 2646 2359 2714 graphica
2392 2646 2656 2712 exaravit,
2685 2661 2847 2698 unum
2884 2643 2960 2698 De
2985 2645 3406 2698 administrando
3437 2642 3671 2709 imperio.

2107 2733 2217 2787 lilio
2240 2748 2337 2787 suo
2365 2732 2613 2788 Romano
2653 2733 3008 2802 inscriptum;
3048 2733 3275 2787 alterum
3309 2733 3380 2786 De
3428 2736 3674 2785 themati-

2105 2822 2199 2878 bus
2229 2824 2568 2895 (provinciis)
2611 2823 2825 2893 imperii
2879 2823 3185 2894 Byzantini.
3225 2821 3341 2877 Jam
3395 2823 3460 2875 de
3495 2822 3679 2890 priore

2105 2916 2247 2970 inter
2277 2917 2466 2971 doctos
2506 2918 2641 2974 satis
2675 2926 2909 2978 constat,
2942 2915 3130 2986 quanti
3176 2930 3363 2970 revera
3399 2914 3678 2968 aestiman-

2107 3013 2230 3068 dum
2263 3013 2354 3074 sit,
2384 3009 2562 3080 magni
2589 3009 2820 3064 scilicet.
2860 3007 3030 3063 Habet
3075 3007 3290 3086 quidem
3338 3003 3677 3074 negligentia:

2027 3123 2072 3182 ο
2105 3103 2252 3160 varia
2282 3103 2528 3172 vestigia.
2550 3102 2866 3172 iustumque
2907 3102 2959 3154 in
2991 3115 3056 3154 eo
3087 3101 3329 3155 ordinem
3383 3114 3445 3152 ac
3477 3097 3675 3151 decur-

2106 3209 2224 3248 sum
2275 3192 2532 3246 narrandi
2574 3189 2772 3245 frustra
2805 3203 3036 3259 quaeres.
3095 3189 3204 3243 lmo
3227 3199 3350 3242 sunt
3380 3186 3678 3242 subitaneus

2107 3283 2417 3338 notationcs
2446 3281 2512 3334 de
2545 3279 2754 3349 populis
2789 3278 3110 3348 quibusdam
3147 3277 3358 3341 vicinis,
3384 3290 3461 3330 sc.
3495 3275 3678 3329 orien-

2109 3374 2328 3438 talibus,
2364 3372 2694 3435 borealibus,
2716 3371 3164 3435 occidentalibus,
3193 3384 3447 3438 quarum,
3469 3381 3548 3422 eae
3569 3382 3673 3436 po-

2109 3465 2376 3517 tissimum
2427 3476 2546 3530 qute
2601 3461 3024 3530 septentrionem
3062 3459 3352 3522 illustrant,
3402 3473 3507 3513 non
3573 3472 3679 3511 uno

2111 3563 2320 3607 tantum
2358 3552 2516 3606 titulo
2564 3551 2720 3604 valde
2762 3549 3046 3605 laudandae
3085 3557 3233 3604 sunt.
3283 3548 3495 3603 Etenim
3541 3547 3677 3602 bona

2109 3643 2299 3697 media:
2329 3641 2672 3712 geographiae
2708 3656 2854 3710 pars,
2885 3652 3154 3708 quatenus
3191 3639 3413 3693 boream
3446 3646 3676 3707 spectat,

2109 3734 2206 3790 soli
2235 3733 2350 3789 fere
2377 3733 2514 3789 libro
2539 3731 2930 3788 Constantiueo
2954 3732 3239 3798 innititur;
3271 3731 3362 3798 qui
3390 3748 3515 3786 num
3545 3733 3680 3788 inte-

2109 3842 2204 3896 ger
2224 3829 2290 3880 ad
2316 3840 2416 3880 nos
2444 3825 2771 3894 pervenerit,
2799 3839 2992 3890 necne,
3032 3824 3084 3879 id
3119 3839 3248 3880 vero
3289 3823 3504 3879 difficile
3536 3823 3682 3877 dictu

2110 3932 2231 3972 esse
2257 3918 2530 3973 exiStimo.
2561 3915 2736 3971 Habet
2758 3918 2919 3972 etiam
2946 3917 3086 3972 male
3113 3916 3318 3985 digesta
3337 3915 3469 3970 satis
3490 3913 3678 3974 multa,

2109 4011 2316 4066 scilicet
2373 4011 2512 4064 varii
2560 4010 2780 4076 generis
2827 4010 2944 4062 sive
2984 4007 3262 4057 notamina
3312 4003 3426 4054 sive
3466 3999 3680 4052 addita-

2110 4110 2313 4165 menta,
2347 4097 2686 4152 antecedenti
2718 4093 3017 4149 narrationi
3053 4106 3186 4146 voce
3219 4090 3417 4151 ἰστέον,
3461 4106 3514 4143 κ.
3550 4105 3602 4142 τ.
3625 4087 3678 4143 λ.

2112 4188 2434 4260 agglutinari
2483 4188 2665 4249 solita,
2711 4199 2862 4240 more
2911 4183 3350 4244 seholiastarum,
3401 4178 3556 4248 cujus
3603 4180 3680 4235 rei

2113 4276 2560 4334 nauseam'alius
2603 4276 2843 4344 scriptor
2880 4273 3104 4328 vitasset
3151 4290 3166 4326 :
3199 4281 3294 4326 aut
3333 4271 3542 4325 alienus
3587 4285 3680 4355 ea,

2112 4384 2209 4440 per
2231 4385 2290 4425 se
2326 4382 2430 4423 non
2457 4365 2873 4431 contemnenda,
2901 4363 3139 4418 intrusit.
3172 4362 3438 4417 Caeterum
3471 4362 3552 4415 sui
3581 4362 3681 4415 azvi

2115 4460 2522 4531 geographiam,
2573 4468 2626 4512 et
2671 4457 2886 4526 quidem
2911 4463 3251 4519 extraneam,
3281 4454 3556 4509 illustrare
3588 4467 3682 4507 vo-

2113 4554 2233 4617 luit,
2268 4537 2446 4607 minus
2474 4552 2570 4605 reri
2616 4549 2953 4612 remotioris;
2992 4547 3060 4602 de
3103 4561 3209 4617 quo
3257 4563 3377 4617 quae
3428 4545 3564 4600 forte
3595 4545 3686 4600 ad-

2114 4648 2336 4709 duntur,
2370 4643 2596 4698 minoris
2617 4655 2678 4694 ea
2706 4641 2964 4694 momenti
2986 4655 3106 4694 esse
3141 4639 3408 4693 videntur.
3442 4637 3685 4706 Namque

2116 4745 2258 4790 totus
2284 4734 2420 4789 liber
2445 4733 2624 4789 saeculi
2677 4732 2870 4786 decil‘hi
2923 4741 3124 4785 statum
3177 4738 3405 4796 spectat,
3465 4745 3569 4784 non
3606 4744 3686 4783 re-

2117 4830 2400 4883 tnotiorem
2439 4827 2840 4895 antiquitatem,
2881 4825 2948 4878 de
2993 4838 3098 4892 qua
3132 4823 3354 4877 omnino
3401 4821 3685 4892 penitioris

2115 4915 2436 4970 eruditionis
2464 4914 2758 4983 specimina
2793 4915 2878 4967 vix
2908 4913 3070 4967 edere
3114 4921 3327 4980 poterat
3368 4911 3682 4979 imperator,

2116 5004 2313 5059 collato
2361 5005 2660 5058 thematum
2694 5002 2896 5056 libello.
2935 5001 3200 5055 Craterum
3254 5001 3491 5070 speciem
3538 5013 3687 5053 com-

2119 5092 2536 5156 mentariorum,
2565 5091 2777 5162 publica
2818 5087 3140 5143 auctoritate
3172 5087 3527 5150 munitorum,
3575 5102 3688 5140 ma-

2122 5184 2323 5240 nifesto
2354 5197 2462 5250 prae
2501 5197 2562 5236 se
2615 5181 2720 5235 t‘ert
2774 5191 2957 5235 noster
3003 5177 3341 5233 Constantini
3397 5177 3534 5232 liber
3565 5191 3580 5229 :
3607 5185 3690 5232 est

2119 5277 2265 5330 enim
2308 5274 2554 5328 Romano
2585 5273 2695 5328 lilio
2752 5271 3053 5334 dedicatus,
3104 5269 3228 5323 coll.
3291 5269 3685 5339 inscriptione:

2121 5366 2560 5430 Κωνσταντξνου,
2590 5364 2684 5418 τοῦ
2705 5366 2765 5420 ὲν
2794 5361 3014 5435 Χριστῷ
3038 5361 3248 5431 βασιλεῖ
3293 5361 3495 5429 αἰωνίῳ
3530 5359 3682 5429 βασιο

2121 5459 2256 5522 λέως
2297 5459 2606 5528 Ῥωμαίων,
2646 5455 2782 5526 πρὸς
2812 5456 2904 5509 τὸν
2934 5455 3066 5509 ἴδιον
3118 5456 3235 5509 υἱὸν
3277 5452 3568 5523 Ῥωμανὸν,
3596 5451 3687 5504 τδν

2124 5545 2390 5613 θεοστεφῆ
2425 5547 2517 5598 καὶ
2564 5544 3069 5616 πορφυρογέννητον
3107 5544 3349 5615 βασιλέα.
3411 5541 3688 5596 Postremo

2124 5635 2372 5689 Graecum
2408 5635 2524 5701 ejus
2555 5635 2788 5696 titulum,
2823 5635 2966 5688 unde
3010 5641 3386 5703 argumentum
3437 5629 3686 5696 cognosci

2122 5725 2318 5798 possit,
2349 5724 2586 5780 nondum
2625 5725 2869 5795 equidem
2904 5725 3083 5781 iuveni
3111 5739 3127 5788 ;
3160 5721 3346 5774 thlltta
3379 5733 3504 5775 vero
3529 5718 3689 5791 inter:
