4044 6210
461 322 535 398 25
1580 324 1725 386 ννἈΙῖ
1740 323 1987 385 IORUM
2027 318 2595 383 Pit'EFATIONES.
3652 328 3723 393 26

462 452 677 509 prelum
727 434 1030 505 inscriptio,
1079 451 1157 489 se.
1195 436 1270 490 De
1322 435 1747 490 administrando
1798 438 2039 505 imperio,
2074 447 2118 502 Α
2151 443 2253 496 tur,
2306 449 2615 506 quanquam
2663 451 2767 490 non
2820 436 3055 491 alienum
3110 448 3228 493 erat
3280 455 3308 493 a
3368 456 3446 504 re,
3492 454 3731 498 veterem

463 545 643 601 neque
683 538 998 599 argumento
1022 526 1189 595 ipsius
1228 528 1561 581 narrationis
1607 530 1921 598 respondet,
1952 541 2047 580 ne-

466 640 574 693 que
606 624 740 677 adeo
778 621 1074 691 puniationi
1113 639 1125 673 :
1184 620 1315 673 Ἰδοὺ
1358 620 1615 689 ἐκτίθημί
1662 637 1744 673 σοι
1787 620 2045 672 διδασκα-

467 716 613 780 λίαν,
644 714 781 766 ὥστε
826 715 891 782 τῇ
925 714 989 764 ἐκ
1032 712 1237 781 ταύτης
1286 711 1455 781 πείρα
1509 713 1603 764 καὶ
1654 712 1853 779 γνώσει
1890 728 2045 765 συνεο

473 807 716 859 τισθέντα
760 806 885 873 περὶ
930 804 1028 867 τὰς
1081 802 1365 873 βελτίστας
1412 803 1605 872 βουλάς
1645 806 1739 855 καὶ
1787 804 1849 855 τὸ
1891 804 2044 872 κοινῇ

476 892 743 961 συμφέρον
808 891 884 960 μὴ
949 892 1361 960 διαμαρτάνειν.
1419 891 1620 960 Πρῶτά
1696 892 1839 959 μὲν,
1894 893 2046 942 ποῖον

470 984 615 1047 ἔθνος
661 983 804 1036 κατὰ
846 984 899 1034 τί
960 983 1058 1049 μὲν
1111 982 1389 1050 ὠφελῆσαι
1430 983 1653 1035 δύναται
1713 982 2043 1053 Ῥωμαίους,

467 1075 602 1127 κατὰ
620 1074 672 1125 τί
705 1074 762 1126 δὲ
792 1073 1014 1142 βλάψαι,
1052 1073 1166 1144 [καὶ
1194 1072 1365 1144 ποῖον]
1395 1074 1487 1127 καὶ
1514 1074 1628 1136 πῶς
1655 1074 1886 1126 ἕκαστον
1918 1072 2045 1125 τού-

463 1182 594 1226 των,
630 1164 725 1217 καὶ
757 1167 909 1233 παρὰ
948 1166 1107 1217 ποίου
1150 1165 1371 1218 δύναται
1419 1164 1605 1226 ἔθνους
1654 1166 1746 1217 καὶ
1785 1165 2045 1233 πολεμεῖ-

468 1256 593 1309 σθαι
624 1257 717 1308 καὶ
763 1255 1192 1308 ὑποτάσσεσθαιο
1244 1256 1432 1307 ἔπειτα
1467 1256 1595 1325 περὶ
1632 1256 1731 1323 τῆς
1769 1256 2045 1324 ἀπλήστου

465 1349 562 1402 καὶ
595 1349 893 1418 ἀκορέστου
945 1350 1125 1402 αὐτῶν
1177 1349 1425 1417 γνώμης,
1469 1350 1565 1400 καὶ
1597 1343 1670 1399 ὧν
1720 1350 2045 1417 παραλόγως

465 1440 803 1503 ἐξαιτοῦνται
832 1441 1131 1509 λαμϐάνειν
1154 1458 1167 1470 ·
1220 1436 1320 1491 εἷσ)’
1360 1439 1532 1500 οὕτως
1565 1442 1658 1492 καὶ
1688 1442 1818 1509 περὶ
1861 1440 2048 1504 διαφο-

468 1532 569 1602 ρᾶς
618 1532 824 1600 ἑτέρων
861 1532 1052 1594 ὲονῶν,
1093 1531 1448 1598 γενεαλογίας
1494 1547 1552 1581 τε
1592 1530 1762 1582 ὲΟνῶν
1795 1532 1885 1581 καὶ
1934 1529 2049 1598 βίου

464 1620 765 1689 διαγωγῆς,
816 1621 909 1672 καὶ
965 1620 1169 1682 θέσεως
1216 1624 1309 1673 καὶ
1342 1622 1592 1689 κράσεως
1621 1620 1721 1688 τῆς
1766 1635 2053 1672 κατοικου-

473 1714 639 1782 μένης
665 1714 798 1781 παρ’
828 1713 1005 1765 αὐτῶν
1038 1714 1139 1781 γῆς
1168 1715 1260 1765 καὶ
1290 1715 1675 1784 περιηγήσεως
1713 1713 1905 1779 αὐτῆς,
1956 1710 2049 1763 καὶ

2153 537 2351 581 statum
2375 528 2798 595 provinciarum,
2833 530 3130 596 praesertim
3153 530 3369 584 nomina
3398 532 3730 601 antiquiora,

2153 634 2272 671 eum
2323 634 2424 671 usu
2460 619 2558 671 a‘vi
2605 620 2791 672 novitii
2850 634 3191 688 comparare,
3231 632 3390 691 atque
3444 624 3513 676 ita
3563 627 3727 677 vitam

2152 708 2441 776 quamdam
2468 707 2735 776 inspirare
2759 706 3118 775 imagunculis
3163 710 3555 776 geographicis.
3591 725 3727 777 qua-

2155 816 2270 853 rum
2302 799 2435 853 fines
2471 809 2676 853 tantum
2714 799 2991 867 lineasqne
3031 810 3283 852 externas
3329 802 3722 869 conspicimus,

2155 894 2412 946 interiora
2476 893 2866 946 desideramus.
2919 891 2972 944 ld
3008 892 3149 959 quod
3200 894 3433 945 maxime
3487 894 3627 947 cadit
3673 896 3725 946 in

2155 984 2349 1037 librum
2390 984 2711 1047 secundum,
2770 982 3071 1037 incredibili
3124 984 3372 1036 socordia
3426 986 3725 1051 scriptum;

2154 1083 2246 1127 aut
2276 1075 2494 1128 meliora
2532 1074 2650 1143 ejus
2700 1073 2934 1126 fatorum
2990 1072 3249 1139 iniquitas
3298 1074 3582 1138 abstraxit,
3630 1090 3728 1127 ex-

2154 1166 2348 1235 ceptis,
2386 1177 2441 1218 ut
2470 1164 2600 1229 dixi,
2644 1164 2850 1218 ultimis
2897 1164 3184 1232 capitibus,
3219 1164 3309 1217 tibi
3364 1164 3599 1233 scriptor
3631 1165 3730 1218 im-

2155 1260 2334 1312 munis
2362 1265 2479 1311 erat
2518 1273 2545 1309 a
2581 1258 2891 1311 recoctioue
2930 1252 3227 1309 lliéroclea.

2226 1348 2320 1401 llis
2345 1348 2631 1416 expositis,
2667 1361 2854 1400 verum
2900 1346 3273 1401 Constantinei
3302 1345 3463 1399 libelli
3494 1348 3728 1414 pretium

2158 1438 2315 1491 facile
2379 1437 2663 1505 ponderari
2700 1450 2859 1506 posse
2907 1437 3143 1491 videtur.
3200 1435 3331 1489 Illud
3385 1451 3533 1497 vero,
3586 1438 3729 1505 quod

2158 1532 2459 1591 miraberis.
2494 1532 2581 1583 vix
2615 1532 2678 1584 ad
2711 1531 2979 1592 ul-timam,
3038 1531 3082 1583 si
3136 1531 3263 1599 quid
3322 1532 3499 1593 video,
3546 1540 3727 1583 notam

2159 1622 2371 1675 detrudi
2406 1623 2622 1689 poterit.
2657 1621 2839 1676 Primo
2894 1623 3037 1676 enim
3068 1625 3185 1676 istae
3239 1625 3475 1692 capitum
3529 1624 3728 1676 inscri-

2162 1713 2373 1780 ptiones
2424 1712 2645 1767 unicum
2708 1713 2884 1775 nobis,
2941 1715 3081 1779 quod
3129 1724 3327 1777 exstat,
3391 1714 3730 1784 geographia:

472 1804 801 1873 σταδιασμοῦ
830 1806 963 1873 πρὸς
1012 1804 1241 1867 τούτοις,
1275 1807 1368 1857 καὶ
1410 1806 1539 1875 περὶ
1563 1805 1669 1856 τῶν
1700 1803 1755 1855 ἕν
1789 1820 1895 1856 τινι
1927 1822 2044 1856 και-

2152 1805 2467 1876 Byzantina:
2502 1805 2781 1871 exemplar
2830 1814 2886 1859 et
2933 1805 3220 1858 formulam
3266 1810 3334 1858 ob
3394 1806 3577 1858 oculos
3635 1820 3727 1873 po-

472 1897 550 1966 ρῷ
578 1898 779 1967 μεταξῦ
823 1898 1109 1967 Ῥωμαίων
1152 1898 1243 1949 καὶ
1270 1896 1542 1966 διαφόρων
1571 1896 1741 1951 ἐθνῶν
1769 1896 2044 1965 συμϐεϐη-

469 1988 663 2049 κότων,
692 1988 787 2039 καὶ
832 1988 967 2055 μετὰ
1000 1988 1173 2040 ταῦτα
1196 1988 1295 2038 ὅσα
1333 1989 1388 2038 ὲν
1417 1991 1482 2056 τῇ
1535 1989 1657 2040 καθ’
1700 1989 1848 2057 ἡμᾶς
1892 1986 2045 2039 πολι-

474 2075 618 2146 τείᾳ,
652 2076 787 2128 ἀλλὰ
834 2077 927 2127 καὶ
974 2079 1029 2127 εν
1076 2076 1225 2145 πάσῃ
1267 2081 1333 2146 τῇ
1377 2076 1661 2145 Ῥωμαίων
1713 2078 1854 2147 ἀρχῇ
1911 2077 2049 2130 κατά

487 2184 632 2229 τινας
663 2166 889 2235 χρόνους
930 2166 1355 2235 ὲκαινοτομήθη.
1401 2168 1543 2234 Agit,
1579 2176 1634 2219 ut
1665 2167 1797 2231 dixi,
1832 2167 1899 2220 de
1938 2182 2050 2219 ex-

476 2263 659 2307 tranea
705 2260 785 2309 sui
817 2258 913 2309 :evi
951 2257 1300 2324 geographia,
1346 2257 1692 2324 interspersis
1720 2258 1807 2311 hic
1842 2257 1913 2309 ibi
1953 2270 2050 2309 no-

472 2347 597 2399 tulis
630 2359 793 2417 atque
822 2350 1286 2402 admonitionibus
1316 2349 1381 2401 de
1403 2350 1486 2401 via
1512 2364 1576 2403 ac
1609 2352 1837 2410 ratione.
1884 2366 2045 2417 quam

471 2438 595 2491 belli
628 2440 883 2505 pacisque
910 2440 1232 2493 commercia
1256 2456 1376 2493 eum
1405 2441 1702 2509 potioribus
1742 2440 2042 2494 vicinorum

469 2530 715 2595 gentibus
747 2531 1081 2583 instituenda
1107 2532 1260 2601 sequi
1288 2534 1512 2585 omnino
1535 2532 1788 2587 debeant.
1822 2532 2045 2587 Cautius

473 2621 527 2673 in
567 2621 652 2674 bis
675 2631 946 2675 versatum
976 2622 1135 2676 video
1164 2621 1250 2677 Jo.
1285 2623 1440 2693 Bapt.
1476 2625 1763 2694 Egnatium
1793 2624 1867 2678 De
1889 2626 2042 2694 prin-

470 2710 669 2774 cipibus
718 2711 968 2765 Romanis
1001 2712 1139 2766 libro
1179 2729 1216 2767 tt
1262 2714 1529 2783 (llaneke,
1580 2714 1653 2767 De
1692 2714 1822 2784 Byz.
1870 2732 2044 2768 rerum

469 2802 813 2864 scriptoribus
867 2801 1064 2856 Gra’cis
1102 2820 1154 2872 p.
1186 2804 1310 2873 477)
1355 2823 1369 2859 :
1405 2806 1505 2857 llic
1550 2805 2043 2877 (Constantinus)...

473 2894 664 2945 librum
694 2893 928 2947 Romano
951 2896 1063 2962 filio
1098 2896 1327 2965 reliquit,
1364 2898 1415 2949 in
1446 2915 1547 2966 quo
1597 2915 1853 2952 summam
1888 2901 2045 2953 totius

473 2985 703 3050 inmerii,
740 2987 1006 3039 sociorum
1057 2990 1290 3041 omnium
1334 2988 1556 3056 hedera,
1612 2992 1837 3056 hostium
1886 2992 2043 3054 vires,

474 3080 725 3143 rationes,
756 3078 977 3131 consilia
1032 3080 1351 3146 explicuit...
1409 3083 1549 3151 Ergo
1599 3083 1877 3153 Egnatius,
1920 3082 2042 3136 libri

475 3184 578 3224 ms.
603 3183 906 3236 possessor,
934 3187 1038 3224 non
1059 3171 1223 3226 alium
1244 3174 1422 3243 operis
1443 3175 1655 3229 titulum
1678 3184 1857 3237 uorat,
1880 3188 2040 3243 quam

472 3261 639 3315 solani
684 3262 925 3330 epistolae
959 3264 1389 3332 inscriptionem.

540 3348 722 3420 Longe
752 3352 912 3406 aliam
948 3352 1138 3407 faciem
1178 3354 1430 3423 aliudque
1490 3358 1771 3410 consilium
1824 3362 2046 3413 a‘terius

475 3442 593 3495 libri
627 3459 767 3508 esse,
792 3445 881 3512 qui
917 3444 1232 3499 inscribitur
1258 3446 1329 3499 De
1356 3449 1659 3512 provinciis,
1689 3451 1738 3503 id
1766 3467 1906 3504 nunc
1936 3467 2047 3505 ina-

474 3533 615 3586 xime
646 3538 1017 3601 exponendum
1053 3549 1175 3591 esse
1209 3537 1440 3590 videtur.
1472 3537 1589 3591 ιω...
1623 3541 1762 3593 hunc
1805 3542 2041 3595 libellum

472 3621 784 3694 Byzantina:
816 3626 1056 3679 historia:
1107 3628 1342 3682 editores
1379 3630 1449 3681 ita
1503 3629 1613 3683 fere
1669 3618 1925 3695 tractant,
1989 3640 2044 3684 ut

472 3732 593 3770 eutn
629 3718 801 3784 primo
833 3716 952 3770 loco
980 3728 1199 3784 ponant,
1226 3720 1469 3773 secundo
1519 3720 1735 3784 librum,
1768 3739 1927 3791 quem
1956 3721 2043 3776 di-

475 3818 604 3858 euut
639 3805 713 3857 De
751 3808 1173 3859 administrando
1224 3810 1463 3872 imperio.
1519 3811 1657 3874 Quid
1696 3828 1846 3874 vero,
1883 3813 1927 3864 si
1959 3812 2044 3863 iu-

478 3911 635 3949 versn
659 3897 850 3949 ordine
886 3894 1205 3948 uterentur?
1239 3896 1428 3950 Nonne
1467 3900 1728 3952 lectorum
1760 3902 2048 3966 unusquis-

473 4000 599 4054 que,
628 3987 857 4039 lustrato
877 3996 1004 4039 ante
1029 3988 1261 4039 alterum
1291 3988 1430 4040 libro
1458 3992 1781 4056 posteriore,
1816 3990 1906 4056 qui
1941 3988 2051 4056 agit

471 4084 539 4133 de
598 4079 1023 4149 Byzantinorum
1067 4079 1390 4147 geographia
1444 4079 1603 4132 medii
1660 4079 1755 4131 invi
1811 4088 2047 4144 externa,

473 4176 771 4227 thematum
808 4172 1002 4224 librum
1029 4172 1395 4238 conspicatus,
1426 4172 1808 4241 geographiam
1838 4171 2047 4239 Byzan-

474 4267 704 4319 tinorum
732 4265 969 4333 ejusdem
994 4263 1092 4316 aevi
1117 4263 1378 4316 internum
1404 4274 1657 4333 exspecta
1669 4274 1747 4317 ret
1773 4265 1795 4317 ?
1827 4265 1877 4317 ld
1903 4264 2045 4333 quod

474 4358 599 4423 ipsa:
620 4370 832 4423 quoque
856 4355 1088 4418 capitum
1126 4356 1494 4421 inscriptiones
1543 4354 1763 4407 itulnbie
1792 4355 2041 4408 suadent.

470 4448 610 4512 Quid
646 4461 773 4499 vero
809 4456 1029 4515 praisfat
1063 4446 1362 4499 tlietuatum
1395 4445 1649 4499 libellus?
1681 4444 1795 4498 Non
1821 4461 2045 4515 geogra-

475 4539 651 4605 phiam
685 4536 853 4605 ipsius
891 4537 1037 4603 regni
1074 4538 1453 4598 recentiorem,
1519 4538 1613 4590 sed
1670 4539 2044 4601 vetustiorem,

473 4631 509 4682 i.
543 4644 591 4682 e.
623 4628 1038 4693 Justiniaueain,
1060 4640 1273 4682 servata
1300 4631 1673 4682 tantummodo
1701 4630 1895 4681 novitia
1920 4646 2046 4697 pro-

472 4723 772 4774 vineiarum
802 4722 1213 4775 numenelatura
1247 4732 1299 4775 et
1338 4722 1646 4787 divisione;
1701 4724 1843 4792 quod
1885 4738 2045 4790 quam

474 4812 758 4866 tnolesmut
793 4812 1097 4882 legentibus
1116 4828 1239 4866 esse
1271 4814 1485 4876 debeat,
1518 4813 1569 4866 id
1602 4814 1853 4882 equidem
1878 4816 2048 4881 irrati-

476 4902 843 4957 tccedentibus
875 4903 1007 4958 satis
1042 4918 1311 4973 superque
1348 4913 1709 4958 monstratum
1736 4914 1788 4960 et
1811 4905 2045 4960 evictum

470 5011 588 5051 esse
619 4995 894 5051 existimo.

546 5087 690 5157 Ergo
726 5087 887 5141 libelli
918 5088 1205 5141 consilium
1241 5088 1463 5142 minime
1490 5088 1542 5141 iu
1582 5088 1815 5143 obscuro
1862 5106 2047 5145 versa-

474 5189 582 5238 tur,
635 5178 836 5231 collato
880 5176 1150 5243 Hierocle,
1185 5179 1274 5248 qui
1316 5179 1381 5229 ad
1419 5182 1639 5232 verbum
1696 5183 2043 5244 exscribitur,

470 5270 600 5323 item
630 5270 907 5339 Stephano
956 5270 1273 5339 Byzantino,
1305 5286 1366 5324 ex
1421 5286 1527 5339 quo
1580 5272 1692 5324 fere
1740 5273 1855 5327 solo
1902 5274 2043 5326 anti-

469 5363 660 5429 quiora
698 5362 859 5430 petita
898 5376 1018 5415 esse
1041 5361 1313 5415 videntur.
1357 5361 1429 5414 De
1465 5379 1561 5415 usu
1619 5378 1834 5431 quoque
1886 5380 2041 5418 eom-

475 5453 1157 5523 mentationisquotidiano
1178 5468 1225 5506 s.
1255 5454 1460 5522 vulgari
1479 5454 1565 5506 vix
1588 5454 1823 5507 dubitari
1846 5464 2042 5523 potest.

474 5542 683 5599 Etenim
716 5554 927 5613 spectat
961 5546 1257 5605 studiosam
1286 5545 1628 5615 antiquitatis
1678 5545 2042 5611 juventutem,

471 5640 555 5692 cui
592 5638 869 5693 Hierocles
897 5640 1309 5693 commendatur
1341 5654 1461 5692 cum
1508 5638 1777 5693 similibus
1813 5641 2043 5708 scripto-

473 5730 640 5783 ribus.
678 5727 1017 5798 Gaograpbia
1054 5728 1211 5783 medii
1255 5728 1352 5782 aevi
1390 5731 1618 5784 summis
1646 5728 1817 5786 labris
1869 5732 2040 5801 tangi-

2149 1905 2306 1957 nttnt,
2356 1896 2609 1963 exiguam
2666 1894 2813 1958 licet,
2877 1909 2960 1947 me
3018 1892 3268 1957 Hercule,
3325 1909 3495 1961 neque
3549 1903 3726 1947 tamen

2148 2000 2369 2051 prorsus
2410 1984 2859 2038 contemnendam
2896 2002 2911 2051 ;
2952 1985 3147 2037 deinde
3202 1984 3337 2037 liber
3394 1985 3527 2051 ipse,
3563 1985 3731 2036 maxi-

2151 2090 2371 2144 mopere
2397 2092 2520 2143 pars
2559 2076 2847 2144 posterior,
2886 2090 2932 2130 s.
2981 2075 3215 2141 Europa,
3264 2074 3534 2128 ΠεριθοΙεί
3578 2074 3731 2129 codi-

2152 2166 2230 2219 cis
2261 2168 2611 2232 manuscripti
2634 2168 2750 2221 vice
2774 2166 3059 2237 fungitur;
3100 2177 3377 2233 postremo
3410 2166 3727 2220 Constanti-

2155 2273 2255 2311 nus
2282 2258 2559 2327 Stephano
2585 2259 2825 2326 pleniore
2853 2274 2979 2312 usus
2996 2269 3097 2321 est,
3127 2274 3231 2327 qua
3262 2261 3326 2312 de
3347 2273 3403 2311 re
3428 2266 3552 2311 ante
3594 2259 3731 2313 alios

2150 2350 2431 2404 adeundus
2452 2350 2900 2405 Westermanuus
2924 2351 2973 2402 in
2993 2352 3305 2417 pra‘fatione
3322 2352 3539 2418 optima:
3557 2350 3730 2419 frugis

2149 2442 2330 2512 plena,
2374 2457 2535 2511 quam
2565 2442 2791 2495 editioni
2844 2457 2955 2494 sua:
3017 2441 3395 2507 Stephaniana
3445 2442 3725 2511 pra'niis'tt.

2219 2530 2395 2598 Atque
2462 2529 2530 2583 de
2558 2530 2641 2583 his
2670 2530 2890 2597 quidem
2929 2530 3207 2582 hactenus.
3245 2526 3488 2597 Namque
3525 2529 3727 2583 editio-

2151 2636 2272 2676 nem
2327 2622 2586 2676 librorum
2611 2619 2949 2675 Constantini
2981 2620 3468 2689 geograpliicoruin
3506 2620 3729 2673 minime

2147 2714 2395 2783 equidem
2463 2728 2613 2781 paro,
2667 2724 2750 2765 sat
2801 2712 3052 2776 habens,
3120 2712 3394 2766 monuisse
3458 2714 3726 2780 qnmdam,

2149 2808 2329 2861 minus
2382 2806 2464 2861 vel
2511 2808 2726 2873 cognita
2760 2807 2839 2860 vel
2866 2806 3250 2875 pervestigata,
3294 2806 3435 2858 unde
3484 2819 3727 2856 (‘OllllllO-

2147 2898 2248 2952 dus
2278 2899 2343 2950 ad
2405 2898 2611 2963 reliqua
2674 2896 2831 2964 hujus
2882 2897 3125 2966 epistola:
3195 2896 3458 2949 transitus
3520 2895 3726 2947 institui

2148 3004 2306 3057 pOssc
2365 2991 2594 3054 videtur,
2644 3003 2762 3057 qua:
2799 2988 3094 3057 periculum
3128 2987 3469 3057 geographia:
3515 2988 3728 3055 Byzan-

2154 3083 2296 3145 tium,
2337 3082 2549 3135 tandem
2584 3080 2876 3149 aliquando
2904 3080 3221 3143 condendae,
3260 3077 3540 3146 suscipere
3593 3075 3729 3130 velle

2150 3174 2449 3239 profitetur.

2226 3264 2279 3316 In
2316 3263 2623 3316 Occidentis
2670 3272 2723 3315 et
2764 3260 3001 3315 Orientis
3054 3260 3401 3313 distinctione
3454 3258 3726 3312 Constan-

2152 3356 2319 3409 tiuunt
2357 3372 2573 3423 sequor,
2601 3358 2687 3422 qui
2728 3374 2821 3410 sua
2862 3356 3087 3422 Eurnpze
3156 3355 3390 3408 themata
3443 3352 3726 3407 Oeeideuti

2149 3448 2354 3511 tribuit,
2430 3447 2569 3500 Asia:
2623 3448 2853 3500 themata
2904 3446 3133 3501 Orienti.
3172 3443 3369 3510 Prona,
3404 3442 3633 3510 inquies,
3666 3455 3729 3494 ea

2145 3539 2326 3591 Omnia
2379 3547 2505 3589 sunt
2534 3546 2585 3589 et
2620 3549 2803 3603 aperta
2845 3555 2857 3590 :
2895 3552 3127 3603 namque
3172 3534 3384 3602 Europa
3439 3542 3523 3587 est
3573 3530 3731 3586 Orci-

2147 3632 2343 3691 deutis,
2392 3632 2515 3684 Asia
2566 3630 2821 3684 Orientis.
2891 3630 3085 3682 Verum
3144 3626 3501 3696 inspiciamus
3561 3623 3724 3675 aliuin

2146 3722 2383 3789 ejusdem
2420 3722 2703 3791 scriptoris
2726 3721 2943 3785 librum,
2969 3736 3046 3774 se.
3083 3719 3155 3773 De
3188 3718 3487 3772 cerimoniis
3530 3731 3593 3782 tt,
3632 3716 3722 3770 52.

2147 3816 2219 3870 lbi
2278 3825 2663 3868 enumerantur
2689 3829 2912 3866 summa:
2962 3812 3173 3880 imperii
3227 3810 3508 3881 Byzantini
3556 3808 3730 3875 iligni-

2153 3915 2314 3965 tates,
2368 3918 2596 3956 numero
2648 3903 2733 3959 60.
2766 3914 3027 3970 regnante
3078 3903 3247 3967 ipsius
3311 3910 3486 3968 patre,
3543 3897 3725 3951 Leone

2155 3993 2431 4057 Sapiente,
2457 3992 2716 4043 Valentcs.
2746 3992 2968 4042 Classes
2986 4006 3172 4041 earum
3202 4006 3290 4042 sex
3317 3999 3475 4041 erant
3509 4005 3521 4037 :
3555 3990 3727 4056 prima

2150 4094 2534 4150 strategornin,
2565 4096 2681 4149 qum
2702 4080 2834 4133 duas
2863 4077 3093 4133 habebat
3120 4088 3319 4147 partes,
3345 4079 3579 4135 Orientis
3603 4079 3732 4143 (τῶν

2164 4173 2544 4239 Ἀνατολικῶν)
2597 4184 2648 4225 et
2699 4171 3010 4226 Occidentis
3064 4170 3183 4240 (τῆς
3230 4169 3487 4234 Δύσεως).
3555 4169 3608 4221 lu
3642 4169 3728 4221 illa

2150 4267 2432 4337 (Orientis,
2468 4264 2731 4334 iuquam,)
2804 4272 2922 4332 pust
2964 4262 3100 4316 alios
3167 4263 3317 4315 venit
3360 4261 3389 4313 6
3422 4259 3729 4331 στρατηγὸς

2147 4358 2245 4424 τῆς
2279 4354 2521 4425 Θρᾴκηςο
2548 4355 2574 4404 ὁ
2599 4352 2903 4422 στρατηγὸς
2958 4353 3057 4421 τῆς
3104 4351 3463 4414 Μακεδονίας
3502 4350 3530 4402 6
3562 4368 3727 4420 στρα-

2083 4468 2122 4521 [)
2149 4446 2313 4518 τηγδς
2354 4450 2451 4515 τῆς
2511 4446 2767 4508 Χαλδίας.
2800 4446 3104 4513 Statimque
3122 4445 3201 4498 sic
3230 4446 3469 4511 pergitur
3507 4462 3519 4496 :
3556 4437 3725 4496 Αὗται

2150 4535 2241 4591 οὖν
2273 4540 2327 4590 ai
2357 4539 2681 4605 στρατηγίαι
2739 4535 2842 4608 [ἐν]
2896 4539 3005 4599 τοῖς
3058 4535 3420 4597 Ἀνατολικοῖς
3494 4534 3727 4603 θέμασιν

2151 4631 2531 4700 ἀριθμοῦνται.
2568 4632 2630 4682 Αἰ
2652 4630 2708 4682 δὲ
2743 4629 2844 4697 τῆς
2874 4628 3092 4691 Δύσεώς
3112 4630 3250 4680 εἰσιν
3278 4622 3434 4680 αὗται
3458 4642 3469 4653 ·
3496 4627 3524 4677 ὁ
3566 4643 3728 4693 στρα-

2150 4725 2313 4793 τηγὸς
2376 4723 2823 4791 Πελοποννήσου·
2859 4723 2886 4773 ὁ
2917 4719 3221 4789 στρατηγὸς
3282 4718 3630 4779 Νικοπόλεως
3653 4735 3663 4747 ·
3699 4718 3727 4768 6

2151 4816 2453 4885 στρατηγὸς
2484 4813 2917 4884 Κιὸυρραιωτῶν
2937 4830 2950 4843 α
2980 4814 3007 4864 ὁ
3027 4811 3329 4882 στρατηγὸς
3380 4810 3649 4869 Ἑλλάδος.
3675 4852 3685 4862 .
3711 4848 3723 4862 .

2148 4909 2179 4959 6
2207 4906 2511 4977 στρατηγὸς
2564 4906 2667 4974 τῆς
2712 4905 2893 4973 Σάμου
2919 4919 2934 4933 ⁶
2964 4906 2990 4957 ὁ
3024 4902 3327 4973 στρατηγὸς
3360 4901 3453 4954 τοῦ
3500 4900 3727 4969 Αἰγαίου

2150 4997 2417 5064 πελάγους
2442 5012 2455 5025 ·
2488 4997 2515 5047 6
2537 4994 2839 5063 στρατηγὸς
2871 4993 3205 5062 Δαλματίας,
3236 5010 3289 5045 κ.
3316 5009 3367 5045 τ.
3395 4991 3444 5045 λ.
3472 4993 3549 5045 En
3574 5004 3725 5049 vero.

2148 5105 2307 5157 quam
2372 5098 2529 5141 tenax
2586 5087 2750 5141 fuerit
2796 5086 3051 5140 smeulum
3103 5086 3395 5149 decimum,
3432 5086 3540 5138 imo
3571 5090 3727 5134 aute-

2152 5182 2313 5243 tiora,
2359 5182 2544 5233 fortine
2597 5179 2855 5250 pristiuze,
2929 5193 3048 5244 quae
3105 5188 3220 5231 erat
3278 5176 3459 5230 sa=cn|i
3526 5170 3724 5241 quarti.

2150 5276 2389 5344 Namque
2419 5277 2483 5328 de
2545 5272 2904 5328 Constantino
2951 5271 3107 5340 plane
3142 5272 3219 5324 sic
3264 5269 3424 5322 refert
3478 5265 3727 5318 Zosiutus

2152 5384 2210 5429 tt,
2232 5370 2300 5421 55
2328 5369 2402 5436 (p.
2434 5369 2501 5422 98
2530 5368 2615 5421 ed.
2646 5366 2841 5433 Boun.)
2869 5384 2881 5417 :
2916 5365 3326 5420 Κωνσταντίνος
3351 5360 3426 5421 δὲ,
3451 5357 3518 5409 τά
3546 5356 3725 5418 καλῶς

2151 5458 2467 5513 καθεστῶτα
2516 5457 2700 5516 κινῶν,
2772 5457 2901 5526 μίαν
2943 5451 3108 5508 οὖσαν
3139 5454 3195 5511 ἐς
3221 5449 3491 5515 τέσσαρας
3531 5446 3723 5499 διεῖλεν

2149 5550 2341 5621 ἀρχάς.
2383 5550 2643 5619 ’Υπάρχῳ
2665 5548 2770 5619 γάρ
2804 5548 2884 5599 ἐνὶ
2913 5548 3009 5612 τὴν
3037 5542 3309 5607 Αἴγυπτον
3337 5540 3553 5594 ἃπασαν
3587 5538 3721 5610 πρὸς

2149 5646 2213 5712 τῇ
2258 5642 2592 5695 ΙΙενταπόλει
2654 5638 2861 5704 Λιϐύης
2888 5634 2983 5687 καὶ
3018 5632 3114 5702 τὴν
3143 5630 3283 5701 ἑῴαν
3315 5634 3439 5701 ἄχρι
3467 5632 3717 5684 Μεσοπο-

2150 5734 2351 5807 ταμίας
2407 5737 2497 5786 καὶ
2562 5730 2779 5801 προσέτι
2817 5744 2877 5795 γε
2929 5726 3155 5789 Κίλικας
3197 5724 3287 5777 καὶ
3341 5722 3712 5779 Καππάδοκας
