4044 6210
474 328 546 389 39
1600 319 2011 407 VARIORUM
2056 317 2604 378 l’RfEFATIONES
3674 310 3747 372 40

480 440 586 496 τοί.
622 439 662 500 I,
696 453 746 508 ῃ.
777 437 904 506 210)
934 456 947 493 :
987 437 1199 506 Μέχρις
1235 429 1327 489 οὗν
1364 434 1707 504 Ὀρεστιάδος
1733 433 2060 504 ὁριζομένης
2094 442 2130 494 Α
2163 435 2395 504 Θρᾷκες.
2447 433 2576 484 Ibid.
2612 444 2725 493 νιιι,
2757 429 2809 491 6,
2855 428 2917 480 9:
2969 427 3078 494 Τῆς
3109 425 3330 495 Θρᾴκης
3372 423 3493 477 ὅσον
3537 422 3600 475 τὸ
3637 425 3750 477 άπὸ

475 549 574 602 της
609 530 908 601 Ῥιιιμαῖδος
952 529 1046 582 καὶ
1079 527 1236 598 μόλις
1271 526 1560 598 πρότερον,
1599 528 1674 589 ὡς
1711 527 1819 579 τῶν
1848 526 2059 579 ἐκεῖθεν

479 626 584 676 ὑπὸ
617 623 946 692 Βουλγάροις
971 620 1186 674 ὄντων..
1206 659 1220 673 .
1250 619 1380 673 Ibid.
1412 635 1532 688 cap.
1555 619 1627 672 25
1657 638 1670 672 :
1702 618 1884 689 Μοῖρά
1905 636 2057 681 τις...

479 713 747 782 δυστυχὴς
793 709 1124 774 Μακεδόσιν,
1162 708 1303 761 εἴπω
1329 709 1388 760 δὲ
1435 709 1532 762 καὶ
1560 708 1800 779 Θρᾳξί...
1839 709 1969 762 Ibid.
2005 725 2060 776 ν,

478 805 513 858 5
545 826 556 859 :
591 805 716 865 Τοῖς
749 800 891 856 κατὰ
921 801 1010 854 τὸν
1040 795 1214 870 Αἷμον
1245 801 1341 852 καὶ
1373 800 1508 871 αὐτῇ
1540 817 1604 868 γε
1629 800 1940 869 Μακεδονίᾳ
1965 802 2062 854 κα)⁵

477 896 686 966 Θρᾴκῃ.
726 893 869 946 Idem
904 894 957 945 iu
983 891 1292 945 Andronico
1322 889 1621 962 Palmologo
1646 909 1685 955 t,
1713 891 1818 947 29:
1852 893 1932 945 Τὰ
1963 893 2062 962 τῆς

476 982 819 1044 Μακεδονίας
861 982 956 1035 καὶ
999 981 1242 1049 Θρᾴκης.
1281 996 1356 1046 tv,
1391 980 1496 1035 I6:
1543 981 1638 1034 Ἐκ
1677 982 1871 1052 χωρῶν
1913 981 2062 1052 Θρᾴ-

479 1075 648 1130 κικῶν
691 1093 752 1127 τε
782 1076 876 1127 καὶ
920 1072 1330 1127 Μακεδονικῶν.
1361 1089 1435 1138 VI,
1467 1073 1574 1128 52:
1625 1074 1763 1135 Τοὺς
1809 1073 1940 1143 περὶ
1971 1075 2063 1126 τὸν

482 1167 657 1236 μέγαν
691 1165 1052 1236 πριμικήριον
1106 1165 1446 1226 Μακεδόνας.
1491 1166 1666 1234 Atque
1704 1164 1758 1217 in
1807 1164 1893 1217 his
1931 1164 2063 1219 locis

481 1258 924 1328 Pachytnerianis
953 1271 1108 1310 usum
1135 1256 1295 1310 medii
1320 1255 1420 1310 ιενὶ
1445 1257 1628 1325 vigere
1656 1257 1770 1324 ipse
1805 1257 2060 1310 historia-

478 1366 597 1404 rum
634 1363 825 1404 sensus
858 1361 1136 1417 nexusque
1170 1347 1286 1402 sole
1331 1347 1531 1402 clarius
1564 1348 1800 1411 evincit;
1835 1348 1884 1400 id
1917 1347 2059 1415 quod

472 1444 547 1497 de
583 1440 836 1495 omnibus
883 1440 1322 1493 antecedentium
1357 1441 1686 1510 scriptorum
1737 1437 2062 1492 testimoniis

480 1555 642 1610 valet.

555 1646 708 1702 Haud
754 1662 878 1701 raro
922 1646 1081 1700 aliter
1127 1654 1418 1714 sequentes
1449 1653 1716 1706 auctores,
1747 1643 1799 1695 in
1835 1655 2059 1711 geogra-

477 1740 658 1809 phicis
703 1738 927 1791 minime
967 1736 1372 1798 contemnendi,
1411 1734 1750 1803 Nicephorus
1787 1732 2060 1803 Gregoras

476 1841 534 1884 et
570 1830 997 1883 Cantacnzenns.

550 1920 886 1990 Nicephorus
933 1917 1202 1988 Grcgoras
1239 1919 1406 1988 (sum.
1457 1915 1603 1984 xw).
1651 1915 1697 1968 Is
1737 1914 1874 1968 libro
1912 1931 1948 1976 ι,
2004 1916 2057 1978 II,

478 2014 512 2066 ϐ
543 2014 651 2074 (ed.
677 2011 907 2081 Bonn.):
1035 2009 1330 2078 Κυψέλλων
1352 2009 1448 2061 καὶ
1474 2008 1718 2076 Ἀπρων.
1746 2006 1906 2075 φημὶ,
1939 2008 2063 2060 ἀνα·

479 2103 662 2159 λαϐὼν
693 2106 721 2156 ὁ
748 2103 998 2173 βασιλεὺς
1033 2104 1108 2172 (a.
1141 2101 1301 2171 1282)
1327 2099 1548 2170 Μιχαὴλ
1570 2099 1666 2162 τὰς
1694 2099 1976 2170 Θρᾴκικάς
2003 2117 2061 2152 τε

481 2196 576 2248 καὶ
607 2193 985 2256 Μακεδονικὰς
1010 2193 1290 2263 δυνάμεις.
1320 2192 1522 2245 Ibidem
1557 2192 1589 2245 6
1615 2210 1628 2246 :
1749 2194 1798 2244 οί
1831 2191 2066 2262 Τουρκό-

482 2288 674 2351 πουλοι
703 2287 842 2358 μετὰ
886 2287 995 2338 τῶν
1030 2284 1410 2353 Μασσαγετῶν
1441 2283 1831 2354 ἐπληρώσαντο
1849 2301 1862 2314 ο
1891 2283 1951 2335 τὸ
1977 2283 2063 2336 δε-

485 2381 596 2444 ξιὸν
626 2379 670 2432 δ’
702 2381 750 2432 οἱ
799 2378 910 2431 τῶν
957 2376 1350 2432 Μακεδονικῶν
1379 2393 1438 2428 τε
1478 2375 1573 2428 καὶ
1616 2374 1912 2445 Θρᾳκικῶν
1943 2373 2063 2426 επί-

486 2471 687 2524 λεκτοι.
720 2469 921 2523 Ibidem
955 2469 1007 2522 II
1039 2469 1127 2535 (ad
1158 2484 1208 2520 a.
1246 2465 1404 2536 I282)
1430 2484 1444 2520 :
1481 2460 1653 2536 Αἷμον
1674 2465 1735 2517 τὸ
1767 2464 1914 2535 ὅρος,
1940 2464 1968 2517 ὃ
1998 2464 2063 2534 δὴ

487 2563 740 2632 μεθόριον
793 2559 889 2613 νῦν
941 2561 1055 2612 ἐστι
1109 2557 1403 2625 Ῥωμαίοις
1442 2574 1498 2608 τε
1559 2556 1653 2608 καὶ
1711 2554 2061 2622 Μυλγὰροις.

479 2653 620 2711 Ibid.
648 2669 725 2717 1x,
761 2651 815 2714 5,
848 2651 880 2704 5
908 2667 920 2702 :
958 2650 1105 2702 Ἰδὼν
1129 2647 1183 2700 δὲ
1212 2648 1240 2699 ὁ
1270 2647 1386 2710 νέος
1427 2645 1680 2716 βασιλεὺς
1704 2648 1778 2714 (a.
1813 2643 2064 2713 I282)...,

486 2745 556 2798 τὰ
593 2744 737 2796 κατὰ
771 2741 1116 2796 Μακεδονίαν
1141 2741 1236 2792 καὶ
1263 2740 1486 2811 Θρᾴκην
1517 2740 1694 2792 πάντα
1725 2736 2068 2807 καταστησά-

485 2851 673 2904 μενος.
694 2834 1014 2902 Quanquam
1046 2841 1276 2900 utroque
1299 2830 1418 2885 loco
1450 2841 1604 2883 vetus
1627 2828 1858 2883 'I‘hrac‘a
1885 2841 1937 2883 et
1957 2829 2066 2882 Μει-
2097 2826 2108 2832 ί

483 2927 711 2982 cedonia
752 2925 1114 2996 signiﬁcatur,
1148 2934 1206 2976 ut
1260 2922 1617 2990 sequentibus
1665 2936 1740 2986 ιι,
1787 2921 1840 2983 5,
1877 2921 1949 2974 :‘i:
1984 2921 2064 2973 Τά

490 3018 633 3072 κατὰ
677 3016 1018 3072 Μακεδονίαν
1070 3017 1164 3068 καὶ
1220 3015 1442 3086 Θρᾴκην
1490 3017 1667 3068 πάντα
1720 3015 2069 3082 καταστησά-

2167 521 2619 593 Χριστουπόλεως
2640 520 2772 589 ἄχρι
2797 517 2905 569 τῶν
2924 516 3053 585 περὶ
3081 517 3296 583 Ῥήγιον
3320 513 3630 583 προαυλίων
3653 514 3749 566 καὶ

2165 616 2504 688 προαστείων
2533 613 2634 682 τῆς
2671 608 3322 668 Κωνσταντινουπόλεως,
3365 607 3466 675 τήν
3501 622 3561 657 τε
3594 607 3752 657 Κων-

2167 705 2607 761 σταντινούπολιν
2635 692 2728 756 καί.
2753 702 2849 764 τὰς
2875 701 3133 753 ἐπέκεινα
3161 699 3261 767 τῆς
3294 696 3751 766 Χριστουπόλεως

2165 801 2360 863 λοιπὰς
2392 796 2770 858 Μακεδονικὰς
2800 793 2984 865 χώρας
3024 792 3114 844 καὶ
3153 791 3356 851 πόλεις.

2235 935 2644 990 Cantacnzenus
2692 932 2838 998 (sa‘c.
2877 927 2989 994 xlv)
3048 925 3139 979 Est
3192 925 3257 984 is.
3311 932 3366 976 ut
3412 921 3748 989 Nicephorns

2167 1028 2460 1094 Cregoras,
2485 1024 2737 1094 puritatis
2762 1023 2812 1074 in
2847 1019 3075 1074 dicendo
3106 1017 3394 1070 admodum
3426 1023 3610 1076 tenax,
3636 1012 3748 1064 imo

2169 1119 2443 1184 tenacior;
2481 1119 2532 1170 in
2571 1115 2819 1184 reliquis,
2857 1111 2902 1166 si
2937 1113 3058 1178 quis
3095 1110 3253 1170 alius,
3291 1107 3464 1160 fontes
3499 1103 3747 1173 egregios

2168 1212 2508 1282 geographia:
2568 1209 2741 1276 aperit
2793 1217 2902 1259 tum
2952 1205 3037 1258 sui
3068 1202 3190 1260 aevi,
3233 1211 3343 1251 tum
3384 1196 3749 1263 anaximopcrc

2168 1299 2545 1355 remotissimi.
2598 1297 2675 1352 Ex
2734 1296 2852 1364 ejus
2909 1294 3082 1361 copiis
3128 1286 3406 1356 sequentia
3457 1283 3744 1338 snIIicient.

2169 1391 2333 1457 Igitur
2365 1391 2500 1444 libro
2544 1405 2585 1451 ι,
2620 1388 2650 1440 7
2683 1389 2759 1455 (ρ.
2792 1385 2882 1448 55,
2927 1382 3037 1437 vol.
3071 1380 3111 1444 Ι,
3140 1379 3224 1432 ed.
3272 1375 3505 1444 Bonn.):
3549 1373 3660 1443 Τὴν
3690 1373 3747 1423 ἐν

2182 1482 2454 1551 Ὀδρυσοῖς
2485 1476 2772 1546 ἐπώνυμον
2807 1469 3072 1544 Ἀδριανῷ
3093 1467 3315 1521 πόλιν...
3340 1465 3439 1534 τὴν
3471 1463 3528 1514 ἒν
3555 1461 3745 1531 Θρᾴκη

2170 1570 2407 1642 Χριστοῦ
2435 1569 2610 1622 πόλιν.
2645 1565 2846 1621 Ibidem
2870 1578 2990 1632 cap.
3017 1560 3088 1614 20
3116 1578 3129 1614 :
3167 1557 3277 1612 Καὶ
3306 1557 3361 1607 αἱ
3390 1553 3746 1642 άλλαιπᾷσαι

2169 1641 2311 1714 κατὰ
2356 1661 2457 1726 τὴν
2516 1659 2740 1730 Θρᾴκην
2794 1655 2920 1725 ἄχρι
3004 1647 3472 1722 Χριστουπόλεως.
3546 1641 3748 1696 Ibidem

2099 1787 2136 1838 Β
2166 1767 2285 1820 cap.
2315 1752 2376 1804 2|
2411 1769 2422 1802 :
2457 1749 2568 1817 Τῆς
2614 1748 2726 1800 άνω
2763 1745 2984 1816 Θρᾴκης
3020 1743 3113 1838 καὶ
3138 1735 3542 1838 ⁵παραλίου
3583 1733 3747 1838 μέχρι

2177 1845 2276 1895 καὶ
2304 1841 2470 1895 αὑτοῦ
2498 1838 2812 1903 Βυζαντίου.
2839 1837 2972 1904 Cap.
3005 1833 3072 1887 57
3099 1850 3112 1885 :
3138 1830 3220 1882 Τὰ
3245 1825 3549 1897 ἀνωτερικὰ
3582 1823 3745 1893 μέχρι

2168 1936 2267 2004 τῆς
2296 1935 2588 2006 Θρᾴκης...
2618 1931 2748 2002 ἄχρι
2772 1929 2976 1998 Βήρας.
3020 1924 3162 1978 Idem
3187 1936 3246 1983 ιι,
3275 1920 3341 1974 5:
3375 1917 3486 1980 Τὰς
3515 1913 3746 2006 ἄνωᾲτῆς

2500 2023 2702 2084 πόλεις.
2758 2020 2901 2072 Idem
2938 2033 2976 2080 t,
3010 2015 3118 2068 25:
3153 2012 3264 2065 Καὶ⁵
3316 2007 3424 2060 τῶν
3469 2002 3576 2057 ἀπὸ
3604 2003 3743 2097 Χρ-ι-

2167 2116 2510 2178 στουπόλεως
2539 2108 2925 2167 Μακεδονικῶν
2953 2124 3012 2160 τε
3048 2107 3142 2158 καὶ
3159 2101 3427 2170 ἑσπερίων
3469 2093 3745 2166 ἐπαρχιῶν

2172 2214 2330 2281 ἄχρις
2365 2208 2693 2277 Ἐπιδάμνου
2721 2205 2814 2257 καὶ
2850 2200 3185 2269 Δαλματίας.
3217 2196 3417 2250 Ibidem
3451 2207 3489 2256 t,
3522 2188 3622 2242 52:
3657 2187 3749 2244 Ἐν

2173 2300 2507 2376 Γρατζιανοῦ
2540 2300 2718 2361 πόλει,
2742 2297 2872 2368 περὶ
2909 2293 3136 2355 ἐκϐολὰς
3162 2291 3320 2360 (Iincs
3345 2280 3749 2348 tneridinnales)

2173 2373 2269 2466 της
2305 2394 2533 2465 Θρᾴκης
2581 2389 2880 2460 κειμένῃ...
2931 2386 3155 2455 Δράμαν
3190 2381 3284 2434 καὶ
3315 2379 3414 2446 τὴν
3455 2373 3748 2466 Φιλίππου,

2175 2465 2357 2549 πόλεις
2402 2480 2795 2545 Μακιδονικάξ.
2835 2478 2978 2533 Idem
3031 2491 3069 2539 t,
3113 2474 3221 2528 56:
3267 2465 3751 2537 Ἐπιτροπεύοντος

2174 2578 2273 2647 τῆς
2298 2577 2544 2648 Θρᾴκης.
2577 2573 2642 2627 Et
2672 2589 2728 2638 Il,
2773 2574 2843 2627 5:
2880 2571 2988 2632 Τὰς
3030 2569 3141 2623 ἄνω
3165 2567 3262 2635 τῆς
3293 2563 3514 2632 Θρᾴκης
3544 2556 3747 2648 πόλεις.

2175 2673 2309 2726 Ibid.
2343 2686 2465 2739 cap.
2506 2668 2579 2723 6:
2631 2669 2742 2738 Τὴν
2789 2669 2853 2718 ὲκ
2884 2661 3181 2726 Βυζαντίου
3219 2657 3312 2710 καὶ
3366 2647 3749 2721 Διδυμοτείχου

2175 2770 2268 2821 καὶ
2299 2763 2789 2836 Ἀδριανουπόλεως
2817 2759 2912 2813 καὶ
2938 2757 3226 2826 Θρᾴκης...
3256 2745 3533 2818 στρατιάνο
3558 2740 3752 2836 οὒᾷγὰρ

2174 2859 2302 2931 ἐξῆν
2333 2834 2432 2930 τήν
2480 2875 2540 2911 τε
2575 2857 2640 2908 ἐκ
2668 2851 3013 2913 Μακεδονίας
3045 2846 3266 2915 καὶτῆς
3306 2841 3474 2912 ἄλλης
3511 2834 3752 2902 ἑσπέρας

2183 2949 2628 3022 μετακαλεῖσθαι.
2683 2947 2755 3000 De
2807 2943 3032 2999 Sullano
3085 2935 3321 3008 Egypti,
3372 2934 3750 3022 imperatorem

2183 3018 2539 3118 byzautinnm
2570 3056 2620 3094 a.
2655 3038 2792 3093 1548
2835 3037 2886 3090 in
2923 3031 3121 3088 litteris
3146 3030 3280 3084 suis
3310 3023 3542 3118 gis-dium
3579 3018 3754 3071 Mace-

492 3128 672 3180 μενος.
705 3124 821 3175 VIII,
854 3108 955 3166 1οξ
981 3123 1032 3170 v,
1066 3107 1132 3162 6:
1175 3108 1270 3160 Ἐκ
1301 3106 1592 3170 Βυζαντίου
1617 3107 1705 3158 διὰ
1730 3107 1950 3177 Θρᾴκης
1974 3107 2070 3160 καὶ

487 3202 828 3258 Μακεδονίας
860 3200 1110 3258 ἀπῄεσαν
1141 3200 1268 3258 ἄγρι
1316 3199 1659 3258 Γαδείρων...
1710 3199 2071 3258 κατατρέχειν

2179 3139 2403 3200 donum,
2434 3147 2612 3200 regem
2651 3128 2892 3192 Grmcizc,
2929 3135 3060 3188 elc.,
3095 3124 3306 3176 dicente
3352 3113 3669 3187 (Cantacuz.
3712 3123 3750 3171 ι,

2184 3228 2271 3258 ιιι
2331 3225 2454 3258 ..ιλιι
2509 3221 2792 3258 εοηιιηηιῑει
2849 3217 2937 3258 ubi
2968 3213 3336 3258 dimiciemus.
3369 3204 3637 3258 quomodo
3671 3199 3750 3254 Iit-

549 3202 828 3264 ακεδονίας
860 3200 1110 3271 ἀπῄεσαν
1141 3200 1268 3269 ἄχρι
1316 3199 1659 3270 Γαδείρων...
1710 3199 2071 3271 κατατρέχειν

2184 3228 2295 3290 14),
2331 3199 2454 3280 vide
2503 3199 2816 3291 sequentia,
2849 3217 2937 3272 ubi
2968 3213 3336 3284 dispiciemus,
3369 3204 3637 3275 quomodo
3671 3199 3753 3254 Ia-

487 3312 546 3349 τε
575 3292 916 3348 Μακεδονίαν
950 3293 1045 3345 καὶ
1070 3291 1313 3362 Θρᾴκην.
1343 3307 1443 3347 vn.
1480 3293 1533 3354 6,
1576 3291 1606 3346 5
1635 3311 1648 3344 :
1684 3291 1808 3355 Τοῖς
1854 3295 1912 3346 ἐν
1951 3293 2091 3346 Μαο.

487 3387 702 3457 κεδονίᾴ
747 3385 1062 3456 Ῥωμαίοις.
1095 3385 1311 3451 tum”,
1333 3386 1368 3439 5
1395 3405 1405 3437 :
1435 3385 1722 3456 Στρυμόνα
1757 3385 2068 3454 ποταμὸν...

487 3479 819 3548 μέγιστος...
855 3477 1043 3530 ὁπόσοι
1083 3477 1308 3547 Θρᾴκην
1336 3477 1431 3530 καὶ
1474 3475 1817 3530 Μακεδονίαν
1849 3476 2071 3545 τέμνον-

485 3588 647 3633 τες...
692 3569 1157 3639 (Strymonem)...
1213 3568 1466 3640 ὀρίζοντα
1518 3568 1618 3639 μὲν
1663 3568 1802 3639 πρὸς
1854 3584 2069 3638 μεσημ-

486 3662 720 3732 ϐρίαν...
760 3661 983 3732 Θρᾴκην
1017 3662 1113 3715 καὶ
1161 3663 1530 3725 Μακεδονίαν,
1579 3660 1718 3730 πρὸς
1754 3660 1801 3712 δ’
1836 3660 2072 3729 ἄρκτους

487 3753 588 3816 τάς
619 3769 675 3803 τε
701 3752 907 3806 Μυσῶν
937 3753 1123 3823 χώρας
1153 3752 1246 3805 καί¹
1279 3753 1524 3821 ποταμὸν
1564 3754 1653 3804 τὸν
1686 3754 1920 3822 Ἴστρον.
1954 3769 2072 3812 t'ttt.

490 3843 680 3909 11;ιι,
713 3845 766 3906 5,
820 3843 888 3899 4:
950 3843 1404 3914 Ἀποδοθήσεσθαι
1445 3843 1516 3895 τὰ
1562 3843 1692 3913 περὶ
1721 3843 1943 3914 Θρᾴκην
1983 3843 2077 3895 καὶ

490 3936 830 3990 Μακεδονίαν
880 3937 1056 4008 χωρία
1087 3939 1198 3999 τοῖς
1249 3935 1666 4007 προῦπάρξασιν
1713 3936 1771 4000 ἐς
1811 3934 1902 3988 τὸν
1947 3935 2078 4005 κλῆ-

495 4047 656 4099 ρον...
711 4031 849 4101 μετὰ
877 4029 1079 4094 παντὸς
1127 4029 1223 4083 τοῦ
1269 4029 1553 4102 Θρᾳκικοῦ
1598 4028 2075 4101 στρατεύματος...

491 4123 550 4184 ἐς
589 4122 993 4192 Θεσσαλονίκην
1042 4123 1402 4193 ἐπίτροπος...
1431 4123 1539 4175 τῶν
1588 4122 1690 4192 τῆς
1735 4123 2078 4184 Μακεδονίας

494 4211 913 4281 πραγμάτων...
953 4212 1088 4281 μετά
1121 4212 1214 4265 τοῦ
1240 4210 1615 4264 Μακεδονικοῦ
1647 4212 2076 4278 στρατεύματος.

495 4316 572 4364 ιιι,
597 4300 652 4364 4,
691 4300 767 4354 5:
805 4301 886 4354 Τὰ
929 4301 1279 4354 Μακεδονικὰ
1333 4300 1442 4353 τῶν
1485 4299 1771 4368 Ῥωμαίων
1815 4298 2079 4368 στρατεύο

501 4407 671 4460 ματα.
704 4405 780 4455 ιι,
816 4391 868 4456 5,
904 4394 924 4444 I
954 4410 968 4446 :
1001 4391 1105 4444 Τδν
1134 4393 1417 4460 Ἴστρον...
1451 4391 1792 4461 κατέδραμον
1816 4390 1914 4456 τὴν
1947 4389 2082 4441 Ῥω-

501 4480 704 4550 μαῖκὴν
733 4480 956 4553 Θρᾴκην
983 4483 1113 4554 ἄχρι
1145 4483 1419 4553 Θαλάττης
1442 4481 1936 4553 Ἑλλησποντίας...
1963 4481 2084 4551 ληΐ-
2115 4488 2162 4544 1)

498 4571 683 4634 ζονται
739 4571 982 4644 Θρᾴκην.
1017 4577 1169 4629 Adde
1213 4591 1288 4638 χι,
1348 4575 1518 4641 4,11.
1553 4574 1754 4628 Deinde
1801 4590 1876 4637 x1,
1909 4576 1962 4640 9,
2007 4573 2082 4628 2:

509 4663 646 4716 Ἀπὸ
690 4663 916 4736 Θρᾴκης
965 4667 1021 4729 ἐς
1067 4667 1476 4721 Μακεδονίαν...
1527 4667 1787 4737 μεταϐὰς.
1840 4683 1959 4731 χιιι,
1996 4666 2081 4733 12,

501 4754 570 4810 I:
618 4755 706 4817 Ἐς
740 4755 838 4823 τὴν
885 4757 1108 4828 Θρᾴκην
1146 4757 1533 4828 περαιούμενοι
1574 4757 1827 4828 Τοῦρκοι.
1870 4759 1934 4811 Iit
1972 4759 2086 4812 haec

499 4845 717 4915 quidem
761 4864 886 4902 t'cre
950 4852 1247 4904 secundum
1294 4865 1449 4902 usum
1509 4850 1721 4904 dicendi
1771 4849 2081 4904 classicum.

503 4938 761 5008 Strymon
801 4940 946 4994 enim
986 4956 1106 4994 cum
1155 4942 1352 4996 Cavala
1398 4941 1770 4997 Macedoniam
1813 4955 1867 4997 et
1901 4942 2078 4996 Tbra-

2180 3330 2324 3374 clum
2360 3317 2449 3379 sit,
2504 3324 2563 3368 ut
2601 3312 2856 3377 Thracia,
2897 3309 3034 3362 inter
3083 3304 3314 3382 Hebrum
3350 3313 3467 3352 cum
3507 3292 3753 3359 Rhodope

2178 3421 2228 3464 et
2263 3409 2494 3463 Pontum
2531 3406 2797 3460 Euxinum
2821 3403 2948 3465 sita,
2977 3401 3252 3454 diceretur
3275 3389 3606 3446 Macedonia.

2253 3522 2589 3589 Nicephorus
2637 3515 2838 3572 Callisti
2892 3509 3175 3582 (1101⁸111ῑὶ1.
3211 3502 3370 3570 1555)
3413 3500 3467 3553 in
3513 3492 3753 3589 Historia

2179 3583 2531 3671 ecclesiastica
2569 3625 2724 3671 xvm,
2754 3605 2822 3661 58
2857 3604 2986 3674 (Vul.
3033 3599 3099 3665 II,
3131 3613 3181 3666 p.
3224 3595 3328 3651 858
3351 3593 3439 3646 ed.
3465 3583 3756 3643 Frontonis

2185 3706 2384 3775 Durati)
2409 3723 2422 3758 :
2452 3700 2703 3769 Χαγᾶνός
2739 3693 2994 3765 (Avarus)
3023 3708 3081 3744 τε
3122 3687 3228 3759 μὴν
3266 3677 3754 3775 ἐξιὼνλαθραίως,

2184 3799 2282 3855 καὶ
2326 3799 2426 3867 τὴν
2469 3792 2564 3847 τοῦ
2593 3788 2902 3850 Μακεδόνος
2938 3767 3399 3852 καταδραμὼν..
3430 3774 3488 3828 Itt
3537 3767 3756 3838 reliquis

2183 3866 2436 3948 omnibus
2471 3888 2605 3942 locis
2627 3883 2860 3940 Thracia
2891 3879 3063 3935 utitur
3098 3888 3291 3932 sensus
3320 3866 3539 3932 veteris,
3571 3880 3647 3916 sc.
3677 3877 3756 3924 ις,

2183 3985 2238 4051 II,
2283 3984 2338 4047 5,
2368 3983 2422 4048 7,
2458 3981 2548 4047 55,
2578 3981 2682 4047 Ut;
2727 3995 2783 4041 ι,
2821 3977 2886 4041 9;
2931 3990 3007 4038 ιιι,
3042 3975 3094 4040 7,
3135 3969 3227 4032 29,
3254 3965 3345 4026 I8.
3372 3962 3472 4025 50;
3520 3952 3754 4051 κινῇ-ἐῢ.

2181 4041 2251 4132 25
2269 4094 2286 4144 ;
2304 4041 2439 4138 sint,
2468 4041 2613 4140 5,28
2635 4090 2650 4137 ;
2669 4041 2949 4132 'xvm,28,
2973 4065 3060 4115 57.
3100 4063 3241 4112 Idem
3265 4046 3617 4144 vero-x1155):
3644 4041 3756 4140 Τὴν

2183 4135 2407 4238 Θρᾴκην
2427 4135 2785 4231 παραμείψας
2817 4151 3069 4222 (Thracia
3100 4143 3331 4211 relicta),
3353 4139 3451 4238 την
3480 4135 3758 4238 Ἀδριανοςι

2187 4224 2619 4322 κὰτελάμϐανεν,
2650 4224 2704 4319 ἡὴ
2738 4249 2796 4300 ἐν
2850 4246 2962 4305 τοῖς
3020 4238 3190 4310 ὁρίοις
3232 4231 3568 4291 Μακεδονίας
3619 4224 3756 4278 ὲστί.

2190 4347 2294 4403 Ubi
2325 4360 2504 4402 sermo
2532 4352 2617 4398 est
2643 4344 2708 4395 de
2740 4341 2871 4407 imp.
2898 4335 3142 4396 Valente,
3169 4326 3546 4400 prolicisccnte
3573 4327 3758 4373 contra

2185 4441 2411 4499 Gothos.
2469 4437 2769 4506 Imperator
2806 4439 3010 4492 autem,
3042 4435 3292 4494 egressus
3325 4415 3502 4486 Cpoli,
3555 4408 3756 4506 Barba-

2191 4550 2281 4590 ros
2315 4534 2465 4602 juxta
2496 4503 2882 4595 Adrianopolin
2912 4519 3244 4589 assequitur,
3277 4513 3466 4568 relicta
3497 4503 3754 4602 Thracia,

2185 4598 2327 4699 quas
2362 4626 2419 4679 in
2474 4620 2802 4676 Macedonia:
2858 4614 3046 4677 ﬁnibus
3095 4611 3200 4664 sita
3243 4615 3342 4662 est.
3395 4605 3471 4658 Ita
3525 4598 3758 4698 scriptor

2189 4690 2542 4789 Iiyzantinus.
2567 4709 2944 4778 Adriauopolis
2975 4706 3138 4776 igitur
3167 4703 3219 4754 in
3255 4697 3482 4754 meridie
3507 4690 3758 4748 thematis

2191 4806 2527 4865 Macedonici
2561 4806 2724 4859 situm
2754 4801 3009 4856 habuisse
3037 4798 3269 4852 videtur.

2261 4921 2446 4976 Finem
2503 4919 2651 4973 nisce
2687 4914 3012 4971 testimoniis
3045 4913 3326 4988 imponant
3377 4902 3604 4960 Michael
3653 4900 3763 4953 Ilu-

504 4996 646 5083 ciailt
695 5031 821 5084 olim
872 5031 1181 5098 dirimebat,
1237 5034 1360 5088 con,
1398 5034 1572 5102 γωδ,
1606 5037 1677 5090 δε
1716 5035 1787 5089 Τδ
1821 5037 1949 5106 περὶ
1989 5035 2086 5106 τὴν
2189 5031 2304 5079 cas,
2355 5013 2627 5067 Laonicus
2681 5007 3097 5106 Chalcoudylas,
3148 5001 3416 5106 ﬁeorgius
3470 4996 3764 5058 Phrantza,

504 5122 744 5192 Χριστού
756 5121 908 5176 πολιν
959 5096 1172 5196 μακρὸν
1219 5125 1400 5179 ἔκτισε
1421 5096 1621 5197 “τεῖχος
1670 5127 1781 5181 ἀπὸ
1809 5096 2075 5199 θαλάσσης

2187 5107 2384 5164 smculo
2418 5107 2627 5162 decimo
2653 5105 2842 5174 quinto
2875 5096 3213 5170 assignandi.

509 5213 672 5283 μέχρι
701 5213 800 5283 τῆς
828 5214 922 5268 τοῦ
963 5218 1372 5288 παρακειμένου
1406 5219 1566 5291 ὅρους
1590 5220 1935 5290 ἀκρωνυχίας
1961 5235 1973 5248 ·
2010 5221 2086 5283 ὡς
2127 5225 2132 5230 ”

504 5305 706 5359 ἄϐατον
728 5300 942 5358 εἶναιτὸ
964 5310 1162 5379 χωρίον
1187 5311 1443 5376 καθάπαξ
1467 5312 1542 5382 μὴ
1573 5311 1882 5382 βουλομένῳ
1896 5312 1970 5383 τῷ
1990 5312 2087 5382 βα-

509 5397 650 5451 σιλεῖ
675 5400 788 5462 τοῖς
817 5401 866 5452 τ’
898 5403 961 5453 ἐκ
988 5402 1326 5468 Μακεδονίας
1360 5407 1416 5467 ἐς
1458 5405 1680 5476 Θρᾴκην
1711 5405 1952 5458 ἐθέλουσι
1975 5406 2092 5458 δια-

511 5488 736 5554 ϐαίνειν,
763 5493 874 5555 τοῖς
905 5493 953 5543 τ’
981 5493 1090 5545 ἀπὸ
1112 5493 1332 5565 Θρᾴκης
1363 5497 1419 5558 ἐς
1447 5497 1809 5550 Μακεδονίαν.
1829 5497 1960 5550 Ibid.
1991 5512 2088 5561 ιιι,

2264 5217 2493 5272 Michael
2549 5217 2724 5269 Ducas
2780 5212 2869 5278 (ex
2918 5209 3154 5264 editione
3206 5203 3428 5269 Bonn.).
3484 5201 3533 5255 Is
3569 5198 3656 5266 (ad
3711 5209 3763 5252 a.

2196 5310 2354 5380 I551)
2390 5325 2508 5378 cap.
2533 5308 2602 5362 5:
2643 5305 2852 5368 Ἐξεισι
2881 5304 2983 5372 τῆς
3025 5297 3460 5357 Κωνσταντίνου,
3503 5294 3598 5346 καὶ
3631 5289 3764 5358 πρὸς

2193 5401 2532 5459 Μακεδονίαν
2570 5399 2963 5468 μεθίσταται...
2990 5393 3090 5457 τὰς
3115 5391 3224 5444 τῶν
3260 5387 3589 5444 Μακεδόνων
3626 5383 3766 5444 ἴλας.

2193 5495 2338 5549 Idem
2385 5509 2503 5562 cap.
2547 5491 2620 5545 22
2667 5491 2742 5560 (p.
2803 5488 2922 5551 II'I,
2959 5487 3044 5541 ed.
3071 5485 3232 5552 cit.):
3278 5483 3388 5537 Καὶ
3439 5475 3628 5539 διαϐὰς
3678 5475 3766 5526 τὸν

509 5575 561 5642 8,
597 5579 665 5632 2:
699 5580 780 5634 Τὰ
820 5582 951 5652 περὶ
979 5583 1447 5653 Χριστοὺπολιν...
1501 5586 1730 5640 στενὰ...
1785 5584 2090 5648 διεϐίϐαζεν
2196 5586 2444 5660 πορθμὸν
2477 5581 2929 5654 (Ilcilcspoututn)
2959 5575 3094 5650 ἧκεν
3128 5579 3208 5642 εἰς
3260 5568 3766 5645 Ἀδριανούπολιν...

513 5671 712 5733 αὐτοὺς
755 5673 818 5725 ἐκ
853 5675 1193 5741 Μακεδονίας
1227 5682 1304 5744 είς
1337 5681 1558 5752 Θρᾴκην
1585 5681 1713 5748 ἄχρι
1747 5677 1840 5731 τοῦ
1871 5677 2090 5737 Ἑλλησ-

514 5764 727 5818 πόντου,
787 5763 922 5821 Ibid.
959 5785 1080 5840 vut,
1121 5773 1174 5838 6,
1211 5773 1285 5826 7:
1338 5774 1400 5826 Οἱ
1447 5772 1606 5843 μέχρι
1642 5771 2091 5840 Χριστουπόλεως

2199 5681 2289 5732 καὶ
2319 5675 2547 5744 ἐξελθὼν
2577 5675 2684 5728 ἀπὸ
2715 5673 2938 5743 Θρᾴκην
2970 5673 3029 5742 (i.
3060 5688 3108 5726 e.
3143 5672 3197 5724 ἁ.
3226 5665 3467 5739 Θρᾴκης)
3500 5660 3661 5736 ἦλθεν
3693 5663 3772 5722 εἰς

2201 5768 2609 5824 Μακεδονίαν...
2656 5764 2792 5836 πρὸς
2822 5765 2888 5819 τὰ
2931 5766 3028 5838 τῆς
3067 5762 3362 5824 Θετταλίας
3400 5759 3539 5831 μέρη
3573 5753 3769 5823 κατέρ-
