4044 6210
292 344 351 409 ξι
1409 326 1809 400 vmiouuu
1855 294 2413 399 PR/EI?A'FIONES.
2881 342 2891 351 ’
3461 331 3531 403 49

288 472 546 527 χονται...
586 448 993 517 απαντηοὲντας
1024 448 1189 514 ἐγγὺς
1233 447 1307 509 εἰς
1346 446 1415 498 τὰ
1457 446 1555 514 τῆς
1592 445 1861 497 Θεσσαλο-

1986 448 2190 501 »οδιιιιιο
2223 459 2467 500 securem
2502 458 2653 498 suam
2699 443 2934 499 caedendi
2962 458 3121 501 causa
3166 447 3339 502 eidem
3370 450 3528 505 saluii

296 548 457 613 νίκης
495 545 707 613 μέρη...
738 541 837 595 Ubi
881 538 1110 593 Thracia
1143 550 1227 591 est
1271 537 1746 605 Adrianopolitana
1779 552 1861 591 re-

288 642 409 708 gio;
449 636 762 691 MacedOnia
795 646 921 685 vero
946 630 1017 683 nil
1048 630 1213 694 aliud,
1248 644 1408 697 quam
1435 628 1692 682 meridies
1728 628 1867 681 inter

287 726 810 796 Constantinopolim
872 732 925 777 et
980 722 1218 776 Hebrum
1285 718 1517 784 flumen;
1587 719 1865 773 Thessalia

288 825 460 884 idem,
515 820 656 887 quod
708 813 1094 870 Thessalonica
1153 812 1313 865 medii
1360 812 1456 864 aevi
1487 850 1501 872 ,
1552 810 1865 864 Macedonia

295 927 556 967 veterum.
594 909 734 962 Idem
767 916 889 976 ’cap.
944 906 1015 959 25
1045 903 1119 973 (p.
1167 904 1289 965 I32)
1320 923 1333 957 :
1368 905 1476 955 Kal
1503 903 1646 965 ὡς...
1697 919 1865 955 κατα-

296 1005 485 1073 στῆσαι
519 1002 706 1053 τοῦτον
746 998 980 1068 ἄρχοντα
1027 995 1366 1057 Μακεδονίας
1393 996 1487 1047 καὶ
1524 994 1863 1064 Χερρονήσου

295 1097 384 1150 καὶ
430 1096 610 1163 πάσης
650 1093 895 1163 Θρᾴκης.
946 1089 1003 1143 In
1062 1089 1284 1155 reliquis
1330 1087 1643 1142 Macedonia
1700 1086 1868 1138 utitur

288 1201 445 1241 sensu
476 1197 746 1246 veterum,
770 1196 818 1236 e.
851 1198 932 1251 gr.
965 1195 1082 1250 cap.
1112 1180 1176 1233 19
1201 1181 1275 1248 (p.
1305 1178 1395 1242 9-l,
1428 1178 1541 1245 92).
1579 1179 1651 1231 De
1683 1176 1866 1229 Thcs-

287 1278 426 1333 Salia
458 1278 617 1345 hujus
650 1275 932 1344 scriptoris
965 1274 1190 1342 posthac
1224 1272 1544 1327 videbimus.

362 1363 1032 1432 LaouicnsChalcondylas
1053 1362 1187 1414 libro
1202 1362 1375 1428 primo
1391 1377 1421 1427 p
1434 1400 1445 1411 .
1460 1362 1550 1424 3'5,
1570 1359 1863 1413 ed.Bunn.:

304 1457 718 1527 Ἀμουράτης..,
776 1456 834 1515 ἐς
878 1454 978 1521 τὴν
1009 1451 1279 1522 Εὐρώπην
1319 1450 1513 1510 διαὸὰς
1545 1490 1584 1503 ..
1631 1454 1723 1502 καὶ
1774 1452 1867 1503 ἐπὶ

1971 537 2221 600 init-rent,
2263 547 2457 590 eventu
2501 544 2699 599 tamen,
2741 545 2801 589 ut
2835 551 3088 603 auguror,
3120 539 3396 608 aliquanto
3428 545 3531 596 mi-

1968 644 2119 692 nore,
2164 643 2324 695 quam
2372 625 2553 679 Vestra
2607 626 2733 679 mihi
2784 642 2961 679 rerum
3014 630 3247 693 cognitio
3279 641 3329 685 et
3378 632 3528 687 decis

1971 720 2126 772 dcudi
2164 718 2456 771 dexteritas
2495 718 2700 785 pridem
2731 718 3037 786 spopondit.
3064 720 3343 776 Postremo
3368 722 3536 778 Thra-

1969 810 2067 861 cia:
2087 808 2466 875 geographiam
2498 818 2616 874 post
2647 821 2794 859 meas
2818 807 3329 863 Thessalonicenses
3364 812 3537 881 Egna—

1973 896 2253 968 tianzisque
2279 900 2675 953 lucubratiOues
2704 914 2843 952 nunc
2872 900 3109 954 maxime
3132 901 3326 955 iterato
3350 902 3531 958 labore

1969 994 2273 1061 aggrediar.

2044 1081 2160 1135 Dixi
2201 1081 2254 1134 in
2286 1080 2727 1135 antecedentibus
2761 1096 2776 1133 :
2812 1078 2934 1132 Jam
2963 1081 3129 1145 primo
3166 1084 3372 1137 urbium
3402 1092 3535 1154 qua-

1975 1172 2219 1233 rumdam
2270 1171 2426 1238 hujus
2460 1169 2784 1224 Macedonia:
2840 1172 3051 1223 nomina
3094 1172 3395 1236 citabimus,
3435 1191 3537 1243 quo

1970 1279 2071 1315 non
2117 1262 2320 1329 ﬁrmius
2363 1272 2555 1315 nostra:
2589 1264 2861 1316 sententia:
2901 1262 3307 1329 fundamentum
3352 1266 3535 1334 jacere

1966 1369 2259 1420 possumus.
2332 1351 2462 1404 Dein
2502 1362 2654 1404 terra:
2710 1355 2874 1419 ipsius
2923 1355 3403 1409 deuomiuatiouem
3448 1373 3541 1423 per

1969 1443 2185 1511 longum
2216 1442 2529 1496 swrulorum
2560 1445 2793 1496 ordinem
2833 1461 3218 1513 persequemur.
3268 1444 3539 1501 Postremo

303 1547 743 1618 Ἀδριανούπολιν
776 1546 998 1605 ἐλάσας,
1025 1544 1092 1594 τὰ
1129 1542 1377 1611 βασίλειά
1404 1544 1452 1592 οἱ
1494 1541 1655 1593 αὐέοὖ
1688 1543 1872 1609 ἐποιή-

1981 1533 2252 1585 ridebimus
2284 1538 2542 1599 quomodo
2572 1534 2768 1601 factum
2814 1537 2879 1588 sit
2931 1548 2984 1589 ut
3018 1538 3117 1589 ista
3159 1537 3395 1593 Thracia!
3418 1556 3541 1603 pars

291 1656 445 1692 σατο.
497 1637 612 1691 Καὶ
668 1634 917 1687 ἐντεῦθεν
952 1631 1272 1701 ὁρμώμενος
1323 1628 1567 1696 ἐληῖζετο
1620 1630 1718 1699 τὴν
1774 1630 1873 1699 τῆς

292 1724 631 1789 ἣίακεδονάς
658 1727 945 1795 μεσόγαιον
970 1724 1173 1794 χώρανε

1976 1621 2241 1674 diceretur
2273 1622 2611 1676 Macedonia.

2047 1713 2140 1782 Egi
2173 1714 2335 1783 igitur
2369 1715 2435 1768 de
2479 1716 2785 1770 nominibus
2837 1720 3049 1772 urbium
3082 1720 3430 1783 Macedoniae.
3462 1725 3543 1776 in-

367 1822 425 1875 In
479 1787 700 1888 reliquis
751 1818 1011 1872 Laonicus
1050 1815 1358 1869 Macedonia
1401 1814 1567 1868 utitur
1618 1826 1857 1867 veterum
1894 1787 1934 1841 Β
1968 1820 2049 1863 ter
2080 1809 2311 1864 Potitum
2356 1811 2623 1863 Euxinum
2678 1810 3080 1881 Rhodopenque
3116 1817 3264 1881 siue;
3298 1817 3425 1871 hinc
3462 1819 3529 1871 de

294 1930 481 1979 sensu,
514 1914 639 1968 item
674 1912 793 1965 aliis
838 1911 1015 1966 terris.
1045 1909 1138 1963 Est
1172 1918 1350 1961 autem
1386 1909 1430 1963 is
1483 1906 1681 1961 ultimae
1706 1906 1858 1961 Grae-

293 2007 479 2061 Citatis
507 2006 743 2074 scriptor
779 2002 1000 2055 minime
1023 2000 1470 2061 contemnendus,
1508 2009 1617 2051 tum
1644 2008 1864 2066 pmpter

299 2096 612 2147 ubertatem
648 2091 936 2158 quamdam
983 2096 1037 2141 et
1075 2087 1394 2153 elegantiam
1428 2086 1709 2147 narrandi,
1752 2097 1862 2137 tum

306 2184 673 2251 maximopere
697 2182 767 2235 ob
800 2195 1014 2233 sensum
1051 2178 1337 2245 quemdam
1362 2177 1869 2245 ethnographicum,

301 2274 459 2343 cujus
511 2287 678 2341 pauca
741 2272 881 2340 apud
934 2280 1311 2324 antecessores
1361 2268 1582 2337 vestigia
1620 2267 1866 2335 equidem

299 2364 652 2431 deprehendi.

371 2451 630 2517 Georgius
670 2450 936 2503 Phrantza
973 2449 1111 2504 libro
1148 2463 1185 2512 ι,
1223 2448 1280 2501 Ii
1317 2448 1392 2518 (p.
1418 2447 1486 2502 46
1508 2451 1592 2503 ed.
1630 2448 1864 2518 Bonn.):

300 2543 645 2613 Περάσαντες
676 2543 725 2594 οἱ
766 2542 998 2611 Ὶόὖρκοι
1029 2542 1085 2592 ὲν
1113 2543 1179 2610 τῇ
1208 2541 1444 2610 Εὐρώπῃ
1485 2541 1565 2602 εἰς
1593 2539 1693 2609 τὴν
1722 2541 1868 2610 Χεῤ-

304 2635 528 2705 ρόνησον
555 2622 655 2702 τῆς
680 2634 969 2704 Θρᾴκης...
1002 2630 1189 2684 λοιπὸν
1218 2633 1247 2683 ὁ
1289 2632 1629 2702 Ἀμουράτης
1652 2631 1744 2684 καὶ
1774 2632 1872 2700 τῆς

315 2725 803 2795 Ἀδριανουπόλεως
833 2724 1107 2794 ἐγκρατὴς
1138 2723 1448 2791 γενόμενος,
1480 2726 1574 2777 καὶ
1602 2722 1735 2775 πολὺ
1767 2722 1869 2792 μὲ-

305 2833 396 2887 ρος
424 2817 488 2868 ὲκ
511 2818 606 2884 τῆς
641 2808 977 2877 Μακεδονίας
1010 2816 1104 2867 καὶ
1136 2814 1470 2884 Βουλγαρίας
1502 2814 1592 2868 καὶ
1622 2813 1869 2883 Σερὸίας,

301 2925 360 2961 κ.
392 2924 443 2960 τ.
502 2907 554 2960 λ.
591 2905 732 2960 Idem
770 2907 898 2961 ibid.
953 2922 1001 2961 c.
1034 2907 1102 2959 Q6
1133 2906 1209 2976 (p.
1259 2906 1325 2961 80
1372 2906 1459 2959 ed.
1501 2905 1655 2972 cit.):
1707 2899 1875 2968 υἷιτος

304 3002 596 3073 πρῶτος...
627 3003 683 3054 ὲν
725 3005 836 3064 τοῖς
866 3005 963 3071 τῆς
994 2999 1250 3070 Εὐρώτης
1281 3000 1472 3070 μέρεάι
1502 3001 1748 3069 περάσας
1777 3001 1874 3071 τὴν

1967 1906 2112 1957 terra
2139 1904 2273 1971 ipsa,
2309 1918 2416 1957 uno
2433 1904 2609 1969 capite
2634 1905 2739 1956 duo
2774 1904 2984 1973 imperii
3023 1904 3260 1958 themata
3283 1907 3538 1975 jungens.

1971 1982 2216 2048 Thracia:
2241 2002 2296 2048 et
2322 1993 2669 2049 Macedonia).
2701 1988 2879 2058 Quare
2912 2009 3039 2048 vero
3080 2010 3187 2049 non
3233 1997 3340 2049 duo
3372 1999 3547 2066 capita

1971 2085 2221 2149 formavi,
2252 2095 2311 2139 ut
2332 2096 2487 2139 erant
2527 2086 2633 2139 duo
2685 2086 2918 2139 themata
2936 2085 2967 2151 ’ίΔ
3017 2086 3146 2151 Ejus
3192 2090 3267 2141 rei
3326 2104 3546 2142 causam

1974 2175 2309 2230 brevissimis
2368 2192 2659 2245 exponam.
2719 2176 2966 2230 Nondum
3033 2178 3260 2242 inveni,
3318 2179 3539 2246 quinam

1980 2258 2112 2319 lines
2170 2267 2451 2335 utriusque
2486 2268 2741 2321 thematis
2788 2267 3013 2332 fuerint,
3048 2268 3100 2322 id
3147 2271 3287 2338 quod
3326 2270 3377 2323 in
3417 2270 3547 2324 reli—

1975 2357 2100 2425 quis
2127 2350 2455 2412 thematibus
2490 2359 2825 2412 commodius
2858 2359 3150 2427 significari
3184 2375 3343 2430 posse
3385 2362 3540 2413 vide-

1977 2460 2103 2516 tur;
2151 2450 2369 2504 dubium
2420 2466 2636 2519 quoque
2694 2460 2749 2505 et
2803 2466 3001 2521 anceps
3052 2454 3367 2507 etiamnunc
3409 2455 3545 2508 mihi

1978 2550 2181 2606 manet,
2210 2550 2496 2609 utrumque
2521 2543 2695 2595 thema
2729 2558 2855 2594 num
2886 2543 3079 2609 duplex
3109 2558 3321 2613 semper
3358 2544 3541 2606 fuerit,

1978 2645 2044 2685 an
2074 2633 2268 2700 saepius
2295 2632 2485 2685 unum?
2512 2631 2644 2685 Nam
2669 2648 2775 2701 que
2803 2633 2901 2686 ista
2930 2632 3348 2703 Byzmdinorum
3379 2633 3550 2686 Thra-

1980 2723 2061 2777 cia
2092 2733 2145 2777 et
2193 2723 2501 2778 Macedonia
2555 2739 2659 2777 non
2708 2729 2823 2777 erat
2873 2738 3062 2791 reapse
3099 2725 3200 2777 nisi
3234 2722 3548 2778 Macedonia

1983 2814 2265 2879 Thracica,
2314 2816 2387 2887 (ὁ)
2436 2817 2591 2885 longe
2632 2826 2807 2872 tamen
2842 2818 2943 2872 alia
2996 2833 3025 2871 a
3080 2818 3547 2872 Thessalonicensi

1983 2906 2299 2961 Macedonia
2331 2906 2731 2978 (Thessalonica
2782 2909 2941 2962 inedii
2983 2910 3126 2977 (cvi).
3179 2909 3548 2962 Nihilominus

1984 2999 2184 3068 aliquid
2207 3013 2419 3069 quoque
2450 2999 2647 3052 laboris
2686 2994 2833 3054 hisce
2868 3001 3176 3069 quisquiliis
3218 3001 3549 3070 impendam,-

306 3093 703 3148 Καλλιούπολιν
742 3091 1064 3157 κατέλαϐεν,
1093 3089 1210 3145 εἶτα
1244 3094 1339 3145 καὶ
1366 3093 1463 3162 τὴν
1501 3093 1875 3161 Ἀδριανούπο-

1982 3092 2048 3142 ad
2102 3091 2347 3159 graviora
2399 3091 2592 3146 deinde
2652 3107 2972 3160 properans,
3028 3108 3090 3148 ea
3149 3093 3373 3158 scilicet,
3428 3110 3550 3164 quin

304 3186 409 3239 λιν.
450 3185 685 3255 Ὁμοίως
714 3185 806 3238 καὶ
841 3185 1028 3253 ἕτερον
1058 3184 1158 3236 οὐκ
1198 3184 1378 3251 ὀλίγον
1414 3184 1575 3253 μέρος
1598 3185 1697 3253 τῆς
1727 3185 1874 3257 Θρᾴ-

305 3292 411 3345 κης
431 3277 528 3329 καὶ
554 3275 889 3337 Μακεδονίας
911 3274 1120 3328 ἔλαϐεν.
1143 3273 1273 3339 Qum
1302 3274 1521 3328 omnino
1552 3276 1873 3329 conferenda

306 3377 435 3422 sunt
481 3382 601 3421 cum
644 3366 869 3422 Laonici
920 3365 1301 3436 Cbalcondylte
1331 3365 1511 3420 verbis
1550 3367 1709 3420 modo
1756 3382 1874 3420 me-

307 3455 551 3510 moratis.
588 3453 731 3511 Idem
764 3456 895 3510 Phr.
927 3469 1001 3521 tv,
1029 3455 1091 3508 I7
1124 3454 1200 3525 (p.
1228 3454 1332 3508 400
1354 3455 1451 3509 ed.’
1475 3455 1625 3524 cit.):
1658 3456 1750 3518 Εἰς
1776 3455 1875 3525 τὴν

315 3548 661 3612 θεοδὸξαστον
706 3548 1300 3611 Κωνσταντινούπολιν,
1344 3548 1440 3618 τὴν
1506 3547 1871 3618 Σηλυμϐρίαν,

307 3640 410 3710 τὴν
451 3638 812 3709 Ἡράκλειαν,
864 3643 924 3691 τὸ
954 3638 1286 3704 Ῥαιδεστὸν,
1336 3638 1432 3709 τὴν
1483 3637 1873 3691 Καλλιούπολιν

308 3734 408 3786 καὶ
436 3733 536 3796 τὰς
569 3732 734 3794 ἄλλας
762 3732 863 3801 τῆς
892 3731 1230 3794 Μακεδονίας
1260 3730 1441 3795 πόλεις
1466 3730 1519 3802 [e
1542 3731 1684 3786 bulla
1711 3746 1871 3785 aurea

311 3823 657 3891 imperatoris
686 3822 981 3875 Andronici
997 3820 1275 3891 Palmologi
1310 3836 1450 3885 sen.,
1478 3836 1566 3873 an.
1594 3821 1731 3876 ηδε
1755 3820 1874 3875 Μο-

308 3911 664 3969 nembasiotis
697 3909 861 3979 data].

383 3999 517 4062 Ohe,
538 3997 658 4066 jam
696 3999 828 4051 satis
866 3995 1157 4064 superque!
1191 3994 1452 4058 Quorsum
1490 3995 1695 4055 attinet,
1727 4001 1878 4044 tanta

311 4109 404 4146 nos
436 4090 849 4145 testimoniorum
873 4096 1015 4140 strue
1042 4086 1143 4139 nisi
1175 4087 1411 4150 obruere,
1438 4095 1610 4137 tamen
1649 4085 1881 4137 obnubi-

312 4172 463 4236 δανεγ
482 4181 610 4250 Ejus
629 4179 842 4250 generis
861 4173 1078 4232 li’estras
1096 4175 1343 4245 equidem
1363 4190 1522 4235 voces
1541 4176 1738 4229 dudum
1758 4188 1879 4242 per-

315 4276 492 4344 cipere
518 4274 651 4326 mihi
679 4271 883 4333 videor,
906 4268 1200 4321 Fautorum
1219 4285 1318 4338 par
1337 4268 1757 4321 colendissimum
1776 4265 1875 4337 (I).

316 4363 579 4434 Regeram
632 4378 783 4426 vero,
835 4376 939 4431 quo
975 4375 1060 4415 me
1118 4359 1420 4414 delendam.
1452 4360 1505 4412 In
1546 4374 1604 4412 re
1640 4359 1874 4412 nondum

1983 3197 2200 3236 causam
2256 3192 2534 3251 spectant,
2595 3199 2763 3252 quare
2816 3184 3046 3240 Thracia
3114 3187 3348 3241 Hebrum
3413 3190 3555 3245 inter

1983 3274 2319 3344 Pontumqne
2354 3276 2616 3329 Euxinum
2646 3278 2746 3331 sita
2795 3278 3061 3331 diceretur
3094 3278 3423 3333 MacedOnia.

2051 3364 2462 3419 Constantinum
2505 3366 3023 3438 Porphyrogenitum
3056 3350 3293 3436 primum
3328 3370 3551 3440 Europa:

1982 3469 2091 3509 sua:
2108 3454 2287 3510 thema
2312 3456 2598 3512 Thraciam
2624 3458 3133 3525 dicere,secundum
3159 3459 3550 3527 Macedoniam,

1980 3550 2196 3602 tertium
2225 3548 2589 3620 Strymonem,
2609 3560 2737 3615 etc.,
2765 3551 3143 3620 inscriptiones
3178 3553 3295 3607 libri
3322 3538 3554 3607 Thema-

1984 3647 2091 3693 lum
2115 3641 2432 3707 posterioris
2459 3645 2831 3696 demonstrant
2853 3641 2930 3710 (p.
2953 3642 3056 3697 Ilii
3080 3643 3238 3712 hujus
3256 3646 3551 3717 editionis).

1979 3728 2408 3783 Ccriumniarum
2441 3733 2677 3801 ejusdem
2727 3735 2863 3789 liber
2911 3735 3048 3789 idem
3088 3746 3312 3790 testatur
3356 3738 3449 3790 lib.
3493 3752 3553 3798 ll,

1979 3834 2101 3888 cap.
2130 3818 2223 3885 52,
2257 3822 2345 3873 ubi
2367 3821 2609 3875 Thraciae
2633 3840 2834 3890 prmscs
2867 3824 2949 3878 bis
2974 3826 3284 3880 semelante
3314 3826 3561 3880 Macedo-‘-

1980 3911 2081 3961 nire
2129 3910 2409 3976 praesidem
2459 3916 3291 3981 memoratur;postremolarga
3322 3916 3559 3983 reliquo-

1984 4012 2102 4048 rum
2126 3998 2731 4065 tcstimoniorumseges
2760 4014 2827 4052 ex
2852 4000 3042 4053 eodem
3070 4012 3263 4069 cap.et
3299 4004 3560 4059 Hieroclis

1988 4080 2329 4153 Syurcdemo.
2403 4084 2629 4154 Jamque
2693 4087 2745 4141 in
2819 4089 2918 4141 hac
2992 4099 3173 4143 nostra
3265 4093 3563 4160 quaestione

1987 4179 2352 4247 maximopere
2390 4178 2768 4233 attendendum
2820 4180 3032 4234 videtur
3060 4182 3123 4234 ad
3150 4196 3270 4234 eum
3311 4183 3555 4237 ordinent

1983 4285 2090 4339 quo
2149 4270 2425 4337 utriusque
2476 4270 2710 4338 regionis
2749 4271 2965 4323 nomina
3019 4282 3122 4325 uno
3162 4270 3274 4325 fere
3324 4272 3559 4340 scripto-

1984 4376 2101 4414 rum
2124 4376 2217 4413 ore
2245 4360 2499 4413 citantur.
2531 4359 2631 4424 Qui
2663 4376 2766 4415 non
2792 4361 2930 4415 alius
2954 4374 3057 4424 εει,
3086 4378 3243 4431 quam
3269 4364 3353 4416 hic
3375 4381 3387 4416 :
3413 4362 3559 4433 Θρᾲ-

322 4450 684 4525 pervestigata
742 4445 1019 4522 religionis
1073 4460 1122 4506 et
1152 4452 1437 4521 probitatis
1485 4464 1603 4504 esse
1642 4455 1875 4511 constat.

1991 4468 2061 4521 κη
2092 4454 2185 4505 καὶ
2225 4452 2555 4515 Μακεδονία,
2604 4453 2719 4507 sive
2759 4454 2970 4525 Θρᾷκές
3005 4472 3062 4506 τε
3093 4456 3184 4507 καὶ
3230 4455 3557 4517 Μακεδόνες.

322 4547 501 4601 omnia
528 4561 639 4599 suae
685 4558 861 4599 causa:
910 4553 1225 4614 argumenta
1264 4544 1316 4595 in
1351 4542 1583 4595 medium
1619 4540 1883 4610 proferre,

260 4627 274 4649 ³
323 4646 475 4690 caute
514 4635 721 4690 scilicet
751 4634 1044 4703 pouderata
1088 4631 1293 4699 riteque
1321 4630 1603 4699 disposita,
1641 4631 1781 4682 unde
1803 4630 1890 4695 ju-

260 4788 263 4789 ν
321 4728 627 4781 dicantibus
655 4724 997 4781 commodior
1024 4721 1352 4791 intelligendi
1387 4722 1615 4776 facultas
1640 4736 1894 4791 procure-

322 4821 449 4873 tur:
488 4826 571 4871 est
620 4828 801 4870 autem
853 4813 1173 4869 eruditionis
1221 4826 1433 4881 quoque
1482 4812 1719 4880 probitas
1751 4827 1897 4880 quic-

324 4912 445 4964 dam
484 4920 536 4963 et
573 4908 759 4978 religio
793 4906 1041 4971 tenenda,
1080 4922 1183 4958 non
1235 4906 1332 4958 fori
1364 4905 1723 4959 solummodo.
1762 4905 1890 4958 Dein

327 5002 776 5071 typographorum
807 5001 1008 5052 chartae
1040 4998 1390 5066 patientiores
1418 5007 1541 5051 sum
1573 4997 1893 5065 ineptiarum

325 5094 458 5161 ipsis
517 5093 895 5158 impositorum
955 5103 1123 5159 atque
1183 5090 1483 5151 illitarum,
1540 5105 1698 5157 quam
1752 5088 1891 5142 oeuli

324 5188 482 5240 unius
543 5186 839 5240 alteriusve
899 5183 1228 5253 legentium;
1262 5198 1431 5249 qume
1475 5183 1517 5235 si
1570 5197 1686 5235 mea
1740 5181 1896 5233 Vobis

324 5279 757 5332 testimoniorum
795 5278 928 5331 silva
954 5278 1101 5346 justo
1134 5275 1360 5345 spissior
1395 5276 1681 5337 videbitur,
1712 5290 1775 5327 en
1806 5274 1895 5327 alii

396 5420 468 5489 (ὁ)
497 5419 609 5474 Leo
644 5418 871 5487 Sapiens
901 5419 953 5471 in
1002 5433 1107 5489 suo
1147 5418 1499 5489 ecclesiarum
1538 5416 1718 5489 indice
1759 5416 1894 5489 :‘TQJ

334 5480 661 5557 Ἠρακλείας
713 5480 1128 5555 (ntetropolitm),
1164 5488 1383 5558 Θρᾴκης
1410 5488 1503 5538 καὶ
1527 5480 1890 5558 Μακεδονίας.

324 5559 519 5628 Script.
556 5572 675 5627 post
709 5558 1091 5628 Theophanem
1134 5559 1218 5609 ed.
1264 5559 1390 5628 Ven.
1427 5571 1477 5622 p.
1518 5557 1668 5628 I05“:
1712 5557 1897 5628 Μακε-

326 5625 507 5693 δονίας
536 5625 636 5698 ἑῆς
660 5630 903 5701 Θρᾴκης.
948 5626 1148 5679 Ibidem
1183 5642 1302 5694 pag.
1332 5626 1457 5689 Q25,
1488 5625 1575 5679 ed.
1610 5625 1783 5677 Bonn.
1816 5627 1891 5691 (in

1986 4543 2310 4597 Inversiouis
2353 4542 2596 4610 exempla
2643 4545 2925 4599 rarissima
2988 4559 3147 4611 esse,
3187 4546 3563 4601 antecedentia

1989 4634 2378 4703 patefecerunt.

2062 4723 2303 4778 Primum
2343 4725 2507 4793 igitur
2540 4728 2716 4780 thema
2747 4726 2997 4792 Thracia,
3023 4726 3072 4780 id
3102 4737 3183 4782 est
3212 4728 3559 4798 Byzantium,

1995 4817 2118 4882 erit,
2173 4832 2295 4872 cum
2336 4831 2463 4884 agro
2496 4817 2693 4880 vicino,
2738 4819 2892 4885 cujus
2934 4822 3112 4872 tamen
3150 4819 3284 4873 ﬁnes
3318 4821 3561 4873 nomium

1995 4909 2213 4970 inveni;
2280 4908 2577 4962 secundum
2622 4908 2953 4962 Macedon-ia.
2992 4909 3066 4963 De
3103 4911 3183 4968 his
3232 4911 3342 4962 vid.
3388 4911 3564 4980 ipsum

1990 4998 2398 5054 Constantinum
2438 4999 2603 5069 (pag.
2648 4998 2751 5053 I09
2790 5000 3018 5067 hujusce
3044 5000 3198 5069 edit.)
3240 5019 3252 5053 :
3284 5001 3357 5053 Τὸ
3388 5002 3566 5054 τοίνυν

1995 5092 2134 5160 Οέμα
2196 5092 2290 5160 τῆς
2350 5090 2573 5160 Θρᾴκης
2615 5091 2738 5160 ἄρτι
2788 5106 2956 5159 nuper
3015 5091 3114 5160 τὴν
3161 5092 3309 5145 θέσιν
3371 5093 3567 5160 (insti-

1998 5182 2282 5251 tutionem)
2322 5183 2413 5233 καὶ
2452 5183 2550 5253 τὴν
2584 5181 2880 5251 ὀνομασίαν
2910 5182 3063 5252 ἔλαχε
3101 5183 3355 5253 θέματος.
3392 5184 3482 5247 ἀφ’
3507 5175 3566 5233 οὗ

1996 5275 2055 5327 τὸ
2084 5274 2192 5327 τῶν
2220 5274 2546 5342 Βουλγάρων
2571 5274 2724 5342 γένος
2754 5273 2843 5327 τὸν
2865 5274 3077 5343 Ἴστρον
3110 5273 3345 5342 ποταμὸν
3386 5269 3567 5323 διεπέ-

2004 5416 2204 5471 Basilio
2263 5416 2576 5476 Macedone.
2609 5433 2730 5487 cap.
2793 5416 2846 5487 9i
2894 5433 2906 5468 :
2968 5418 3067 5487 Ὲκν
3092 5411 3427 5487 Μακεδονίας
3463 5412 3569 5487 ¹τῆς

2005 5490 2244 5558 βρᾴκης.
2311 5489 2381 5540 De
2431 5488 2659 5541 Thracia
2680 5482 2746 5540 ἰιι
2800 5485 3110 5558 Macedonia
3150 5482 3405 5558 Cononis,
3461 5483 3571 5558 imp

2009 5550 2190 5609 I’hbtii
2244 5560 2560 5625 patriarclne
2608 5559 2797 5625 (I‘hot.
2844 5556 3095 5625 Biblioth.
3134 5569 3183 5618 p.
3240 5550 3357 5606 MO.
3389 5570 3439 5607 a.
3479 5554 3567 5608 ed.

2006 5624 2215 5693 δάιε),
2246 5623 2361 5680 vide
2392 5623 2723 5695 Epitut-tium
2774 5623 3216 5677 Strabonianutn.

395 5744 467 5808 (1.)
504 5744 593 5793 DD
632 5743 677 5791 .I.
705 5743 762 5790 Ρ.
794 5741 1112 5798 Ιπαιιηρτειερι·
1136 5746 1187 5786 et
1211 5741 1267 5787 P.
1299 5740 1344 5788 J.
1374 5737 1875 5802 εςὴεΐειτίιί,ίρυ11)υςι

1981 5753 2155 5788 ssucm
2183 5744 2481 5803 nuncupavit
2507 5756 2589 5788 aut.
2602 5747 2691 5788 tor.
2726 5739 2856 5787 lion.

638 5830 907 5888 PATROL.
955 5827 1071 5884 (iu.
1122 5826 1346 5885 CXIII.

3200 5826 3237 5882 2
