  <div class='ocr_page' id='page_1' title='image "/cluster/home/n/w/nwhite01/storage/ocr_20150623/113/hvd.32044073502270/025.png"; bbox 0 0 4014 6212; ppageno 0'>
   <div class='ocr_carea' id='block_1_1' title="bbox 374 299 1936 370">
    <p class='ocr_par' dir='ltr' id='par_1_1' title="bbox 374 305 1936 370">
     <span class='ocr_line' id='line_1_1' title="bbox 374 305 1936 370; baseline -0.005 0"><span class='ocrx_word' id='word_1_1' title='bbox 374 308 442 370; x_wconf 66' lang='grc'><strong>43</strong></span> <span class='ocrx_word' id='word_1_2' title='bbox 1483 305 1888 365; x_wconf 77' lang='lat' dir='ltr'><strong>VARIORUM</strong></span> <span class='ocrx_word' id='word_1_3' title='bbox 1929 305 1936 362; x_wconf 73' lang='lat'>1</span> 
     </span>
    </p>
   </div>
   <div class='ocr_carea' id='block_1_2' title="bbox 2042 299 3621 370">
    <p class='ocr_par' dir='ltr' id='par_1_2' title="bbox 2042 299 3621 363">
     <span class='ocr_line' id='line_1_2' title="bbox 2042 299 3621 363; baseline 0.001 -3"><span class='ocrx_word' id='word_1_4' title='bbox 2042 299 2486 362; x_wconf 75' lang='lat' dir='ltr'><strong>rEFATlONES.</strong></span> <span class='ocrx_word' id='word_1_5' title='bbox 3549 302 3621 363; x_wconf 75' lang='grc'><strong>44</strong></span> 
     </span>
    </p>
   </div>
   <div class='ocr_carea' id='block_1_3' title="bbox 378 411 3624 492">
    <p class='ocr_par' dir='ltr' id='par_1_3' title="bbox 378 411 3624 492">
     <span class='ocr_line' id='line_1_3' title="bbox 378 411 3624 492; baseline -0.002 -17"><span class='ocrx_word' id='word_1_6' title='bbox 378 439 562 492; x_wconf 75' lang='grc' dir='ltr'>ρασεν,</span> <span class='ocrx_word' id='word_1_7' title='bbox 611 421 733 472; x_wconf 54' lang='grc' dir='ltr'><strong>ἐπεὶ¹</strong></span> <span class='ocrx_word' id='word_1_8' title='bbox 789 422 1050 490; x_wconf 79' lang='grc' dir='ltr'>πρότερον</span> <span class='ocrx_word' id='word_1_9' title='bbox 1089 418 1169 480; x_wconf 82' lang='grc' dir='ltr'><strong>είς</strong></span> <span class='ocrx_word' id='word_1_10' title='bbox 1207 416 1481 486; x_wconf 73' lang='grc' dir='ltr'><strong>βασιλείας</strong></span> <span class='ocrx_word' id='word_1_11' title='bbox 1511 417 1695 478; x_wconf 78' lang='grc' dir='ltr'>διττάς</span> <span class='ocrx_word' id='word_1_12' title='bbox 1755 415 1824 485; x_wconf 88' lang='lat' dir='ltr'><strong>(c)</strong></span> <span class='ocrx_word' id='word_1_13' title='bbox 1867 415 1944 468; x_wconf 85' lang='grc' dir='ltr'>δι·</span> <span class='ocrx_word' id='word_1_14' title='bbox 1975 418 2020 476; x_wconf 80' lang='grc' dir='ltr'><strong>Α</strong></span> <span class='ocrx_word' id='word_1_15' title='bbox 2045 415 2169 477; x_wconf 68' lang='grc'><strong>486,</strong></span> <span class='ocrx_word' id='word_1_16' title='bbox 2206 415 2290 468; x_wconf 86' lang='lat' dir='ltr'><strong>ed.</strong></span> <span class='ocrx_word' id='word_1_17' title='bbox 2329 414 2524 478; x_wconf 78' lang='lat' dir='ltr'><strong>8mm.)</strong></span> <span class='ocrx_word' id='word_1_18' title='bbox 2555 431 2566 466; x_wconf 94' lang='lat'><strong>:</strong></span> <span class='ocrx_word' id='word_1_19' title='bbox 2607 413 2759 466; x_wconf 79' lang='grc' dir='ltr'>Κατά</span> <span class='ocrx_word' id='word_1_20' title='bbox 2792 413 2897 464; x_wconf 80' lang='grc' dir='ltr'><strong>τῶν</strong></span> <span class='ocrx_word' id='word_1_21' title='bbox 2938 411 3140 467; x_wconf 78' lang='grc' dir='ltr'><strong>ἄποθεν</strong></span> <span class='ocrx_word' id='word_1_22' title='bbox 3173 412 3266 465; x_wconf 84' lang='grc' dir='ltr'>τοῦ</span> <span class='ocrx_word' id='word_1_23' title='bbox 3300 414 3473 482; x_wconf 80' lang='grc' dir='ltr'>Αἴμου</span> <span class='ocrx_word' id='word_1_24' title='bbox 3514 433 3624 469; x_wconf 82' lang='grc' dir='ltr'>κω-</span> 
     </span>
    </p>
   </div>
   <div class='ocr_carea' id='block_1_4' title="bbox 372 505 1942 582">
    <p class='ocr_par' dir='ltr' id='par_1_4' title="bbox 372 505 1942 582">
     <span class='ocr_line' id='line_1_4' title="bbox 372 505 1942 582; baseline -0.006 -15"><span class='ocrx_word' id='word_1_25' title='bbox 372 510 564 582; x_wconf 82' lang='grc' dir='ltr'>ῄρητο.</span> <span class='ocrx_word' id='word_1_26' title='bbox 592 510 702 563; x_wconf 78' lang='grc' dir='ltr'><strong>Καὶ</strong></span> <span class='ocrx_word' id='word_1_27' title='bbox 742 507 1111 578; x_wconf 75' lang='grc' dir='ltr'>μαρτυροῦσιν</span> <span class='ocrx_word' id='word_1_28' title='bbox 1152 507 1292 561; x_wconf 82' lang='grc' dir='ltr'>αὐτὰ</span> <span class='ocrx_word' id='word_1_29' title='bbox 1334 509 1403 561; x_wconf 84' lang='grc' dir='ltr'><strong>τὰ</strong></span> <span class='ocrx_word' id='word_1_30' title='bbox 1435 508 1674 576; x_wconf 84' lang='grc' dir='ltr'>ὀνόματα</span> <span class='ocrx_word' id='word_1_31' title='bbox 1704 505 1816 558; x_wconf 81' lang='grc' dir='ltr'><strong>τῶν</strong></span> <span class='ocrx_word' id='word_1_32' title='bbox 1845 507 1942 558; x_wconf 82' lang='grc' dir='ltr'>πό-</span> 
     </span>
    </p>
   </div>
   <div class='ocr_carea' id='block_1_5' title="bbox 373 598 1942 673">
    <p class='ocr_par' dir='ltr' id='par_1_5' title="bbox 373 598 1942 673">
     <span class='ocr_line' id='line_1_5' title="bbox 373 598 1942 673; baseline -0.004 -17"><span class='ocrx_word' id='word_1_33' title='bbox 373 604 530 667; x_wconf 84' lang='grc' dir='ltr'>λεων,</span> <span class='ocrx_word' id='word_1_34' title='bbox 560 603 595 673; x_wconf 80' lang='grc' dir='ltr'>ἥ</span> <span class='ocrx_word' id='word_1_35' title='bbox 631 619 689 653; x_wconf 80' lang='grc' dir='ltr'>τε</span> <span class='ocrx_word' id='word_1_36' title='bbox 720 599 1054 669; x_wconf 82' lang='grc' dir='ltr'>Μεσημϐρία</span> <span class='ocrx_word' id='word_1_37' title='bbox 1089 600 1182 652; x_wconf 71' lang='grc' dir='ltr'><strong>καὶ</strong></span> <span class='ocrx_word' id='word_1_38' title='bbox 1221 601 1254 670; x_wconf 75' lang='grc' dir='ltr'>ἡ</span> <span class='ocrx_word' id='word_1_39' title='bbox 1293 599 1632 670; x_wconf 77' lang='grc' dir='ltr'>Σηλυμϐρία,</span> <span class='ocrx_word' id='word_1_40' title='bbox 1677 598 1942 669; x_wconf 81' lang='grc' dir='ltr'>βασιλέων</span> 
     </span>
    </p>
   </div>
   <div class='ocr_carea' id='block_1_6' title="bbox 374 691 1942 762">
    <p class='ocr_par' dir='ltr' id='par_1_6' title="bbox 374 691 1942 762">
     <span class='ocr_line' id='line_1_6' title="bbox 374 691 1942 762; baseline -0.003 -15"><span class='ocrx_word' id='word_1_41' title='bbox 374 693 744 762; x_wconf 72' lang='grc' dir='ltr'><strong>προσηγορίας</strong></span> <span class='ocrx_word' id='word_1_42' title='bbox 792 692 1012 760; x_wconf 79' lang='grc' dir='ltr'>ἔχουσαι</span> <span class='ocrx_word' id='word_1_43' title='bbox 1077 691 1279 758; x_wconf 84' lang='grc' dir='ltr'>πόλεις,</span> <span class='ocrx_word' id='word_1_44' title='bbox 1335 691 1465 762; x_wconf 78' lang='grc' dir='ltr'>πρὶν</span> <span class='ocrx_word' id='word_1_45' title='bbox 1514 692 1612 762; x_wconf 75' lang='grc' dir='ltr'><strong>τὴν</strong></span> <span class='ocrx_word' id='word_1_46' title='bbox 1655 691 1762 743; x_wconf 83' lang='grc' dir='ltr'><strong>τῶν</strong></span> <span class='ocrx_word' id='word_1_47' title='bbox 1809 691 1942 743; x_wconf 84' lang='grc' dir='ltr'><strong>Ῥω-</strong></span> 
     </span>
    </p>
   </div>
   <div class='ocr_carea' id='block_1_7' title="bbox 379 781 1943 855">
    <p class='ocr_par' dir='ltr' id='par_1_7' title="bbox 379 781 1943 855">
     <span class='ocr_line' id='line_1_7' title="bbox 379 781 1943 855; baseline -0.003 -17"><span class='ocrx_word' id='word_1_48' title='bbox 379 787 551 855; x_wconf 84' lang='grc' dir='ltr'>μαίων</span> <span class='ocrx_word' id='word_1_49' title='bbox 605 781 885 852; x_wconf 84' lang='grc' dir='ltr'>βασιλείαν</span> <span class='ocrx_word' id='word_1_50' title='bbox 929 783 1230 854; x_wconf 83' lang='grc' dir='ltr'><strong>αὐξηθῆναι</strong></span> <span class='ocrx_word' id='word_1_51' title='bbox 1267 823 1280 837; x_wconf 92' lang='grc'><strong>.</strong></span> <span class='ocrx_word' id='word_1_52' title='bbox 1323 821 1338 837; x_wconf 95' lang='grc'><strong>.</strong></span> <span class='ocrx_word' id='word_1_53' title='bbox 1411 783 1680 854; x_wconf 86' lang='grc' dir='ltr'>Ἐπαρχία</span> <span class='ocrx_word' id='word_1_54' title='bbox 1709 783 1766 835; x_wconf 79' lang='grc' dir='ltr'>δὲ</span> <span class='ocrx_word' id='word_1_55' title='bbox 1797 783 1943 852; x_wconf 76' lang='grc' dir='ltr'><strong>Θρᾲο</strong></span> 
     </span>
    </p>
   </div>
   <div class='ocr_carea' id='block_1_8' title="bbox 373 874 1940 946">
    <p class='ocr_par' dir='ltr' id='par_1_8' title="bbox 373 874 1940 946">
     <span class='ocr_line' id='line_1_8' title="bbox 373 874 1940 946; baseline -0.003 -17"><span class='ocrx_word' id='word_1_56' title='bbox 373 894 475 946; x_wconf 89' lang='grc' dir='ltr'><strong>κης</strong></span> <span class='ocrx_word' id='word_1_57' title='bbox 505 877 593 944; x_wconf 81' lang='grc' dir='ltr'><strong>ὑφ’</strong></span> <span class='ocrx_word' id='word_1_58' title='bbox 641 876 884 946; x_wconf 75' lang='grc' dir='ltr'><strong>ἡγεμόνα</strong></span> <span class='ocrx_word' id='word_1_59' title='bbox 934 877 1188 929; x_wconf 76' lang='grc' dir='ltr'>ἐτέτακτο</span> <span class='ocrx_word' id='word_1_60' title='bbox 1225 884 1318 929; x_wconf 76' lang='grc' dir='ltr'>καὶ</span> <span class='ocrx_word' id='word_1_61' title='bbox 1366 875 1472 929; x_wconf 79' lang='grc' dir='ltr'><strong>ὑπὸ</strong></span> <span class='ocrx_word' id='word_1_62' title='bbox 1507 875 1599 929; x_wconf 84' lang='grc' dir='ltr'>τὸν</span> <span class='ocrx_word' id='word_1_63' title='bbox 1648 874 1940 944; x_wconf 69' lang='grc' dir='ltr'>λεγόμενον</span> 
     </span>
    </p>
   </div>
   <div class='ocr_carea' id='block_1_9' title="bbox 371 963 1939 1036">
    <p class='ocr_par' dir='ltr' id='par_1_9' title="bbox 371 963 1939 1036">
     <span class='ocr_line' id='line_1_9' title="bbox 371 963 1939 1036; baseline -0.002 -18"><span class='ocrx_word' id='word_1_64' title='bbox 371 964 734 1035; x_wconf 77' lang='grc' dir='ltr'>κονσιλιάριον</span> <span class='ocrx_word' id='word_1_65' title='bbox 775 1004 788 1018; x_wconf 96' lang='grc'><strong>.</strong></span> <span class='ocrx_word' id='word_1_66' title='bbox 856 967 1066 1036; x_wconf 80' lang='grc' dir='ltr'><strong>Ταῦρος</strong></span> <span class='ocrx_word' id='word_1_67' title='bbox 1091 965 1200 1036; x_wconf 77' lang='grc' dir='ltr'>γὰρ</span> <span class='ocrx_word' id='word_1_68' title='bbox 1227 1003 1243 1020; x_wconf 92' lang='grc'><strong>.</strong></span> <span class='ocrx_word' id='word_1_69' title='bbox 1276 1014 1285 1020; x_wconf 88' lang='grc'><strong>,</strong></span> <span class='ocrx_word' id='word_1_70' title='bbox 1325 965 1547 1034; x_wconf 77' lang='grc' dir='ltr'>ἐκράτει</span> <span class='ocrx_word' id='word_1_71' title='bbox 1579 964 1678 1032; x_wconf 78' lang='grc' dir='ltr'><strong>τῆς</strong></span> <span class='ocrx_word' id='word_1_72' title='bbox 1717 963 1939 1035; x_wconf 77' lang='grc' dir='ltr'><strong>Θρᾴκης</strong></span> 
     </span>
    </p>
   </div>
   <div class='ocr_carea' id='block_1_10' title="bbox 259 1046 1941 1126">
    <p class='ocr_par' dir='ltr' id='par_1_10' title="bbox 259 1046 1941 1126">
     <span class='ocr_line' id='line_1_10' title="bbox 259 1046 1941 1126; baseline -0.001 -18"><span class='ocrx_word' id='word_1_73' title='bbox 259 1046 263 1050; x_wconf 51' lang='grc'><em>”</em></span> <span class='ocrx_word' id='word_1_74' title='bbox 369 1056 464 1108; x_wconf 73' lang='grc' dir='ltr'><strong>ἐπὶ</strong></span> <span class='ocrx_word' id='word_1_75' title='bbox 506 1055 598 1109; x_wconf 88' lang='grc' dir='ltr'>τοῦ</span> <span class='ocrx_word' id='word_1_76' title='bbox 659 1056 894 1126; x_wconf 80' lang='grc' dir='ltr'><strong>μεγάλου</strong></span> <span class='ocrx_word' id='word_1_77' title='bbox 945 1055 1348 1109; x_wconf 85' lang='grc' dir='ltr'>Κωνσταντίνου</span> <span class='ocrx_word' id='word_1_78' title='bbox 1373 1096 1387 1120; x_wconf 91' lang='grc'><em>,</em></span> <span class='ocrx_word' id='word_1_79' title='bbox 1426 1055 1568 1125; x_wconf 76' lang='grc' dir='ltr'>ἔχων</span> <span class='ocrx_word' id='word_1_80' title='bbox 1615 1055 1706 1123; x_wconf 80' lang='grc' dir='ltr'><strong>ὑφ’</strong></span> <span class='ocrx_word' id='word_1_81' title='bbox 1749 1055 1941 1106; x_wconf 81' lang='grc' dir='ltr'>ἑαυτὸν</span> 
     </span>
    </p>
   </div>
   <div class='ocr_carea' id='block_1_11' title="bbox 371 1145 1939 1218">
    <p class='ocr_par' dir='ltr' id='par_1_11' title="bbox 371 1145 1939 1218">
     <span class='ocr_line' id='line_1_11' title="bbox 371 1145 1939 1218; baseline -0.001 -19"><span class='ocrx_word' id='word_1_82' title='bbox 371 1148 553 1212; x_wconf 81' lang='grc' dir='ltr'>πόλεις</span> <span class='ocrx_word' id='word_1_83' title='bbox 601 1148 689 1216; x_wconf 74' lang='grc' dir='ltr'><strong>ὑφ’</strong></span> <span class='ocrx_word' id='word_1_84' title='bbox 726 1147 971 1218; x_wconf 82' lang='grc' dir='ltr'><strong>ἡγεμόνα</strong></span> <span class='ocrx_word' id='word_1_85' title='bbox 1019 1149 1114 1201; x_wconf 79' lang='grc' dir='ltr'>καὶ</span> <span class='ocrx_word' id='word_1_86' title='bbox 1164 1147 1524 1218; x_wconf 88' lang='grc' dir='ltr'>κονσιλιάριον</span> <span class='ocrx_word' id='word_1_87' title='bbox 1557 1147 1626 1200; x_wconf 74' lang='grc'><strong>55</strong></span> <span class='ocrx_word' id='word_1_88' title='bbox 1655 1185 1669 1199; x_wconf 94' lang='grc'><strong>.</strong></span> <span class='ocrx_word' id='word_1_89' title='bbox 1700 1185 1716 1202; x_wconf 94' lang='grc'><strong>.</strong></span> <span class='ocrx_word' id='word_1_90' title='bbox 1747 1145 1824 1216; x_wconf 78' lang='grc'><strong>((1)</strong></span> <span class='ocrx_word' id='word_1_91' title='bbox 1866 1146 1939 1198; x_wconf 87' lang='grc' dir='ltr'>Τὸ</span> 
     </span>
    </p>
   </div>
   <div class='ocr_carea' id='block_1_12' title="bbox 366 1235 1939 1307">
    <p class='ocr_par' dir='ltr' id='par_1_12' title="bbox 366 1235 1939 1307">
     <span class='ocr_line' id='line_1_12' title="bbox 366 1235 1939 1307; baseline -0.002 -18"><span class='ocrx_word' id='word_1_92' title='bbox 366 1237 423 1289; x_wconf 86' lang='grc' dir='ltr'>δὲ</span> <span class='ocrx_word' id='word_1_93' title='bbox 452 1241 550 1306; x_wconf 84' lang='grc' dir='ltr'><strong>τῆς</strong></span> <span class='ocrx_word' id='word_1_94' title='bbox 573 1237 792 1307; x_wconf 81' lang='grc' dir='ltr'><strong>Θρᾴκης</strong></span> <span class='ocrx_word' id='word_1_95' title='bbox 817 1236 956 1305; x_wconf 87' lang='grc' dir='ltr'>θέμα</span> <span class='ocrx_word' id='word_1_96' title='bbox 981 1235 1085 1288; x_wconf 82' lang='grc' dir='ltr'><strong>ὑπὸ</strong></span> <span class='ocrx_word' id='word_1_97' title='bbox 1116 1235 1208 1289; x_wconf 80' lang='grc' dir='ltr'><strong>τὸν</strong></span> <span class='ocrx_word' id='word_1_98' title='bbox 1239 1235 1462 1306; x_wconf 77' lang='grc' dir='ltr'><strong>βασιλέα</strong></span> <span class='ocrx_word' id='word_1_99' title='bbox 1495 1236 1939 1289; x_wconf 80' lang='grc' dir='ltr'>Κωνσταντινου-</span> 
     </span>
    </p>
   </div>
   <div class='ocr_carea' id='block_1_13' title="bbox 369 1321 1940 1397">
    <p class='ocr_par' dir='ltr' id='par_1_13' title="bbox 369 1321 1940 1397">
     <span class='ocr_line' id='line_1_13' title="bbox 369 1321 1940 1397; baseline -0.001 -17"><span class='ocrx_word' id='word_1_100' title='bbox 369 1329 577 1392; x_wconf 83' lang='grc' dir='ltr'>πόλεως</span> <span class='ocrx_word' id='word_1_101' title='bbox 625 1328 879 1381; x_wconf 71' lang='grc' dir='ltr'>ἐτέτακτο</span> <span class='ocrx_word' id='word_1_102' title='bbox 903 1368 917 1382; x_wconf 90' lang='grc'><strong>.</strong></span> <span class='ocrx_word' id='word_1_103' title='bbox 957 1367 972 1383; x_wconf 94' lang='grc'><strong>.</strong></span> <span class='ocrx_word' id='word_1_104' title='bbox 1003 1329 1098 1381; x_wconf 75' lang='grc' dir='ltr'>καὶ</span> <span class='ocrx_word' id='word_1_105' title='bbox 1143 1327 1354 1380; x_wconf 72' lang='grc' dir='ltr'>οὐδέπω</span> <span class='ocrx_word' id='word_1_106' title='bbox 1393 1344 1478 1390; x_wconf 88' lang='grc' dir='ltr'>τις</span> <span class='ocrx_word' id='word_1_107' title='bbox 1529 1327 1835 1397; x_wconf 75' lang='grc' dir='ltr'>στρατηγὸς</span> <span class='ocrx_word' id='word_1_108' title='bbox 1871 1321 1940 1396; x_wconf 86' lang='grc' dir='ltr'>ἦν</span> 
     </span>
    </p>
   </div>
   <div class='ocr_carea' id='block_1_14' title="bbox 370 1412 1940 1486">
    <p class='ocr_par' dir='ltr' id='par_1_14' title="bbox 370 1412 1940 1486">
     <span class='ocr_line' id='line_1_14' title="bbox 370 1412 1940 1486; baseline 0.001 -19"><span class='ocrx_word' id='word_1_109' title='bbox 370 1418 539 1486; x_wconf 79' lang='grc' dir='ltr'>αὐτῷ.</span> <span class='ocrx_word' id='word_1_110' title='bbox 600 1417 716 1486; x_wconf 78' lang='grc' dir='ltr'><strong>Ἀφ’</strong></span> <span class='ocrx_word' id='word_1_111' title='bbox 742 1412 802 1469; x_wconf 78' lang='grc' dir='ltr'>οὗ</span> <span class='ocrx_word' id='word_1_112' title='bbox 828 1417 884 1469; x_wconf 76' lang='grc' dir='ltr'>δὲ</span> <span class='ocrx_word' id='word_1_113' title='bbox 912 1417 971 1468; x_wconf 83' lang='grc' dir='ltr'><strong>τὸ</strong></span> <span class='ocrx_word' id='word_1_114' title='bbox 995 1416 1326 1485; x_wconf 85' lang='grc' dir='ltr'>θεομίμητον</span> <span class='ocrx_word' id='word_1_115' title='bbox 1357 1416 1424 1485; x_wconf 81' lang='grc' dir='ltr'><strong>(ε)</strong></span> <span class='ocrx_word' id='word_1_116' title='bbox 1458 1416 1565 1469; x_wconf 88' lang='grc' dir='ltr'><strong>τῶν</strong></span> <span class='ocrx_word' id='word_1_117' title='bbox 1617 1415 1940 1486; x_wconf 82' lang='grc' dir='ltr'>Βουλγάρων</span> 
     </span>
    </p>
   </div>
   <div class='ocr_carea' id='block_1_15' title="bbox 370 1504 1940 1575">
    <p class='ocr_par' dir='ltr' id='par_1_15' title="bbox 370 1504 1940 1575">
     <span class='ocr_line' id='line_1_15' title="bbox 370 1504 1940 1575; baseline 0.003 -19"><span class='ocrx_word' id='word_1_118' title='bbox 370 1505 520 1567; x_wconf 69' lang='grc' dir='ltr'>ἔθνος</span> <span class='ocrx_word' id='word_1_119' title='bbox 546 1505 856 1575; x_wconf 76' lang='grc' dir='ltr'><strong>ἐπεραιώθη</strong></span> <span class='ocrx_word' id='word_1_120' title='bbox 885 1507 962 1568; x_wconf 87' lang='grc' dir='ltr'><strong>είς</strong></span> <span class='ocrx_word' id='word_1_121' title='bbox 995 1505 1134 1574; x_wconf 86' lang='lat' dir='ltr'><strong>(dele</strong></span> <span class='ocrx_word' id='word_1_122' title='bbox 1156 1504 1296 1559; x_wconf 87' lang='lat' dir='ltr'><strong>hanc</strong></span> <span class='ocrx_word' id='word_1_123' title='bbox 1323 1505 1529 1574; x_wconf 86' lang='lat' dir='ltr'><strong>vocem)</strong></span> <span class='ocrx_word' id='word_1_124' title='bbox 1546 1504 1635 1557; x_wconf 84' lang='grc' dir='ltr'><strong>τδν</strong></span> <span class='ocrx_word' id='word_1_125' title='bbox 1658 1505 1870 1573; x_wconf 84' lang='grc' dir='ltr'>Ἴστρον</span> <span class='ocrx_word' id='word_1_126' title='bbox 1890 1542 1904 1558; x_wconf 95' lang='grc'><strong>.</strong></span> <span class='ocrx_word' id='word_1_127' title='bbox 1925 1542 1940 1560; x_wconf 89' lang='lat'><strong>.</strong></span> 
     </span>
    </p>
   </div>
   <div class='ocr_carea' id='block_1_16' title="bbox 366 1595 1940 1669">
    <p class='ocr_par' dir='ltr' id='par_1_16' title="bbox 366 1595 1940 1669">
     <span class='ocr_line' id='line_1_16' title="bbox 366 1595 1940 1669; baseline -0.001 -19"><span class='ocrx_word' id='word_1_128' title='bbox 366 1599 488 1650; x_wconf 81' lang='grc' dir='ltr'>τότε</span> <span class='ocrx_word' id='word_1_129' title='bbox 527 1637 540 1650; x_wconf 95' lang='grc'><strong>.</strong></span> <span class='ocrx_word' id='word_1_130' title='bbox 573 1639 586 1653; x_wconf 93' lang='grc'><strong>.</strong></span> <span class='ocrx_word' id='word_1_131' title='bbox 623 1598 875 1669; x_wconf 82' lang='grc' dir='ltr'>βασιλεὺς</span> <span class='ocrx_word' id='word_1_132' title='bbox 923 1597 1242 1668; x_wconf 68' lang='grc' dir='ltr'>ἠναγκάσθη</span> <span class='ocrx_word' id='word_1_133' title='bbox 1281 1634 1297 1650; x_wconf 93' lang='grc'><strong>.</strong></span> <span class='ocrx_word' id='word_1_134' title='bbox 1341 1637 1355 1652; x_wconf 92' lang='grc'><strong>.</strong></span> <span class='ocrx_word' id='word_1_135' title='bbox 1387 1599 1465 1660; x_wconf 86' lang='grc' dir='ltr'>είς</span> <span class='ocrx_word' id='word_1_136' title='bbox 1515 1596 1748 1666; x_wconf 82' lang='grc' dir='ltr'>θέματος</span> <span class='ocrx_word' id='word_1_137' title='bbox 1785 1595 1940 1660; x_wconf 81' lang='grc' dir='ltr'>τάξιν</span> 
     </span>
    </p>
   </div>
   <div class='ocr_carea' id='block_1_17' title="bbox 367 1685 1940 1758">
    <p class='ocr_par' dir='ltr' id='par_1_17' title="bbox 367 1685 1940 1758">
     <span class='ocr_line' id='line_1_17' title="bbox 367 1685 1940 1758; baseline -0.003 -17"><span class='ocrx_word' id='word_1_138' title='bbox 367 1691 600 1757; x_wconf 81' lang='grc' dir='ltr'>ἀγαγεῖν</span> <span class='ocrx_word' id='word_1_139' title='bbox 658 1689 836 1752; x_wconf 70' lang='grc' dir='ltr'>αὐτὸ,</span> <span class='ocrx_word' id='word_1_140' title='bbox 891 1689 987 1742; x_wconf 78' lang='grc' dir='ltr'>καὶ</span> <span class='ocrx_word' id='word_1_141' title='bbox 1060 1686 1363 1758; x_wconf 77' lang='grc' dir='ltr'>στρατηγὸν</span> <span class='ocrx_word' id='word_1_142' title='bbox 1425 1689 1483 1740; x_wconf 81' lang='grc' dir='ltr'>ὲν</span> <span class='ocrx_word' id='word_1_143' title='bbox 1547 1685 1704 1757; x_wconf 81' lang='grc' dir='ltr'>αὐτῷ</span> <span class='ocrx_word' id='word_1_144' title='bbox 1760 1703 1940 1756; x_wconf 88' lang='grc' dir='ltr'>χειρο-</span> 
     </span>
    </p>
   </div>
   <div class='ocr_carea' id='block_1_18' title="bbox 368 1781 612 1850">
    <p class='ocr_par' dir='ltr' id='par_1_18' title="bbox 368 1781 612 1850">
     <span class='ocr_line' id='line_1_18' title="bbox 368 1781 612 1850; baseline 0 -18"><span class='ocrx_word' id='word_1_145' title='bbox 368 1781 612 1850; x_wconf 84' lang='grc' dir='ltr'>τονῆσαι.</span> 
     </span>
    </p>
   </div>
   <div class='ocr_carea' id='block_1_19' title="bbox 442 1869 1931 1940">
    <p class='ocr_par' dir='ltr' id='par_1_19' title="bbox 442 1869 1931 1940">
     <span class='ocr_line' id='line_1_19' title="bbox 442 1869 1931 1940; baseline -0.003 -14"><span class='ocrx_word' id='word_1_146' title='bbox 442 1871 672 1926; x_wconf 85' lang='lat' dir='ltr'><strong>Secundi</strong></span> <span class='ocrx_word' id='word_1_147' title='bbox 725 1870 1103 1940; x_wconf 78' lang='lat' dir='ltr'><strong>(Macedonici)</strong></span> <span class='ocrx_word' id='word_1_148' title='bbox 1159 1869 1412 1924; x_wconf 82' lang='lat' dir='ltr'><strong>thematis</strong></span> <span class='ocrx_word' id='word_1_149' title='bbox 1465 1870 1598 1924; x_wconf 86' lang='lat' dir='ltr'><strong>lines</strong></span> <span class='ocrx_word' id='word_1_150' title='bbox 1655 1869 1931 1938; x_wconf 85' lang='lat' dir='ltr'><strong>aliquanto</strong></span> 
     </span>
    </p>
   </div>
   <div class='ocr_carea' id='block_1_20' title="bbox 367 1959 1934 2030">
    <p class='ocr_par' dir='ltr' id='par_1_20' title="bbox 367 1959 1934 2030">
     <span class='ocr_line' id='line_1_20' title="bbox 367 1959 1934 2030; baseline -0.002 -14"><span class='ocrx_word' id='word_1_151' title='bbox 367 1964 703 2018; x_wconf 81' lang='lat' dir='ltr'><strong>commodius</strong></span> <span class='ocrx_word' id='word_1_152' title='bbox 738 1963 948 2016; x_wconf 79' lang='lat' dir='ltr'><strong>deliniri</strong></span> <span class='ocrx_word' id='word_1_153' title='bbox 984 1970 1254 2030; x_wconf 88' lang='lat' dir='ltr'><strong>poterunt.</strong></span> <span class='ocrx_word' id='word_1_154' title='bbox 1299 1961 1335 2014; x_wconf 91' lang='lat' dir='ltr'><strong>li</strong></span> <span class='ocrx_word' id='word_1_155' title='bbox 1371 1970 1497 2014; x_wconf 88' lang='lat' dir='ltr'><strong>sunt</strong></span> <span class='ocrx_word' id='word_1_156' title='bbox 1527 1959 1734 2015; x_wconf 83' lang='lat' dir='ltr'><strong>Pontus</strong></span> <span class='ocrx_word' id='word_1_157' title='bbox 1771 1960 1934 2014; x_wconf 79' lang='lat' dir='ltr'><strong>Euxi-</strong></span> 
     </span>
    </p>
   </div>
   <div class='ocr_carea' id='block_1_21' title="bbox 366 2054 1932 2123">
    <p class='ocr_par' dir='ltr' id='par_1_21' title="bbox 366 2054 1932 2123">
     <span class='ocr_line' id='line_1_21' title="bbox 366 2054 1932 2123; baseline -0.001 -13"><span class='ocrx_word' id='word_1_158' title='bbox 366 2074 502 2123; x_wconf 85' lang='lat' dir='ltr'><strong>nus;</strong></span> <span class='ocrx_word' id='word_1_159' title='bbox 546 2072 576 2110; x_wconf 92' lang='lat' dir='ltr'><strong>e</strong></span> <span class='ocrx_word' id='word_1_160' title='bbox 613 2059 771 2110; x_wconf 84' lang='lat' dir='ltr'><strong>borea</strong></span> <span class='ocrx_word' id='word_1_161' title='bbox 803 2055 1026 2110; x_wconf 85' lang='lat' dir='ltr'><strong>Danubii</strong></span> <span class='ocrx_word' id='word_1_162' title='bbox 1065 2054 1333 2109; x_wconf 81' lang='lat' dir='ltr'><strong>inferioris</strong></span> <span class='ocrx_word' id='word_1_163' title='bbox 1363 2064 1528 2120; x_wconf 88' lang='lat' dir='ltr'><strong>terra,</strong></span> <span class='ocrx_word' id='word_1_164' title='bbox 1560 2055 1768 2109; x_wconf 75' lang='lat' dir='ltr'><strong>scilicet</strong></span> <span class='ocrx_word' id='word_1_165' title='bbox 1803 2055 1932 2110; x_wconf 81' lang='lat' dir='ltr'><strong>Bul-</strong></span> 
     </span>
    </p>
   </div>
   <div class='ocr_carea' id='block_1_22' title="bbox 365 2145 1928 2219">
    <p class='ocr_par' dir='ltr' id='par_1_22' title="bbox 365 2145 1928 2219">
     <span class='ocr_line' id='line_1_22' title="bbox 365 2145 1928 2219; baseline 0.002 -18"><span class='ocrx_word' id='word_1_166' title='bbox 365 2151 540 2216; x_wconf 76' lang='lat' dir='ltr'><strong>garia,</strong></span> <span class='ocrx_word' id='word_1_167' title='bbox 602 2147 802 2201; x_wconf 66' lang='lat' dir='ltr'><strong>Serviat:</strong></span> <span class='ocrx_word' id='word_1_168' title='bbox 843 2161 938 2216; x_wconf 87' lang='lat' dir='ltr'><strong>per</strong></span> <span class='ocrx_word' id='word_1_169' title='bbox 983 2146 1196 2202; x_wconf 81' lang='lat' dir='ltr'><strong>Nissam</strong></span> <span class='ocrx_word' id='word_1_170' title='bbox 1237 2147 1510 2219; x_wconf 82' lang='lat' dir='ltr'><strong>contigua.</strong></span> <span class='ocrx_word' id='word_1_171' title='bbox 1561 2145 1697 2202; x_wconf 73' lang='lat' dir='ltr'><strong>Vide</strong></span> <span class='ocrx_word' id='word_1_172' title='bbox 1737 2145 1928 2204; x_wconf 85' lang='lat' dir='ltr'><strong>Hiero-</strong></span> 
     </span>
    </p>
   </div>
   <div class='ocr_carea' id='block_1_23' title="bbox 379 2235 1926 2306">
    <p class='ocr_par' dir='ltr' id='par_1_23' title="bbox 379 2235 1926 2306">
     <span class='ocr_line' id='line_1_23' title="bbox 379 2235 1926 2306; baseline 0 -15"><span class='ocrx_word' id='word_1_173' title='bbox 379 2240 540 2292; x_wconf 82' lang='lat' dir='ltr'><strong>clem.</strong></span> <span class='ocrx_word' id='word_1_174' title='bbox 570 2237 698 2305; x_wconf 84' lang='lat' dir='ltr'><strong>Qme</strong></span> <span class='ocrx_word' id='word_1_175' title='bbox 731 2239 867 2292; x_wconf 85' lang='lat' dir='ltr'><strong>mire</strong></span> <span class='ocrx_word' id='word_1_176' title='bbox 891 2248 1146 2306; x_wconf 88' lang='lat' dir='ltr'><strong>quantum</strong></span> <span class='ocrx_word' id='word_1_177' title='bbox 1176 2235 1747 2294; x_wconf 83' lang='lat' dir='ltr'><strong>conlirmatLaonicus</strong></span> <span class='ocrx_word' id='word_1_178' title='bbox 1765 2239 1926 2293; x_wconf 84' lang='lat' dir='ltr'><strong>Chal-</strong></span> 
     </span>
    </p>
   </div>
   <div class='ocr_carea' id='block_1_24' title="bbox 365 2328 1930 2400">
    <p class='ocr_par' dir='ltr' id='par_1_24' title="bbox 365 2328 1930 2400">
     <span class='ocr_line' id='line_1_24' title="bbox 365 2328 1930 2400; baseline 0.001 -16"><span class='ocrx_word' id='word_1_179' title='bbox 365 2331 622 2400; x_wconf 81' lang='lat' dir='ltr'><strong>condylas</strong></span> <span class='ocrx_word' id='word_1_180' title='bbox 652 2331 715 2383; x_wconf 81' lang='lat' dir='ltr'><strong>de</strong></span> <span class='ocrx_word' id='word_1_181' title='bbox 754 2331 904 2382; x_wconf 77' lang='lat' dir='ltr'><strong>rebus</strong></span> <span class='ocrx_word' id='word_1_182' title='bbox 946 2328 1182 2384; x_wconf 78' lang='lat' dir='ltr'><strong>Turcicis</strong></span> <span class='ocrx_word' id='word_1_183' title='bbox 1213 2330 1350 2384; x_wconf 87' lang='lat' dir='ltr'><strong>libro</strong></span> <span class='ocrx_word' id='word_1_184' title='bbox 1379 2330 1419 2391; x_wconf 82' lang='grc' dir='ltr'><strong>Ι,</strong></span> <span class='ocrx_word' id='word_1_185' title='bbox 1453 2345 1506 2399; x_wconf 91' lang='lat' dir='ltr'><strong>p.</strong></span> <span class='ocrx_word' id='word_1_186' title='bbox 1537 2329 1626 2395; x_wconf 77' lang='lat'><strong>36,</strong></span> <span class='ocrx_word' id='word_1_187' title='bbox 1651 2331 1737 2384; x_wconf 89' lang='lat' dir='ltr'><strong>ed.</strong></span> <span class='ocrx_word' id='word_1_188' title='bbox 1760 2329 1930 2385; x_wconf 89' lang='lat' dir='ltr'><strong>Bouu.</strong></span> 
     </span>
    </p>
   </div>
   <div class='ocr_carea' id='block_1_25' title="bbox 370 2421 1933 2492">
    <p class='ocr_par' dir='ltr' id='par_1_25' title="bbox 370 2421 1933 2492">
     <span class='ocr_line' id='line_1_25' title="bbox 370 2421 1933 2492; baseline 0.001 -14"><span class='ocrx_word' id='word_1_189' title='bbox 370 2423 630 2492; x_wconf 90' lang='lat' dir='ltr'><strong>(capitum</strong></span> <span class='ocrx_word' id='word_1_190' title='bbox 685 2421 837 2491; x_wconf 75' lang='lat' dir='ltr'><strong>signa</strong></span> <span class='ocrx_word' id='word_1_191' title='bbox 871 2422 1023 2477; x_wconf 82' lang='lat' dir='ltr'><strong>libris</strong></span> <span class='ocrx_word' id='word_1_192' title='bbox 1065 2437 1182 2482; x_wconf 74' lang='lat' dir='ltr'><strong>non</strong></span> <span class='ocrx_word' id='word_1_193' title='bbox 1210 2422 1411 2476; x_wconf 88' lang='lat' dir='ltr'><strong>addidit</strong></span> <span class='ocrx_word' id='word_1_194' title='bbox 1440 2421 1732 2486; x_wconf 83' lang='lat' dir='ltr'><strong>Bekkerus,</strong></span> <span class='ocrx_word' id='word_1_195' title='bbox 1768 2435 1827 2477; x_wconf 88' lang='lat' dir='ltr'><strong>ut</strong></span> <span class='ocrx_word' id='word_1_196' title='bbox 1878 2425 1933 2479; x_wconf 87' lang='lat' dir='ltr'><strong>in</strong></span> 
     </span>
    </p>
   </div>
   <div class='ocr_carea' id='block_1_26' title="bbox 365 2515 1931 2586">
    <p class='ocr_par' dir='ltr' id='par_1_26' title="bbox 365 2515 1931 2586">
     <span class='ocr_line' id='line_1_26' title="bbox 365 2515 1931 2586; baseline 0.002 -18"><span class='ocrx_word' id='word_1_197' title='bbox 365 2517 523 2570; x_wconf 81' lang='lat' dir='ltr'><strong>Anna</strong></span> <span class='ocrx_word' id='word_1_198' title='bbox 555 2517 690 2571; x_wconf 80' lang='lat' dir='ltr'><strong>bene</strong></span> <span class='ocrx_word' id='word_1_199' title='bbox 719 2515 1039 2586; x_wconf 88' lang='lat' dir='ltr'><strong>Schopenus</strong></span> <span class='ocrx_word' id='word_1_200' title='bbox 1065 2516 1231 2584; x_wconf 58' lang='lat' dir='ltr'><strong>fecit)</strong></span> <span class='ocrx_word' id='word_1_201' title='bbox 1256 2535 1268 2570; x_wconf 91' lang='lat'><strong>:</strong></span> <span class='ocrx_word' id='word_1_202' title='bbox 1295 2516 1432 2580; x_wconf 74' lang='grc' dir='ltr'>Τοὺς</span> <span class='ocrx_word' id='word_1_203' title='bbox 1465 2517 1649 2586; x_wconf 82' lang='grc' dir='ltr'>μέντοι</span> <span class='ocrx_word' id='word_1_204' title='bbox 1689 2518 1931 2586; x_wconf 85' lang='grc' dir='ltr'>Ίουργά·</span> 
     </span>
    </p>
   </div>
   <div class='ocr_carea' id='block_1_27' title="bbox 368 2603 1934 2678">
    <p class='ocr_par' dir='ltr' id='par_1_27' title="bbox 368 2603 1934 2678">
     <span class='ocr_line' id='line_1_27' title="bbox 368 2603 1934 2678; baseline -0.001 -18"><span class='ocrx_word' id='word_1_205' title='bbox 368 2623 499 2676; x_wconf 87' lang='grc' dir='ltr'>ρους</span> <span class='ocrx_word' id='word_1_206' title='bbox 529 2606 624 2678; x_wconf 87' lang='lat' dir='ltr'><strong>(ita</strong></span> <span class='ocrx_word' id='word_1_207' title='bbox 656 2606 1117 2677; x_wconf 81' lang='lat' dir='ltr'><strong>negligentissime</strong></span> <span class='ocrx_word' id='word_1_208' title='bbox 1144 2603 1414 2660; x_wconf 76' lang='lat' dir='ltr'><strong>Bekkerus</strong></span> <span class='ocrx_word' id='word_1_209' title='bbox 1433 2647 1450 2668; x_wconf 83' lang='lat'><em>.</em></span> <span class='ocrx_word' id='word_1_210' title='bbox 1509 2615 1564 2660; x_wconf 87' lang='grc' dir='ltr'><strong>ιιι</strong></span> <span class='ocrx_word' id='word_1_211' title='bbox 1608 2606 1934 2676; x_wconf 67' lang='lat' dir='ltr'><strong>lege-Bon).-</strong></span> 
     </span>
    </p>
   </div>
   <div class='ocr_carea' id='block_1_28' title="bbox 367 2692 1937 2765">
    <p class='ocr_par' dir='ltr' id='par_1_28' title="bbox 367 2692 1937 2765">
     <span class='ocr_line' id='line_1_28' title="bbox 367 2692 1937 2765; baseline 0 -17"><span class='ocrx_word' id='word_1_212' title='bbox 367 2695 590 2764; x_wconf 88' lang='grc' dir='ltr'>γάρους)</span> <span class='ocrx_word' id='word_1_213' title='bbox 634 2693 726 2756; x_wconf 79' lang='grc' dir='ltr'>οὓς</span> <span class='ocrx_word' id='word_1_214' title='bbox 759 2694 909 2748; x_wconf 86' lang='grc' dir='ltr'>κάτω</span> <span class='ocrx_word' id='word_1_215' title='bbox 956 2692 1170 2747; x_wconf 71' lang='grc' dir='ltr'>Μυσίαν</span> <span class='ocrx_word' id='word_1_216' title='bbox 1198 2693 1450 2747; x_wconf 87' lang='grc' dir='ltr'>καλοῦσιν</span> <span class='ocrx_word' id='word_1_217' title='bbox 1478 2695 1528 2747; x_wconf 80' lang='grc' dir='ltr'><strong>οι</strong></span> <span class='ocrx_word' id='word_1_218' title='bbox 1557 2694 1777 2765; x_wconf 78' lang='grc' dir='ltr'>ἄμεινον</span> <span class='ocrx_word' id='word_1_219' title='bbox 1816 2695 1937 2748; x_wconf 81' lang='grc' dir='ltr'>Ἐλο</span> 
     </span>
    </p>
   </div>
   <div class='ocr_carea' id='block_1_29' title="bbox 367 2783 1934 2856">
    <p class='ocr_par' dir='ltr' id='par_1_29' title="bbox 367 2783 1934 2856">
     <span class='ocr_line' id='line_1_29' title="bbox 367 2783 1934 2856; baseline 0.002 -19"><span class='ocrx_word' id='word_1_220' title='bbox 367 2786 598 2854; x_wconf 81' lang='grc' dir='ltr'>ληνικῆς</span> <span class='ocrx_word' id='word_1_221' title='bbox 651 2787 930 2847; x_wconf 74' lang='grc' dir='ltr'>ἐπαΐοντες</span> <span class='ocrx_word' id='word_1_222' title='bbox 970 2783 1177 2853; x_wconf 82' lang='grc' dir='ltr'><strong>φωνῆς,</strong></span> <span class='ocrx_word' id='word_1_223' title='bbox 1216 2784 1516 2855; x_wconf 76' lang='grc' dir='ltr'>ἐπίσταμαι</span> <span class='ocrx_word' id='word_1_224' title='bbox 1547 2785 1809 2856; x_wconf 79' lang='grc' dir='ltr'>καθήκειν</span> <span class='ocrx_word' id='word_1_225' title='bbox 1841 2786 1934 2840; x_wconf 63' lang='grc' dir='ltr'><strong>ἐπὶ</strong></span> 
     </span>
    </p>
   </div>
   <div class='ocr_carea' id='block_1_30' title="bbox 367 2873 1933 2947">
    <p class='ocr_par' dir='ltr' id='par_1_30' title="bbox 367 2873 1933 2947">
     <span class='ocr_line' id='line_1_30' title="bbox 367 2873 1933 2947; baseline 0.002 -19"><span class='ocrx_word' id='word_1_226' title='bbox 367 2877 461 2928; x_wconf 76' lang='grc' dir='ltr'><strong>τὸν</strong></span> <span class='ocrx_word' id='word_1_227' title='bbox 521 2875 732 2947; x_wconf 78' lang='grc' dir='ltr'>Ἴστρον</span> <span class='ocrx_word' id='word_1_228' title='bbox 773 2876 880 2928; x_wconf 85' lang='grc' dir='ltr'>ἀπὸ</span> <span class='ocrx_word' id='word_1_229' title='bbox 921 2880 1018 2944; x_wconf 79' lang='grc' dir='ltr'><strong>τῆς</strong></span> <span class='ocrx_word' id='word_1_230' title='bbox 1052 2875 1264 2943; x_wconf 87' lang='grc' dir='ltr'>Βιδίνης</span> <span class='ocrx_word' id='word_1_231' title='bbox 1304 2873 1554 2947; x_wconf 69' lang='lat' dir='ltr'><strong>(Vidinze)</strong></span> <span class='ocrx_word' id='word_1_232' title='bbox 1583 2877 1789 2941; x_wconf 82' lang='grc' dir='ltr'>πόλεως</span> <span class='ocrx_word' id='word_1_233' title='bbox 1813 2876 1933 2931; x_wconf 82' lang='grc' dir='ltr'>ἔστε</span> 
     </span>
    </p>
   </div>
   <div class='ocr_carea' id='block_1_31' title="bbox 369 2965 1936 3038">
    <p class='ocr_par' dir='ltr' id='par_1_31' title="bbox 369 2965 1936 3038">
     <span class='ocr_line' id='line_1_31' title="bbox 369 2965 1936 3038; baseline 0.001 -18"><span class='ocrx_word' id='word_1_234' title='bbox 369 2969 460 3020; x_wconf 63' lang='grc' dir='ltr'>επὶ</span> <span class='ocrx_word' id='word_1_235' title='bbox 489 2968 611 3038; x_wconf 63' lang='lat' dir='ltr'><strong>(sic)</strong></span> <span class='ocrx_word' id='word_1_236' title='bbox 633 2965 882 3031; x_wconf 73' lang='grc' dir='ltr'>Εὔξεινον</span> <span class='ocrx_word' id='word_1_237' title='bbox 915 2967 1194 3028; x_wconf 82' lang='grc' dir='ltr'>πόντον,ὲν</span> <span class='ocrx_word' id='word_1_238' title='bbox 1219 2967 1471 3037; x_wconf 76' lang='grc' dir='ltr'>Τρινάὸῳ</span> <span class='ocrx_word' id='word_1_239' title='bbox 1501 2967 1650 3022; x_wconf 83' lang='grc' dir='ltr'>πόλει</span> <span class='ocrx_word' id='word_1_240' title='bbox 1678 2969 1746 3022; x_wconf 84' lang='grc' dir='ltr'><strong>τὰ</strong></span> <span class='ocrx_word' id='word_1_241' title='bbox 1778 2968 1936 3038; x_wconf 84' lang='grc' dir='ltr'>βασί-</span> 
     </span>
    </p>
   </div>
   <div class='ocr_carea' id='block_1_32' title="bbox 2056 506 3618 578">
    <p class='ocr_par' dir='ltr' id='par_1_32' title="bbox 2056 506 3618 578">
     <span class='ocr_line' id='line_1_32' title="bbox 2056 506 3618 578; baseline 0.004 -20"><span class='ocrx_word' id='word_1_242' title='bbox 2056 507 2333 576; x_wconf 74' lang='grc' dir='ltr'>μοπόλεων</span> <span class='ocrx_word' id='word_1_243' title='bbox 2361 506 2457 558; x_wconf 74' lang='grc' dir='ltr'>καὶ</span> <span class='ocrx_word' id='word_1_244' title='bbox 2488 507 2859 574; x_wconf 83' lang='grc' dir='ltr'>συγκτήσεων.</span> <span class='ocrx_word' id='word_1_245' title='bbox 2898 507 2998 560; x_wconf 86' lang='lat' dir='ltr'><strong>Ubi</strong></span> <span class='ocrx_word' id='word_1_246' title='bbox 3033 507 3202 561; x_wconf 81' lang='lat' dir='ltr'><strong>codex</strong></span> <span class='ocrx_word' id='word_1_247' title='bbox 3240 507 3618 578; x_wconf 75' lang='lat' dir='ltr'><strong>Augustauus:</strong></span> 
     </span>
    </p>
   </div>
   <div class='ocr_carea' id='block_1_33' title="bbox 2064 595 3624 668">
    <p class='ocr_par' dir='ltr' id='par_1_33' title="bbox 2064 595 3624 668">
     <span class='ocr_line' id='line_1_33' title="bbox 2064 595 3624 668; baseline 0.003 -18"><span class='ocrx_word' id='word_1_248' title='bbox 2064 597 2226 650; x_wconf 76' lang='grc' dir='ltr'>Ἀλλὰ</span> <span class='ocrx_word' id='word_1_249' title='bbox 2268 596 2363 648; x_wconf 75' lang='grc' dir='ltr'>καὶ</span> <span class='ocrx_word' id='word_1_250' title='bbox 2409 595 2552 649; x_wconf 79' lang='grc' dir='ltr'>κατὰ</span> <span class='ocrx_word' id='word_1_251' title='bbox 2601 597 2693 649; x_wconf 89' lang='grc' dir='ltr'>τοῦ</span> <span class='ocrx_word' id='word_1_252' title='bbox 2740 596 2845 660; x_wconf 78' lang='grc' dir='ltr'>ἔξω</span> <span class='ocrx_word' id='word_1_253' title='bbox 2874 597 3165 666; x_wconf 77' lang='grc' dir='ltr'>λεγομένου</span> <span class='ocrx_word' id='word_1_254' title='bbox 3191 599 3353 665; x_wconf 78' lang='grc' dir='ltr'>ζυγοῦ</span> <span class='ocrx_word' id='word_1_255' title='bbox 3389 600 3624 668; x_wconf 84' lang='lat' dir='ltr'><strong>(Slavire</strong></span> 
     </span>
    </p>
   </div>
   <div class='ocr_carea' id='block_1_34' title="bbox 2051 686 3623 758">
    <p class='ocr_par' dir='ltr' id='par_1_34' title="bbox 2051 686 3623 758">
     <span class='ocr_line' id='line_1_34' title="bbox 2051 686 3623 758; baseline 0.003 -16"><span class='ocrx_word' id='word_1_256' title='bbox 2051 689 2254 742; x_wconf 79' lang='lat' dir='ltr'><strong>dixeris</strong></span> <span class='ocrx_word' id='word_1_257' title='bbox 2286 686 2556 757; x_wconf 77' lang='lat' dir='ltr'><strong>Zagorte).</strong></span> <span class='ocrx_word' id='word_1_258' title='bbox 2591 687 2856 758; x_wconf 74' lang='lat' dir='ltr'><strong>Georgius</strong></span> <span class='ocrx_word' id='word_1_259' title='bbox 2882 689 3243 758; x_wconf 82' lang='lat' dir='ltr'><strong>Pachymeres</strong></span> <span class='ocrx_word' id='word_1_260' title='bbox 3284 689 3335 742; x_wconf 92' lang='lat' dir='ltr'><strong>iu</strong></span> <span class='ocrx_word' id='word_1_261' title='bbox 3367 689 3623 746; x_wconf 63' lang='lat' dir='ltr'><strong>Hic/caele</strong></span> 
     </span>
    </p>
   </div>
   <div class='ocr_carea' id='block_1_35' title="bbox 2055 779 3616 850">
    <p class='ocr_par' dir='ltr' id='par_1_35' title="bbox 2055 779 3616 850">
     <span class='ocr_line' id='line_1_35' title="bbox 2055 779 3616 850; baseline 0.003 -17"><span class='ocrx_word' id='word_1_262' title='bbox 2055 779 2354 848; x_wconf 71' lang='lat' dir='ltr'><strong>Palaeologo</strong></span> <span class='ocrx_word' id='word_1_263' title='bbox 2385 782 2440 844; x_wconf 79' lang='lat'><strong>5,</strong></span> <span class='ocrx_word' id='word_1_264' title='bbox 2475 780 2540 834; x_wconf 85' lang='grc'><strong>18</strong></span> <span class='ocrx_word' id='word_1_265' title='bbox 2567 780 2727 850; x_wconf 82' lang='lat' dir='ltr'><strong>(Opp.</strong></span> <span class='ocrx_word' id='word_1_266' title='bbox 2755 780 2842 833; x_wconf 86' lang='lat' dir='ltr'><strong>ed.</strong></span> <span class='ocrx_word' id='word_1_267' title='bbox 2878 779 3049 834; x_wconf 85' lang='lat' dir='ltr'><strong>Bonn.</strong></span> <span class='ocrx_word' id='word_1_268' title='bbox 3077 781 3183 834; x_wconf 89' lang='lat' dir='ltr'><strong>vol.</strong></span> <span class='ocrx_word' id='word_1_269' title='bbox 3212 793 3251 843; x_wconf 88' lang='grc' dir='ltr'>ι,</span> <span class='ocrx_word' id='word_1_270' title='bbox 3282 795 3336 850; x_wconf 90' lang='lat' dir='ltr'><strong>p.</strong></span> <span class='ocrx_word' id='word_1_271' title='bbox 3366 781 3516 849; x_wconf 75' lang='lat' dir='ltr'><strong>2W):</strong></span> <span class='ocrx_word' id='word_1_272' title='bbox 3551 821 3566 835; x_wconf 94' lang='lat'><strong>.</strong></span> <span class='ocrx_word' id='word_1_273' title='bbox 3599 823 3616 838; x_wconf 92' lang='lat'><strong>.</strong></span> 
     </span>
    </p>
   </div>
   <div class='ocr_carea' id='block_1_36' title="bbox 2049 869 3621 940">
    <p class='ocr_par' dir='ltr' id='par_1_36' title="bbox 2049 869 3621 940">
     <span class='ocr_line' id='line_1_36' title="bbox 2049 869 3621 940; baseline 0.002 -18"><span class='ocrx_word' id='word_1_274' title='bbox 2049 871 2475 934; x_wconf 78' lang='grc' dir='ltr'>Φιλιππούπολις</span> <span class='ocrx_word' id='word_1_275' title='bbox 2501 909 2522 924; x_wconf 83' lang='grc'><strong>..</strong></span> <span class='ocrx_word' id='word_1_276' title='bbox 2554 908 2569 924; x_wconf 91' lang='grc'><strong>.</strong></span> <span class='ocrx_word' id='word_1_277' title='bbox 2619 871 2948 939; x_wconf 87' lang='grc' dir='ltr'>Σθενίμαχον</span> <span class='ocrx_word' id='word_1_278' title='bbox 2997 869 3116 940; x_wconf 77' lang='lat' dir='ltr'><strong>(sic)</strong></span> <span class='ocrx_word' id='word_1_279' title='bbox 3146 909 3161 923; x_wconf 93' lang='lat'><strong>.</strong></span> <span class='ocrx_word' id='word_1_280' title='bbox 3197 909 3211 924; x_wconf 97' lang='lat'><strong>.</strong></span> <span class='ocrx_word' id='word_1_281' title='bbox 3264 871 3358 924; x_wconf 80' lang='grc' dir='ltr'>καὶ</span> <span class='ocrx_word' id='word_1_282' title='bbox 3405 873 3550 935; x_wconf 77' lang='grc' dir='ltr'>ἄπας</span> <span class='ocrx_word' id='word_1_283' title='bbox 3593 874 3621 925; x_wconf 85' lang='grc' dir='ltr'><strong>ό</strong></span> 
     </span>
    </p>
   </div>
   <div class='ocr_carea' id='block_1_37' title="bbox 2046 963 3613 1035">
    <p class='ocr_par' dir='ltr' id='par_1_37' title="bbox 2046 963 3613 1035">
     <span class='ocr_line' id='line_1_37' title="bbox 2046 963 3613 1035; baseline 0.002 -19"><span class='ocrx_word' id='word_1_284' title='bbox 2046 963 2153 1028; x_wconf 81' lang='grc' dir='ltr'>ἔξω</span> <span class='ocrx_word' id='word_1_285' title='bbox 2188 963 2284 1017; x_wconf 89' lang='grc' dir='ltr'>τοῦ</span> <span class='ocrx_word' id='word_1_286' title='bbox 2335 965 2507 1035; x_wconf 81' lang='grc' dir='ltr'>Αἴμου</span> <span class='ocrx_word' id='word_1_287' title='bbox 2561 964 2743 1030; x_wconf 84' lang='grc' dir='ltr'>ζυγός,</span> <span class='ocrx_word' id='word_1_288' title='bbox 2785 963 2925 1016; x_wconf 89' lang='lat' dir='ltr'><strong>Idem</strong></span> <span class='ocrx_word' id='word_1_289' title='bbox 2959 963 3012 1016; x_wconf 90' lang='lat' dir='ltr'><strong>in</strong></span> <span class='ocrx_word' id='word_1_290' title='bbox 3070 963 3371 1018; x_wconf 73' lang='lat' dir='ltr'><strong>Andronico</strong></span> <span class='ocrx_word' id='word_1_291' title='bbox 3404 967 3613 1021; x_wconf 71' lang='lat' dir='ltr'><strong>I’aln&#39;o-</strong></span> 
     </span>
    </p>
   </div>
   <div class='ocr_carea' id='block_1_38' title="bbox 2057 1052 3618 1124">
    <p class='ocr_par' dir='ltr' id='par_1_38' title="bbox 2057 1052 3618 1124">
     <span class='ocr_line' id='line_1_38' title="bbox 2057 1052 3618 1124; baseline 0.002 -19"><span class='ocrx_word' id='word_1_292' title='bbox 2057 1053 2178 1123; x_wconf 82' lang='lat' dir='ltr'><strong>logo</strong></span> <span class='ocrx_word' id='word_1_293' title='bbox 2209 1068 2248 1114; x_wconf 88' lang='grc' dir='ltr'>ι,</span> <span class='ocrx_word' id='word_1_294' title='bbox 2276 1054 2346 1109; x_wconf 73' lang='lat'><strong>29</strong></span> <span class='ocrx_word' id='word_1_295' title='bbox 2410 1053 2540 1124; x_wconf 89' lang='lat' dir='ltr'><strong>(vol.</strong></span> <span class='ocrx_word' id='word_1_296' title='bbox 2596 1069 2653 1118; x_wconf 87' lang='grc' dir='ltr'>ιι,</span> <span class='ocrx_word' id='word_1_297' title='bbox 2685 1069 2740 1122; x_wconf 89' lang='lat' dir='ltr'><strong>p.</strong></span> <span class='ocrx_word' id='word_1_298' title='bbox 2768 1052 2892 1120; x_wconf 89' lang='lat'><strong>80):</strong></span> <span class='ocrx_word' id='word_1_299' title='bbox 2919 1091 2934 1105; x_wconf 93' lang='lat'><strong>.</strong></span> <span class='ocrx_word' id='word_1_300' title='bbox 2966 1089 2979 1100; x_wconf 90' lang='lat'><strong>.</strong></span> <span class='ocrx_word' id='word_1_301' title='bbox 3002 1052 3159 1122; x_wconf 76' lang='grc' dir='ltr'>νέφος</span> <span class='ocrx_word' id='word_1_302' title='bbox 3188 1053 3407 1106; x_wconf 83' lang='grc' dir='ltr'>Σκυθῶν</span> <span class='ocrx_word' id='word_1_303' title='bbox 3448 1056 3618 1124; x_wconf 85' lang='grc' dir='ltr'>Παρι-</span> 
     </span>
    </p>
   </div>
   <div class='ocr_carea' id='block_1_39' title="bbox 2049 1141 3618 1216">
    <p class='ocr_par' dir='ltr' id='par_1_39' title="bbox 2049 1141 3618 1216">
     <span class='ocr_line' id='line_1_39' title="bbox 2049 1141 3618 1216; baseline 0.001 -20"><span class='ocrx_word' id='word_1_304' title='bbox 2049 1146 2247 1216; x_wconf 72' lang='grc' dir='ltr'>σειρίων</span> <span class='ocrx_word' id='word_1_305' title='bbox 2287 1187 2301 1199; x_wconf 98' lang='grc'><strong>.</strong></span> <span class='ocrx_word' id='word_1_306' title='bbox 2336 1185 2350 1199; x_wconf 96' lang='grc'><strong>.</strong></span> <span class='ocrx_word' id='word_1_307' title='bbox 2392 1144 2598 1198; x_wconf 78' lang='grc' dir='ltr'>διελθὸν</span> <span class='ocrx_word' id='word_1_308' title='bbox 2644 1144 2744 1214; x_wconf 78' lang='grc' dir='ltr'><strong>τὴν</strong></span> <span class='ocrx_word' id='word_1_309' title='bbox 2788 1141 3112 1212; x_wconf 84' lang='grc' dir='ltr'>Βουλγάρων</span> <span class='ocrx_word' id='word_1_310' title='bbox 3137 1142 3242 1213; x_wconf 80' lang='grc' dir='ltr'>γῆν</span> <span class='ocrx_word' id='word_1_311' title='bbox 3264 1183 3280 1197; x_wconf 95' lang='grc'><strong>.</strong></span> <span class='ocrx_word' id='word_1_312' title='bbox 3313 1183 3328 1199; x_wconf 93' lang='grc'><strong>.</strong></span> <span class='ocrx_word' id='word_1_313' title='bbox 3357 1146 3500 1198; x_wconf 79' lang='grc' dir='ltr'>κατὰ</span> <span class='ocrx_word' id='word_1_314' title='bbox 3525 1145 3618 1198; x_wconf 82' lang='grc' dir='ltr'>τὸν</span> 
     </span>
    </p>
   </div>
   <div class='ocr_carea' id='block_1_40' title="bbox 2047 1232 3614 1305">
    <p class='ocr_par' dir='ltr' id='par_1_40' title="bbox 2047 1232 3614 1305">
     <span class='ocr_line' id='line_1_40' title="bbox 2047 1232 3614 1305; baseline -0.001 -16"><span class='ocrx_word' id='word_1_315' title='bbox 2047 1235 2151 1299; x_wconf 80' lang='grc' dir='ltr'><strong>ἔξω</strong></span> <span class='ocrx_word' id='word_1_316' title='bbox 2183 1237 2346 1303; x_wconf 78' lang='grc' dir='ltr'>ζυγὸν</span> <span class='ocrx_word' id='word_1_317' title='bbox 2374 1235 2584 1304; x_wconf 86' lang='grc' dir='ltr'>γίνεται</span> <span class='ocrx_word' id='word_1_318' title='bbox 2608 1235 2704 1305; x_wconf 83' lang='lat'><strong>(9).</strong></span> <span class='ocrx_word' id='word_1_319' title='bbox 2741 1235 2805 1289; x_wconf 83' lang='lat' dir='ltr'><strong>Et</strong></span> <span class='ocrx_word' id='word_1_320' title='bbox 2841 1235 2955 1289; x_wconf 68' lang='lat' dir='ltr'><strong>haec</strong></span> <span class='ocrx_word' id='word_1_321' title='bbox 2983 1232 3200 1304; x_wconf 86' lang='lat' dir='ltr'><strong>quidem</strong></span> <span class='ocrx_word' id='word_1_322' title='bbox 3231 1234 3298 1289; x_wconf 90' lang='lat' dir='ltr'><strong>de</strong></span> <span class='ocrx_word' id='word_1_323' title='bbox 3316 1237 3448 1305; x_wconf 83' lang='lat' dir='ltr'><strong><em>jugo</em></strong></span> <span class='ocrx_word' id='word_1_324' title='bbox 3474 1235 3614 1305; x_wconf 89' lang='lat' dir='ltr'><strong>ipso,</strong></span> 
     </span>
    </p>
   </div>
   <div class='ocr_carea' id='block_1_41' title="bbox 2048 1326 3614 1396">
    <p class='ocr_par' dir='ltr' id='par_1_41' title="bbox 2048 1326 3614 1396">
     <span class='ocr_line' id='line_1_41' title="bbox 2048 1326 3614 1396; baseline -0.003 -14"><span class='ocrx_word' id='word_1_325' title='bbox 2048 1336 2100 1383; x_wconf 88' lang='lat' dir='ltr'><strong>et</strong></span> <span class='ocrx_word' id='word_1_326' title='bbox 2121 1329 2186 1381; x_wconf 90' lang='lat' dir='ltr'><strong>de</strong></span> <span class='ocrx_word' id='word_1_327' title='bbox 2208 1329 2341 1396; x_wconf 80' lang='lat' dir='ltr'><strong>jugo</strong></span> <span class='ocrx_word' id='word_1_328' title='bbox 2368 1338 2521 1381; x_wconf 71' lang='lat' dir='ltr'><strong>extra</strong></span> <span class='ocrx_word' id='word_1_329' title='bbox 2570 1330 2692 1381; x_wconf 70' lang='lat' dir='ltr'><strong>aito.</strong></span> <span class='ocrx_word' id='word_1_330' title='bbox 2747 1326 2990 1380; x_wconf 85' lang='lat' dir='ltr'><strong>Alterum</strong></span> <span class='ocrx_word' id='word_1_331' title='bbox 3009 1326 3222 1396; x_wconf 82' lang='lat' dir='ltr'><strong>jugum.</strong></span> <span class='ocrx_word' id='word_1_332' title='bbox 3253 1327 3396 1379; x_wconf 84' lang='lat' dir='ltr'><strong>intra</strong></span> <span class='ocrx_word' id='word_1_333' title='bbox 3428 1328 3614 1392; x_wconf 89' lang='lat' dir='ltr'><strong>situm,</strong></span> 
     </span>
    </p>
   </div>
   <div class='ocr_carea' id='block_1_42' title="bbox 2050 1417 3615 1488">
    <p class='ocr_par' dir='ltr' id='par_1_42' title="bbox 2050 1417 3615 1488">
     <span class='ocr_line' id='line_1_42' title="bbox 2050 1417 3615 1488; baseline 0.001 -15"><span class='ocrx_word' id='word_1_334' title='bbox 2050 1423 2289 1473; x_wconf 88' lang='lat' dir='ltr'><strong>nondum</strong></span> <span class='ocrx_word' id='word_1_335' title='bbox 2344 1419 2558 1484; x_wconf 87' lang='lat' dir='ltr'><strong>inveni;</strong></span> <span class='ocrx_word' id='word_1_336' title='bbox 2612 1433 2924 1488; x_wconf 82' lang='lat' dir='ltr'><strong>quanquam</strong></span> <span class='ocrx_word' id='word_1_337' title='bbox 2983 1418 3102 1487; x_wconf 82' lang='lat' dir='ltr'><strong>ejus</strong></span> <span class='ocrx_word' id='word_1_338' title='bbox 3154 1417 3524 1474; x_wconf 87' lang='lat' dir='ltr'><strong>denominatio</strong></span> <span class='ocrx_word' id='word_1_339' title='bbox 3583 1435 3615 1475; x_wconf 88' lang='lat' dir='ltr'><strong>e</strong></span> 
     </span>
    </p>
   </div>
   <div class='ocr_carea' id='block_1_43' title="bbox 2047 1510 2617 1581">
    <p class='ocr_par' dir='ltr' id='par_1_43' title="bbox 2047 1510 2617 1581">
     <span class='ocr_line' id='line_1_43' title="bbox 2047 1510 2617 1581; baseline 0.002 -18"><span class='ocrx_word' id='word_1_340' title='bbox 2047 1510 2213 1581; x_wconf 92' lang='lat' dir='ltr'><strong>priori</strong></span> <span class='ocrx_word' id='word_1_341' title='bbox 2246 1511 2617 1578; x_wconf 75' lang='lat' dir='ltr'><strong>consequitur.</strong></span> 
     </span>
    </p>
   </div>
   <div class='ocr_carea' id='block_1_44' title="bbox 2120 1598 3612 1670">
    <p class='ocr_par' dir='ltr' id='par_1_44' title="bbox 2120 1598 3612 1670">
     <span class='ocr_line' id='line_1_44' title="bbox 2120 1598 3612 1670; baseline 0.003 -17"><span class='ocrx_word' id='word_1_342' title='bbox 2120 1599 2288 1655; x_wconf 84' lang='lat' dir='ltr'><strong>Venio</strong></span> <span class='ocrx_word' id='word_1_343' title='bbox 2336 1601 2404 1656; x_wconf 88' lang='lat' dir='ltr'><strong>ab</strong></span> <span class='ocrx_word' id='word_1_344' title='bbox 2443 1601 2710 1666; x_wconf 88' lang='lat' dir='ltr'><strong>ultimum,</strong></span> <span class='ocrx_word' id='word_1_345' title='bbox 2752 1601 2896 1670; x_wconf 89' lang='lat' dir='ltr'><strong>quod</strong></span> <span class='ocrx_word' id='word_1_346' title='bbox 2937 1598 3181 1669; x_wconf 84' lang='lat' dir='ltr'><strong>promisi,</strong></span> <span class='ocrx_word' id='word_1_347' title='bbox 3210 1601 3612 1668; x_wconf 73' lang='lat' dir='ltr'><strong>exponendum,</strong></span> 
     </span>
    </p>
   </div>
   <div class='ocr_carea' id='block_1_45' title="bbox 2048 1688 3615 1761">
    <p class='ocr_par' dir='ltr' id='par_1_45' title="bbox 2048 1688 3615 1761">
     <span class='ocr_line' id='line_1_45' title="bbox 2048 1688 3615 1761; baseline 0.003 -16"><span class='ocrx_word' id='word_1_348' title='bbox 2048 1693 2322 1761; x_wconf 88' lang='lat' dir='ltr'><strong>quomodo</strong></span> <span class='ocrx_word' id='word_1_349' title='bbox 2371 1692 2580 1748; x_wconf 75' lang='lat' dir='ltr'><strong>scilicet</strong></span> <span class='ocrx_word' id='word_1_350' title='bbox 2613 1691 2815 1747; x_wconf 79' lang='lat' dir='ltr'><strong>factum</strong></span> <span class='ocrx_word' id='word_1_351' title='bbox 2871 1692 2943 1747; x_wconf 92' lang='lat' dir='ltr'><strong>sit</strong></span> <span class='ocrx_word' id='word_1_352' title='bbox 2991 1700 3051 1745; x_wconf 90' lang='lat' dir='ltr'><strong>ut</strong></span> <span class='ocrx_word' id='word_1_353' title='bbox 3079 1692 3195 1746; x_wconf 65' lang='lat' dir='ltr'><strong>haec</strong></span> <span class='ocrx_word' id='word_1_354' title='bbox 3218 1688 3446 1748; x_wconf 72' lang='lat' dir='ltr'><strong>Thracia</strong></span> <span class='ocrx_word' id='word_1_355' title='bbox 3468 1695 3615 1750; x_wconf 90' lang='lat' dir='ltr'><strong>dice-</strong></span> 
     </span>
    </p>
   </div>
   <div class='ocr_carea' id='block_1_46' title="bbox 1969 1783 2559 1838">
    <p class='ocr_par' dir='ltr' id='par_1_46' title="bbox 1969 1783 2559 1838">
     <span class='ocr_line' id='line_1_46' title="bbox 1969 1783 2559 1838; baseline -0.002 0"><span class='ocrx_word' id='word_1_356' title='bbox 1969 1783 2014 1838; x_wconf 85' lang='lat' dir='ltr'><strong>B</strong></span> <span class='ocrx_word' id='word_1_357' title='bbox 2047 1789 2194 1837; x_wconf 76' lang='lat' dir='ltr'><strong>retur</strong></span> <span class='ocrx_word' id='word_1_358' title='bbox 2220 1783 2559 1838; x_wconf 78' lang='lat' dir='ltr'><strong>Macedonia.</strong></span> 
     </span>
    </p>
   </div>
   <div class='ocr_carea' id='block_1_47' title="bbox 2109 1869 3613 1946">
    <p class='ocr_par' dir='ltr' id='par_1_47' title="bbox 2109 1869 3613 1946">
     <span class='ocr_line' id='line_1_47' title="bbox 2109 1869 3613 1946; baseline 0.001 -16"><span class='ocrx_word' id='word_1_359' title='bbox 2109 1875 2334 1944; x_wconf 78' lang='lat' dir='ltr'><strong>Jamque</strong></span> <span class='ocrx_word' id='word_1_360' title='bbox 2380 1876 2598 1945; x_wconf 81' lang='lat' dir='ltr'><strong>aliquis,</strong></span> <span class='ocrx_word' id='word_1_361' title='bbox 2655 1875 2736 1930; x_wconf 83' lang='lat' dir='ltr'><strong>En</strong></span> <span class='ocrx_word' id='word_1_362' title='bbox 2765 1891 2903 1941; x_wconf 83' lang='lat' dir='ltr'><strong>vero,</strong></span> <span class='ocrx_word' id='word_1_363' title='bbox 2961 1877 3185 1946; x_wconf 76' lang='lat' dir='ltr'><strong>inquiet,</strong></span> <span class='ocrx_word' id='word_1_364' title='bbox 3231 1888 3287 1933; x_wconf 77' lang='lat' dir='ltr'><strong>tu</strong></span> <span class='ocrx_word' id='word_1_365' title='bbox 3332 1869 3613 1932; x_wconf 65' lang='lat' dir='ltr'><strong>Thraciam</strong></span> 
     </span>
    </p>
   </div>
   <div class='ocr_carea' id='block_1_48' title="bbox 2045 1963 3613 2036">
    <p class='ocr_par' dir='ltr' id='par_1_48' title="bbox 2045 1963 3613 2036">
     <span class='ocr_line' id='line_1_48' title="bbox 2045 1963 3613 2036; baseline 0 -18"><span class='ocrx_word' id='word_1_366' title='bbox 2045 1963 2368 2018; x_wconf 72' lang='lat' dir='ltr'><strong>Macedonia:</strong></span> <span class='ocrx_word' id='word_1_367' title='bbox 2390 1966 2574 2018; x_wconf 75' lang='lat' dir='ltr'><strong>veteris</strong></span> <span class='ocrx_word' id='word_1_368' title='bbox 2609 1964 2991 2036; x_wconf 82' lang='lat' dir='ltr'><strong>Thraciamque</strong></span> <span class='ocrx_word' id='word_1_369' title='bbox 3019 1965 3193 2021; x_wconf 66' lang='lat' dir='ltr'><strong>Haemi</strong></span> <span class='ocrx_word' id='word_1_370' title='bbox 3231 1968 3444 2020; x_wconf 71' lang='lat' dir='ltr'><strong>miscere</strong></span> <span class='ocrx_word' id='word_1_371' title='bbox 3472 1965 3613 2020; x_wconf 77' lang='lat' dir='ltr'><strong>vide-</strong></span> 
     </span>
    </p>
   </div>
   <div class='ocr_carea' id='block_1_49' title="bbox 2042 2055 3610 2127">
    <p class='ocr_par' dir='ltr' id='par_1_49' title="bbox 2042 2055 3610 2127">
     <span class='ocr_line' id='line_1_49' title="bbox 2042 2055 3610 2127; baseline 0.001 -19"><span class='ocrx_word' id='word_1_372' title='bbox 2042 2057 2136 2110; x_wconf 81' lang='lat' dir='ltr'><strong>ris.</strong></span> <span class='ocrx_word' id='word_1_373' title='bbox 2192 2055 2441 2127; x_wconf 84' lang='lat' dir='ltr'><strong>Namque</strong></span> <span class='ocrx_word' id='word_1_374' title='bbox 2468 2057 2565 2110; x_wconf 83' lang='lat' dir='ltr'><strong>illa</strong></span> <span class='ocrx_word' id='word_1_375' title='bbox 2602 2059 2720 2126; x_wconf 76' lang='lat' dir='ltr'><strong>ipsa</strong></span> <span class='ocrx_word' id='word_1_376' title='bbox 2754 2074 2957 2127; x_wconf 84' lang='lat' dir='ltr'><strong>quoque</strong></span> <span class='ocrx_word' id='word_1_377' title='bbox 2985 2068 3129 2112; x_wconf 70' lang='lat' dir='ltr'><strong>velut</strong></span> <span class='ocrx_word' id='word_1_378' title='bbox 3156 2069 3202 2112; x_wconf 79' lang='lat' dir='ltr'><strong>et</strong></span> <span class='ocrx_word' id='word_1_379' title='bbox 3232 2060 3458 2126; x_wconf 74' lang='lat' dir='ltr'><strong>genuina</strong></span> <span class='ocrx_word' id='word_1_380' title='bbox 3488 2057 3610 2111; x_wconf 68' lang='lat' dir='ltr'><strong>lla-</strong></span> 
     </span>
    </p>
   </div>
   <div class='ocr_carea' id='block_1_50' title="bbox 2037 2148 3612 2219">
    <p class='ocr_par' dir='ltr' id='par_1_50' title="bbox 2037 2148 3612 2219">
     <span class='ocr_line' id='line_1_50' title="bbox 2037 2148 3612 2219; baseline 0.001 -18"><span class='ocrx_word' id='word_1_381' title='bbox 2037 2148 2254 2202; x_wconf 78' lang='lat' dir='ltr'><strong>cedom&#39;a</strong></span> <span class='ocrx_word' id='word_1_382' title='bbox 2288 2148 2526 2202; x_wconf 79' lang='lat' dir='ltr'><strong>Thracia:</strong></span> <span class='ocrx_word' id='word_1_383' title='bbox 2563 2148 2947 2219; x_wconf 73' lang='lat' dir='ltr'><strong>(occidentalis)</strong></span> <span class='ocrx_word' id='word_1_384' title='bbox 2974 2167 3097 2217; x_wconf 75' lang='lat' dir='ltr'><strong>pars</strong></span> <span class='ocrx_word' id='word_1_385' title='bbox 3129 2151 3253 2217; x_wconf 74' lang='lat' dir='ltr'><strong>fuit.</strong></span> <span class='ocrx_word' id='word_1_386' title='bbox 3299 2149 3427 2205; x_wconf 89' lang='lat' dir='ltr'><strong>Scio</strong></span> <span class='ocrx_word' id='word_1_387' title='bbox 3455 2149 3612 2219; x_wconf 84' lang='lat' dir='ltr'><strong>cqui-</strong></span> 
     </span>
    </p>
   </div>
   <div class='ocr_carea' id='block_1_51' title="bbox 2041 2239 3612 2310">
    <p class='ocr_par' dir='ltr' id='par_1_51' title="bbox 2041 2239 3612 2310">
     <span class='ocr_line' id='line_1_51' title="bbox 2041 2239 3612 2310; baseline 0.001 -16"><span class='ocrx_word' id='word_1_388' title='bbox 2041 2242 2161 2295; x_wconf 88' lang='lat' dir='ltr'><strong>dem</strong></span> <span class='ocrx_word' id='word_1_389' title='bbox 2215 2257 2336 2294; x_wconf 91' lang='lat' dir='ltr'><strong>cum</strong></span> <span class='ocrx_word' id='word_1_390' title='bbox 2388 2242 2656 2310; x_wconf 81' lang='lat' dir='ltr'><strong>pauculis,</strong></span> <span class='ocrx_word' id='word_1_391' title='bbox 2698 2239 3063 2295; x_wconf 82' lang='lat' dir='ltr'><strong>Macedoniam</strong></span> <span class='ocrx_word' id='word_1_392' title='bbox 3111 2243 3252 2297; x_wconf 90' lang='lat' dir='ltr'><strong>inter</strong></span> <span class='ocrx_word' id='word_1_393' title='bbox 3291 2241 3526 2297; x_wconf 83' lang='lat' dir='ltr'><strong>Peneum</strong></span> <span class='ocrx_word' id='word_1_394' title='bbox 3554 2251 3612 2296; x_wconf 87' lang='lat' dir='ltr'><strong>et</strong></span> 
     </span>
    </p>
   </div>
   <div class='ocr_carea' id='block_1_52' title="bbox 2043 2331 3610 2402">
    <p class='ocr_par' dir='ltr' id='par_1_52' title="bbox 2043 2331 3610 2402">
     <span class='ocr_line' id='line_1_52' title="bbox 2043 2331 3610 2402; baseline 0.002 -17"><span class='ocrx_word' id='word_1_395' title='bbox 2043 2331 2388 2402; x_wconf 68' lang='lat' dir='ltr'><strong>Strymonem</strong></span> <span class='ocrx_word' id='word_1_396' title='bbox 2461 2334 2620 2387; x_wconf 86' lang='lat' dir='ltr'><strong>sitam</strong></span> <span class='ocrx_word' id='word_1_397' title='bbox 2702 2333 3070 2402; x_wconf 83' lang='lat' dir='ltr'><strong>origineteuus</strong></span> <span class='ocrx_word' id='word_1_398' title='bbox 3136 2333 3424 2388; x_wconf 83' lang='lat' dir='ltr'><strong>Thraciam</strong></span> <span class='ocrx_word' id='word_1_399' title='bbox 3487 2349 3610 2388; x_wconf 85' lang='lat' dir='ltr'><strong>vere</strong></span> 
     </span>
    </p>
   </div>
   <div class='ocr_carea' id='block_1_53' title="bbox 2037 2421 3610 2492">
    <p class='ocr_par' dir='ltr' id='par_1_53' title="bbox 2037 2421 3610 2492">
     <span class='ocr_line' id='line_1_53' title="bbox 2037 2421 3610 2492; baseline 0.001 -15"><span class='ocrx_word' id='word_1_400' title='bbox 2037 2423 2228 2488; x_wconf 79' lang='lat' dir='ltr'><strong>fuisse,</strong></span> <span class='ocrx_word' id='word_1_401' title='bbox 2277 2438 2382 2477; x_wconf 91' lang='lat' dir='ltr'><strong>non</strong></span> <span class='ocrx_word' id='word_1_402' title='bbox 2413 2421 2812 2486; x_wconf 86' lang='lat' dir='ltr'><strong>Macedoniam,</strong></span> <span class='ocrx_word' id='word_1_403' title='bbox 2857 2424 2999 2492; x_wconf 88' lang='lat' dir='ltr'><strong>quod</strong></span> <span class='ocrx_word' id='word_1_404' title='bbox 3049 2423 3216 2478; x_wconf 89' lang='lat' dir='ltr'><strong>multa</strong></span> <span class='ocrx_word' id='word_1_405' title='bbox 3270 2425 3403 2478; x_wconf 90' lang='lat' dir='ltr'><strong>mihi</strong></span> <span class='ocrx_word' id='word_1_406' title='bbox 3449 2424 3610 2478; x_wconf 76' lang='lat' dir='ltr'><strong>lel‘liO</strong></span> 
     </span>
    </p>
   </div>
   <div class='ocr_carea' id='block_1_54' title="bbox 2043 2511 3690 2582">
    <p class='ocr_par' dir='ltr' id='par_1_54' title="bbox 2043 2511 3690 2582">
     <span class='ocr_line' id='line_1_54' title="bbox 2043 2511 3690 2582; baseline 0 -16"><span class='ocrx_word' id='word_1_407' title='bbox 2043 2522 2102 2567; x_wconf 89' lang='lat' dir='ltr'><strong>ut</strong></span> <span class='ocrx_word' id='word_1_408' title='bbox 2129 2523 2208 2568; x_wconf 92' lang='lat' dir='ltr'><strong>tot</strong></span> <span class='ocrx_word' id='word_1_409' title='bbox 2237 2514 2340 2568; x_wconf 83' lang='lat' dir='ltr'><strong>alia</strong></span> <span class='ocrx_word' id='word_1_410' title='bbox 2373 2514 2487 2568; x_wconf 90' lang='lat' dir='ltr'><strong>sole</strong></span> <span class='ocrx_word' id='word_1_411' title='bbox 2508 2513 2710 2567; x_wconf 80' lang='lat' dir='ltr'><strong>clarius</strong></span> <span class='ocrx_word' id='word_1_412' title='bbox 2739 2511 3014 2581; x_wconf 76' lang='lat' dir='ltr'><strong>patefecit.</strong></span> <span class='ocrx_word' id='word_1_413' title='bbox 3055 2512 3134 2566; x_wconf 81' lang='lat' dir='ltr'><strong>En</strong></span> <span class='ocrx_word' id='word_1_414' title='bbox 3163 2513 3324 2582; x_wconf 79' lang='lat' dir='ltr'><strong>igitur</strong></span> <span class='ocrx_word' id='word_1_415' title='bbox 3350 2512 3465 2567; x_wconf 88' lang='lat' dir='ltr'><strong>sola</strong></span> <span class='ocrx_word' id='word_1_416' title='bbox 3493 2512 3606 2566; x_wconf 79' lang='lat' dir='ltr'><strong>fere</strong></span> <span class='ocrx_word' id='word_1_417' title='bbox 3686 2537 3690 2540; x_wconf 89' lang='grc'><strong>·</strong></span> 
     </span>
    </p>
   </div>
   <div class='ocr_carea' id='block_1_55' title="bbox 2043 2603 3609 2676">
    <p class='ocr_par' dir='ltr' id='par_1_55' title="bbox 2043 2603 3609 2676">
     <span class='ocr_line' id='line_1_55' title="bbox 2043 2603 3609 2676; baseline -0.001 -16"><span class='ocrx_word' id='word_1_418' title='bbox 2043 2605 2302 2676; x_wconf 86' lang='lat' dir='ltr'><strong>Stephani</strong></span> <span class='ocrx_word' id='word_1_419' title='bbox 2359 2604 2638 2676; x_wconf 83' lang='lat' dir='ltr'><strong>Byzantini</strong></span> <span class='ocrx_word' id='word_1_420' title='bbox 2685 2605 3016 2670; x_wconf 88' lang='lat' dir='ltr'><strong>testimonia,</strong></span> <span class='ocrx_word' id='word_1_421' title='bbox 3051 2605 3239 2658; x_wconf 89' lang='lat' dir='ltr'><strong>ordine</strong></span> <span class='ocrx_word' id='word_1_422' title='bbox 3270 2603 3609 2673; x_wconf 85' lang='lat' dir='ltr'><strong>alphabetico</strong></span> 
     </span>
    </p>
   </div>
   <div class='ocr_carea' id='block_1_56' title="bbox 2042 2695 3608 2766">
    <p class='ocr_par' dir='ltr' id='par_1_56' title="bbox 2042 2695 3608 2766">
     <span class='ocr_line' id='line_1_56' title="bbox 2042 2695 3608 2766; baseline -0.002 -14"><span class='ocrx_word' id='word_1_423' title='bbox 2042 2699 2311 2766; x_wconf 86' lang='lat' dir='ltr'><strong>repetita,</strong></span> <span class='ocrx_word' id='word_1_424' title='bbox 2365 2699 2648 2766; x_wconf 80' lang='lat' dir='ltr'><strong>scriptoris</strong></span> <span class='ocrx_word' id='word_1_425' title='bbox 2706 2698 2918 2751; x_wconf 82' lang='lat' dir='ltr'><strong>tandem</strong></span> <span class='ocrx_word' id='word_1_426' title='bbox 2972 2695 3259 2766; x_wconf 83' lang='lat' dir='ltr'><strong>aliquando</strong></span> <span class='ocrx_word' id='word_1_427' title='bbox 3301 2695 3608 2764; x_wconf 75' lang='lat' dir='ltr'><strong>diligentius</strong></span> 
     </span>
    </p>
   </div>
   <div class='ocr_carea' id='block_1_57' title="bbox 2043 2785 3608 2857">
    <p class='ocr_par' dir='ltr' id='par_1_57' title="bbox 2043 2785 3608 2857">
     <span class='ocr_line' id='line_1_57' title="bbox 2043 2785 3608 2857; baseline -0.001 -16"><span class='ocrx_word' id='word_1_428' title='bbox 2043 2789 2272 2857; x_wconf 79' lang='lat' dir='ltr'><strong>legendi.</strong></span> <span class='ocrx_word' id='word_1_429' title='bbox 2323 2787 2371 2842; x_wconf 88' lang='lat' dir='ltr'><strong>ls</strong></span> <span class='ocrx_word' id='word_1_430' title='bbox 2435 2787 2632 2857; x_wconf 83' lang='lat' dir='ltr'><strong>igitur:</strong></span> <span class='ocrx_word' id='word_1_431' title='bbox 2685 2787 2917 2848; x_wconf 79' lang='grc' dir='ltr'>Αἰόλιον,</span> <span class='ocrx_word' id='word_1_432' title='bbox 2978 2786 3078 2853; x_wconf 80' lang='grc' dir='ltr'><strong>τῆς</strong></span> <span class='ocrx_word' id='word_1_433' title='bbox 3132 2786 3354 2856; x_wconf 77' lang='grc' dir='ltr'>Θρᾴκης</span> <span class='ocrx_word' id='word_1_434' title='bbox 3401 2785 3608 2855; x_wconf 74' lang='grc' dir='ltr'>Χερῤθ-</span> 
     </span>
    </p>
   </div>
   <div class='ocr_carea' id='block_1_58' title="bbox 2040 2879 3604 2952">
    <p class='ocr_par' dir='ltr' id='par_1_58' title="bbox 2040 2879 3604 2952">
     <span class='ocr_line' id='line_1_58' title="bbox 2040 2879 3604 2952; baseline -0.004 -17"><span class='ocrx_word' id='word_1_435' title='bbox 2040 2884 2206 2952; x_wconf 83' lang='grc' dir='ltr'>νήσου</span> <span class='ocrx_word' id='word_1_436' title='bbox 2229 2884 2353 2952; x_wconf 89' lang='lat' dir='ltr'><strong>(sic)</strong></span> <span class='ocrx_word' id='word_1_437' title='bbox 2382 2880 2557 2944; x_wconf 85' lang='grc' dir='ltr'>πόλις.</span> <span class='ocrx_word' id='word_1_438' title='bbox 2591 2881 2911 2951; x_wconf 80' lang='grc' dir='ltr'>Θεόπομπος</span> <span class='ocrx_word' id='word_1_439' title='bbox 2933 2881 2990 2932; x_wconf 82' lang='grc' dir='ltr'>ὲν</span> <span class='ocrx_word' id='word_1_440' title='bbox 3019 2879 3358 2932; x_wconf 75' lang='grc' dir='ltr'>Φιλιππικῶν</span> <span class='ocrx_word' id='word_1_441' title='bbox 3388 2880 3604 2945; x_wconf 75' lang='grc' dir='ltr'>εἰκοστῇ</span> 
     </span>
    </p>
   </div>
   <div class='ocr_carea' id='block_1_59' title="bbox 2043 2970 3609 3042">
    <p class='ocr_par' dir='ltr' id='par_1_59' title="bbox 2043 2970 3609 3042">
     <span class='ocr_line' id='line_1_59' title="bbox 2043 2970 3609 3042; baseline -0.001 -18"><span class='ocrx_word' id='word_1_442' title='bbox 2043 2971 2221 3042; x_wconf 83' lang='grc' dir='ltr'>τρίτῃ·</span> <span class='ocrx_word' id='word_1_443' title='bbox 2249 2989 2268 3023; x_wconf 78' lang='grc' dir='ltr'><strong>ι</strong></span> <span class='ocrx_word' id='word_1_444' title='bbox 2309 2970 2642 3042; x_wconf 82' lang='grc' dir='ltr'>Ἐπορεύθην</span> <span class='ocrx_word' id='word_1_445' title='bbox 2676 2973 2756 3033; x_wconf 83' lang='grc' dir='ltr'><strong>είς</strong></span> <span class='ocrx_word' id='word_1_446' title='bbox 2795 2971 2946 3024; x_wconf 88' lang='grc' dir='ltr'>πόλιν</span> <span class='ocrx_word' id='word_1_447' title='bbox 2982 2971 3192 3023; x_wconf 73' lang='grc' dir='ltr'>Αἰόλιον</span> <span class='ocrx_word' id='word_1_448' title='bbox 3219 2970 3319 3036; x_wconf 77' lang='grc' dir='ltr'><strong>τῆς</strong></span> <span class='ocrx_word' id='word_1_449' title='bbox 3357 2970 3609 3038; x_wconf 79' lang='grc' dir='ltr'><strong>’Δττικῆς</strong></span> 
     </span>
    </p>
   </div>
   <div class='ocr_carea' id='block_1_60' title="bbox 368 3057 1936 3151">
    <p class='ocr_par' dir='ltr' id='par_1_60' title="bbox 368 3058 1932 3128">
     <span class='ocr_line' id='line_1_60' title="bbox 368 3058 1932 3128; baseline 0.004 -19"><span class='ocrx_word' id='word_1_450' title='bbox 368 3058 487 3110; x_wconf 86' lang='grc' dir='ltr'>λεια</span> <span class='ocrx_word' id='word_1_451' title='bbox 528 3059 707 3127; x_wconf 72' lang='grc' dir='ltr'>σφίσιν</span> <span class='ocrx_word' id='word_1_452' title='bbox 739 3058 1247 3126; x_wconf 76' lang='grc' dir='ltr'>ἀποδεικνυμένους.</span> <span class='ocrx_word' id='word_1_453' title='bbox 1281 3058 1504 3128; x_wconf 84' lang='lat' dir='ltr'><strong>Egregie</strong></span> <span class='ocrx_word' id='word_1_454' title='bbox 1525 3060 1605 3114; x_wconf 87' lang='lat' dir='ltr'><strong>sic</strong></span> <span class='ocrx_word' id='word_1_455' title='bbox 1646 3059 1932 3126; x_wconf 75' lang='lat' dir='ltr'><strong>Laonicds,</strong></span> 
     </span>
    </p>
   </div>
   <div class='ocr_carea' id='block_1_61' title="bbox 2042 3057 3608 3151">
    <p class='ocr_par' dir='ltr' id='par_1_61' title="bbox 2042 3057 3608 3131">
     <span class='ocr_line' id='line_1_61' title="bbox 2042 3057 3608 3131; baseline -0.004 -18"><span class='ocrx_word' id='word_1_456' title='bbox 2042 3061 2181 3131; x_wconf 77' lang='lat' dir='ltr'><strong>(lege</strong></span> <span class='ocrx_word' id='word_1_457' title='bbox 2225 3060 2442 3129; x_wconf 80' lang='grc' dir='ltr'><strong>Ἀκτῆς,</strong></span> <span class='ocrx_word' id='word_1_458' title='bbox 2493 3060 2559 3112; x_wconf 84' lang='lat' dir='ltr'><strong>ad</strong></span> <span class='ocrx_word' id='word_1_459' title='bbox 2614 3059 2777 3127; x_wconf 83' lang='lat' dir='ltr'><strong>Atho)</strong></span> <span class='ocrx_word' id='word_1_460' title='bbox 2819 3059 2916 3127; x_wconf 76' lang='grc' dir='ltr'>μὲν</span> <span class='ocrx_word' id='word_1_461' title='bbox 2947 3057 3131 3116; x_wconf 80' lang='grc' dir='ltr'>οὖσαν.</span> <span class='ocrx_word' id='word_1_462' title='bbox 3181 3057 3608 3128; x_wconf 80' lang='grc' dir='ltr'>πολιτευομένην</span> 
     </span>
    </p>
   </div>
   <div class='ocr_carea' id='block_1_62' title="bbox 369 3151 1937 3225">
    <p class='ocr_par' dir='ltr' id='par_1_62' title="bbox 369 3151 1937 3225">
     <span class='ocr_line' id='line_1_62' title="bbox 369 3151 1937 3225; baseline 0.002 -18"><span class='ocrx_word' id='word_1_463' title='bbox 369 3167 607 3222; x_wconf 85' lang='lat' dir='ltr'><strong>quocum</strong></span> <span class='ocrx_word' id='word_1_464' title='bbox 677 3151 942 3208; x_wconf 86' lang='lat' dir='ltr'><strong>hodierna</strong></span> <span class='ocrx_word' id='word_1_465' title='bbox 995 3154 1399 3223; x_wconf 83' lang='lat' dir='ltr'><strong>provinciarum</strong></span> <span class='ocrx_word' id='word_1_466' title='bbox 1456 3154 1649 3210; x_wconf 75' lang='lat' dir='ltr'><strong>divisio</strong></span> <span class='ocrx_word' id='word_1_467' title='bbox 1693 3156 1937 3225; x_wconf 88' lang='lat' dir='ltr'><strong>apprime</strong></span> 
     </span>
    </p>
   </div>
   <div class='ocr_carea' id='block_1_63' title="bbox 369 3244 1935 3316">
    <p class='ocr_par' dir='ltr' id='par_1_63' title="bbox 369 3244 1935 3316">
     <span class='ocr_line' id='line_1_63' title="bbox 369 3244 1935 3316; baseline 0 -15"><span class='ocrx_word' id='word_1_468' title='bbox 369 3247 666 3301; x_wconf 90' lang='lat' dir='ltr'><strong>consentit.</strong></span> <span class='ocrx_word' id='word_1_469' title='bbox 692 3244 815 3299; x_wconf 72' lang='lat' dir='ltr'><strong>Vid.</strong></span> <span class='ocrx_word' id='word_1_470' title='bbox 845 3245 1080 3300; x_wconf 87' lang='lat' dir='ltr'><strong>tabulam</strong></span> <span class='ocrx_word' id='word_1_471' title='bbox 1106 3244 1724 3316; x_wconf 83' lang='lat' dir='ltr'><strong>Lapieigeographicam</strong></span> <span class='ocrx_word' id='word_1_472' title='bbox 1761 3248 1853 3301; x_wconf 81' lang='lat' dir='ltr'><strong>fol.</strong></span> <span class='ocrx_word' id='word_1_473' title='bbox 1881 3247 1935 3303; x_wconf 83' lang='lat'><strong>5.</strong></span> 
     </span>
    </p>
   </div>
   <div class='ocr_carea' id='block_1_64' title="bbox 439 3325 1934 3400">
    <p class='ocr_par' dir='ltr' id='par_1_64' title="bbox 439 3325 1934 3400">
     <span class='ocr_line' id='line_1_64' title="bbox 439 3325 1934 3400; baseline -0.002 -9"><span class='ocrx_word' id='word_1_474' title='bbox 439 3325 1106 3392; x_wconf 70' lang='lat' dir='ltr'><strong>Occidentalesthematis</strong></span> <span class='ocrx_word' id='word_1_475' title='bbox 1162 3335 1359 3390; x_wconf 86' lang='lat' dir='ltr'><strong>limites</strong></span> <span class='ocrx_word' id='word_1_476' title='bbox 1389 3338 1476 3389; x_wconf 79' lang='lat' dir='ltr'><strong>vix</strong></span> <span class='ocrx_word' id='word_1_477' title='bbox 1521 3335 1756 3391; x_wconf 85' lang='lat' dir='ltr'><strong>invenio.</strong></span> <span class='ocrx_word' id='word_1_478' title='bbox 1787 3333 1934 3400; x_wconf 82' lang='lat' dir='ltr'><strong>Fuit,</strong></span> 
     </span>
    </p>
   </div>
   <div class='ocr_carea' id='block_1_65' title="bbox 370 3425 1934 3497">
    <p class='ocr_par' dir='ltr' id='par_1_65' title="bbox 370 3425 1934 3497">
     <span class='ocr_line' id='line_1_65' title="bbox 370 3425 1934 3497; baseline 0.001 -17"><span class='ocrx_word' id='word_1_479' title='bbox 370 3437 501 3497; x_wconf 87' lang='lat' dir='ltr'><strong>puto</strong></span> <span class='ocrx_word' id='word_1_480' title='bbox 529 3425 736 3497; x_wconf 81' lang='lat' dir='ltr'><strong>Hebrus</strong></span> <span class='ocrx_word' id='word_1_481' title='bbox 763 3435 818 3480; x_wconf 91' lang='lat' dir='ltr'><strong>et</strong></span> <span class='ocrx_word' id='word_1_482' title='bbox 844 3426 1125 3494; x_wconf 75' lang='lat' dir='ltr'><strong>Rhodope,</strong></span> <span class='ocrx_word' id='word_1_483' title='bbox 1155 3426 1236 3479; x_wconf 81' lang='lat' dir='ltr'><strong>vel</strong></span> <span class='ocrx_word' id='word_1_484' title='bbox 1269 3427 1384 3494; x_wconf 88' lang='lat' dir='ltr'><strong>ipse</strong></span> <span class='ocrx_word' id='word_1_485' title='bbox 1411 3427 1665 3494; x_wconf 89' lang='lat' dir='ltr'><strong>solusque</strong></span> <span class='ocrx_word' id='word_1_486' title='bbox 1700 3426 1934 3493; x_wconf 83' lang='lat' dir='ltr'><strong>Hebrus;</strong></span> 
     </span>
    </p>
   </div>
   <div class='ocr_carea' id='block_1_66' title="bbox 371 3516 1936 3587">
    <p class='ocr_par' dir='ltr' id='par_1_66' title="bbox 371 3516 1936 3587">
     <span class='ocr_line' id='line_1_66' title="bbox 371 3516 1936 3587; baseline 0.001 -19"><span class='ocrx_word' id='word_1_487' title='bbox 371 3516 752 3584; x_wconf 77' lang='lat' dir='ltr'><strong>Adrianopolis</strong></span> <span class='ocrx_word' id='word_1_488' title='bbox 791 3529 920 3569; x_wconf 88' lang='lat' dir='ltr'><strong>vero</strong></span> <span class='ocrx_word' id='word_1_489' title='bbox 964 3516 1303 3584; x_wconf 88' lang='lat' dir='ltr'><strong>metropolis,</strong></span> <span class='ocrx_word' id='word_1_490' title='bbox 1331 3531 1640 3585; x_wconf 87' lang='lat' dir='ltr'><strong>quanquam</strong></span> <span class='ocrx_word' id='word_1_491' title='bbox 1673 3519 1774 3572; x_wconf 92' lang='lat' dir='ltr'><strong>hoc</strong></span> <span class='ocrx_word' id='word_1_492' title='bbox 1799 3533 1936 3587; x_wconf 88' lang='lat' dir='ltr'><strong>quo-</strong></span> 
     </span>
    </p>
   </div>
   <div class='ocr_carea' id='block_1_67' title="bbox 369 3603 1935 3670">
    <p class='ocr_par' dir='ltr' id='par_1_67' title="bbox 369 3603 1935 3670">
     <span class='ocr_line' id='line_1_67' title="bbox 369 3603 1935 3670; baseline 0.001 -15"><span class='ocrx_word' id='word_1_493' title='bbox 369 3617 475 3670; x_wconf 66' lang='lat' dir='ltr'><strong>qtte</strong></span> <span class='ocrx_word' id='word_1_494' title='bbox 511 3603 690 3656; x_wconf 88' lang='lat' dir='ltr'><strong>thema</strong></span> <span class='ocrx_word' id='word_1_495' title='bbox 749 3603 801 3655; x_wconf 91' lang='lat' dir='ltr'><strong>in</strong></span> <span class='ocrx_word' id='word_1_496' title='bbox 840 3603 1047 3656; x_wconf 86' lang='lat' dir='ltr'><strong>minora</strong></span> <span class='ocrx_word' id='word_1_497' title='bbox 1071 3603 1303 3658; x_wconf 88' lang='lat' dir='ltr'><strong>divisum</strong></span> <span class='ocrx_word' id='word_1_498' title='bbox 1339 3603 1509 3658; x_wconf 83' lang='lat' dir='ltr'><strong>fuisse</strong></span> <span class='ocrx_word' id='word_1_499' title='bbox 1541 3613 1774 3667; x_wconf 84' lang='lat' dir='ltr'><strong>constat,</strong></span> <span class='ocrx_word' id='word_1_500' title='bbox 1808 3605 1935 3658; x_wconf 83' lang='lat' dir='ltr'><strong>coll.</strong></span> 
     </span>
    </p>
   </div>
   <div class='ocr_carea' id='block_1_68' title="bbox 367 3693 1936 3766">
    <p class='ocr_par' dir='ltr' id='par_1_68' title="bbox 367 3693 1936 3766">
     <span class='ocr_line' id='line_1_68' title="bbox 367 3693 1936 3766; baseline 0 -16"><span class='ocrx_word' id='word_1_501' title='bbox 367 3694 556 3750; x_wconf 61' lang='lat' dir='ltr'><strong>filicta</strong></span> <span class='ocrx_word' id='word_1_502' title='bbox 588 3696 641 3749; x_wconf 91' lang='lat' dir='ltr'><strong>in</strong></span> <span class='ocrx_word' id='word_1_503' title='bbox 677 3693 890 3748; x_wconf 77' lang='lat' dir='ltr'><strong>Isaacio</strong></span> <span class='ocrx_word' id='word_1_504' title='bbox 918 3694 1114 3761; x_wconf 80' lang='lat' dir='ltr'><strong>Angela</strong></span> <span class='ocrx_word' id='word_1_505' title='bbox 1153 3710 1234 3759; x_wconf 83' lang='grc' dir='ltr'>ιιι,</span> <span class='ocrx_word' id='word_1_506' title='bbox 1258 3694 1312 3760; x_wconf 68' lang='grc' dir='ltr'>ό,</span> <span class='ocrx_word' id='word_1_507' title='bbox 1343 3697 1418 3762; x_wconf 90' lang='lat' dir='ltr'><strong>(p.</strong></span> <span class='ocrx_word' id='word_1_508' title='bbox 1450 3695 1574 3756; x_wconf 79' lang='grc'>571,</span> <span class='ocrx_word' id='word_1_509' title='bbox 1604 3700 1688 3750; x_wconf 89' lang='lat' dir='ltr'><strong>ed.</strong></span> <span class='ocrx_word' id='word_1_510' title='bbox 1715 3695 1936 3766; x_wconf 81' lang='lat' dir='ltr'><strong>Bonn.):</strong></span> 
     </span>
    </p>
   </div>
   <div class='ocr_carea' id='block_1_69' title="bbox 374 3765 1937 3854">
    <p class='ocr_par' dir='ltr' id='par_1_69' title="bbox 374 3765 1937 3854">
     <span class='ocr_line' id='line_1_69' title="bbox 374 3765 1937 3854; baseline 0.002 -18"><span class='ocrx_word' id='word_1_511' title='bbox 374 3785 508 3854; x_wconf 72' lang='grc' dir='ltr'>Περὶ</span> <span class='ocrx_word' id='word_1_512' title='bbox 539 3784 599 3837; x_wconf 79' lang='grc' dir='ltr'><strong>τὸ</strong></span> <span class='ocrx_word' id='word_1_513' title='bbox 628 3783 918 3852; x_wconf 79' lang='grc' dir='ltr'>λεγόμενον</span> <span class='ocrx_word' id='word_1_514' title='bbox 949 3783 1293 3848; x_wconf 76' lang='grc' dir='ltr'>Νεοῦτζικοψ</span> <span class='ocrx_word' id='word_1_515' title='bbox 1321 3765 1489 3848; x_wconf 69' lang='grc' dir='ltr'><strong>’τόπος⁶</strong></span> <span class='ocrx_word' id='word_1_516' title='bbox 1514 3786 1571 3838; x_wconf 85' lang='grc' dir='ltr'><strong>δέ</strong></span> <span class='ocrx_word' id='word_1_517' title='bbox 1599 3786 1742 3838; x_wconf 73' lang='grc' dir='ltr'>ἐστιν</span> <span class='ocrx_word' id='word_1_518' title='bbox 1785 3765 1937 3849; x_wconf 76' lang='grc' dir='ltr'>οὗτος</span> 
     </span>
    </p>
   </div>
   <div class='ocr_carea' id='block_1_70' title="bbox 369 3875 1931 3948">
    <p class='ocr_par' dir='ltr' id='par_1_70' title="bbox 369 3875 1931 3948">
     <span class='ocr_line' id='line_1_70' title="bbox 369 3875 1931 3948; baseline 0.001 -20"><span class='ocrx_word' id='word_1_519' title='bbox 369 3875 692 3947; x_wconf 84' lang='grc' dir='ltr'>διοριστικὸς</span> <span class='ocrx_word' id='word_1_520' title='bbox 723 3875 830 3929; x_wconf 82' lang='grc' dir='ltr'><strong>τῶν</strong></span> <span class='ocrx_word' id='word_1_521' title='bbox 851 3875 1127 3947; x_wconf 84' lang='grc' dir='ltr'>ἐπαρχιῶν</span> <span class='ocrx_word' id='word_1_522' title='bbox 1143 3877 1488 3946; x_wconf 62' lang='grc' dir='ltr'>ἀμφοτέρων,</span> <span class='ocrx_word' id='word_1_523' title='bbox 1516 3877 1615 3941; x_wconf 82' lang='grc' dir='ltr'>τῆς</span> <span class='ocrx_word' id='word_1_524' title='bbox 1633 3877 1931 3948; x_wconf 82' lang='grc' dir='ltr'>Ἀδριανοῦ,</span> 
     </span>
    </p>
   </div>
   <div class='ocr_carea' id='block_1_71' title="bbox 370 3966 1630 4039">
    <p class='ocr_par' dir='ltr' id='par_1_71' title="bbox 370 3966 1630 4039">
     <span class='ocr_line' id='line_1_71' title="bbox 370 3966 1630 4039; baseline 0.003 -20"><span class='ocrx_word' id='word_1_525' title='bbox 370 3970 540 4036; x_wconf 65' lang='grc' dir='ltr'>φημὶ,</span> <span class='ocrx_word' id='word_1_526' title='bbox 576 3969 669 4021; x_wconf 75' lang='grc' dir='ltr'>καὶ</span> <span class='ocrx_word' id='word_1_527' title='bbox 699 3967 797 4034; x_wconf 81' lang='grc' dir='ltr'><strong>τῆς</strong></span> <span class='ocrx_word' id='word_1_528' title='bbox 827 3968 1095 4020; x_wconf 83' lang='grc' dir='ltr'>Φιλίππου</span> <span class='ocrx_word' id='word_1_529' title='bbox 1124 3966 1630 4039; x_wconf 76' lang='lat' dir='ltr'><strong>(Philippopoleos).</strong></span> 
     </span>
    </p>
   </div>
   <div class='ocr_carea' id='block_1_72' title="bbox 439 4059 1935 4128">
    <p class='ocr_par' dir='ltr' id='par_1_72' title="bbox 439 4059 1935 4128">
     <span class='ocr_line' id='line_1_72' title="bbox 439 4059 1935 4128; baseline 0.001 -15"><span class='ocrx_word' id='word_1_530' title='bbox 439 4059 612 4113; x_wconf 82' lang='lat' dir='ltr'><strong>Aliam</strong></span> <span class='ocrx_word' id='word_1_531' title='bbox 644 4074 853 4128; x_wconf 83' lang='lat' dir='ltr'><strong>quoque</strong></span> <span class='ocrx_word' id='word_1_532' title='bbox 887 4059 1042 4126; x_wconf 88' lang='lat' dir='ltr'><strong>hujus</strong></span> <span class='ocrx_word' id='word_1_533' title='bbox 1076 4059 1326 4113; x_wconf 90' lang='lat' dir='ltr'><strong>thematis</strong></span> <span class='ocrx_word' id='word_1_534' title='bbox 1372 4061 1694 4114; x_wconf 80' lang='lat' dir='ltr'><strong>divisionem</strong></span> <span class='ocrx_word' id='word_1_535' title='bbox 1739 4061 1935 4115; x_wconf 79' lang='lat' dir='ltr'><strong>veteri-</strong></span> 
     </span>
    </p>
   </div>
   <div class='ocr_carea' id='block_1_73' title="bbox 369 4149 1934 4219">
    <p class='ocr_par' dir='ltr' id='par_1_73' title="bbox 369 4149 1934 4219">
     <span class='ocr_line' id='line_1_73' title="bbox 369 4149 1934 4219; baseline 0 -14"><span class='ocrx_word' id='word_1_536' title='bbox 369 4151 473 4205; x_wconf 89' lang='lat' dir='ltr'><strong>bus</strong></span> <span class='ocrx_word' id='word_1_537' title='bbox 507 4151 779 4219; x_wconf 83' lang='lat' dir='ltr'><strong>placuisse</strong></span> <span class='ocrx_word' id='word_1_538' title='bbox 804 4150 979 4213; x_wconf 89' lang='lat' dir='ltr'><strong>video,</strong></span> <span class='ocrx_word' id='word_1_539' title='bbox 1008 4159 1066 4203; x_wconf 91' lang='lat' dir='ltr'><strong>ut</strong></span> <span class='ocrx_word' id='word_1_540' title='bbox 1098 4149 1302 4204; x_wconf 89' lang='lat' dir='ltr'><strong>scilicet</strong></span> <span class='ocrx_word' id='word_1_541' title='bbox 1323 4151 1595 4204; x_wconf 87' lang='lat' dir='ltr'><strong>diceretur</strong></span> <span class='ocrx_word' id='word_1_542' title='bbox 1624 4151 1934 4205; x_wconf 76' lang='lat' dir='ltr'><strong>Macedonia</strong></span> 
     </span>
    </p>
   </div>
   <div class='ocr_carea' id='block_1_74' title="bbox 370 4237 1938 4308">
    <p class='ocr_par' dir='ltr' id='par_1_74' title="bbox 370 4237 1938 4308">
     <span class='ocr_line' id='line_1_74' title="bbox 370 4237 1938 4308; baseline 0.001 -16"><span class='ocrx_word' id='word_1_543' title='bbox 370 4243 512 4292; x_wconf 80' lang='lat' dir='ltr'><strong>intra</strong></span> <span class='ocrx_word' id='word_1_544' title='bbox 565 4239 755 4308; x_wconf 84' lang='lat' dir='ltr'><strong>jugum</strong></span> <span class='ocrx_word' id='word_1_545' title='bbox 815 4237 1104 4307; x_wconf 63' lang='lat' dir='ltr'><strong>(liminum)</strong></span> <span class='ocrx_word' id='word_1_546' title='bbox 1161 4239 1290 4303; x_wconf 80' lang='lat' dir='ltr'><strong>sita,</strong></span> <span class='ocrx_word' id='word_1_547' title='bbox 1330 4248 1381 4292; x_wconf 80' lang='lat' dir='ltr'><strong>et</strong></span> <span class='ocrx_word' id='word_1_548' title='bbox 1415 4250 1566 4292; x_wconf 80' lang='lat' dir='ltr'><strong>extra</strong></span> <span class='ocrx_word' id='word_1_549' title='bbox 1611 4241 1660 4308; x_wconf 83' lang='grc' dir='ltr'>(ὁ</span> <span class='ocrx_word' id='word_1_550' title='bbox 1707 4241 1878 4307; x_wconf 78' lang='grc' dir='ltr'>ἐντὸς,</span> <span class='ocrx_word' id='word_1_551' title='bbox 1909 4242 1938 4293; x_wconf 82' lang='grc' dir='ltr'>ὁ</span> 
     </span>
    </p>
   </div>
   <div class='ocr_carea' id='block_1_75' title="bbox 371 4327 1936 4400">
    <p class='ocr_par' dir='ltr' id='par_1_75' title="bbox 371 4327 1936 4400">
     <span class='ocr_line' id='line_1_75' title="bbox 371 4327 1936 4400; baseline 0.004 -20"><span class='ocrx_word' id='word_1_552' title='bbox 371 4329 529 4391; x_wconf 76' lang='grc' dir='ltr'>ἐκτὸς</span> <span class='ocrx_word' id='word_1_553' title='bbox 575 4328 783 4398; x_wconf 82' lang='grc' dir='ltr'>ζυγός).</span> <span class='ocrx_word' id='word_1_554' title='bbox 835 4327 991 4381; x_wconf 87' lang='lat' dir='ltr'><strong>Anna</strong></span> <span class='ocrx_word' id='word_1_555' title='bbox 1029 4327 1302 4383; x_wconf 72' lang='lat' dir='ltr'><strong>Comnena</strong></span> <span class='ocrx_word' id='word_1_556' title='bbox 1345 4328 1398 4393; x_wconf 87' lang='lat'><strong>8,</strong></span> <span class='ocrx_word' id='word_1_557' title='bbox 1447 4329 1478 4381; x_wconf 79' lang='grc'>7</span> <span class='ocrx_word' id='word_1_558' title='bbox 1525 4330 1632 4397; x_wconf 90' lang='lat' dir='ltr'><strong>(ed.</strong></span> <span class='ocrx_word' id='word_1_559' title='bbox 1694 4329 1936 4400; x_wconf 87' lang='lat' dir='ltr'><strong>Bonu.):</strong></span> 
     </span>
    </p>
   </div>
   <div class='ocr_carea' id='block_1_76' title="bbox 2043 3149 3609 3221">
    <p class='ocr_par' dir='ltr' id='par_1_76' title="bbox 2043 3149 3609 3221">
     <span class='ocr_line' id='line_1_76' title="bbox 2043 3149 3609 3221; baseline -0.001 -18"><span class='ocrx_word' id='word_1_560' title='bbox 2043 3151 2098 3204; x_wconf 82' lang='grc' dir='ltr'>δὲ</span> <span class='ocrx_word' id='word_1_561' title='bbox 2135 3150 2272 3221; x_wconf 73' lang='grc' dir='ltr'><strong>μετὰ</strong></span> <span class='ocrx_word' id='word_1_562' title='bbox 2317 3151 2424 3202; x_wconf 82' lang='grc' dir='ltr'><strong>τῶν</strong></span> <span class='ocrx_word' id='word_1_563' title='bbox 2474 3150 2840 3202; x_wconf 75' lang='grc' dir='ltr'>Χαλκιδέων.»</span> <span class='ocrx_word' id='word_1_564' title='bbox 2911 3150 3090 3204; x_wconf 81' lang='lat' dir='ltr'><strong>Idem:</strong></span> <span class='ocrx_word' id='word_1_565' title='bbox 3149 3149 3326 3219; x_wconf 84' lang='grc' dir='ltr'>’Ἀρνη</span> <span class='ocrx_word' id='word_1_566' title='bbox 3381 3188 3396 3202; x_wconf 96' lang='grc'><strong>.</strong></span> <span class='ocrx_word' id='word_1_567' title='bbox 3445 3189 3459 3202; x_wconf 98' lang='grc'><strong>.</strong></span> <span class='ocrx_word' id='word_1_568' title='bbox 3520 3166 3609 3201; x_wconf 82' lang='grc' dir='ltr'><strong>τε-</strong></span> 
     </span>
    </p>
   </div>
   <div class='ocr_carea' id='block_1_77' title="bbox 2044 3240 3606 3312">
    <p class='ocr_par' dir='ltr' id='par_1_77' title="bbox 2044 3240 3606 3312">
     <span class='ocr_line' id='line_1_77' title="bbox 2044 3240 3606 3312; baseline 0 -19"><span class='ocrx_word' id='word_1_569' title='bbox 2044 3241 2214 3310; x_wconf 81' lang='grc' dir='ltr'>τάρτη</span> <span class='ocrx_word' id='word_1_570' title='bbox 2257 3242 2354 3311; x_wconf 79' lang='grc' dir='ltr'><strong>τῆς</strong></span> <span class='ocrx_word' id='word_1_571' title='bbox 2405 3240 2701 3308; x_wconf 82' lang='grc' dir='ltr'>Ἐρασίνων</span> <span class='ocrx_word' id='word_1_572' title='bbox 2732 3243 2831 3306; x_wconf 89' lang='lat' dir='ltr'><strong>(sc.</strong></span> <span class='ocrx_word' id='word_1_573' title='bbox 2860 3240 3063 3309; x_wconf 81' lang='grc' dir='ltr'>χώρας)</span> <span class='ocrx_word' id='word_1_574' title='bbox 3115 3242 3250 3309; x_wconf 66' lang='grc' dir='ltr'><strong>πρῦς</strong></span> <span class='ocrx_word' id='word_1_575' title='bbox 3293 3242 3360 3310; x_wconf 80' lang='grc' dir='ltr'><strong>τῇ</strong></span> <span class='ocrx_word' id='word_1_576' title='bbox 3414 3241 3606 3312; x_wconf 78' lang='grc' dir='ltr'>Θρᾴκῃ</span> 
     </span>
    </p>
   </div>
   <div class='ocr_carea' id='block_1_78' title="bbox 2046 3331 3607 3403">
    <p class='ocr_par' dir='ltr' id='par_1_78' title="bbox 2046 3331 3607 3403">
     <span class='ocr_line' id='line_1_78' title="bbox 2046 3331 3607 3403; baseline -0.001 -19"><span class='ocrx_word' id='word_1_577' title='bbox 2046 3331 2325 3401; x_wconf 70' lang='grc' dir='ltr'><strong>(Ἂκτῇῖ).</strong></span> <span class='ocrx_word' id='word_1_578' title='bbox 2389 3331 2571 3386; x_wconf 82' lang='lat' dir='ltr'><strong>Idem:</strong></span> <span class='ocrx_word' id='word_1_579' title='bbox 2624 3332 2824 3402; x_wconf 81' lang='grc' dir='ltr'>Βέργη.</span> <span class='ocrx_word' id='word_1_580' title='bbox 2880 3331 3031 3393; x_wconf 81' lang='grc' dir='ltr'>πόλις</span> <span class='ocrx_word' id='word_1_581' title='bbox 3093 3332 3313 3402; x_wconf 76' lang='grc' dir='ltr'>Θρᾴκης</span> <span class='ocrx_word' id='word_1_582' title='bbox 3361 3333 3492 3403; x_wconf 76' lang='grc' dir='ltr'>πρὸς</span> <span class='ocrx_word' id='word_1_583' title='bbox 3538 3335 3607 3402; x_wconf 78' lang='grc' dir='ltr'><strong>τῇ</strong></span> 
     </span>
    </p>
   </div>
   <div class='ocr_carea' id='block_1_79' title="bbox 2041 3422 3606 3495">
    <p class='ocr_par' dir='ltr' id='par_1_79' title="bbox 2041 3422 3606 3495">
     <span class='ocr_line' id='line_1_79' title="bbox 2041 3422 3606 3495; baseline 0 -19"><span class='ocrx_word' id='word_1_584' title='bbox 2041 3424 2389 3494; x_wconf 72' lang='grc' dir='ltr'>Χερρονήσῳ.</span> <span class='ocrx_word' id='word_1_585' title='bbox 2433 3424 2609 3478; x_wconf 85' lang='lat' dir='ltr'><strong>Idem:</strong></span> <span class='ocrx_word' id='word_1_586' title='bbox 2655 3424 2830 3495; x_wconf 83' lang='grc' dir='ltr'>Βέρης</span> <span class='ocrx_word' id='word_1_587' title='bbox 2860 3422 3004 3493; x_wconf 87' lang='lat' dir='ltr'><strong>(sic),</strong></span> <span class='ocrx_word' id='word_1_588' title='bbox 3037 3423 3189 3486; x_wconf 81' lang='grc' dir='ltr'>πόλις</span> <span class='ocrx_word' id='word_1_589' title='bbox 3220 3423 3467 3494; x_wconf 73' lang='grc' dir='ltr'><strong>Θρᾴκης,</strong></span> <span class='ocrx_word' id='word_1_590' title='bbox 3495 3426 3606 3477; x_wconf 83' lang='grc' dir='ltr'>ἀπὸ</span> 
     </span>
    </p>
   </div>
   <div class='ocr_carea' id='block_1_80' title="bbox 2045 3514 3611 3585">
    <p class='ocr_par' dir='ltr' id='par_1_80' title="bbox 2045 3514 3611 3585">
     <span class='ocr_line' id='line_1_80' title="bbox 2045 3514 3611 3585; baseline -0.001 -18"><span class='ocrx_word' id='word_1_591' title='bbox 2045 3516 2281 3585; x_wconf 79' lang='grc' dir='ltr'>Βέρητος</span> <span class='ocrx_word' id='word_1_592' title='bbox 2310 3515 2427 3567; x_wconf 75' lang='grc' dir='ltr'>υἱοῦ</span> <span class='ocrx_word' id='word_1_593' title='bbox 2455 3515 2783 3576; x_wconf 76' lang='grc' dir='ltr'>Μακεδόνος.</span> <span class='ocrx_word' id='word_1_594' title='bbox 2819 3515 2997 3568; x_wconf 84' lang='lat' dir='ltr'><strong>Idem:</strong></span> <span class='ocrx_word' id='word_1_595' title='bbox 3031 3514 3244 3584; x_wconf 77' lang='grc' dir='ltr'>Βρίγες,</span> <span class='ocrx_word' id='word_1_596' title='bbox 3274 3515 3423 3576; x_wconf 70' lang='grc' dir='ltr'>ἔθνος</span> <span class='ocrx_word' id='word_1_597' title='bbox 3462 3514 3611 3584; x_wconf 68' lang='grc' dir='ltr'>Θρα-</span> 
     </span>
    </p>
   </div>
   <div class='ocr_carea' id='block_1_81' title="bbox 2043 3605 3606 3676">
    <p class='ocr_par' dir='ltr' id='par_1_81' title="bbox 2043 3605 3606 3676">
     <span class='ocr_line' id='line_1_81' title="bbox 2043 3605 3606 3676; baseline -0.002 -17"><span class='ocrx_word' id='word_1_598' title='bbox 2043 3607 2196 3660; x_wconf 90' lang='grc' dir='ltr'>κικόν</span> <span class='ocrx_word' id='word_1_599' title='bbox 2226 3645 2240 3658; x_wconf 95' lang='grc'><strong>.</strong></span> <span class='ocrx_word' id='word_1_600' title='bbox 2274 3645 2288 3658; x_wconf 94' lang='grc'><strong>.</strong></span> <span class='ocrx_word' id='word_1_601' title='bbox 2322 3606 2575 3676; x_wconf 83' lang='grc' dir='ltr'>Βριγίαή</span> <span class='ocrx_word' id='word_1_602' title='bbox 2607 3605 2850 3674; x_wconf 83' lang='grc' dir='ltr'>Τριυῖκή.</span> <span class='ocrx_word' id='word_1_603' title='bbox 2881 3607 3157 3658; x_wconf 80' lang='grc' dir='ltr'>τουτέστιν</span> <span class='ocrx_word' id='word_1_604' title='bbox 3181 3607 3213 3674; x_wconf 80' lang='grc' dir='ltr'>ἡ</span> <span class='ocrx_word' id='word_1_605' title='bbox 3240 3605 3466 3674; x_wconf 83' lang='grc' dir='ltr'>Φρυγία,</span> <span class='ocrx_word' id='word_1_606' title='bbox 3499 3606 3606 3656; x_wconf 75' lang='grc' dir='ltr'><strong>ἀπὸ</strong></span> 
     </span>
    </p>
   </div>
   <div class='ocr_carea' id='block_1_82' title="bbox 2045 3695 3601 3768">
    <p class='ocr_par' dir='ltr' id='par_1_82' title="bbox 2045 3695 3601 3768">
     <span class='ocr_line' id='line_1_82' title="bbox 2045 3695 3601 3768; baseline -0.001 -20"><span class='ocrx_word' id='word_1_607' title='bbox 2045 3697 2242 3766; x_wconf 85' lang='grc' dir='ltr'>Βρίγου</span> <span class='ocrx_word' id='word_1_608' title='bbox 2304 3697 2396 3749; x_wconf 82' lang='grc' dir='ltr'>τοῦ</span> <span class='ocrx_word' id='word_1_609' title='bbox 2454 3699 2880 3768; x_wconf 80' lang='grc' dir='ltr'>κατοικήσαντος</span> <span class='ocrx_word' id='word_1_610' title='bbox 2935 3699 2992 3748; x_wconf 78' lang='grc' dir='ltr'>ὲν</span> <span class='ocrx_word' id='word_1_611' title='bbox 3049 3696 3373 3764; x_wconf 67' lang='grc' dir='ltr'>Μακεδονίᾳ.</span> <span class='ocrx_word' id='word_1_612' title='bbox 3452 3695 3601 3765; x_wconf 83' lang='lat' dir='ltr'><strong>Adde</strong></span> 
     </span>
    </p>
   </div>
   <div class='ocr_carea' id='block_1_83' title="bbox 2037 3785 3602 3859">
    <p class='ocr_par' dir='ltr' id='par_1_83' title="bbox 2037 3785 3602 3859">
     <span class='ocr_line' id='line_1_83' title="bbox 2037 3785 3602 3859; baseline -0.002 -17"><span class='ocrx_word' id='word_1_613' title='bbox 2037 3791 2281 3842; x_wconf 88' lang='lat' dir='ltr'><strong>eumdem</strong></span> <span class='ocrx_word' id='word_1_614' title='bbox 2337 3789 2388 3840; x_wconf 90' lang='lat' dir='ltr'><strong>iu</strong></span> <span class='ocrx_word' id='word_1_615' title='bbox 2458 3789 2679 3842; x_wconf 83' lang='lat' dir='ltr'><strong>vo-.ibus</strong></span> <span class='ocrx_word' id='word_1_616' title='bbox 2747 3788 3004 3859; x_wconf 81' lang='grc' dir='ltr'>Βρυγιάς,</span> <span class='ocrx_word' id='word_1_617' title='bbox 3061 3787 3310 3858; x_wconf 76' lang='grc' dir='ltr'>Βρύγιον,</span> <span class='ocrx_word' id='word_1_618' title='bbox 3363 3785 3602 3858; x_wconf 83' lang='grc' dir='ltr'><strong>Βρύκης,</strong></span> 
     </span>
    </p>
   </div>
   <div class='ocr_carea' id='block_1_84' title="bbox 2039 3879 3604 3952">
    <p class='ocr_par' dir='ltr' id='par_1_84' title="bbox 2039 3879 3604 3952">
     <span class='ocr_line' id='line_1_84' title="bbox 2039 3879 3604 3952; baseline 0.001 -20"><span class='ocrx_word' id='word_1_619' title='bbox 2039 3880 2200 3950; x_wconf 78' lang='grc' dir='ltr'>Βρύξ.</span> <span class='ocrx_word' id='word_1_620' title='bbox 2243 3879 2422 3934; x_wconf 87' lang='lat' dir='ltr'><strong>Idem:</strong></span> <span class='ocrx_word' id='word_1_621' title='bbox 2464 3881 2721 3948; x_wconf 78' lang='grc' dir='ltr'>Γιγωνδς,</span> <span class='ocrx_word' id='word_1_622' title='bbox 2755 3883 2908 3944; x_wconf 87' lang='grc' dir='ltr'>πόλις</span> <span class='ocrx_word' id='word_1_623' title='bbox 2953 3883 3194 3952; x_wconf 78' lang='grc' dir='ltr'><strong>Θρᾴκης,</strong></span> <span class='ocrx_word' id='word_1_624' title='bbox 3238 3880 3510 3952; x_wconf 82' lang='grc' dir='ltr'>προσεχὴς</span> <span class='ocrx_word' id='word_1_625' title='bbox 3538 3886 3604 3951; x_wconf 80' lang='grc' dir='ltr'><strong>τῇ</strong></span> 
     </span>
    </p>
   </div>
   <div class='ocr_carea' id='block_1_85' title="bbox 2039 3969 3602 4041">
    <p class='ocr_par' dir='ltr' id='par_1_85' title="bbox 2039 3969 3602 4041">
     <span class='ocr_line' id='line_1_85' title="bbox 2039 3969 3602 4041; baseline -0.003 -17"><span class='ocrx_word' id='word_1_626' title='bbox 2039 3969 2314 4040; x_wconf 84' lang='grc' dir='ltr'>Παλλήνῃ.</span> <span class='ocrx_word' id='word_1_627' title='bbox 2345 3970 2488 4024; x_wconf 87' lang='lat' dir='ltr'><strong>Idem</strong></span> <span class='ocrx_word' id='word_1_628' title='bbox 2519 3989 2533 4025; x_wconf 88' lang='lat'><strong>:</strong></span> <span class='ocrx_word' id='word_1_629' title='bbox 2575 3971 2914 4041; x_wconf 79' lang='grc' dir='ltr'>Γρηστωνία,</span> <span class='ocrx_word' id='word_1_630' title='bbox 2944 3970 3096 4040; x_wconf 82' lang='grc' dir='ltr'>χώρα</span> <span class='ocrx_word' id='word_1_631' title='bbox 3130 3971 3349 4040; x_wconf 79' lang='grc' dir='ltr'>Θρᾴκης</span> <span class='ocrx_word' id='word_1_632' title='bbox 3377 3972 3511 4039; x_wconf 74' lang='grc' dir='ltr'>πρὸς</span> <span class='ocrx_word' id='word_1_633' title='bbox 3538 3976 3602 4038; x_wconf 67' lang='grc' dir='ltr'>τη</span> 
     </span>
    </p>
   </div>
   <div class='ocr_carea' id='block_1_86' title="bbox 2037 4058 3605 4129">
    <p class='ocr_par' dir='ltr' id='par_1_86' title="bbox 2037 4058 3605 4129">
     <span class='ocr_line' id='line_1_86' title="bbox 2037 4058 3605 4129; baseline 0 -17"><span class='ocrx_word' id='word_1_634' title='bbox 2037 4059 2368 4129; x_wconf 80' lang='grc' dir='ltr'>Μακεδονίᾳ.</span> <span class='ocrx_word' id='word_1_635' title='bbox 2415 4060 2594 4113; x_wconf 84' lang='lat' dir='ltr'><strong>Idem:</strong></span> <span class='ocrx_word' id='word_1_636' title='bbox 2644 4061 2931 4128; x_wconf 80' lang='grc' dir='ltr'>Ἐορδαῖαι,</span> <span class='ocrx_word' id='word_1_637' title='bbox 2975 4059 3067 4109; x_wconf 75' lang='grc' dir='ltr'>δύο</span> <span class='ocrx_word' id='word_1_638' title='bbox 3095 4059 3269 4126; x_wconf 83' lang='grc' dir='ltr'>χῶραι</span> <span class='ocrx_word' id='word_1_639' title='bbox 3298 4058 3605 4123; x_wconf 58' lang='grc' dir='ltr'>Μυγδονίας</span> 
     </span>
    </p>
   </div>
   <div class='ocr_carea' id='block_1_87' title="bbox 2037 4146 3600 4219">
    <p class='ocr_par' dir='ltr' id='par_1_87' title="bbox 2037 4146 3600 4219">
     <span class='ocr_line' id='line_1_87' title="bbox 2037 4146 3600 4219; baseline 0 -19"><span class='ocrx_word' id='word_1_640' title='bbox 2037 4151 2094 4219; x_wconf 92' lang='lat' dir='ltr'><strong>(l.</strong></span> <span class='ocrx_word' id='word_1_641' title='bbox 2140 4150 2520 4217; x_wconf 81' lang='grc' dir='ltr'>Μακεδονίας).</span> <span class='ocrx_word' id='word_1_642' title='bbox 2582 4150 2701 4202; x_wconf 74' lang='grc' dir='ltr'><strong>Εἰσὶ</strong></span> <span class='ocrx_word' id='word_1_643' title='bbox 2751 4149 2846 4200; x_wconf 73' lang='grc' dir='ltr'>καὶ</span> <span class='ocrx_word' id='word_1_644' title='bbox 2874 4149 3087 4200; x_wconf 83' lang='grc' dir='ltr'>ἄλλαι..</span> <span class='ocrx_word' id='word_1_645' title='bbox 3123 4149 3199 4216; x_wconf 79' lang='grc' dir='ltr'><strong>,ἡ</strong></span> <span class='ocrx_word' id='word_1_646' title='bbox 3249 4146 3308 4198; x_wconf 79' lang='grc' dir='ltr'>δὲ</span> <span class='ocrx_word' id='word_1_647' title='bbox 3356 4147 3600 4216; x_wconf 75' lang='grc' dir='ltr'>Θράκης.</span> 
     </span>
    </p>
   </div>
   <div class='ocr_carea' id='block_1_88' title="bbox 2035 4238 3603 4310">
    <p class='ocr_par' dir='ltr' id='par_1_88' title="bbox 2035 4238 3603 4310">
     <span class='ocr_line' id='line_1_88' title="bbox 2035 4238 3603 4310; baseline -0.003 -16"><span class='ocrx_word' id='word_1_648' title='bbox 2035 4244 2180 4296; x_wconf 82' lang='lat' dir='ltr'><strong>ldum</strong></span> <span class='ocrx_word' id='word_1_649' title='bbox 2221 4261 2232 4296; x_wconf 95' lang='lat'>:</span> <span class='ocrx_word' id='word_1_650' title='bbox 2269 4242 2558 4310; x_wconf 81' lang='grc' dir='ltr'>Εὑρωπὸς,</span> <span class='ocrx_word' id='word_1_651' title='bbox 2602 4241 2753 4302; x_wconf 82' lang='grc' dir='ltr'>πόλις</span> <span class='ocrx_word' id='word_1_652' title='bbox 2802 4239 3158 4302; x_wconf 77' lang='grc' dir='ltr'>Μακεδονίας,</span> <span class='ocrx_word' id='word_1_653' title='bbox 3199 4238 3307 4290; x_wconf 84' lang='grc' dir='ltr'>ἀπὸ</span> <span class='ocrx_word' id='word_1_654' title='bbox 3339 4238 3603 4308; x_wconf 76' lang='grc' dir='ltr'>Εὐρώπου</span> 
     </span>
    </p>
   </div>
   <div class='ocr_carea' id='block_1_89' title="bbox 2034 4329 3603 4401">
    <p class='ocr_par' dir='ltr' id='par_1_89' title="bbox 2034 4329 3603 4401">
     <span class='ocr_line' id='line_1_89' title="bbox 2034 4329 3603 4401; baseline -0.002 -17"><span class='ocrx_word' id='word_1_655' title='bbox 2034 4334 2128 4385; x_wconf 86' lang='grc' dir='ltr'>τοῦ</span> <span class='ocrx_word' id='word_1_656' title='bbox 2199 4334 2549 4395; x_wconf 77' lang='grc' dir='ltr'>Μακεδόνος,</span> <span class='ocrx_word' id='word_1_657' title='bbox 2603 4333 2696 4384; x_wconf 68' lang='grc' dir='ltr'><strong>καὶ</strong></span> <span class='ocrx_word' id='word_1_658' title='bbox 2763 4329 3069 4401; x_wconf 84' lang='grc' dir='ltr'>Ὠρειθυίας</span> <span class='ocrx_word' id='word_1_659' title='bbox 3135 4329 3237 4398; x_wconf 81' lang='grc' dir='ltr'><strong>τῆς</strong></span> <span class='ocrx_word' id='word_1_660' title='bbox 3293 4330 3603 4399; x_wconf 81' lang='grc' dir='ltr'>Κέκροπος.</span> 
     </span>
    </p>
   </div>
   <div class='ocr_carea' id='block_1_90' title="bbox 372 4417 1936 4495">
    <p class='ocr_par' dir='ltr' id='par_1_90' title="bbox 372 4417 1930 4490">
     <span class='ocr_line' id='line_1_90' title="bbox 372 4417 1930 4490; baseline 0.001 -18"><span class='ocrx_word' id='word_1_661' title='bbox 372 4420 485 4489; x_wconf 80' lang='grc' dir='ltr'><strong>Τὴν</strong></span> <span class='ocrx_word' id='word_1_662' title='bbox 521 4420 712 4490; x_wconf 83' lang='grc' dir='ltr'>μέχρις</span> <span class='ocrx_word' id='word_1_663' title='bbox 744 4417 910 4472; x_wconf 85' lang='grc' dir='ltr'>αὐτοῦ</span> <span class='ocrx_word' id='word_1_664' title='bbox 944 4419 1037 4471; x_wconf 88' lang='grc' dir='ltr'><strong>τοῦ</strong></span> <span class='ocrx_word' id='word_1_665' title='bbox 1070 4418 1259 4486; x_wconf 77' lang='grc' dir='ltr'>ζυγοῦ.</span> <span class='ocrx_word' id='word_1_666' title='bbox 1313 4419 1402 4473; x_wconf 88' lang='lat' dir='ltr'><strong>Sic</strong></span> <span class='ocrx_word' id='word_1_667' title='bbox 1439 4418 1584 4474; x_wconf 90' lang='lat' dir='ltr'><strong>enim</strong></span> <span class='ocrx_word' id='word_1_668' title='bbox 1625 4420 1930 4490; x_wconf 87' lang='lat' dir='ltr'><strong>legendum,</strong></span> 
     </span>
    </p>
   </div>
   <div class='ocr_carea' id='block_1_91' title="bbox 2042 4417 3604 4495">
    <p class='ocr_par' dir='ltr' id='par_1_91' title="bbox 2042 4420 3604 4492">
     <span class='ocr_line' id='line_1_91' title="bbox 2042 4420 3604 4492; baseline -0.004 -14"><span class='ocrx_word' id='word_1_669' title='bbox 2042 4423 2191 4478; x_wconf 82' lang='lat' dir='ltr'><strong>Unde</strong></span> <span class='ocrx_word' id='word_1_670' title='bbox 2222 4429 2367 4477; x_wconf 82' lang='lat' dir='ltr'><strong>vides</strong></span> <span class='ocrx_word' id='word_1_671' title='bbox 2423 4440 2666 4492; x_wconf 79' lang='lat' dir='ltr'><strong>quaenam</strong></span> <span class='ocrx_word' id='word_1_672' title='bbox 2710 4422 2953 4476; x_wconf 74' lang='lat' dir='ltr'><strong>Thracia:</strong></span> <span class='ocrx_word' id='word_1_673' title='bbox 2984 4437 3107 4489; x_wconf 86' lang='lat' dir='ltr'><strong>pars</strong></span> <span class='ocrx_word' id='word_1_674' title='bbox 3140 4420 3475 4487; x_wconf 71' lang='lat' dir='ltr'><strong>signiﬁcetur</strong></span> <span class='ocrx_word' id='word_1_675' title='bbox 3503 4462 3516 4479; x_wconf 85' lang='lat'><strong>,</strong></span> <span class='ocrx_word' id='word_1_676' title='bbox 3551 4421 3604 4472; x_wconf 90' lang='lat' dir='ltr'><strong>iu</strong></span> 
     </span>
    </p>
   </div>
   <div class='ocr_carea' id='block_1_92' title="bbox 377 4509 1933 4585">
    <p class='ocr_par' dir='ltr' id='par_1_92' title="bbox 377 4509 1933 4585">
     <span class='ocr_line' id='line_1_92' title="bbox 377 4509 1933 4585; baseline 0.003 -21"><span class='ocrx_word' id='word_1_677' title='bbox 377 4527 483 4565; x_wconf 89' lang='lat' dir='ltr'><strong>non</strong></span> <span class='ocrx_word' id='word_1_678' title='bbox 509 4511 704 4580; x_wconf 88' lang='grc' dir='ltr'>Ζυγοῦ.</span> <span class='ocrx_word' id='word_1_679' title='bbox 735 4511 801 4582; x_wconf 78' lang='grc' dir='ltr'><strong>(Ῑ)</strong></span> <span class='ocrx_word' id='word_1_680' title='bbox 857 4509 1070 4565; x_wconf 81' lang='lat' dir='ltr'><strong>Nicetas</strong></span> <span class='ocrx_word' id='word_1_681' title='bbox 1106 4511 1162 4564; x_wconf 88' lang='lat' dir='ltr'><strong>in</strong></span> <span class='ocrx_word' id='word_1_682' title='bbox 1218 4509 1430 4565; x_wconf 75' lang='lat' dir='ltr'><strong>Isaacio</strong></span> <span class='ocrx_word' id='word_1_683' title='bbox 1488 4513 1686 4581; x_wconf 74' lang='lat' dir='ltr'><strong>An‘gelo</strong></span> <span class='ocrx_word' id='word_1_684' title='bbox 1724 4529 1763 4579; x_wconf 84' lang='grc' dir='ltr'>ι,</span> <span class='ocrx_word' id='word_1_685' title='bbox 1796 4514 1830 4568; x_wconf 81' lang='grc'><strong>5</strong></span> <span class='ocrx_word' id='word_1_686' title='bbox 1856 4517 1933 4585; x_wconf 84' lang='grc' dir='ltr'>(ρ.</span> 
     </span>
    </p>
   </div>
   <div class='ocr_carea' id='block_1_93' title="bbox 447 4641 1937 4714">
    <p class='ocr_par' dir='ltr' id='par_1_93' title="bbox 447 4641 1937 4714">
     <span class='ocr_line' id='line_1_93' title="bbox 447 4641 1937 4714; baseline 0.002 -18"><span class='ocrx_word' id='word_1_687' title='bbox 447 4649 517 4712; x_wconf 75' lang='lat' dir='ltr'><strong>(cl</strong></span> <span class='ocrx_word' id='word_1_688' title='bbox 582 4645 868 4698; x_wconf 81' lang='lat' dir='ltr'><strong>Thraciam</strong></span> <span class='ocrx_word' id='word_1_689' title='bbox 921 4643 1096 4710; x_wconf 90' lang='lat' dir='ltr'><strong>primo</strong></span> <span class='ocrx_word' id='word_1_690' title='bbox 1153 4657 1268 4714; x_wconf 81' lang='lat' dir='ltr'><strong>aevo</strong></span> <span class='ocrx_word' id='word_1_691' title='bbox 1315 4641 1425 4697; x_wconf 89' lang='lat' dir='ltr'><strong>duo</strong></span> <span class='ocrx_word' id='word_1_692' title='bbox 1465 4657 1628 4714; x_wconf 88' lang='lat' dir='ltr'><strong>regna</strong></span> <span class='ocrx_word' id='word_1_693' title='bbox 1657 4643 1937 4709; x_wconf 88' lang='lat' dir='ltr'><strong>habuisse,</strong></span> 
     </span>
    </p>
   </div>
   <div class='ocr_carea' id='block_1_94' title="bbox 375 4713 1940 4781">
    <p class='ocr_par' dir='ltr' id='par_1_94' title="bbox 375 4713 1940 4781">
     <span class='ocr_line' id='line_1_94' title="bbox 375 4713 1940 4781; baseline 0.001 -15"><span class='ocrx_word' id='word_1_694' title='bbox 375 4723 558 4766; x_wconf 83' lang='lat' dir='ltr'><strong>narrat</strong></span> <span class='ocrx_word' id='word_1_695' title='bbox 584 4714 995 4776; x_wconf 74' lang='lat' dir='ltr'><strong>Constantinus,</strong></span> <span class='ocrx_word' id='word_1_696' title='bbox 1021 4728 1131 4781; x_wconf 86' lang='lat' dir='ltr'><strong>quo</strong></span> <span class='ocrx_word' id='word_1_697' title='bbox 1155 4713 1315 4781; x_wconf 82' lang='lat' dir='ltr'><strong>uisus</strong></span> <span class='ocrx_word' id='word_1_698' title='bbox 1340 4713 1578 4766; x_wconf 87' lang='lat' dir='ltr'><strong>veterum</strong></span> <span class='ocrx_word' id='word_1_699' title='bbox 1602 4715 1940 4768; x_wconf 87' lang='lat' dir='ltr'><strong>testimonio?</strong></span> 
     </span>
    </p>
   </div>
   <div class='ocr_carea' id='block_1_95' title="bbox 374 4780 1940 4852">
    <p class='ocr_par' dir='ltr' id='par_1_95' title="bbox 374 4780 1940 4852">
     <span class='ocr_line' id='line_1_95' title="bbox 374 4780 1940 4852; baseline 0.002 -17"><span class='ocrx_word' id='word_1_700' title='bbox 374 4787 454 4835; x_wconf 85' lang='lat' dir='ltr'><strong>An</strong></span> <span class='ocrx_word' id='word_1_701' title='bbox 487 4782 654 4837; x_wconf 85' lang='lat' dir='ltr'><strong>&#39;l‘aciti</strong></span> <span class='ocrx_word' id='word_1_702' title='bbox 694 4784 976 4847; x_wconf 68' lang='lat' dir='ltr'><strong>Annal..2,</strong></span> <span class='ocrx_word' id='word_1_703' title='bbox 1011 4780 1116 4836; x_wconf 32' lang='lat'><strong>6&#39;4?</strong></span> <span class='ocrx_word' id='word_1_704' title='bbox 1153 4780 1322 4836; x_wconf 87' lang='lat' dir='ltr'><strong>Urbes</strong></span> <span class='ocrx_word' id='word_1_705' title='bbox 1368 4785 1436 4834; x_wconf 85' lang='lat' dir='ltr'><strong>ab</strong></span> <span class='ocrx_word' id='word_1_706' title='bbox 1479 4783 1596 4852; x_wconf 87' lang='lat' dir='ltr'><strong>ipso</strong></span> <span class='ocrx_word' id='word_1_707' title='bbox 1625 4796 1940 4838; x_wconf 72' lang='lat' dir='ltr'><strong>memorata:</strong></span> 
     </span>
    </p>
   </div>
   <div class='ocr_carea' id='block_1_96' title="bbox 378 4852 1936 4920">
    <p class='ocr_par' dir='ltr' id='par_1_96' title="bbox 378 4852 1936 4920">
     <span class='ocr_line' id='line_1_96' title="bbox 378 4852 1936 4920; baseline 0.003 -17"><span class='ocrx_word' id='word_1_708' title='bbox 378 4853 450 4904; x_wconf 88' lang='lat' dir='ltr'><strong>nil</strong></span> <span class='ocrx_word' id='word_1_709' title='bbox 507 4852 713 4906; x_wconf 82' lang='lat' dir='ltr'><strong>faciunt</strong></span> <span class='ocrx_word' id='word_1_710' title='bbox 743 4852 808 4904; x_wconf 86' lang='lat' dir='ltr'><strong>ad</strong></span> <span class='ocrx_word' id='word_1_711' title='bbox 867 4867 1001 4904; x_wconf 87' lang='lat' dir='ltr'><strong>rem.</strong></span> <span class='ocrx_word' id='word_1_712' title='bbox 1066 4853 1294 4905; x_wconf 83' lang='lat' dir='ltr'><strong>Thracia</strong></span> <span class='ocrx_word' id='word_1_713' title='bbox 1352 4866 1449 4919; x_wconf 91' lang='lat' dir='ltr'><strong>pro</strong></span> <span class='ocrx_word' id='word_1_714' title='bbox 1506 4863 1805 4920; x_wconf 88' lang='lat' dir='ltr'><strong>temporum</strong></span> <span class='ocrx_word' id='word_1_715' title='bbox 1846 4869 1936 4907; x_wconf 87' lang='lat' dir='ltr'><strong>ra—</strong></span> 
     </span>
    </p>
   </div>
   <div class='ocr_carea' id='block_1_97' title="bbox 377 4922 1478 4990">
    <p class='ocr_par' dir='ltr' id='par_1_97' title="bbox 377 4922 1478 4990">
     <span class='ocr_line' id='line_1_97' title="bbox 377 4922 1478 4990; baseline 0.002 -17"><span class='ocrx_word' id='word_1_716' title='bbox 377 4923 524 4974; x_wconf 88' lang='lat' dir='ltr'><strong>tione</strong></span> <span class='ocrx_word' id='word_1_717' title='bbox 561 4923 612 4975; x_wconf 91' lang='lat' dir='ltr'><strong>in</strong></span> <span class='ocrx_word' id='word_1_718' title='bbox 645 4937 869 4975; x_wconf 87' lang='lat' dir='ltr'><strong>numero</strong></span> <span class='ocrx_word' id='word_1_719' title='bbox 901 4936 1189 4990; x_wconf 80' lang='lat' dir='ltr'><strong>regnorum</strong></span> <span class='ocrx_word' id='word_1_720' title='bbox 1232 4922 1478 4975; x_wconf 84' lang='lat' dir='ltr'><strong>variavit.</strong></span> 
     </span>
    </p>
   </div>
   <div class='ocr_carea' id='block_1_98' title="bbox 448 4990 1927 5061">
    <p class='ocr_par' dir='ltr' id='par_1_98' title="bbox 448 4990 1927 5061">
     <span class='ocr_line' id='line_1_98' title="bbox 448 4990 1927 5061; baseline 0.003 -19"><span class='ocrx_word' id='word_1_721' title='bbox 448 4993 526 5060; x_wconf 85' lang='lat' dir='ltr'><strong>(d)</strong></span> <span class='ocrx_word' id='word_1_722' title='bbox 569 4991 829 5044; x_wconf 86' lang='lat' dir='ltr'><strong>Hieroclis</strong></span> <span class='ocrx_word' id='word_1_723' title='bbox 893 5005 984 5042; x_wconf 77' lang='lat' dir='ltr'><strong>sex</strong></span> <span class='ocrx_word' id='word_1_724' title='bbox 1051 4992 1236 5061; x_wconf 83' lang='lat' dir='ltr'><strong>primae</strong></span> <span class='ocrx_word' id='word_1_725' title='bbox 1281 4992 1550 5059; x_wconf 72' lang='lat' dir='ltr'><strong>eparchiaa</strong></span> <span class='ocrx_word' id='word_1_726' title='bbox 1601 4990 1767 5056; x_wconf 81' lang='lat' dir='ltr'><strong>(infra</strong></span> <span class='ocrx_word' id='word_1_727' title='bbox 1820 4992 1927 5046; x_wconf 90' lang='lat' dir='ltr'><strong>col.</strong></span> 
     </span>
    </p>
   </div>
   <div class='ocr_carea' id='block_1_99' title="bbox 378 5060 1926 5129">
    <p class='ocr_par' dir='ltr' id='par_1_99' title="bbox 378 5060 1926 5129">
     <span class='ocr_line' id='line_1_99' title="bbox 378 5060 1926 5129; baseline 0.003 -17"><span class='ocrx_word' id='word_1_728' title='bbox 378 5060 503 5129; x_wconf 72' lang='lat' dir='ltr'><strong>HI)</strong></span> <span class='ocrx_word' id='word_1_729' title='bbox 547 5075 734 5114; x_wconf 82' lang='lat' dir='ltr'><strong>revera</strong></span> <span class='ocrx_word' id='word_1_730' title='bbox 771 5060 1081 5128; x_wconf 84' lang='lat' dir='ltr'><strong>computum</strong></span> <span class='ocrx_word' id='word_1_731' title='bbox 1127 5061 1324 5115; x_wconf 86' lang='lat' dir='ltr'><strong>habent</strong></span> <span class='ocrx_word' id='word_1_732' title='bbox 1352 5062 1422 5115; x_wconf 76' lang='lat'><strong>53</strong></span> <span class='ocrx_word' id='word_1_733' title='bbox 1463 5063 1676 5115; x_wconf 74' lang='lat' dir='ltr'><strong>urbium</strong></span> <span class='ocrx_word' id='word_1_734' title='bbox 1712 5074 1926 5119; x_wconf 85' lang='lat' dir='ltr'><strong>nostra-</strong></span> 
     </span>
    </p>
   </div>
   <div class='ocr_carea' id='block_1_100' title="bbox 447 5197 1930 5271">
    <p class='ocr_par' dir='ltr' id='par_1_100' title="bbox 447 5197 1930 5271">
     <span class='ocr_line' id='line_1_100' title="bbox 447 5197 1930 5271; baseline 0.001 -19"><span class='ocrx_word' id='word_1_735' title='bbox 447 5200 515 5271; x_wconf 76' lang='grc' dir='ltr'><strong>(ε)</strong></span> <span class='ocrx_word' id='word_1_736' title='bbox 566 5197 643 5253; x_wconf 85' lang='grc' dir='ltr'>Εη</span> <span class='ocrx_word' id='word_1_737' title='bbox 685 5198 913 5252; x_wconf 57' lang='grc' dir='ltr'>ϐιαίουιί</span> <span class='ocrx_word' id='word_1_738' title='bbox 977 5198 1173 5251; x_wconf 76' lang='lat' dir='ltr'><strong>ﬁdem!</strong></span> <span class='ocrx_word' id='word_1_739' title='bbox 1223 5197 1368 5271; x_wconf 75' lang='lat' dir='ltr'><strong>idem</strong></span> <span class='ocrx_word' id='word_1_740' title='bbox 1409 5202 1567 5271; x_wconf 63' lang='lat' dir='ltr'><strong>plane</strong></span> <span class='ocrx_word' id='word_1_741' title='bbox 1605 5209 1930 5271; x_wconf 76' lang='lat' dir='ltr'><strong>purpuratus</strong></span> 
     </span>
    </p>
   </div>
   <div class='ocr_carea' id='block_1_101' title="bbox 376 5267 1933 5340">
    <p class='ocr_par' dir='ltr' id='par_1_101' title="bbox 376 5267 1933 5340">
     <span class='ocr_line' id='line_1_101' title="bbox 376 5267 1933 5340; baseline 0 -17"><span class='ocrx_word' id='word_1_742' title='bbox 376 5267 613 5340; x_wconf 73' lang='lat' dir='ltr'><strong>scriptor</strong></span> <span class='ocrx_word' id='word_1_743' title='bbox 645 5272 756 5340; x_wconf 70' lang='lat' dir='ltr'><strong>haec</strong></span> <span class='ocrx_word' id='word_1_744' title='bbox 797 5271 1189 5340; x_wconf 33' lang='grc' dir='ltr'>Ιιιιιιειερλι-ἰιιι.</span> <span class='ocrx_word' id='word_1_745' title='bbox 1233 5268 1384 5334; x_wconf 56' lang='lat'><strong>2,17</strong></span> <span class='ocrx_word' id='word_1_746' title='bbox 1411 5267 1497 5336; x_wconf 86' lang='grc' dir='ltr'><strong>(Τ.</strong></span> <span class='ocrx_word' id='word_1_747' title='bbox 1527 5271 1583 5330; x_wconf 74' lang='grc'>2.</span> <span class='ocrx_word' id='word_1_748' title='bbox 1693 5269 1816 5329; x_wconf 77' lang='grc'><strong>681,</strong></span> <span class='ocrx_word' id='word_1_749' title='bbox 1846 5274 1933 5340; x_wconf 78' lang='lat' dir='ltr'><strong>ed.</strong></span> 
     </span>
    </p>
   </div>
   <div class='ocr_carea' id='block_1_102' title="bbox 375 5337 1938 5411">
    <p class='ocr_par' dir='ltr' id='par_1_102' title="bbox 375 5337 1938 5411">
     <span class='ocr_line' id='line_1_102' title="bbox 375 5337 1938 5411; baseline -0.002 -20"><span class='ocrx_word' id='word_1_750' title='bbox 375 5337 618 5411; x_wconf 70' lang='lat' dir='ltr'><strong>Bouh.):</strong></span> <span class='ocrx_word' id='word_1_751' title='bbox 665 5339 727 5411; x_wconf 79' lang='grc' dir='ltr'>Ὀ</span> <span class='ocrx_word' id='word_1_752' title='bbox 755 5342 860 5411; x_wconf 83' lang='grc' dir='ltr'><strong>τῶν</strong></span> <span class='ocrx_word' id='word_1_753' title='bbox 891 5337 998 5411; x_wconf 69' lang='grc' dir='ltr'>ἀπὸ</span> <span class='ocrx_word' id='word_1_754' title='bbox 1046 5337 1383 5411; x_wconf 69' lang='grc' dir='ltr'>βουλγαρίας</span> <span class='ocrx_word' id='word_1_755' title='bbox 1431 5341 1743 5411; x_wconf 71' lang='grc' dir='ltr'>ἐρχομένων</span> <span class='ocrx_word' id='word_1_756' title='bbox 1806 5339 1938 5411; x_wconf 82' lang='grc' dir='ltr'>πρέ-</span> 
     </span>
    </p>
   </div>
   <div class='ocr_carea' id='block_1_103' title="bbox 379 5406 1939 5480">
    <p class='ocr_par' dir='ltr' id='par_1_103' title="bbox 379 5406 1939 5480">
     <span class='ocr_line' id='line_1_103' title="bbox 379 5406 1939 5480; baseline 0 -21"><span class='ocrx_word' id='word_1_757' title='bbox 379 5406 564 5480; x_wconf 72' lang='grc' dir='ltr'>σὸεων</span> <span class='ocrx_word' id='word_1_758' title='bbox 603 5409 860 5480; x_wconf 13' lang='grc' dir='ltr'>πρδςίτὸν</span> <span class='ocrx_word' id='word_1_759' title='bbox 918 5406 1141 5478; x_wconf 83' lang='grc' dir='ltr'>βασιλέα</span> <span class='ocrx_word' id='word_1_760' title='bbox 1178 5406 1939 5480; x_wconf 64' lang='lat' dir='ltr'><strong>xatpsttcpdc.interrogatio</strong></span> 
     </span>
    </p>
   </div>
   <div class='ocr_carea' id='block_1_104' title="bbox 380 5477 1939 5548">
    <p class='ocr_par' dir='ltr' id='par_1_104' title="bbox 380 5477 1939 5548">
     <span class='ocr_line' id='line_1_104' title="bbox 380 5477 1939 5548; baseline -0.001 -20"><span class='ocrx_word' id='word_1_761' title='bbox 380 5477 678 5548; x_wconf 74' lang='lat' dir='ltr'><strong>legatur-mil</strong></span> <span class='ocrx_word' id='word_1_762' title='bbox 741 5479 1144 5548; x_wconf 78' lang='lat' dir='ltr'><strong>Bulgaricorum</strong></span> <span class='ocrx_word' id='word_1_763' title='bbox 1175 5495 1187 5530; x_wconf 94' lang='lat'>:</span> <span class='ocrx_word' id='word_1_764' title='bbox 1246 5479 1368 5538; x_wconf 79' lang='grc' dir='ltr'>[Ιῶς</span> <span class='ocrx_word' id='word_1_765' title='bbox 1406 5479 1599 5548; x_wconf 32' lang='grc' dir='ltr'>έχειᾼό</span> <span class='ocrx_word' id='word_1_766' title='bbox 1635 5477 1939 5548; x_wconf 60' lang='grc' dir='ltr'><strong>Δθεοστεφὴς</strong></span> 
     </span>
    </p>
   </div>
   <div class='ocr_carea' id='block_1_105' title="bbox 379 5544 1940 5618">
    <p class='ocr_par' dir='ltr' id='par_1_105' title="bbox 379 5544 1940 5618">
     <span class='ocr_line' id='line_1_105' title="bbox 379 5544 1940 5618; baseline 0.001 -23"><span class='ocrx_word' id='word_1_767' title='bbox 379 5544 627 5618; x_wconf 67' lang='grc' dir='ltr'>βασιλεὺς</span> <span class='ocrx_word' id='word_1_768' title='bbox 648 5551 677 5600; x_wconf 78' lang='grc' dir='ltr'>ὁ</span> <span class='ocrx_word' id='word_1_769' title='bbox 699 5544 1061 5618; x_wconf 58' lang='grc' dir='ltr'>πνευματικὸς</span> <span class='ocrx_word' id='word_1_770' title='bbox 1092 5548 1310 5609; x_wconf 85' lang='grc' dir='ltr'>πάππος</span> <span class='ocrx_word' id='word_1_771' title='bbox 1334 5546 1428 5618; x_wconf 76' lang='grc' dir='ltr'>τοῦ</span> <span class='ocrx_word' id='word_1_772' title='bbox 1451 5549 1513 5596; x_wconf 79' lang='grc' dir='ltr'>ἐκ</span> <span class='ocrx_word' id='word_1_773' title='bbox 1526 5545 1660 5618; x_wconf 82' lang='grc' dir='ltr'>Θεοῦ</span> <span class='ocrx_word' id='word_1_774' title='bbox 1681 5544 1940 5615; x_wconf 81' lang='grc' dir='ltr'>ἄρχοντος</span> 
     </span>
    </p>
   </div>
   <div class='ocr_carea' id='block_1_106' title="bbox 378 5615 1941 5687">
    <p class='ocr_par' dir='ltr' id='par_1_106' title="bbox 378 5615 1941 5687">
     <span class='ocr_line' id='line_1_106' title="bbox 378 5615 1941 5687; baseline 0.001 -21"><span class='ocrx_word' id='word_1_775' title='bbox 378 5615 736 5686; x_wconf 77' lang='grc' dir='ltr'>Βουλγαρίας,</span> <span class='ocrx_word' id='word_1_776' title='bbox 769 5615 914 5671; x_wconf 50' lang='grc' dir='ltr'>κζτ.</span> <span class='ocrx_word' id='word_1_777' title='bbox 957 5618 1004 5672; x_wconf 90' lang='grc' dir='ltr'><strong>λ.</strong></span> <span class='ocrx_word' id='word_1_778' title='bbox 1039 5615 1347 5686; x_wconf 68' lang='lat' dir='ltr'><strong>Logothetae</strong></span> <span class='ocrx_word' id='word_1_779' title='bbox 1373 5617 1498 5687; x_wconf 84' lang='lat' dir='ltr'><strong>Byz.</strong></span> <span class='ocrx_word' id='word_1_780' title='bbox 1533 5615 1598 5687; x_wconf 86' lang='lat' dir='ltr'><strong>ad</strong></span> <span class='ocrx_word' id='word_1_781' title='bbox 1643 5630 1737 5670; x_wconf 88' lang='lat' dir='ltr'><strong>eos</strong></span> <span class='ocrx_word' id='word_1_782' title='bbox 1771 5625 1941 5687; x_wconf 64' lang='lat' dir='ltr'><strong>tuter:-</strong></span> 
     </span>
    </p>
   </div>
   <div class='ocr_carea' id='block_1_107' title="bbox 383 5685 1941 5757">
    <p class='ocr_par' dir='ltr' id='par_1_107' title="bbox 383 5685 1941 5757">
     <span class='ocr_line' id='line_1_107' title="bbox 383 5685 1941 5757; baseline -0.002 -17"><span class='ocrx_word' id='word_1_783' title='bbox 383 5685 642 5757; x_wconf 81' lang='lat' dir='ltr'><strong>Iogatio:</strong></span> <span class='ocrx_word' id='word_1_784' title='bbox 719 5688 838 5752; x_wconf 83' lang='grc' dir='ltr'>Πῶς</span> <span class='ocrx_word' id='word_1_785' title='bbox 899 5689 1009 5757; x_wconf 74' lang='grc' dir='ltr'>ἔχει</span> <span class='ocrx_word' id='word_1_786' title='bbox 1069 5685 1519 5757; x_wconf 67' lang='grc' dir='ltr'>όπνευμαετικὸς</span> <span class='ocrx_word' id='word_1_787' title='bbox 1571 5686 1786 5753; x_wconf 77' lang='grc' dir='ltr'>ἔκγονος</span> <span class='ocrx_word' id='word_1_788' title='bbox 1846 5685 1941 5737; x_wconf 87' lang='grc' dir='ltr'>τοῦ</span> 
     </span>
    </p>
   </div>
   <div class='ocr_carea' id='block_1_108' title="bbox 2045 4509 3603 4586">
    <p class='ocr_par' dir='ltr' id='par_1_108' title="bbox 2045 4509 3603 4586">
     <span class='ocr_line' id='line_1_108' title="bbox 2045 4509 3603 4586; baseline -0.003 -21"><span class='ocrx_word' id='word_1_789' title='bbox 2045 4531 2203 4584; x_wconf 82' lang='lat' dir='ltr'><strong>quam</strong></span> <span class='ocrx_word' id='word_1_790' title='bbox 2241 4515 2439 4569; x_wconf 84' lang='lat' dir='ltr'><strong>Boreas</strong></span> <span class='ocrx_word' id='word_1_791' title='bbox 2472 4515 2794 4586; x_wconf 81' lang='lat' dir='ltr'><strong>(Herodotus</strong></span> <span class='ocrx_word' id='word_1_792' title='bbox 2837 4515 2892 4578; x_wconf 84' lang='lat'><strong>7,</strong></span> <span class='ocrx_word' id='word_1_793' title='bbox 2926 4514 3048 4568; x_wconf 75' lang='grc'><strong>189.</strong></span> <span class='ocrx_word' id='word_1_794' title='bbox 3075 4512 3210 4566; x_wconf 67' lang='lat' dir='ltr'><strong>l‘lat.</strong></span> <span class='ocrx_word' id='word_1_795' title='bbox 3235 4513 3444 4567; x_wconf 74' lang='lat' dir='ltr'><strong>Phtedr.</strong></span> <span class='ocrx_word' id='word_1_796' title='bbox 3477 4509 3603 4576; x_wconf 53' lang='grc' dir='ltr'><strong>ΗΟ)</strong></span> 
     </span>
    </p>
   </div>
   <div class='ocr_carea' id='block_1_109' title="bbox 2040 4643 3604 4716">
    <p class='ocr_par' dir='ltr' id='par_1_109' title="bbox 2040 4643 3604 4716">
     <span class='ocr_line' id='line_1_109' title="bbox 2040 4643 3604 4716; baseline 0.002 -19"><span class='ocrx_word' id='word_1_797' title='bbox 2040 4643 2303 4716; x_wconf 80' lang='grc' dir='ltr'>βασιλέως</span> <span class='ocrx_word' id='word_1_798' title='bbox 2335 4645 2493 4716; x_wconf 69' lang='grc' dir='ltr'>ήμῶν</span> <span class='ocrx_word' id='word_1_799' title='bbox 2539 4685 2552 4699; x_wconf 93' lang='grc'><strong>.</strong></span> <span class='ocrx_word' id='word_1_800' title='bbox 2598 4687 2610 4699; x_wconf 98' lang='grc'><strong>.</strong></span> <span class='ocrx_word' id='word_1_801' title='bbox 2668 4646 2793 4716; x_wconf 18' lang='grc' dir='ltr'><strong>ὁᾷὲκ</strong></span> <span class='ocrx_word' id='word_1_802' title='bbox 2825 4646 2971 4716; x_wconf 76' lang='grc' dir='ltr'>Θεοῦ</span> <span class='ocrx_word' id='word_1_803' title='bbox 3011 4648 3194 4716; x_wconf 80' lang='grc' dir='ltr'>ἄρχων</span> <span class='ocrx_word' id='word_1_804' title='bbox 3248 4645 3604 4716; x_wconf 72' lang='grc' dir='ltr'>Βουλγαρίας.</span> 
     </span>
    </p>
   </div>
   <div class='ocr_carea' id='block_1_110' title="bbox 2037 4714 3606 4780">
    <p class='ocr_par' dir='ltr' id='par_1_110' title="bbox 2037 4714 3606 4780">
     <span class='ocr_line' id='line_1_110' title="bbox 2037 4714 3606 4780; baseline 0.004 -14"><span class='ocrx_word' id='word_1_805' title='bbox 2037 4731 2092 4766; x_wconf 91' lang='grc' dir='ltr'><strong>κ.</strong></span> <span class='ocrx_word' id='word_1_806' title='bbox 2126 4733 2175 4768; x_wconf 90' lang='grc' dir='ltr'>τ.</span> <span class='ocrx_word' id='word_1_807' title='bbox 2207 4716 2254 4767; x_wconf 89' lang='grc' dir='ltr'><strong>λ.</strong></span> <span class='ocrx_word' id='word_1_808' title='bbox 2285 4714 2489 4768; x_wconf 80' lang='lat' dir='ltr'><strong>Simile</strong></span> <span class='ocrx_word' id='word_1_809' title='bbox 2524 4715 2666 4768; x_wconf 90' lang='lat' dir='ltr'><strong>circa</strong></span> <span class='ocrx_word' id='word_1_810' title='bbox 2703 4714 2904 4780; x_wconf 69' lang='lat' dir='ltr'><strong>Papam</strong></span> <span class='ocrx_word' id='word_1_811' title='bbox 2936 4714 3227 4769; x_wconf 72' lang='lat' dir='ltr'><strong>Romanum</strong></span> <span class='ocrx_word' id='word_1_812' title='bbox 3266 4726 3319 4770; x_wconf 85' lang='lat' dir='ltr'><strong>et</strong></span> <span class='ocrx_word' id='word_1_813' title='bbox 3365 4714 3606 4772; x_wconf 78' lang='lat' dir='ltr'><strong>Emirum</strong></span> 
     </span>
    </p>
   </div>
   <div class='ocr_carea' id='block_1_111' title="bbox 2038 4783 3602 4904">
    <p class='ocr_par' dir='ltr' id='par_1_111' title="bbox 2038 4783 3602 4904">
     <span class='ocr_line' id='line_1_111' title="bbox 2038 4783 3602 4904; baseline 0.003 -69"><span class='ocrx_word' id='word_1_814' title='bbox 2038 4783 2386 4904; x_wconf 34' lang='lat' dir='ltr'><strong>xsldtanum)</strong></span> <span class='ocrx_word' id='word_1_815' title='bbox 2429 4784 2633 4839; x_wconf 63' lang='lat' dir='ltr'><strong>Ciliciae</strong></span> <span class='ocrx_word' id='word_1_816' title='bbox 2695 4786 2816 4838; x_wconf 87' lang='lat' dir='ltr'><strong>vide</strong></span> <span class='ocrx_word' id='word_1_817' title='bbox 2877 4787 3072 4838; x_wconf 87' lang='lat' dir='ltr'><strong>ibidem</strong></span> <span class='ocrx_word' id='word_1_818' title='bbox 3115 4801 3236 4854; x_wconf 87' lang='lat' dir='ltr'><strong>pag.</strong></span> <span class='ocrx_word' id='word_1_819' title='bbox 3325 4785 3602 4844; x_wconf 70' lang='lat'><strong>680682.</strong></span> 
     </span>
     <span class='ocr_line' id='line_1_112' title="bbox 2068 4852 3602 4904; baseline 0 0"><span class='ocrx_word' id='word_1_820' title='bbox 2068 4852 2272 4904; x_wconf 80' lang='lat' dir='ltr'><strong>&#39;eniuut</strong></span> <span class='ocrx_word' id='word_1_821' title='bbox 2327 4863 2505 4904; x_wconf 86' lang='lat' dir='ltr'><strong>autem</strong></span> <span class='ocrx_word' id='word_1_822' title='bbox 2568 4855 2737 4904; x_wconf 78' lang='lat' dir='ltr'><strong>mimo</strong></span> <span class='ocrx_word' id='word_1_823' title='bbox 2790 4855 3009 4904; x_wconf 77' lang='lat' dir='ltr'><strong>llOlIOl‘lS</strong></span> <span class='ocrx_word' id='word_1_824' title='bbox 3064 4856 3182 4904; x_wconf 79' lang='lat' dir='ltr'><strong>loco</strong></span> <span class='ocrx_word' id='word_1_825' title='bbox 3237 4856 3396 4904; x_wconf 72' lang='lat' dir='ltr'><strong>leuati</strong></span> <span class='ocrx_word' id='word_1_826' title='bbox 3453 4871 3602 4904; x_wconf 73' lang='lat' dir='ltr'><strong>name</strong></span> 
     </span>
    </p>
   </div>
   <div class='ocr_carea' id='block_1_112' title="bbox 2068 4852 3605 4923">
    <p class='ocr_par' dir='ltr' id='par_1_112' title="bbox 2068 4852 3605 4923">
     <span class='ocr_line' id='line_1_113' title="bbox 2068 4852 3605 4923; baseline 0.001 -17"><span class='ocrx_word' id='word_1_827' title='bbox 2068 4852 2272 4906; x_wconf 82' lang='lat' dir='ltr'><strong>&#39;euiuut</strong></span> <span class='ocrx_word' id='word_1_828' title='bbox 2327 4852 2505 4906; x_wconf 87' lang='lat' dir='ltr'><strong>autem</strong></span> <span class='ocrx_word' id='word_1_829' title='bbox 2567 4855 2737 4920; x_wconf 78' lang='lat' dir='ltr'><strong>primo</strong></span> <span class='ocrx_word' id='word_1_830' title='bbox 2790 4855 3009 4908; x_wconf 88' lang='lat' dir='ltr'><strong>honoris</strong></span> <span class='ocrx_word' id='word_1_831' title='bbox 3063 4852 3605 4923; x_wconf 43' lang='lat' dir='ltr'><strong>loro—legatimpapx</strong></span> 
     </span>
    </p>
   </div>
   <div class='ocr_carea' id='block_1_113' title="bbox 2036 4921 3606 4995">
    <p class='ocr_par' dir='ltr' id='par_1_113' title="bbox 2036 4921 3606 4995">
     <span class='ocr_line' id='line_1_114' title="bbox 2036 4921 3606 4995; baseline 0.004 -22"><span class='ocrx_word' id='word_1_832' title='bbox 2036 4921 2320 4995; x_wconf 62' lang='lat' dir='ltr'><strong>Bouiani,_</strong></span> <span class='ocrx_word' id='word_1_833' title='bbox 2342 4925 2570 4995; x_wconf 76' lang='lat' dir='ltr'><strong>secundo</strong></span> <span class='ocrx_word' id='word_1_834' title='bbox 2628 4923 2979 4995; x_wconf 78' lang='lat' dir='ltr'><strong>Bulgarorum</strong></span> <span class='ocrx_word' id='word_1_835' title='bbox 3026 4925 3188 4995; x_wconf 77' lang='lat' dir='ltr'><strong>regis,</strong></span> <span class='ocrx_word' id='word_1_836' title='bbox 3225 4925 3375 4976; x_wconf 74' lang='lat' dir='ltr'><strong>tertio</strong></span> <span class='ocrx_word' id='word_1_837' title='bbox 3412 4921 3606 4979; x_wconf 73' lang='lat' dir='ltr'><strong>Turcze</strong></span> 
     </span>
    </p>
   </div>
   <div class='ocr_carea' id='block_1_114' title="bbox 2039 4991 2700 5046">
    <p class='ocr_par' dir='ltr' id='par_1_114' title="bbox 2039 4991 2700 5046">
     <span class='ocr_line' id='line_1_115' title="bbox 2039 4991 2700 5046; baseline 0 -2"><span class='ocrx_word' id='word_1_838' title='bbox 2039 4992 2244 5045; x_wconf 78' lang='lat' dir='ltr'><strong>Cilicis.</strong></span> <span class='ocrx_word' id='word_1_839' title='bbox 2283 4991 2358 5044; x_wconf 87' lang='lat' dir='ltr'><strong>Eu</strong></span> <span class='ocrx_word' id='word_1_840' title='bbox 2399 4993 2700 5046; x_wconf 79' lang='lat' dir='ltr'><strong>trifolium!</strong></span> 
     </span>
    </p>
   </div>
   <div class='ocr_carea' id='block_1_115' title="bbox 2110 5059 3610 5134">
    <p class='ocr_par' dir='ltr' id='par_1_115' title="bbox 2110 5059 3610 5134">
     <span class='ocr_line' id='line_1_116' title="bbox 2110 5059 3610 5134; baseline 0.003 -23"><span class='ocrx_word' id='word_1_841' title='bbox 2110 5064 2179 5130; x_wconf 73' lang='grc' dir='ltr'><strong>(ι’)</strong></span> <span class='ocrx_word' id='word_1_842' title='bbox 2206 5059 2332 5134; x_wconf 36' lang='lat' dir='ltr'><strong>“Non</strong></span> <span class='ocrx_word' id='word_1_843' title='bbox 2388 5063 2545 5134; x_wconf 78' lang='lat' dir='ltr'><strong>aliter</strong></span> <span class='ocrx_word' id='word_1_844' title='bbox 2598 5063 2856 5134; x_wconf 80' lang='lat' dir='ltr'><strong>intelligo</strong></span> <span class='ocrx_word' id='word_1_845' title='bbox 2889 5064 3219 5134; x_wconf 90' lang='lat' dir='ltr'><strong>Stephanum</strong></span> <span class='ocrx_word' id='word_1_846' title='bbox 3254 5062 3384 5132; x_wconf 76' lang='lat' dir='ltr'><strong>Byz.</strong></span> <span class='ocrx_word' id='word_1_847' title='bbox 3414 5081 3427 5134; x_wconf 71' lang='grc' dir='ltr'><strong><em>ς</em></strong></span> <span class='ocrx_word' id='word_1_848' title='bbox 3478 5063 3610 5134; x_wconf 63' lang='lat' dir='ltr'><strong>F61-</strong></span> 
     </span>
    </p>
   </div>
   <div class='ocr_carea' id='block_1_116' title="bbox 2037 5128 3604 5214">
    <p class='ocr_par' dir='ltr' id='par_1_116' title="bbox 2037 5128 3604 5214">
     <span class='ocr_line' id='line_1_117' title="bbox 2037 5128 3604 5214; baseline 0.003 -34"><span class='ocrx_word' id='word_1_849' title='bbox 2037 5128 2166 5214; x_wconf 44' lang='grc' dir='ltr'>θος</span> <span class='ocrx_word' id='word_1_850' title='bbox 2202 5130 2362 5214; x_wconf 38' lang='grc' dir='ltr'>ἔθνος.</span> <span class='ocrx_word' id='word_1_851' title='bbox 2414 5128 2860 5214; x_wconf 43' lang='grc' dir='ltr'>πάλαιιοίκῇσαν</span> <span class='ocrx_word' id='word_1_852' title='bbox 2912 5128 3069 5214; x_wconf 48' lang='lat' dir='ltr'><strong>ista;</strong></span> <span class='ocrx_word' id='word_1_853' title='bbox 3127 5134 3225 5204; x_wconf 82' lang='grc' dir='ltr'><strong>τῆς</strong></span> <span class='ocrx_word' id='word_1_854' title='bbox 3278 5128 3604 5214; x_wconf 72' lang='grc' dir='ltr'>Μαιώτιδος·</span> 
     </span>
    </p>
   </div>
   <div class='ocr_carea' id='block_1_117' title="bbox 2033 5200 3605 5391">
    <p class='ocr_par' dir='ltr' id='par_1_117' title="bbox 2033 5200 3605 5391">
     <span class='ocr_line' id='line_1_118' title="bbox 2037 5200 3602 5272; baseline 0.003 -21"><span class='ocrx_word' id='word_1_855' title='bbox 2037 5200 2262 5268; x_wconf 83' lang='grc' dir='ltr'>ὕστερον</span> <span class='ocrx_word' id='word_1_856' title='bbox 2317 5201 2373 5252; x_wconf 81' lang='grc' dir='ltr'>δὲ</span> <span class='ocrx_word' id='word_1_857' title='bbox 2430 5202 2510 5264; x_wconf 78' lang='grc' dir='ltr'><strong>είς</strong></span> <span class='ocrx_word' id='word_1_858' title='bbox 2566 5200 2664 5271; x_wconf 80' lang='grc' dir='ltr'><strong>τὴν</strong></span> <span class='ocrx_word' id='word_1_859' title='bbox 2717 5203 2873 5265; x_wconf 83' lang='grc' dir='ltr'>ὲκτδς</span> <span class='ocrx_word' id='word_1_860' title='bbox 2908 5204 2948 5256; x_wconf 83' lang='grc' dir='ltr'><strong>Θ</strong></span> <span class='ocrx_word' id='word_1_861' title='bbox 2989 5205 3128 5272; x_wconf 83' lang='grc' dir='ltr'>ᾁκην</span> <span class='ocrx_word' id='word_1_862' title='bbox 3175 5200 3602 5271; x_wconf 69' lang='grc' dir='ltr'>μετανέστησαν.</span> 
     </span>
     <span class='ocr_line' id='line_1_119' title="bbox 2033 5219 3605 5347; baseline 0.003 -26"><span class='ocrx_word' id='word_1_863' title='bbox 2033 5267 2162 5347; x_wconf 65' lang='lat' dir='ltr'><strong>Erat</strong></span> <span class='ocrx_word' id='word_1_864' title='bbox 2186 5284 2247 5323; x_wconf 89' lang='lat' dir='ltr'><strong>ea</strong></span> <span class='ocrx_word' id='word_1_865' title='bbox 2263 5268 2494 5324; x_wconf 84' lang='lat' dir='ltr'><strong>Thracia</strong></span> <span class='ocrx_word' id='word_1_866' title='bbox 2529 5272 2668 5326; x_wconf 87' lang='lat' dir='ltr'><strong>inter</strong></span> <span class='ocrx_word' id='word_1_867' title='bbox 2697 5219 3301 5341; x_wconf 54' lang='lat' dir='ltr'><strong>Haetnuini’ontumque</strong></span> <span class='ocrx_word' id='word_1_868' title='bbox 3333 5272 3605 5324; x_wconf 79' lang='lat' dir='ltr'><strong>Euxinum</strong></span> 
     </span>
     <span class='ocr_line' id='line_1_120' title="bbox 2033 5349 2156 5391; baseline 0 0"><span class='ocrx_word' id='word_1_869' title='bbox 2033 5349 2156 5391; x_wconf 81' lang='lat' dir='ltr'><strong>sua.</strong></span> 
     </span>
    </p>
   </div>
   <div class='ocr_carea' id='block_1_118' title="bbox 2031 5353 2156 5392">
    <p class='ocr_par' dir='ltr' id='par_1_118' title="bbox 2031 5353 2156 5392">
     <span class='ocr_line' id='line_1_121' title="bbox 2031 5353 2156 5392; baseline -0.008 0"><span class='ocrx_word' id='word_1_870' title='bbox 2031 5353 2156 5392; x_wconf 84' lang='lat' dir='ltr'><strong>sua.</strong></span> 
     </span>
    </p>
   </div>
   <div class='ocr_carea' id='block_1_119' title="bbox 2108 5407 3610 5477">
    <p class='ocr_par' dir='ltr' id='par_1_119' title="bbox 2108 5407 3610 5477">
     <span class='ocr_line' id='line_1_122' title="bbox 2108 5407 3610 5477; baseline -0.002 -15"><span class='ocrx_word' id='word_1_871' title='bbox 2108 5407 2181 5477; x_wconf 91' lang='lat' dir='ltr'><strong>(g)</strong></span> <span class='ocrx_word' id='word_1_872' title='bbox 2219 5408 2475 5463; x_wconf 84' lang='lat' dir='ltr'><strong>Eamdem</strong></span> <span class='ocrx_word' id='word_1_873' title='bbox 2509 5409 2804 5464; x_wconf 87' lang='lat' dir='ltr'><strong>dictionem</strong></span> <span class='ocrx_word' id='word_1_874' title='bbox 2839 5410 2894 5463; x_wconf 93' lang='lat' dir='ltr'><strong>in</strong></span> <span class='ocrx_word' id='word_1_875' title='bbox 2949 5411 3115 5463; x_wconf 88' lang='lat' dir='ltr'><strong>rebus</strong></span> <span class='ocrx_word' id='word_1_876' title='bbox 3163 5407 3472 5464; x_wconf 78' lang='lat' dir='ltr'><strong>Moreoticis</strong></span> <span class='ocrx_word' id='word_1_877' title='bbox 3506 5408 3610 5460; x_wconf 89' lang='lat' dir='ltr'><strong>de-</strong></span> 
     </span>
    </p>
   </div>
   <div class='ocr_carea' id='block_1_120' title="bbox 2035 5477 3602 5546">
    <p class='ocr_par' dir='ltr' id='par_1_120' title="bbox 2035 5477 3602 5546">
     <span class='ocr_line' id='line_1_123' title="bbox 2035 5477 3602 5546; baseline 0 -18"><span class='ocrx_word' id='word_1_878' title='bbox 2035 5478 2320 5542; x_wconf 85' lang='lat' dir='ltr'><strong>prehendi.</strong></span> <span class='ocrx_word' id='word_1_879' title='bbox 2353 5478 2621 5546; x_wconf 74' lang='lat' dir='ltr'><strong>Georgius</strong></span> <span class='ocrx_word' id='word_1_880' title='bbox 2668 5479 2937 5532; x_wconf 77' lang='lat' dir='ltr'><strong>Phranlza</strong></span> <span class='ocrx_word' id='word_1_881' title='bbox 2973 5495 3034 5546; x_wconf 82' lang='grc' dir='ltr'>ιι,</span> <span class='ocrx_word' id='word_1_882' title='bbox 3066 5479 3101 5532; x_wconf 75' lang='grc'><strong>2</strong></span> <span class='ocrx_word' id='word_1_883' title='bbox 3136 5483 3207 5546; x_wconf 90' lang='lat' dir='ltr'><strong>(p.</strong></span> <span class='ocrx_word' id='word_1_884' title='bbox 3240 5480 3339 5531; x_wconf 77' lang='grc'><strong>150</strong></span> <span class='ocrx_word' id='word_1_885' title='bbox 3369 5493 3429 5540; x_wconf 89' lang='lat' dir='ltr'><strong>sq</strong></span> <span class='ocrx_word' id='word_1_886' title='bbox 3461 5512 3478 5539; x_wconf 86' lang='lat'><strong>,</strong></span> <span class='ocrx_word' id='word_1_887' title='bbox 3512 5477 3602 5537; x_wconf 86' lang='lat' dir='ltr'><strong>ed.</strong></span> 
     </span>
    </p>
   </div>
   <div class='ocr_carea' id='block_1_121' title="bbox 1991 5541 3599 5616">
    <p class='ocr_par' dir='ltr' id='par_1_121' title="bbox 1991 5541 3599 5616">
     <span class='ocr_line' id='line_1_124' title="bbox 1991 5541 3599 5616; baseline 0.001 -19"><span class='ocrx_word' id='word_1_888' title='bbox 1991 5541 2004 5548; x_wconf 78' lang='grc'><em>’</em></span> <span class='ocrx_word' id='word_1_889' title='bbox 2038 5546 2270 5613; x_wconf 87' lang='lat' dir='ltr'><strong>Bonu.):</strong></span> <span class='ocrx_word' id='word_1_890' title='bbox 2323 5547 2430 5598; x_wconf 88' lang='grc' dir='ltr'>Τοῦ</span> <span class='ocrx_word' id='word_1_891' title='bbox 2466 5541 2874 5616; x_wconf 61' lang='grc' dir='ltr'>ὑπερμεγέθους</span> <span class='ocrx_word' id='word_1_892' title='bbox 2913 5541 3070 5616; x_wconf 75' lang='grc' dir='ltr'>ὅρους</span> <span class='ocrx_word' id='word_1_893' title='bbox 3109 5541 3202 5600; x_wconf 75' lang='grc' dir='ltr'>τοῦ</span> <span class='ocrx_word' id='word_1_894' title='bbox 3235 5547 3508 5616; x_wconf 70' lang='grc' dir='ltr'>Ἰἀῦγέτου</span> <span class='ocrx_word' id='word_1_895' title='bbox 3540 5582 3559 5598; x_wconf 91' lang='grc'><strong>.</strong></span> <span class='ocrx_word' id='word_1_896' title='bbox 3581 5582 3599 5599; x_wconf 91' lang='grc'><strong>.</strong></span> 
     </span>
    </p>
   </div>
   <div class='ocr_carea' id='block_1_122' title="bbox 2038 5613 3602 5688">
    <p class='ocr_par' dir='ltr' id='par_1_122' title="bbox 2038 5613 3602 5688">
     <span class='ocr_line' id='line_1_125' title="bbox 2038 5613 3602 5688; baseline 0 -22"><span class='ocrx_word' id='word_1_897' title='bbox 2038 5616 2459 5688; x_wconf 35' lang='grc' dir='ltr'>καὶλπάνταςι-δν</span> <span class='ocrx_word' id='word_1_898' title='bbox 2494 5613 2703 5688; x_wconf 68' lang='grc' dir='ltr'>έκείνου</span> <span class='ocrx_word' id='word_1_899' title='bbox 2723 5615 2896 5688; x_wconf 74' lang='grc' dir='ltr'>ζυγὸν</span> <span class='ocrx_word' id='word_1_900' title='bbox 2925 5613 3050 5688; x_wconf 62' lang='grc' dir='ltr'>ἄχρι</span> <span class='ocrx_word' id='word_1_901' title='bbox 3077 5617 3171 5669; x_wconf 76' lang='grc' dir='ltr'>καὶ</span> <span class='ocrx_word' id='word_1_902' title='bbox 3197 5617 3294 5683; x_wconf 76' lang='grc' dir='ltr'><strong>τῆς</strong></span> <span class='ocrx_word' id='word_1_903' title='bbox 3332 5613 3506 5667; x_wconf 83' lang='grc' dir='ltr'>Πύλου</span> <span class='ocrx_word' id='word_1_904' title='bbox 3532 5650 3547 5666; x_wconf 94' lang='grc'><strong>.</strong></span> <span class='ocrx_word' id='word_1_905' title='bbox 3583 5649 3602 5666; x_wconf 91' lang='grc'><strong>.</strong></span> 
     </span>
    </p>
   </div>
   <div class='ocr_carea' id='block_1_123' title="bbox 2041 5682 3461 5774">
    <p class='ocr_par' dir='ltr' id='par_1_123' title="bbox 2041 5682 3461 5774">
     <span class='ocr_line' id='line_1_126' title="bbox 2041 5682 3461 5774; baseline 0.003 -38"><span class='ocrx_word' id='word_1_906' title='bbox 2041 5682 2194 5774; x_wconf 76' lang='grc' dir='ltr'>ἐκδὲ</span> <span class='ocrx_word' id='word_1_907' title='bbox 2232 5683 2324 5737; x_wconf 88' lang='grc' dir='ltr'><strong>τοῦ</strong></span> <span class='ocrx_word' id='word_1_908' title='bbox 2355 5683 2458 5750; x_wconf 79' lang='grc' dir='ltr'><strong>ἔξω</strong></span> <span class='ocrx_word' id='word_1_909' title='bbox 2493 5685 2661 5754; x_wconf 80' lang='grc' dir='ltr'>ζυγοῦ</span> <span class='ocrx_word' id='word_1_910' title='bbox 2688 5687 2747 5739; x_wconf 80' lang='grc' dir='ltr'>τὸ</span> <span class='ocrx_word' id='word_1_911' title='bbox 2777 5682 3013 5757; x_wconf 63' lang='grc' dir='ltr'>κάστρὸν</span> <span class='ocrx_word' id='word_1_912' title='bbox 3042 5682 3320 5758; x_wconf 81' lang='grc' dir='ltr'>Ζαρνάτας</span> <span class='ocrx_word' id='word_1_913' title='bbox 3355 5721 3373 5740; x_wconf 92' lang='grc'><strong>.</strong></span> <span class='ocrx_word' id='word_1_914' title='bbox 3399 5721 3415 5740; x_wconf 90' lang='grc'><strong>.</strong></span> <span class='ocrx_word' id='word_1_915' title='bbox 3442 5720 3461 5739; x_wconf 78' lang='grc' dir='ltr'><strong><em>ο</em></strong></span> 
     </span>
    </p>
   </div>
  </div>
