4044 6210
326 280 399 347 45
1454 278 1860 347 VARIORUM
1895 282 2455 350 ΡΒίΕΕΑΤΙΟΝΕδ.
3500 282 3570 353 46

328 392 655 464 Οτὶιιιγῖιιηι,
684 391 916 446 Atticam
952 391 1235 462 virginem.
1271 394 1534 448 avexerit.
1593 395 1686 447 Est
1719 394 1897 449 Mace-

2011 397 2213 465 κτίσμα
2232 398 2290 449 ὲν
2317 398 2396 465 τῷ
2420 393 2628 467 Ἕϐρῳ.
2662 394 2806 452 Idem
2838 396 3121 463 εῐιιάσται,
3151 396 3300 465 ἔθνος
3334 402 3471 474 πρὸς
3491 407 3572 477 τῷ

323 485 483 537 deuia
536 483 894 536 vetustissimi
934 498 1124 537 sensus
1154 483 1439 546 Thracica,
1478 488 1621 540 inter
1666 487 1901 541 I’cm'tltlt

324 575 637 641 Axinmque
670 572 771 626 sita
805 574 905 642 (Ir).
960 573 1147 627 Idem:
1184 575 1557 646 Κασάνδρεια,
1597 578 1751 639 πόλις
1782 577 1902 630 Μαι

326 662 577 725 κεδονίας
632 663 766 735 πρὸς
812 666 878 733 τῇ
931 663 1146 737 Θρᾴκῃ,
1198 666 1397 735 ήποτε
1447 668 1703 720 Ποτίδαια
1747 668 1903 735 λεγο-

331 755 493 826 μένη.
525 755 663 809 Idem
695 771 708 807 :
742 755 1023 825 Κεκροπία
1052 755 1207 826 χώρα
1239 798 1253 811 .
1284 794 1298 811 .
1330 757 1445 811 ἔστι
1476 760 1568 814 καὶ
1594 761 1897 831 Κεκροπὶς,

328 849 483 919 χώρα
514 848 747 918 Θρᾴκης·
784 846 899 899 ἔστι
928 847 984 899 δὲ
1014 847 1183 917 δῆμος
1209 849 1607 921 Θεσσαλονίκης
1636 853 1697 914 (i.
1730 870 1778 905 e.
1818 870 1907 921 pn-

330 956 426 1008 gns
449 939 735 1007 provincim
766 938 1166 992 Thessalonica:
1203 939 1359 992 medii
1395 942 1517 1005 ενι,
1554 941 1608 994 h.
1651 957 1702 996 e.
1726 941 1901 995 Μειιοεα

328 1036 496 1089 ιιοιιίτε
568 1034 811 1103 veteris).
886 1033 1073 1087 Idem:
1137 1034 1373 1099 Μαιδοὶ,
1440 1034 1590 1097 ἔθνος
1659 1037 1901 1107 Θρᾴκης,

325 1126 551 1195 πλησίον
574 1125 935 1188 Μακεδονίας.
970 1124 1150 1178 Idem:
1186 1126 1440 1194 Μεθώνη,
1479 1126 1629 1190 πόλις
1658 1128 1901 1198 Θρᾴκης.

324 1215 511 1269 Idem:
575 1217 898 1279 Μίλκωρος,
964 1216 1265 1286 Χαλκιδικὴ
1332 1217 1484 1281 πόλις
1563 1220 1619 1271 ὲν
1684 1220 1898 1294 Θρᾴκῃ.

326 1307 513 1361 Idem:
569 1308 865 1374 Μυγδονία,
904 1311 1069 1378 μοῖρα
1106 1310 1443 1372 Μακεδονίας
1486 1311 1628 1374 τινὲς
1661 1312 1716 1364 δὲ
1757 1314 1903 1365 Μαι·

326 1399 453 1461 δοὺς
498 1399 696 1462 αὐτούς
760 1416 943 1467 φασιν.
1007 1400 1191 1454 Idem:
1250 1400 1571 1469 Ὀλόφυξος,
1633 1403 1786 1465 πόλις
1847 1406 1905 1455 ὲν

328 1489 519 1560 Θρᾴκῃ
572 1490 703 1559 περὶ
754 1490 844 1542 τὸν
902 1489 1075 1542 "Alius.
1147 1488 1333 1544 Idem:
1410 1492 1706 1553 Ὄλυνθος,
1752 1494 1907 1554 πόλις

327 1579 547 1649 Θρᾴκης
606 1579 744 1649 πρὸς
798 1582 863 1649 τῇ
919 1579 1151 1649 Σιοωνίᾳ
1176 1581 1275 1650 τῆς
1302 1581 1666 1644 Μακεδονίας.
1713 1583 1903 1637 Idem:

2004 488 2207 557 Πόντῳ.
2239 488 2539 557 Βαρύνεται
2572 487 2629 540 δὲ
2656 487 2857 558 ὁμοίως
2889 489 2967 559 τῷ
3013 491 3277 560 Ὀρέσται.
3342 494 3572 565 Ὁμοίως

1999 580 2056 633 δὲ
2086 582 2180 634 καὶ
2209 580 2514 633 οίΔιέσται.
2542 579 2889 632 Μακεδονικὰ
2911 580 2967 633 δέ
2998 582 3134 635 εἰσιν
3160 583 3286 652 ἔθνη
3314 587 3406 638 καὶ
3437 588 3573 641 nra-

2003 688 2145 725 σται.
2179 671 2299 741 Χρὴ
2326 670 2382 723 δὲ
2414 670 2632 733 εἰδέναι,
2665 670 2745 723 ὅτι
2774 669 2835 723 οὗ
2864 688 3019 741 φησι,
3053 673 3143 725 καὶ
3176 676 3297 738 τοὺς
3333 677 3573 741 Πιόιστας

2002 761 2369 817 Μακεδονικὸν
2393 761 2545 822 ἔθνος
2578 756 2738 825 εἶναι,
2765 760 2901 833 ἀλλὰ
2927 762 3434 833 συμδαρυνομένους
3463 768 3575 829 τοῖς

2001 853 2252 914 Διέσταις
2279 852 2373 903 καὶ
2412 850 2717 921 Ὀρέσταις.
2772 850 2833 921 (ελ)
2865 850 3007 920 Ergo
3047 852 3423 908 MacedOnicas
3448 872 3576 923 gen-

2003 952 2086 996 tes
2127 950 2180 995 et
2235 940 2482 995 colonias
2531 954 2700 1009 prope
2743 938 2972 993 Pontum
3022 939 3286 995 habemus
3346 943 3575 1002 Dieslas.

2006 1033 2245 1099 Orestas,
2279 1030 2517 1085 Pt'astas.
2551 1020 2768 1085 Primos
2799 1040 2929 1100 pulo
2958 1046 2990 1086 a
3031 1032 3147 1093 Dio.
3193 1032 3346 1099 juxta
3395 1035 3575 1089 sinum

2004 1125 2351 1179 Thermzeum
2405 1124 2527 1181 sito.
2587 1122 2653 1177 ad
2700 1122 2943 1176 Haemum
2993 1125 3357 1192 trauspositos
3390 1125 3579 1181 fuisse.

2003 1214 2215 1270 Piastas
2256 1214 2437 1269 minus
2463 1213 2574 1282 jam
2607 1222 2788 1284 tango,
2819 1208 2988 1284 magis
3020 1227 3145 1267 vero
3172 1220 3407 1269 Orestas.
3444 1214 3582 1273 llos-

2001 1322 2107 1377 que
2138 1321 2330 1361 omnes
2360 1306 2679 1359 Macedonas
2721 1303 2973 1359 Ponticos
3008 1302 3360 1359 s.Thracicos
3390 1305 3577 1367 fuisse.

2002 1414 2032 1453 a
2067 1398 2340 1453 veteribus
2376 1397 2639 1451 didicerat
2669 1396 2979 1466 Stephanus
3021 1397 3375 1468 Byzantinus.
3408 1397 3580 1452 Cane-

2004 1505 2127 1542 rum
2161 1490 2371 1544 Piastas
2414 1488 2661 1557 agnoscit
2707 1485 2913 1543 Tabula
2962 1505 3179 1559 quoque
3222 1490 3382 1544 Pent.
3444 1499 3577 1544 sect.

2011 1577 2145 1639 VIII,
2187 1580 2431 1633 scribens
2479 1577 2744 1631 Pehastr‘r‘.
2774 1579 3044 1635 Sedebant
3069 1596 3097 1633 e
3127 1581 3349 1635 sinistra
3381 1581 3581 1636 'I‘nnza:

329 1668 607 1738 Παλλήνη,
651 1669 803 1733 πόλις
834 1671 1075 1739 Θρᾴκης,
1107 1670 1214 1722 ἀπὸ
1259 1671 1546 1741 Παλλήνης
1593 1673 1692 1742 τῆς
1739 1674 1905 1727 ΣίΟω-

2011 1668 2159 1722 ﬂuvii
2215 1682 2330 1734 ora,
2390 1683 2552 1738 quem
2605 1669 2747 1723 male
2791 1668 3017 1722 Tantum
3076 1672 3209 1726 dicit
3258 1674 3448 1727 eadem
3500 1682 3581 1727 ta-

328 1776 441 1824 νος,
472 1777 527 1813 κ.
554 1777 606 1813 τ.
634 1759 684 1814 λ.
710 1759 851 1814 Idem
888 1778 901 1813 :
937 1761 1226 1825 Ποτίδαια,
1260 1764 1413 1826 πόλις
1447 1764 1683 1835 Θρᾴκης.
1713 1764 1858 1819 Idem
1888 1784 1902 1820 :

2011 1756 2160 1809 bula.

329 1851 496 1920 Σάνη,
552 1852 707 1914 πόλις
760 1852 980 1923 Θρᾴκης
1031 1854 1231 1923 μεταξὺ
1292 1855 1442 1907 ’Δοω
1470 1858 1564 1908 καὶ
1590 1856 1896 1926 Παλλήνης.

330 1940 519 1997 Idem:
574 1943 843 2004 Σιθωνία,
896 1944 1061 2012 μέρος
1125 1946 1369 2015 Θρᾴκης.
1438 1947 1633 1999 Idem:
1691 1946 1903 2011 Σκίϐαι,

333 2032 486 2095 πόλις
538 2032 761 2103 Θρᾴκης
819 2034 1055 2104 πλησίον
1083 2034 1393 2095 Ποτιδαίας.
1442 2036 1625 2089 Idem:
1667 2035 1905 2106 Σκιώνη,

335 2122 495 2183 πόλις
551 2123 792 2192 Θρᾴκης.
837 2124 1027 2178 Idem:
1089 2125 1399 2194 Στράμὸαι,
1453 2125 1609 2187 πόλις
1650 2125 1896 2197 Θρᾴκης.

333 2211 483 2267 Idem
516 2232 528 2267 :
559 2214 794 2278 Στῶλος,
823 2213 978 2276 πόλις
1025 2216 1123 2286 μία
1174 2217 1285 2269 τῶν
1326 2218 1384 2269 ἐν
1413 2216 1602 2288 Θρᾴκῃ
1648 2216 1911 2288 βαρϐαρι-

331 2305 468 2371 κῶν,
509 2305 577 2368 ἂς
612 2307 957 2375 μετήνεγκαν
1011 2308 1073 2359 ὲκ
1106 2306 1216 2361 τῶν
1258 2307 1504 2360 Ἠδωνῶν
1542 2308 1591 2360 oi
1622 2308 1909 2372 Χαλκιδεῖς

331 2400 412 2461 είς
445 2398 544 2461 τὰς
593 2398 771 2450 αὐτῶν
804 2398 1007 2461 πόλεις.
1061 2399 1249 2453 Idem:
1306 2399 1573 2470 Τράγιλος
1610 2400 1763 2465 πόλις
1808 2402 1906 2471 μία

330 2488 441 2543 τῶν
473 2490 565 2542 επὶ
589 2489 809 2560 Θρᾴκης
839 2490 977 2561 πρὸς
1023 2493 1092 2562 τῇ
1121 2485 1455 2562 Χερρονήσῳ
1488 2492 1688 2563 (qualis
1710 2494 1906 2562 penin-

333 2580 449 2635 snla
468 2578 511 2650 ?)
534 2580 629 2632 καὶ
650 2580 982 2650 Μακεδονία.
1009 2578 1152 2635 Idem
1182 2602 1193 2636 :
1222 2580 1456 2652 Φλέγρα,
1486 2582 1638 2647 πόλις
1661 2580 1904 2653 Θρᾴκης,

334 2670 401 2739 ἦν
428 2669 653 2733 Εὔδοξος
699 2670 839 2740 μετὰ
892 2669 1070 2723 ταῦτα
1105 2670 1390 2740 Παλλήνην
1430 2673 1563 2739 φησι
1614 2670 1904 2741 κληθῆναι.

334 2751 481 2813 Idem
514 2777 529 2813 :
564 2759 880 2829 Χαλάστρα,
912 2760 1067 2823 πόλις
1097 2760 1319 2830 Θρᾴκης
1356 2760 1484 2830 περὶ
1508 2760 1600 2813 τὸν
1631 2762 1907 2830 Θερμαῖον

334 2852 553 2904 κόλπον.
570 2850 743 2906 Addo:
762 2852 907 2906 Idem
928 2871 940 2905 :
957 2852 1167 2923 Θέρμη,
1182 2853 1335 2914 πόλις
1354 2853 1620 2922 Ἐλλήνων
1634 2852 1908 2921 Θρηῖκων.

335 2943 523 2998 Idem:
559 2938 720 3010 Δῐσα,
757 2943 909 3005 πόλις
945 2943 1184 3014 Θρᾴκης,
1219 2944 1494 3015 προσεχὴς
1530 2946 1597 3013 τῇ
1634 2943 1905 3014 Παλλήνῃ.

335 3026 482 3087 Idem
514 3051 528 3087 :
564 3033 807 3104 Αίσύμη,
844 3034 1001 3097 πόλις
1032 3034 1251 3105 Θρᾴκης
1283 3035 1533 3104 Ὅμηρος
1584 3034 1757 3104 (Iliad.
1788 3050 1908 3097 νιιι,

336 3125 488 3195 504),
513 3143 567 3179 κ.
594 3142 672 3188 τ,.
709 3124 761 3180 λ.
797 3127 938 3181 Idem
970 3126 1209 3195 ιἈφύτη
1242 3126 1274 3193 ἢ
1317 3125 1556 3193 Ἀφυτὶς,
1590 3126 1741 3187 πόλις
1769 3125 1905 3195 πρὸς

335 3216 401 3284 τῇ
457 3208 710 3285 Παλλήνῃ
742 3209 985 3285 Θρᾴκης,
1036 3215 1144 3268 ἀπὸ
1193 3212 1423 3283 Ἀφύτου
1450 3214 1594 3278 τινὸς
1633 3215 1901 3285 ἐγχωρίου

342 3301 509 3373 Ἔσχε
558 3305 615 3374 (I.
669 3301 804 3377 εἷχε)
869 3306 925 3359 δὲ
984 3308 1016 3376 ἡ
1073 3307 1225 3369 πόλις
1275 3309 1525 3376 μαντεῖον
1585 3309 1900 3379 Ἄμμωνος.

335 3397 652 3465 Apollonius
689 3396 865 3453 Rhod.
914 3414 953 3464 I,
987 3398 1146 3453 60L:
1182 3398 1331 3452 Ἀοω
1364 3437 1378 3454 .
1424 3440 1436 3453 .
1469 3398 1677 3470 κολώνη
1724 3402 1897 3471 Θρηῖο

338 3504 451 3557 κιη.

408 3579 472 3633 Ει
500 3579 614 3635 hrec
642 3581 857 3650 quidem
882 3581 1173 3637 suﬂ'ectura
1208 3598 1305 3653 pro
1332 3591 1597 3655 tempore,
1645 3586 1902 3651 arbitror,

335 3672 440 3724 alia
475 3673 701 3727 daturus
762 3674 815 3727 in
852 3674 1089 3729 secunda
1125 3674 1553 3744 fragmentorum
1584 3677 1902 3735 Strabonia-

335 3774 528 3815 norum
556 3761 816 3815 editione.
870 3761 1008 3827 Quid
1044 3778 1169 3831 ergo
1202 3779 1269 3818 ex
1304 3766 1386 3817 his
1424 3766 1680 3819 omnibus
1711 3781 1904 3820 conse-

335 3854 563 3925 quitur?
595 3853 680 3906 Nil
711 3854 883 3917 aliud,
918 3870 1080 3922 quam
1113 3858 1256 3923 quod
1286 3857 1442 3910 modo
1480 3857 1853 3911 demonstravi
1887 3873 1904 3908 :

335 3946 509 4000 stricti
544 3958 741 3999 sensus
767 3942 1134 3995 Macedoniam
1191 3944 1305 3997 fere
1352 3959 1565 3998 omnem
1601 3946 1907 4013 Lorigincte-

336 4051 438 4089 nus
478 4034 648 4088 fuisse
683 4032 1038 4095 Thracicum;
1074 4048 1388 4101 quanquam
1431 4034 1481 4085 in
1513 4033 1595 4086 his
1626 4033 1907 4087 doctorum

336 4126 599 4194 quosdam
634 4140 661 4177 a
701 4138 787 4177 me
834 4124 1180 4178 dissensuros
1209 4135 1357 4194 puto.
1415 4121 1610 4176 Verum
1654 4123 1757 4176 alia
1798 4138 1908 4176 σενα

338 4216 498 4268 aliam
523 4216 817 4268 dictionem
872 4224 1193 4283 sequuntur.
1225 4191 1368 4279 ,I’uit
1411 4213 1553 4268 enim
1595 4214 1772 4268 medio
1796 4230 1909 4267 arvo

340 4305 443 4359 alia
483 4322 708 4375 prorsus
748 4306 1084 4371 Macedonia,
1124 4320 1202 4360 sc.
1254 4306 1395 4359 inter
1430 4305 1733 4358 Danubium
1770 4303 1909 4357 infe-

2078 1838 2155 1895 Eu
2192 1858 2320 1897 vero
2350 1842 2666 1898 Orestarum
2702 1842 2985 1901 historiam
3014 1846 3346 1916 sequiorem,
3378 1865 3407 1905 e
3438 1858 3583 1907 tene-

2003 1932 2120 1990 bris
2163 1936 2479 2005 Byzanlinis
2536 1938 2753 1991 tandem
2809 1937 3107 2007 aliquando
3152 1954 3183 1992 a
3235 1954 3322 1995 me
3370 1943 3584 2009 plenius

2009 2028 2359 2083 narrandam.
2399 2029 2541 2098 Ergo
2602 2028 2711 2084 Leo
2765 2028 3038 2084 Diaconos
3093 2032 3221 2085 hist.
3257 2046 3377 2097 vni,
3418 2032 3453 2087 2
3506 2034 3584 2105 (p.

2008 2117 2133 2178 I30,
2169 2116 2256 2170 ed.
2285 2117 2478 2186 Bonn.)
2618 2117 2715 2188 τὴν
2748 2118 3031 2190 Ἀδριανοῦ
3058 2119 3543 2191 (Adrianopolin)..
3566 2159 3582 2177 .

2010 2208 2079 2277 ἢν
2118 2208 2377 2278 Ὀρέστην
2403 2211 2538 2277 φασὶ
2556 2210 2772 2265 πολίσαι
2797 2212 2885 2265 τὸν
2906 2212 3001 2265 τοῦ
3037 2213 3463 2283 ’Δγαμέμνονος,
3494 2215 3585 2267 ὅτε

2007 2298 2100 2351 τὸν
2124 2297 2323 2352 πλάνον
2356 2299 2563 2370 ὑπέστη
2604 2300 2741 2370 μετὰ
2768 2302 2868 2371 τὴν
2910 2303 3191 2373 ἀναίρεσιν
3234 2306 3585 2376 Κλυταιμνήδ

2009 2407 2198 2461 στρας,
2250 2390 2351 2460 τῆς
2384 2386 2521 2455 ίδίας
2560 2394 2788 2463 μητρός·
2831 2393 2890 2458 ἐξ
2937 2398 3150 2449 ἐκείνου
3197 2414 3257 2451 τε
3303 2400 3584 2465 Ὀρεστιάά

2006 2481 2103 2541 δας
2137 2482 2438 2551 κεκλῆσθαι
2459 2484 2519 2536 τὸ
2548 2485 2835 2556 πρότερον,
2894 2486 3174 2558 ’Δδριανδν
3201 2490 3259 2542 δὲ
3306 2482 3585 2560 Ἁδριανοῦ

2009 2573 2296 2643 ὀνομάσαι.
2333 2575 2696 2645 Theophanes
2719 2577 3076 2634 continuatus
3106 2580 3243 2635 libro
3276 2582 3415 2651 “(in
3444 2582 3588 2636 Con-

2006 2669 2246 2722 stantino
2306 2658 2637 2740 Porpliyrog.
2671 2685 2795 2740 cap.
2830 2670 2884 2735 8.
2916 2687 3038 2743 pag.
3071 2673 3197 2734 387.
3224 2675 3311 2728 ed.
3342 2674 3575 2744 Bonn.):

2010 2796 2024 2810 .
2057 2793 2073 2810 .
2106 2756 2207 2828 τὴν
2266 2758 2703 2828 Ἀδριανούπολιν
2727 2798 2741 2813 .
2777 2798 2793 2814 .
2836 2762 2957 2830 ἣτις
2996 2766 3055 2815 τὸ
3088 2764 3218 2832 πρὶν
3276 2763 3376 2834 μὲν
3432 2765 3587 2835 Ὀρε-

2010 2851 2165 2911 στιάς
2201 2848 2469 2914 ἐκαλεῖτο,
2524 2849 2583 2916 ἐξ
2637 2849 2912 2921 Ὀρέστου,
2969 2851 3085 2905 υίοῦ
3156 2853 3582 2924 Ἀγαμέμνονος,

2008 2937 2067 2999 ὃς
2100 2978 2115 2993 .
2140 2976 2155 2989 .
2184 2937 2387 3008 ταύτην
2419 2938 2673 3011 (matrem
2720 2938 3209 3013 Clytamnestram)
3237 2982 3252 2998 .
3283 2974 3298 2997 ι
3328 2944 3585 2996 ἀποκτείο

2012 3044 2107 3090 νας
2149 3029 2269 3081 λίαν
2319 3029 2654 3100 ὲκμέμηνεν,
2682 3030 2776 3083 καὶ
2806 3032 2861 3083 ἐν
2895 3035 2960 3102 τῇ
3002 3032 3313 3085 συνελεύσει
3356 3034 3580 3104 Ἕϐρου.

2016 3119 2217 3189 Ἀρζου
2257 3137 2316 3173 τε
2351 3125 2445 3174 καὶ
2500 3120 2767 3191 ’Δρτάκου
2820 3123 2929 3176 τῶν
2981 3125 3152 3195 τριῶν
3209 3127 3471 3197 ποταμῶν
3518 3142 3581 3193 γε

2008 3209 2355 3280 λουσάμενος,
2389 3211 2490 3281 τῆς
2514 3213 2669 3265 νόσου
2698 3212 3030 3282 ἀπήλλακτο.
3074 3216 3346 3283 Ἀδριανὸς
3373 3217 3427 3268 δὲ
3458 3218 3586 3269 Kai-
3648 3224 3651 3227 ’

2012 3318 2115 3372 σαρ
2144 3340 2156 3353 .
2183 3340 2198 3355 .
2233 3302 2401 3371 αὐτὴν
2450 3302 2758 3372 μεγαλύνας
2789 3303 2945 3357 πόλιν
3007 3306 3287 3375 Ἀδριανοῦ
3351 3307 3587 3375 μετακέο

2012 3394 2234 3464 κληκεν.
2270 3392 2419 3464 Αὕτη
2450 3397 2641 3466 τρίτης
2669 3395 2883 3466 ἡμέρας
2911 3434 2925 3449 .
2955 3436 2969 3451 .
3003 3397 3062 3448 ἐν
3086 3396 3244 3465 διόδῳ
3286 3397 3583 3449 Φιλιππουο

2010 3485 2217 3547 πόλεως
2250 3485 2616 3551 σταδιάζεται,
2651 3488 3030 3559 ήγκαλισμένη
3065 3487 3143 3557 τῷ
3179 3488 3583 3559 δρειτῷΑῖμφ.

2012 3578 2143 3648 παρ’
2175 3572 2218 3645 ᾧ
2250 3581 2298 3631 οἱ
2326 3582 2474 3649 τρεῖς
2504 3582 2739 3649 ποταμοὶ
2793 3582 3189 3650 συμϐάλλονται
3226 3582 3283 3636 τό
3314 3583 3586 3654 όμὸριμον

2012 3670 2179 3739 ὕδωρ.
2237 3670 2381 3723 Idem
2440 3671 2597 3740 plane
2655 3680 2843 3725 narrat
2918 3673 3153 3745 Symeon
3223 3674 3475 3744 Magister
3533 3677 3586 3728 in

1984 3761 2212 3815 Basilio
2260 3761 2549 3818 Macedone
2608 3778 2731 3831 cap.
2787 3765 2810 3816 I
2858 3766 2939 3833 (ι.
2975 3783 3051 3828 c.,
3113 3781 3237 3834 pag.
3280 3769 3441 3835 6:56);
3498 3768 3588 3820 ubi

2015 3864 2194 3903 tamen
2226 3868 2321 3918 pro
2352 3854 2533 3905 ﬂuviis
2576 3856 2721 3906 Arzo
2767 3864 2820 3907 et
2850 3856 3046 3909 Artaco
3087 3867 3382 3909 occurrunt
3413 3860 3591 3911 Arxus

2017 3948 2071 3990 et
2095 3939 2347 3990 Artahus.
2377 3939 2618 3991 Zonaras
2651 3954 2785 4000 xm,
2830 3941 2901 3991 9.5
2950 3959 2965 3993 :
3014 3940 3124 4007 Τὴν
3186 3942 3502 4007 Ὀρεστιὰδα
3534 3979 3546 3994 .
3574 3979 3590 3995 .

2019 4026 2161 4080 οὕτω
2214 4026 2381 4085 πάλαι
2422 4028 2454 4095 ή
2501 4027 2653 4088 πόλις
2681 4026 2927 4078 ἐκαλεῖτο
2975 4028 3072 4079 τοῦ
3105 4067 3118 4080 .
3157 4066 3170 4079 .
3220 4028 3497 4097 ’Δδριανοῦ
3533 4032 3592 4094 ἐξ

2031 4122 2282 4193 Ὀρέστου
2318 4120 2410 4174 τοῦ
2476 4121 2902 4191 Ἀγαμέμνονος.
2950 4120 3105 4173 Anna
3153 4119 3427 4175 Conmcna
3469 4136 3529 4182 ιι,
3562 4124 3595 4172 6

2018 4216 2127 4285 (ed.
2160 4215 2325 4269 Bonn.
2352 4216 2457 4269 voI.
2489 4232 2526 4277 I,
2559 4231 2611 4285 ρ.
2646 4216 2802 4281 H0):
2842 4216 2987 4287 Πλὴν
3008 4216 3116 4267 τῶν
3147 4215 3287 4267 κατὰ
3316 4215 3411 4285 τὴν
3452 4216 3595 4285 Ὀρε-

2017 4305 2227 4361 στιάδα.
2286 4304 2621 4373 Nicephorius
2665 4304 2992 4374 Bryennius,
3032 4318 3114 4368 ιιι,
3148 4304 3181 4356 ‘2
3217 4307 3290 4373 (p.
3330 4305 3452 4369 IUI,
3501 4305 3589 4359 ed.

339 4398 538 4451 riorcm
572 4408 624 4451 et
659 4397 1042 4466 Propontidem
1084 4398 1208 4462 sita,
1256 4398 1327 4451 nil
1383 4413 1671 4450 commune
1700 4396 1906 4451 habens
1939 4394 1982 4449 D
2012 4395 2248 4467 B--nn.):
2297 4396 2386 4462 Ἐξ
2435 4396 2730 4467 Ὀδρυσῶν.
2782 4396 2858 4451 Id.
2907 4413 3027 4466 cap.
3058 4397 3091 4450 5
3136 4398 3209 4466 (p.
3245 4396 3401 4461 105):
3438 4438 3451 4451 .
3487 4437 3499 4449 .
3533 4398 3591 4448 ἐν

342 4502 472 4537 cum
517 4486 612 4539 ista
648 4488 878 4556 genuina
906 4497 1101 4556 praeter
1132 4486 1505 4555 cognationem
1535 4490 1850 4557 quamdam,
1882 4502 1911 4539 a

343 4591 431 4628 tne
456 4575 568 4643 jam
597 4593 737 4630 nunc
769 4578 969 4632 clarius
995 4577 1445 4645 patefaciendam.

409 4665 667 4720 Colonias
695 4683 844 4731 suas,
884 4680 942 4723 ut
972 4668 1135 4729 Asiae,
1172 4671 1243 4722 ita
1269 4671 1431 4723 etiam
1478 4669 1747 4735 Thracire,
1780 4671 1918 4726 inter

339 4758 638 4826 Ithodopen
671 4757 1023 4830 Pentumqne
1062 4762 1324 4815 Euxinum
1368 4764 1507 4823 sitas,
1565 4762 1917 4817 Macedooum

340 4862 495 4915 rges
517 4848 641 4901 inde
664 4865 691 4900 a
711 4848 992 4919 Philippo,
1016 4852 1303 4904 Alexandri
1329 4852 1511 4918 Magni
1532 4861 1704 4921 patre,
1739 4853 1913 4921 impo-

340 4950 584 4995 suerunt.
625 4940 885 4995 Videatur
916 4941 1227 5010 Stephanus
1258 4942 1589 5010 Byzantinus
1621 4960 1633 4996 :
1664 4943 1911 5014 Καλύδη,

340 5030 495 5092 πόλις
546 5032 734 5102 Θρᾴκη
750 5049 798 5096 ς,
836 5032 1063 5095 ἄποικος
1095 5034 1444 5086 Μακεδόνων.
1495 5032 1637 5087 Idem
1673 5051 1687 5086 :
1723 5034 1912 5088 Φιλιπ-

340 5122 624 5188 πούπολις,
651 5123 805 5187 πόλις
831 5124 1189 5190 Μακεδονίας,
1220 5124 1487 5176 Φιλίππου
1512 5124 1605 5177 τοῦ
1648 5125 1912 5195 Ἀμύντου

413 5326 490 5397 (It)
553 5326 630 5379 Ad
686 5325 865 5380 sinum
919 5323 1919 5397 Melanem,“propeLIIellespontum,

340 5390 486 5449 hunc
516 5406 730 5466 raptum
753 5397 1059 5463 transponit
1090 5390 1411 5464 Apollonius
1429 5390 1609 5449 Rhod.
1645 5390 1685 5452 1.
1708 5394 1917 5466 ειι-ξε.

338 5464 789 5537 ξέαρπηδονίηνᾈ.
823 5504 837 5519 .
882 5466 1161 5537 πέτρηνυ.
1212 5505 1225 5518 .

353 5529 944 5615 ’βργίεὶοιολίνειρτοε
974 5529 1225 5589 similiter
1258 5534 1312 5587 in
1346 5529 1473 5588 sede
1507 5529 1705 5603 Orphei
1746 5529 1787 5585 Τ

339 5606 459 5658 cica
503 5606 735 5659 variant.

417 5674 481 5744 (ἱ)
536 5672 794 5745 Stephani
833 5674 1011 5740 locus,
1060 5673 1239 5743 qualis
1285 5688 1432 5731 nunc
1465 5672 1720 5739 habetur,
1759 5684 1925 5727 sensu

2024 4488 2308 4558 Ὀδρύσαις
2342 4488 2531 4556 ἐφοίτα
2564 4488 2701 4558 πρὸς
2751 4488 2849 4558 τὴν
2902 4490 3070 4542 παλαι
3123 4490 3221 4557 μὲν
3274 4489 3593 4557 Ὀρεστιάδα

2014 4579 2381 4649 καλουμένην,
2417 4579 2537 4632 νυνὶ
2565 4579 2621 4631 δὲ
2666 4579 3123 4649 Ἀδριανούπολιν.
3169 4579 3385 4633 Nicelas
3418 4582 3470 4633 in
3505 4580 3589 4635 .Io.

2014 4670 2295 4722 Comneno
2347 4683 2467 4737 cap.
2502 4668 2576 4723 2:
2612 4707 2625 4721 .
2653 4708 2666 4722 .
2692 4669 2750 4735 ὲξ
2789 4670 3126 4739 Ὀρεστιάδος
3152 4708 3167 4722 .
3199 4710 3211 4723 .
3246 4670 3343 4739 μία
3372 4670 3427 4723 δὲ
3452 4670 3593 4739 αὕτη

2026 4763 2135 4813 τῶν
2165 4761 2503 4829 εὐδαιμόνων
2533 4798 2547 4813 .
2588 4800 2601 4813 .
2645 4761 2797 4828 παρὰ
2829 4756 3135 4812 Μακεδόσιν
3164 4761 3391 4813 πόλεων.
3448 4760 3589 4814 Idem

2025 4852 2077 4904 in
2129 4852 2263 4905 urbe
2303 4859 2460 4918 capta
2507 4864 2631 4918 cap.
2682 4850 2824 4903 10:.
2860 4888 2874 4902 .
2921 4850 3014 4903 καὶ
3049 4850 3100 4901 ol
3147 4852 3204 4902 ὲν
3269 4849 3589 4919 Ὀρεστιάδι.

2023 4942 2287 5011 Georgius
2330 4941 2690 5010 I‘achymeres
2732 4941 2781 4993 in
2843 4940 3103 4995 Michaele
3136 4940 3441 5010 Palmologo
3472 4955 3533 5006 ιι,
3562 4940 3595 4992 8

2024 5033 2122 5086 Ed.
2147 5032 2315 5085 Bonn.
2346 5031 2452 5085 vol.
2488 5031 2529 5092 I,
2561 5046 2613 5100 p.
2648 5030 2770 5101 108)
2796 5050 2809 5084 :
2838 5032 2950 5101 Τῆς
2977 5038 3118 5085 κατὰ
3150 5032 3247 5103 τὴν
3279 5033 3595 5098 Ὀρεστιάδκ

2035 5122 2346 5195 ’Δνδριανοῦ
2382 5123 2503 5193 (sic)
2561 5122 2788 5185 πόλεως.
2844 5122 2919 5178 ιιι.
2958 5141 3074 5193 cap.
3118 5126 3186 5178 96
3216 5128 3293 5194 (p.
3322 5124 3485 5194 I57):
3524 5160 3538 5174 .
3574 5159 3590 5173 .

2021 5335 2193 5379 caret.
2237 5323 2373 5390 Quid
2406 5326 2551 5381 enim
2587 5334 2709 5381 est:
2754 5324 2967 5380 Piastas
2996 5342 3218 5394 quoque,
3246 5332 3301 5377 ut
3342 5324 3592 5392 reliquos,

2020 5404 2225 5463 gentem
2272 5394 2670 5450 Macedonicam
2720 5412 2827 5449 esse
2865 5409 3057 5465 negat:
3094 5397 3181 5447 sed
3213 5410 3396 5446 nomen
3414 5398 3594 5449 eodem

1281 5468 1548 5532 ποταμοῖο
1606 5462 1757 5533 παρὰ
1796 5462 1905 5584 ﬁdat

1281 5551 1312 5584 ιι
1346 5539 1473 5584 sede
1507 5533 1705 5584 Ornbei
1746 5529 1787 5584 Τ
1835 5547 1905 5584 ηε

2025 5476 2238 5516 accentu
2276 5467 2421 5535 grari
2447 5466 2717 5535 legendum
2747 5482 2856 5518 esse
2885 5462 3106 5517 ?'Anne
3143 5465 3423 5543 legendum
3457 5481 3598 5534 auc-

2024 5532 2425 5584 ὄαλλοιιένους.
2469 5536 2674 5584 iunctos
2733 5550 2967 5584 sermone
3009 5533 3249 5584 vulaart.
3295 5533 3331 5584 i.
3388 5552 3438 5584 e.
3491 5545 3598 5584 ml

1835 5547 1924 5586 1⁵8-

2024 5532 2425 5603 6αλλομένους,
2458 5532 2674 5603 juncta:
2733 5550 2967 5587 sermone
3009 5532 3249 5601 uulgari.
3295 5533 3331 5586 i.
3388 5552 3438 5590 e.
3491 5532 3600 5591 nol

2026 5605 2257 5657 diversos
2286 5607 2350 5655 ab
2385 5605 2529 5659 illis?
2560 5606 2663 5657 Alii
2696 5605 2761 5658 de
2795 5605 2987 5657 lacuna
3012 5604 3344 5673 Cogitabam.
