4044 6210
487 293 552 360 51
1610 303 2014 364 VARIORUM
2047 305 2606 367 PR/EFATIONES.
3658 299 3730 362 5?

489 409 601 476 vo;)
636 402 806 480 ηὗρον
855 407 999 471 λαδν,
1050 406 1358 476 πολὺνκαι
1415 409 1848 480 ᾑχμαλὼτευσαν
1883 413 2053 466 αὐτόν

2175 413 2258 467 adi
2291 411 2797 469 Hadsrhi-Chall'am
2817 412 2870 466 in
2896 411 3138 467 Rumelia
3163 420 3215 467 et
3235 410 3431 465 Bosnia
3458 425 3509 480 p.
3535 408 3603 463 68
3619 426 3738 480 seq.

495 499 748 554 Formam
799 499 1008 567 Ῥιγίαν
1039 499 1190 552 nihili
1220 514 1361 564 esse,
1397 505 1763 572 unusquisque
1787 507 2064 559 concedet.

490 594 652 662 Lege.
686 608 771 647 me
797 593 1076 657 suadente,
1133 591 1417 660 Ῥιγινίαν.
1449 593 1755 662 Tagenonis
1783 599 2069 666 descriptio

426 697 430 702 '
490 683 846 754 expeditionis
895 683 1148 736 Asiatica:
1182 683 1444 739 Friderici
1479 684 1494 737 Ι
1531 687 1796 754 (Freher,
1853 689 2066 757 scriptl.

488 790 664 828 rerum
696 773 875 826 Germ.
905 772 1013 827 vol.
1052 789 1063 825 ι
1091 789 1142 839 ιι.
1176 774 1304 840 Ml)
1333 792 1346 825 :
1382 773 1509 828 Kal.
1545 775 1706 831 Mart.
1740 776 1922 847 (1190)
1956 780 2065 831 dua:

487 864 687 916 Saevire
711 863 871 915 exivit
902 861 1290 932 Hadrianopoli
1315 881 1430 916 cum
1452 882 1547 918 suo
1573 867 1800 935 agmine.
1823 866 2067 937 Sequenti

484 955 569 1007 die
596 955 842 1008 dominus
883 955 1010 1022 iirp.
1044 972 1159 1007 cum
1197 972 1290 1008 suo
1322 957 1555 1010 exercitu
1605 959 1635 1011 4
1678 957 1824 1014 Νοη,
1876 958 2064 1012 Martii

484 1049 540 1114 (ei
571 1047 752 1111 Mart.,
779 1049 1056 1101 Dominica
1089 1047 1659 1113 Lwtare)trausieruut
1694 1049 1848 1103 Bima
1868 1051 2062 1118 ﬂumen

480 1157 596 1192 cum
633 1156 822 1207 magno
853 1140 1049 1204 labore,
1086 1151 1135 1194 et
1182 1143 1359 1195 eodem
1392 1143 1478 1194 die
1513 1143 1829 1194 cantabatur
1857 1141 2064 1195 Laetare

480 1228 804 1286 Jerusalem.
831 1228 932 1284 Ubi
968 1231 1249 1300 legendum
1291 1246 1410 1285 esse
1444 1231 1713 1301 Riyiniam
1773 1234 2064 1301 unusquis-

483 1335 586 1388 que
618 1323 894 1374 cmtcedet.
929 1320 1192 1391 Georgius
1221 1323 1526 1390 Acropolita
1555 1324 1687 1392 (sec.
1723 1325 1843 1392 xm)
1877 1325 2061 1380 annal.

482 1427 600 1480 cap.
659 1413 720 1466 41
765 1412 906 1482 (pag.
939 1413 1060 1479 153,
1090 1415 1175 1467 ed.
1203 1413 1398 1482 Boun.)
1430 1432 1442 1467 :
1481 1415 1542 1467 Οἱ
1591 1414 1688 1482 μὲν
1725 1411 1816 1468 οὖν
1855 1415 2061 1468 Σκύθαι

484 1500 762 1571 (iiulgari),
793 1501 892 1570 τὴν
925 1502 1204 1571 Ἀδριανοῦ
1229 1502 1695 1573 παραμείψαντες,
1720 1504 1787 1557 τὰ
1823 1503 1952 1572 περὶ
1971 1504 2062 1556 τὸν

482 1591 752 1660 ποταμὸν,
775 1587 835 1645 οὗ
864 1591 1090 1662 Ῥηγίνα
1117 1594 1378 1662 τοῦνομα,
1403 1592 1548 1645 λείαν
1566 1593 1863 1656 ἐποιοῦντο,
1881 1592 2065 1645 καὶτὰ

2170 507 2298 574 Ejus
2350 509 2514 574 igitur
2548 508 2826 560 nominum
2867 505 3001 559 ordo
3043 504 3456 570 rhronologicus
3499 503 3544 556 is
3581 503 3683 556 erit
3723 523 3737 557 :

2164 600 2443 668 Agrianes,
2484 599 2702 667 Erigon,
2742 596 2993 666 Erginus.
3035 595 3301 664 Ergiuias,
3343 594 3607 663 Riginias,
3641 593 3740 646 Re-

2163 697 2304 762 gina.
2334 690 2532 744 Erkene
2559 690 2850 759 ('I'urcice),
2890 689 3131 742 Vidimus
3154 689 3206 740 itt
3239 687 3397 740 unius
3426 685 3570 738 ﬂuvii
3605 701 3742 738 nun-

2163 783 2451 852 cupatione
2489 796 2736 850 magnam
2773 779 3087 834 smrnlornm
3125 779 3500 839 mutationem,
3538 779 3602 829 de
3635 790 3736 844 qua

2165 876 2216 928 in
2251 875 2564 928 universum
2612 871 2863 941 legendus
2895 869 3223 938 Nicephorius
3255 868 3551 937 Bryennius
3586 868 3734 935 (smc.

2164 967 2275 1035 xu)
2315 966 2444 1020 hist.
2477 982 2549 1027 tv,
2587 965 2620 1019 5
2655 964 2742 1031 (p.
2786 963 2890 1016 154
2929 978 3041 1028 seq.
3073 961 3159 1014 ed.
3191 959 3400 1026 Bonn.)
3437 977 3450 1012 :
3490 998 3503 1011 .
3538 997 3554 1011 .
3585 957 3737 1027 παρὰ

2165 1058 2428 1127 ποταμὸν,
2471 1055 2571 1108 οὐκ
2603 1051 2697 1107 οἵδ’
2723 1055 2870 1115 ὅπως
2905 1051 3140 1124 ἀρχῆθεν
3176 1049 3528 1117 καλούμενον,
3559 1048 3646 1100 διά
3674 1049 3736 1100 τὸ

2162 1148 2500 1218 ἁμειφοῆναι
2540 1147 2648 1200 τῶν
2687 1146 2964 1214 ὀνομάτων
2997 1143 3061 1196 τὰ
3105 1142 3326 1194 πλεῖστα
3347 1157 3360 1171 ·
3393 1140 3532 1201 τέως
3564 1140 3608 1192 δ’
3642 1135 3735 1192 οὖν

2159 1243 2224 1294 ἐκ
2265 1241 2371 1293 τῶν
2401 1239 2691 1310 Θρᾳκικῶν
2732 1237 2872 1306 ὀρῶν
2895 1233 3291 1303 καταρρέοντα,
3325 1231 3418 1282 καὶ
3466 1227 3734 1296 Ἀλμυρὸν

2164 1333 2304 1385 κατὰ
2333 1331 2610 1400 ἐγχωρίων
2643 1327 2994 1395 καλούμενον.
3032 1327 3120 1377 Ἐν
3155 1317 3198 1391 ᾧ
3228 1323 3320 1376 xui.
3351 1319 3608 1392 φρούριον
3642 1320 3734 1370 ἐπὶ

2157 1423 2321 1491 λόφου
2349 1423 2559 1492 ἵδρυται
2585 1435 2598 1450 ·
2621 1419 2914 1488 Καλοϐρύη
2934 1417 3106 1486 τούτῳ
3135 1416 3194 1468 τὸ
3231 1414 3417 1482 ὄνομα.
3446 1411 3732 1480 Indigenas

2158 1511 2424 1582 signiﬁcat
2467 1511 2683 1565 Graecus
2717 1508 3065 1576 Byzantinos,
3102 1515 3311 1556 veteres
3341 1511 3520 1554 autent
3554 1499 3733 1553 Thra-

2161 1618 2270 1660 cas.
2320 1585 2444 1655 coll.
2498 1598 2702 1653 castelli
2757 1597 2972 1650 nomine
3023 1592 3425 1648 semithracico.
3492 1587 3732 1660 Halmyri

480 1681 642 1751 πέριξ
669 1682 762 1732 τοῦ
793 1681 1178 1752 Διδυμοτοίχου
1211 1681 1330 1753 (sic,
1362 1696 1458 1748 pro
1479 1722 1492 1733 .
1521 1722 1536 1736 .
1567 1681 1738 1750 eixou)
1769 1681 2053 1734 ἐσκύλευον

2163 1709 2378 1756 nomen,
2409 1691 2550 1758 quod
2580 1705 2608 1741 a
2642 1689 2785 1740 salso
2815 1701 3009 1754 sapore
3038 1693 3165 1738 cett.
3202 1682 3414 1736 venisse
3461 1689 3610 1748 puto,
3644 1692 3734 1731 ve.

533 1810 547 1823 .
576 1810 590 1825 .
632 1771 758 1841 περί
804 1789 906 1824 που
940 1772 1007 1825 τὰ
1050 1774 1190 1843 μέρη
1224 1751 1330 1842 τῆς
1375 1773 1576 1839 Βιζύης
1617 1812 1632 1826 .
1681 1812 1696 1827 .
1745 1775 1772 1824 ὁ
1807 1771 2053 1842 βασιλεὺς

2165 1784 2405 1838 tustioris
2447 1782 2542 1834 arvi
2591 1780 2825 1848 speciem
2863 1792 2973 1845 pra!
3021 1791 3077 1829 se
3117 1774 3240 1836 fert,
3276 1786 3383 1840 quo
3420 1770 3730 1824 Graecorum

479 1863 944 1935 (Byzantinorum)
964 1865 1092 1934 περὶ
1125 1864 1216 1916 τὸν
1248 1865 1511 1933 ποταμὸν,
1537 1864 1594 1926 ὃς
1625 1864 1852 1934 Ῥηγίνα
1875 1863 2059 1916 καλεῖ-

476 1973 598 2017 ται,
651 1955 752 2025 τὴν
806 1957 1008 2026 σκηνὴν
1063 1955 1253 2025 ἔπηξε.
1317 1956 1654 2024 Ephraunius
1706 1957 1758 2009 in
1823 1957 2054 2014 Cmsarr.

481 2060 533 2099 \'.
568 2045 745 2100 9079:
774 2046 918 2114 Πρὸς
946 2046 1192 2116 ποταμὸν
1221 2046 1586 2115 Ῥηγϊναυιοο
1612 2047 1884 2116 accentu).
1904 2049 2052 2102 Idem

479 2152 532 2189 ν.
567 2137 706 2192 9195
731 2157 744 2193 :
777 2139 882 2191 Τὸν
912 2139 1157 2208 ποταμὸν
1190 2139 1432 2209 Ῥηγῖνα.
1453 2139 1549 2193 Hic
1581 2139 1777 2209 Erigou
1805 2139 1891 2193 vix
1917 2139 2054 2194 alius

479 2241 600 2295 esse
631 2229 828 2295 poterit
855 2245 1015 2297 quam
1047 2230 1312 2300 Agrianes
1351 2231 1603 2286 Herodoti
1636 2248 1709 2293 tv.
1755 2231 1844 2288 89.
1877 2233 1968 2287 90.
1992 2233 2049 2287 In

478 2334 602 2371 eum
645 2319 818 2374 inﬂuit
857 2320 1274 2391 Contadesdus;
1330 2324 1382 2378 in
1437 2324 1580 2379 hunc
1629 2325 1854 2389 Tearus,
1918 2335 2054 2380 teste

479 2408 754 2468 Herodoto
795 2413 834 2466 Ι.
863 2429 937 2478 c.,
972 2414 1125 2482 cujus
1163 2417 1326 2470 verba
1362 2415 1729 2470 memorabilia
1766 2418 1821 2469 in
1864 2431 2050 2471 eorum

477 2505 704 2570 gratiam
736 2514 980 2573 repetere
1009 2505 1176 2571 lubet,
1207 2507 1297 2576 qui
1337 2506 1492 2561 istam
1525 2508 1844 2576 quandoque
1876 2510 2053 2579 regio-

477 2608 598 2647 nem
624 2594 866 2649 adibunt.
907 2593 1048 2666 Ergo
1091 2605 1245 2664 pater
1275 2596 1554 2652 historiae:
1590 2599 1818 2670 Δαρεῖος
1847 2599 1924 2663 δὲ,
1958 2599 2037 2664 ὡς

474 2684 626 2754 διέϐη
676 2684 767 2738 τὸν
816 2685 1095 2756 Βόσπορον
1146 2687 1288 2740 κατά
1345 2688 1443 2758 τὴν
1482 2688 1716 2760 σχεδίην,
1759 2692 2053 2761 ἐπορεύετο

473 2773 562 2828 διὰ
587 2775 684 2844 τῆς
706 2775 951 2846 Θρηῖκης
974 2791 989 2807 ⁶
1017 2777 1349 2847 ἀπικόμενος
1369 2779 1426 2832 δέ
1450 2779 1540 2835 ἐπὶ
1565 2782 1773 2851 Τεάρου
1805 2785 2051 2853 ποταμοῦ

473 2865 573 2929 τὰς
608 2866 812 2938 πηγὰς,
857 2869 1391 2940 ἐστρατοπεδεύσατο
1433 2873 1648 2944 ἡμέρας
1686 2877 1854 2945 τρεῖς.
1911 2873 2052 2929 ’0δέ

475 2955 685 3027 Τέαρος
713 2957 929 3026 λέγεται
973 2959 1078 3012 ὑπὸ
1120 2959 1230 3014 τῶν
1268 2965 1564 3034 περιοίκων
1605 2960 1744 3019 εἶναι
1787 2966 2050 3037 ποταμῶν

2163 1871 2388 1924 rolonize
2431 1867 2771 1938 Propontidis
2812 1881 2968 1919 oram
3005 1863 3118 1917 fere
3161 1861 3286 1916 sola:
3329 1861 3601 1913 tenebant.
3636 1855 3733 1910 Est

2161 1973 2340 2017 autem
2395 1959 2678 2029 Halmyrus
2721 1951 2912 2009 ﬂuvius
2938 1954 3099 2007 'inter
3145 1950 3441 2020 Selybriam
3472 1957 3523 2003 et
3557 1945 3732 2000 Hera-

2161 2054 2328 2108 cleam
2366 2047 2730 2121 (Perinthum)
2764 2047 3106 2114 qua'rendus,
3141 2043 3228 2096 ubi
3266 2044 3316 2094 in
3353 2037 3730 2108 Propontidem

2157 2146 2291 2206 exit,
2321 2143 2446 2197 coll.
2480 2141 2856 2196 Cantacuzeno
2878 2127 3111 2200 histdn,
3135 2135 3312 2202 77(ad
3343 2149 3433 2186 an.
3473 2129 3630 2198 13M)
3664 2147 3729 2184 :..

2160 2274 2173 2289 .
2206 2236 2356 2304 παρὰ
2376 2231 2618 2301 ποταμὸν
2645 2227 3180 2298 προσαγορευόμενον
3207 2222 3497 2294 Ἀλμυρδν.
3526 2220 3732 2292 μεταξὺ

2160 2325 2463 2397 Σηλυϐρξας
2492 2323 2588 2376 καὶ
2623 2319 2967 2390 Ἡρακλείας.
3004 2315 3102 2370 Ubi
3135 2314 3295 2370 simul
3319 2313 3561 2368 occurrit
3583 2311 3732 2365 locus

2156 2415 2458 2486 Δαφνεδιον.
2495 2411 2749 2466 Eumdetu
2797 2409 2884 2461 diu
2921 2416 3043 2459 ante
3078 2407 3222 2476 (saec.
3266 2402 3388 2471 xnt)
3421 2409 3732 2469 respexerat

2158 2505 2492 2578 Ephraunius
2533 2503 2586 2558 in
2625 2501 2856 2556 Ct-rsarr.
2903 2500 2997 2565 (in
3042 2496 3326 2550 Theodoro
3382 2489 3623 2561 Lascari)
3675 2504 3730 2546 ν.

2158 2601 2296 2655 ἰδει
2326 2618 2339 2653 :
2374 2597 2466 2659 Εἰς
2520 2590 2787 2663 Ἀλμυρὸν
2808 2588 3094 2642 δ’ἔσταλτο
3117 2585 3293 2656 χῶρον
3319 2582 3576 2650 ἐσπέρας.
3601 2578 3732 2645 Quae

2157 2694 2323 2749 verba
2371 2685 2689 2745 incredibile
2724 2684 2867 2738 dictu
2915 2678 3186 2750 quomodo
3238 2684 3412 2731 vertat
3453 2673 3520 2727 A.
3561 2669 3732 2738 Maius

2155 2788 2229 2858 (et
2259 2792 2466 2858 repetat
2501 2783 2537 2835 Ι.
2571 2773 2897 2845 Bekkerus),
2939 2774 3016 2828 sic
3045 2772 3296 2824 nimirum
3324 2786 3338 2822 :
3369 2765 3506 2820 Tum
3531 2765 3600 2817 ad
3618 2765 3731 2817 He-

2155 2878 2388 2947 sperium
2415 2871 2547 2927 salsi
2588 2869 2729 2922 aeris
2757 2867 2925 2920 locum
2950 2863 3202 2917 mittitur.
3233 2859 3311 2912 En
3344 2858 3506 2926 igitur
3535 2867 3729 2906 novum

2155 2942 2279 3039 post
2304 2975 2381 3020 tot
2417 2963 2520 3017 alia
2563 2959 2761 3015 veteris
2793 2953 3133 3025 geographiae
3177 2953 3590 3008 incrementum,
3626 2942 3729 2997 soli

473 3046 719 3114 ἄριστος,
750 3047 818 3101 τά
849 3063 910 3101 τε
954 3048 1089 3104 ἄλλα
1119 3049 1175 3112 ἐς
1203 3049 1395 3104 ἄκεσιν
1445 3053 1704 3125 φέροντα,
1735 3057 1831 3109 καὶ
1861 3034 2052 3128 δὴνκαὶ

2156 3034 2472 3132 Hyzantina
2503 3051 2744 3109 historiae
2777 3047 3038 3104 debitum.
3066 3073 3138 3086 --
3158 3041 3402 3143 ϐνῖίρω.
3441 3034 3732 3143 Theopla-

473 3139 822 3211 ἀνδράσικαὶ
847 3141 1060 3195 ἵπποισι
1079 3140 1272 3214 ψώρην
1301 3144 1624 3201 ἀκέσασθαι.
1654 3148 1774 3204 Εἰσὶ
1806 3148 1862 3203 δέ
1887 3149 2051 3203 αὐτοῦ

474 3232 532 3285 αἱ
564 3233 738 3304 πηγαὶ
761 3233 900 3288 δυῶν
925 3234 1140 3289 δέουσαι
1163 3239 1588 3309 τεσσερήκοντα,
1619 3241 1684 3293 ἐκ
1713 3241 1920 3312 πέτρης
1954 3243 2052 3311 τῆς

474 3323 643 3393 αὐτῆς
668 3325 888 3394 ῥέουσαι
914 3342 929 3357 ·
962 3327 1056 3379 καὶ
1075 3327 1131 3378 αἱ
1169 3329 1267 3396 μὲν
1290 3327 1499 3382 αὐτέων
1523 3331 1629 3382 εἰσὶ
1644 3331 1871 3401 ψυχραὶ,
1909 3333 1964 3385 αἱ
1994 3333 2052 3386 δὲ

472 3414 695 3484 θερμαί.
717 3414 866 3478 Ὁδὸς
893 3416 938 3468 δ’
963 3417 1050 3469 ἐπ’
1072 3417 1242 3481 αὑτάς
1270 3420 1387 3470 ἐστι
1413 3420 1502 3490 ῐση
1518 3420 1574 3486 ἐξ
1614 3420 1834 3491 Ἡραίου
1858 3439 1920 3475 τε
1951 3422 2052 3475 πό-

473 3506 586 3569 λιος
612 3505 714 3576 τῆς
759 3508 906 3576 παρὰ
930 3507 1197 3578 Περίνθῳ,
1239 3508 1334 3562 κα)⁸
1363 3509 1421 3576 ἐξ
1474 3510 1836 3580 Ἀπολλωνίης
1859 3513 1960 3582 τῆς
1993 3516 2052 3566 ἐν

473 3595 550 3665 τῷ
581 3596 820 3667 Εὐξείνῳ
855 3597 1062 3668 Πόντῳ,
1103 3599 1247 3653 δυῶν
1275 3601 1529 3671 ἡμερέων
1564 3601 1798 3672 ἑκατέρη
1821 3643 1833 3656 .
1876 3603 2052 3656 Ἔκδι-

473 3689 554 3741 δυῐ
583 3689 639 3742 δέ
665 3690 693 3743 ὁ
726 3689 930 3760 Τέαρος
958 3686 1110 3754 οὗτος
1139 3693 1198 3755 ἐς
1217 3691 1307 3744 τὸν
1339 3694 1705 3749 Κονταδέσδον
1733 3694 1999 3764 ποταμὸν,
2024 3697 2052 3748 ὀ

472 3778 530 3832 δὲ
559 3780 922 3844 Κονταδέσδος
954 3781 1013 3844 ἐς
1040 3780 1134 3834 τὸν
1171 3782 1482 3854 Ἀγριάνην,
1524 3784 1554 3837 ὁ
1580 3784 1638 3838 δὲ
1678 3785 1970 3857 ’Δγριάνης
1993 3789 2052 3851 ἐς

472 3871 565 3926 τὸν
606 3873 828 3946 Ἕϐρον,
862 3877 890 3929 ὁ
926 3875 983 3928 δέ
1003 3877 1083 3946 ιές
1116 3876 1391 3931 θάλασσαν
1419 3877 1519 3947 τὴν
1557 3880 1688 3951 παρ’
1718 3881 1860 3951 Αἴνῳ
1902 3881 2048 3936 πόλι.

473 3963 733 4033 Sequitur
776 3969 916 4038 apud
965 3967 1292 4024 Herodotum
1340 3986 1391 4026 c.
1436 3971 1499 4026 91
1552 3974 1834 4043 inscriptio
1888 3973 2048 4030 Teari

473 4058 800 4124 laudatoria,
837 4060 891 4113 in
918 4061 1074 4131 cippo
1110 4061 1308 4116 ibidem
1337 4062 1534 4130 posita.
1569 4064 1748 4128 Solus,
1784 4066 1835 4118 ni
1874 4064 2047 4125 fallor.

477 4150 894 4218 Itysantitiorum
921 4153 1245 4219 scriptorum
1274 4151 1732 4222 Chalcocoudylas
1767 4154 1922 4223 (saec.
1949 4156 2045 4223 xv)

475 4244 788 4293 memoriam
825 4239 984 4294 Tcari
1044 4241 1252 4304 recolit.
1295 4240 1472 4295 Τιτατὶ
1511 4243 1748 4302 nomine,
1785 4258 1888 4294 non
1927 4241 2044 4297 Ta:-

474 4331 594 4384 uari
622 4331 716 4401 (nt
748 4331 890 4384 male
927 4331 1088 4386 habet
1125 4331 1374 4384 Latinum
1415 4331 1857 4400 Chalcocondylze
1885 4331 2046 4386 Clau-

2155 3128 2331 3207 lttettts
2355 3148 2663 3201 ‘Simocatta
2689 3143 2812 3198 hist.
2839 3155 2937 3204 vn,
2967 3138 3002 3193 5
3025 3135 3171 3207 (pag.
3202 3131 3310 3186 274
3337 3130 3424 3185 ed.
3479 3128 3680 3197 Bona.)
3710 3143 3727 3181 :

2169 3245 2293 3297 Ἐπὶ
2326 3240 2424 3312 τὴν
2467 3236 2744 3308 Θεοδώρου
2779 3233 2955 3287 πόλιν.
2987 3270 3004 3286 .
3038 3269 3053 3284 .
3081 3226 3187 3281 ὑπὸ
3219 3223 3440 3298 πρώτην
3475 3220 3534 3274 δὲ
3563 3219 3640 3274 ῑω

2155 3339 2222 3407 τῇ
2250 3332 2518 3403 λεγομένῃ
2547 3327 2825 3400 Κουρξσκᾳ
2856 3318 3217 3394 (Curiscam)
3255 3317 3437 3387 φοιτᾷ.
3469 3313 3641 3385 Τριτη
3670 3311 3731 3364 δὲ

2157 3425 2361 3498 ἡμέρα,
2386 3422 2479 3475 καὶ⁸
2503 3423 2558 3472 ἐν
2583 3418 2793 3488 Ἀσίμῳ
2816 3417 2883 3486 τῇ
2907 3413 3058 3467 πόλει
3079 3412 3178 3473 τὰς
3197 3408 3453 3498 ἐπαύλεις
3474 3407 3728 3459 ποιεῖται.

2160 3489 2415 3570 inludent
2458 3512 2674 3566 invenio
2716 3509 2915 3564 ibidem
2957 3505 3096 3560 libro
3125 3517 3244 3567 vm,
3278 3489 3322 3555 6‘
3345 3500 3421 3570 (p.
3453 3497 3602 3567 585),
3638 3495 3729 3550 tibi

2159 3604 2417 3676 Καρίσκα
2456 3614 2599 3655 nunc
2647 3599 2842 3668 legitur
2877 3605 2933 3650 et
2968 3596 3213 3663 Ἀσημα.
3259 3589 3453 3646 Nostra
3507 3588 3729 3644 Curisca

2159 3713 2351 3752 nomen
2385 3695 2783 3750 Macedonicum
2803 3705 2922 3746 esse
2944 3687 3178 3754 videtur,
3197 3690 3340 3740 unde
3362 3685 3513 3738 locus
3531 3680 3726 3737 tabula:

2157 3789 2584 3860 Peutingerianat
2641 3785 2802 3857 (sect.
2843 3783 2900 3854 ’1)
2950 3780 3168 3836 Curisto
3210 3794 3256 3834 s.
3309 3777 3545 3841 Euristo,
3589 3774 3732 3828 inter

2156 3884 2488 3956 Lychnidum
2513 3892 2567 3936 et
2601 3877 2915 3935 Heracleam
2948 3874 3255 3944 Pelagoniae
3283 3871 3438 3932 situs,
3467 3867 3731 3923 medelam

2153 3954 2400 4032 lectionis
2423 3973 2637 4029 habebit
2667 3990 2682 4026 :
2723 3971 2841 4038 lego
2870 3969 3012 4021 enim
3047 3965 3266 4018 σανίδι-ο
3303 3957 3401 4027 (η).
3433 3986 3506 4001 η-
3536 3954 3732 4020 Sequi-

2125 4069 2130 4072 ’
2156 4076 2244 4119 tur
2277 4064 2485 4124 Νίσαια,
2519 4069 2577 4112 ιιι
2597 4057 2920 4110 antecedens
2950 4053 3088 4103 inter
3111 4044 3448 4116 Lychnidum
3476 4053 3529 4097 et
3560 4042 3732 4095 Hera-

2153 4155 2323 4207 cleam
2353 4155 2453 4204 sita
2483 4147 2604 4217 (Via
2632 4145 2879 4211 Egnatia.
2920 4148 3214 4192 comment.
3259 4153 3298 4199 ι,
3333 4152 3386 4202 ιι.
3417 4133 3531 4204 38).
3569 4135 3730 4188 Eant.

2156 4245 2276 4298 dem
2306 4253 2445 4296 terra
2471 4239 2805 4296 Paristriana
2835 4235 3041 4300 habuit,
3075 4235 3187 4288 sive
3233 4231 3482 4302 Bulgaria
3538 4233 3730 4286 borea-

2150 4335 2252 4398 iis,
2279 4333 2482 4388 scilicet
2535 4331 2700 4385 Nicen
2753 4345 2802 4385 s.
2834 4327 3065 4380 Nicaeam
3119 4323 3216 4396 (cf.
3274 4340 3433 4395 supra
3475 4323 3578 4378 col.
3609 4305 3764 4393 32),'

472 4423 764 4491 ςυνίιιιιιιιιι)
789 4423 926 4477 libro
955 4437 994 4488 ι,
1027 4437 1083 4490 p,
1117 4423 1183 4476 12
1211 4423 1299 4476 ed.
1328 4421 1499 4477 Bonn.
1534 4437 1549 4474 :
1587 4463 1600 4478 .
1632 4461 1648 4478 .
1684 4463 1699 4477 .
1736 4424 1804 4478 τά
1827 4441 1887 4477 τε
1917 4425 2050 4478 ἄλλα

2156 4456 2220 4467 -—
2258 4423 2541 4480 Perinthus
2603 4420 2922 4492 (Heraclea,
2953 4418 3262 4488 Propontidi
3293 4416 3558 4486 apposita.
3587 4413 3726 4468 Eant

474 4515 565 4565 καὶ
607 4515 666 4576 ἐς
699 4513 940 4584 Ταεαρον
978 4513 1227 4583 ἐμϐάντα
1288 4516 1306 4582 (
1360 4513 1595 4568 Turcam
1642 4515 2046 4586 Ortltogruletn)

471 4603 716 4672 ποταμὸν
747 4603 839 4657 τὸν
882 4602 1022 4657 κατὰ
1051 4602 1148 4672 τὴν
1177 4599 1336 4656 Αἶνον
1379 4603 1473 4656 ἐπὶ
1504 4603 1637 4657 πολὺ
1667 4603 1762 4656 τοῦ
1803 4605 2049 4676 ποταμοῦ

473 4697 570 4748 σὺν
591 4698 713 4759 ταῖς
743 4695 905 4748 ναυσὶ
935 4693 1242 4765 προελθεῖν.
1279 4695 1414 4750 Ibid.
1455 4711 1506 4764 p,
1546 4695 1618 4750 25
1653 4713 1668 4751 :
1713 4695 2050 4767 Ἐπέδραμόν

475 4785 706 4855 (Τιιι-ςιιι)
734 4802 793 4841 τε
817 4787 916 4856 τὴν
944 4786 1163 4857 Θρᾴκην
1195 4785 1252 4850 ἐς
1281 4802 1341 4839 τε
1379 4785 1470 4839 ἐπὶ
1508 4786 1742 4858 Ταίαρον
1767 4787 1859 4841 τὸν
1888 4805 2050 4842 ποτα-

476 4879 597 4946 μόν.
630 4877 763 4932 lbid.
799 4893 850 4946 p.
883 4877 954 4931 30
981 4895 993 4931 :
1036 4877 1094 4931 '0
1123 4878 1221 4949 μὲν
1253 4873 1346 4931 οὖν
1371 4878 1744 4951 Σουλαῖμάνης
1766 4878 1922 4950 ἔτυχε
1946 4897 2044 4934 πο-

470 4968 705 5040 λιορκῶν
743 4967 1002 5040 πόλισμα,
1037 4969 1097 5024 τὸ
1129 4973 1282 5042 παρά
1309 4971 1546 5041 Ταίαρον
1579 4973 1843 5043 ποταμὸν,
1869 4974 2046 5044 διέχον

471 5061 582 5114 ἀπὸ
643 5060 1128 5130 Ἀδριανουπόλεως
1169 5063 1419 5125 σταδίους
1465 5063 1598 5117 ὡσεὶ
1647 5065 2043 5136 ἐϐδομήκοντα.

471 5154 608 5208 Ibid.
645 5169 696 5221 p.
729 5155 791 5208 51
825 5170 838 5207 :
877 5155 1033 5227 Παρὰ
1065 5156 1299 5225 Ταιαρον
1341 5158 1606 5228 ποταμὸν,
1645 5157 1704 5221 ὃς
1739 5157 1881 5230 ὓδωρ
1912 5159 2044 5212 κάλ-

385 5308 392 5315 _
470 5248 651 5301 itctdv
682 5263 743 5300 τε
785 5247 1084 5320 παρέχεται
1117 5249 1210 5302 καὶ
1241 5248 1608 5317 ὑγιεινότατον
1633 5265 1648 5280 ·
1684 5250 1874 5322 Θέρους
1900 5250 1954 5303 δὲ
1982 5245 2051 5321 ἦν

472 5341 611 5410 ὥραΡ
641 5339 744 5396 Ubi
780 5351 1115 5396 memoratur
1146 5341 1295 5396 locus
1334 5342 1674 5414 Κερμιανόν.
1711 5344 1785 5398 De
1824 5342 2052 5412 Riginim

475 5432 711 5485 imtibus
765 5432 936 5502 (iuxta
988 5432 1276 5488 Turcicum
1325 5433 1550 5504 Burgas)
1592 5433 1817 5505 ejusque
1888 5444 2053 5504 ponte

471 5521 856 5604 pulcherrimo,
885 5533 1175 5596 antequam
1209 5525 1261 5580 in
1294 5523 1574 5581 Maritum
1603 5523 1885 5596 (Hebrum)
1916 5525 2052 5591 exit,

2149 4515 2327 4572 Oresti
2376 4516 2631 4568 tributam
2675 4527 2834 4580 supra
2888 4511 3120 4565 vidimus
3155 4517 3280 4564 note
3319 4507 3409 4577 (j).
3445 4506 3730 4560 Eamdetn—

2147 4625 2251 4679 que
2307 4607 2501 4662 'I'zetza
2542 4605 2692 4676 (cltil.
2734 4605 2791 4671 5,
2829 4605 2950 4670 100,
2997 4618 3118 4672 pag.
3161 4595 3724 4667 Hi,ed.Kiessling).

2149 4697 2520 4770 Mygdonicam
2552 4697 2720 4762 dicit,
2745 4694 2956 4749 scilicet
3007 4692 3223 4747 nomine
3260 4689 3624 4745 Macedonico.
3658 4715 3728 4729 —

2148 4793 2332 4864 Scnpi.
2353 4791 2491 4847 Urbs
2505 4789 2732 4844 Peoniae
2743 4802 2836 4842 seu
2853 4787 3134 4842 Dardania:
3149 4782 3516 4839 meridionalis
3532 4783 3725 4851 (vetor.

2154 4882 2478 4940 Macedonia:
2496 4880 2750 4950 borealis)
2764 4879 3118 4943 nobilissima,
3135 4875 3254 4928 Axii
3269 4873 3439 4928 initiis
3454 4871 3725 4942 apposita,

2152 4978 2217 5031 de
2235 4990 2339 5044 qua
2365 4973 2594 5028 suiliciet
2613 4972 2863 5042 ablegare
2888 4970 2957 5025 ad
2999 4968 3060 5023 Ρ.
3083 4967 3498 5037 Wesselingiutn
3536 4963 3728 5034 (Itine-

2151 5084 2331 5137 rar.p.
2360 5067 2507 5136 655).
2537 5067 2668 5136 Ejus
2683 5081 2808 5121 vero
2834 5068 3028 5120 nout‘en
3061 5065 3112 5117 in
3137 5063 3320 5117 Moesia
3342 5074 3554 5130 quoque
3589 5059 3728 5114 inie-

2144 5159 2275 5217 riori
2333 5161 2474 5214 haud
2531 5158 2698 5214 semel
2737 5157 2994 5211 occurrit.
3045 5154 3388 5225 Stephanus:
3450 5151 3725 5214 Σκοῦποι.

2149 5250 2303 5314 πόλις
2369 5249 2613 5321 Θρᾴκης.
2673 5247 3112 5318 Theophylactus
3163 5243 3463 5298 Sintocatta
3519 5257 3632 5306 vn.
3693 5243 3719 5296 1

2149 5346 2227 5413 (p.
2257 5342 2366 5396 972
2404 5343 2490 5395 ed.
2520 5341 2716 5402 Bonn.)
2747 5358 2760 5392 :
2795 5339 2874 5391 Τὰ
2901 5338 3010 5408 γὰρ
3037 5336 3290 5391 Ζαλδαπὰ
3310 5337 3406 5390 καὶ
3433 5334 3606 5397 ’Δκυς
3629 5335 3727 5388 καὶ

2151 5436 2352 5496 Σκόπις
2368 5430 2984 5502 καταπρονομεύσαντες
3005 5432 3184 5498 (antea
3206 5427 3508 5498 depopulati
3531 5425 3724 5492 Slavi):

2155 5530 2295 5582 unde
2325 5527 2462 5580 situs
2496 5525 2645 5578 urbis
2683 5521 2817 5576 satis
2851 5521 3218 5590 cognoscitur,
3250 5519 3375 5576 coll.
3405 5518 3606 5577 ibidem
3639 5516 3730 5576 δίη

541 5699 619 5777 (η)
659 5699 755 5765 Ubi
785 5709 968 5762 tamen
1005 5703 1097 5763 alii
1133 5705 1197 5762 de
1227 5705 1435 5776 Cyrrlio
1464 5717 1515 5762 et
1558 5707 1772 5782 regione
1808 5707 1878 5778 C3
1893 5706 2176 5772 riheatice,
2214 5706 2409 5762 ibidem
2441 5704 2653 5775 positis,
2695 5702 3028 5774 cogitabant.
