4044 6210
400 312 472 370 ει»
1506 314 1913 383 νΑιιιΟΡιυΜ
1954 318 2509 381 ΡΠᾸΞΡΑἹΊΟΝΕΞ.
3580 318 3653 383 56

397 424 681 481 Christum
711 425 826 481 sive
861 425 1074 479 Hicetas
1118 431 1479 485 converterat,
1515 427 1626 478 sive
1656 426 1794 480 alius
1832 427 1965 494 quis-

2097 431 2466 502 Ἀλεξάνδρου,
2497 430 2564 483 τὰ
2585 431 2630 483 δ’
2656 430 2723 484 αὖ
2745 430 2976 501 ἑσπέρια
2998 430 3073 492 ὡς
3097 429 3189 483 τοῦ
3223 430 3456 499 μεγάλου
3497 432 3654 485 Κωκ-

397 534 583 587 quatn.
601 516 811 581 Montes
839 514 1101 582 Rhiphaii.
1124 528 1245 568 cum
1274 514 1442 569 Borea
1462 516 1654 570 ibidem
1670 518 1969 583 memorati,

394 609 776 678 geographiam
805 604 1094 673 mythicam
1123 618 1219 659 seu
1253 604 1518 677 poeticam
1564 613 1830 670 spectant,
1861 619 1968 657 non

396 699 733 762 historicum,
753 694 877 756 coll.
897 694 1157 751 Strabone
1184 708 1276 755 vn,
1295 691 1417 756 5,6.
1441 706 1562 762 pag.
1582 691 1706 747 399.
1732 691 1819 749 ed.
1842 690 1970 749 Cas.

399 788 787 858 Sigtiilicantur
829 798 1041 839 summa
1080 782 1373 848 Rhodopes
1407 783 1703 848 llaemique.
1738 783 1836 835 His
1878 797 1973 835 su-

397 878 596 949 peratis
624 876 781 930 Ponti
816 875 1012 930 Euxini
1050 875 1228 928 littora
1261 872 1478 928 Nicetes
1505 873 1639 938 adit,
1670 873 1762 928 ubi
1792 872 1969 938 Tomi,

394 970 524 1024 urbs
563 968 900 1035 nobilissima
930 1005 946 1029 ,
987 965 1143 1034 cujus
1184 965 1344 1019 lectio
1390 965 1611 1018 minime
1667 964 1719 1017 in
1769 961 1967 1019 Stobos

393 1061 588 1114 mutari
620 1059 872 1117 debebat.
910 1056 1042 1112 Erat
1075 1057 1218 1112 enim
1246 1057 1417 1125 prima
1446 1055 1803 1123 equindecim
1830 1053 1967 1124 Sey-

392 1154 522 1209 tbite
552 1149 847 1223 (minoris),
881 1150 1003 1206 coll.
1037 1149 1284 1203 HlCl‘Olflc
1319 1148 1464 1218 (pag.
1505 1148 1589 1211 Il,
1629 1147 1787 1214 hujus
1816 1161 1967 1199 coni-

393 1240 949 1315 nientationis)0vidii
967 1238 1197 1303 Nasonis
1221 1238 1415 1294 exsilio
1437 1237 1664 1303 famosa.
1686 1237 1819 1296 Hinc
1837 1240 1966 1296 itum

394 1337 461 1390 ad
482 1336 714 1391 vicinum
734 1334 1033 1404 Scuporum
1058 1331 1336 1402 oppidum,
1368 1332 1507 1386 inter
1534 1330 1817 1400 AxiOpolin
1843 1328 1968 1382 lstri

384 1441 440 1483 ut
499 1426 920 1496 Marcianopolin
965 1425 1153 1481 situm.
1199 1424 1351 1487 Alius
1412 1434 1587 1478 tamen
1639 1424 1707 1479 de
1764 1422 1966 1490 Scupio

386 1519 641 1589 Procopii
662 1517 815 1586 juxta
840 1517 1118 1577 Sardicam
1152 1517 1258 1572 sito
1297 1517 1573 1585 cogitabit,
1607 1530 1713 1570 non
1742 1516 1964 1569 omnino

387 1611 799 1679 vituperandus.
842 1609 972 1663 Erat
1001 1608 1145 1665 enim
1187 1608 1289 1662 hoc
1323 1606 1581 1676 St-upium
1621 1606 1737 1674 agri
1770 1603 1966 1669 Reine-

394 1702 533 1756 siaui
574 1701 764 1766 locus,
814 1698 959 1753 unde
1010 1707 1195 1754 noster
1231 1698 1445 1752 Nicetas
1489 1706 1666 1752 ortum
1708 1696 1965 1752 habuisse

393 1793 610 1851 dicitur.
638 1789 878 1855 Pessime
897 1804 1026 1844 vero
1053 1791 1117 1844 de
1151 1788 1342 1857 Scopia
1382 1788 1619 1857 (Scapis)
1643 1802 1752 1841 uno
1778 1801 1972 1839 Omnes

394 1898 658 1938 consensu
688 1883 946 1950 cogitant.
976 1878 1220 1949 Namque
1242 1880 1355 1947 lnec
1387 1878 1580 1947 Seupia
1610 1893 1713 1931 non
1737 1887 1854 1931 erat
1879 1891 1974 1948 pa-

394 1975 515 2028 tria:
548 1974 717 2027 nostri
752 1975 1057 2034 Nicctte,sc.
1095 1970 1379 2023 Dardania?
1408 1969 1699 2039 prapinqua
1738 1967 1816 2040 (ιι)
1849 1970 1967 2037 sed,

396 2065 568 2133 ipsius
607 2061 891 2123 Dardania:
936 2058 1276 2128 metropolis,
1322 2058 1447 2118 coll.
1493 2044 1743 2115 Hierocle
1803 2075 1855 2128 p.
1908 2060 1974 2113 l5

398 2154 558 2220 bujus
599 2150 1118 2207 conimentatiouis:
1158 2167 1175 2202 ι
1205 2165 1316 2205 xrt.
1358 2148 1629 2220 Ἐπαρχία
1675 2150 1976 2221 Δαρδανίας

399 2280 439 2302 ,.
462 2242 643 2304 πόλεις
671 2241 725 2303 5,
748 2238 983 2293 Σκοῦποι
1012 2232 1362 2310 μητρόπολις,
1388 2258 1444 2294 κ.
1469 2257 1520 2302 1:.
1545 2240 1596 2296 λ.
1637 2260 1655 2292 t
1680 2240 1822 2312 Ergo
1850 2242 1976 2301 Ριιττ

396 2332 557 2402 lippis
593 2331 796 2390 relictis
820 2332 1082 2386 orientem
1117 2333 1293 2401 petiit,
1331 2333 1458 2386 hinc
1490 2333 1848 2399 occidentem,
1881 2334 1971 2388 ubi

397 2427 570 2496 patria
602 2424 723 2493 ejus
750 2430 804 2479 et
841 2424 998 2479 sedes
1030 2423 1372 2493 episcopalis,
1410 2423 1757 2478 Remesiana.

468 2515 616 2569 Talia
666 2515 733 2570 de
778 2514 1023 2572 Thracia:
1091 2516 1399 2569 nominibus
1435 2514 1819 2582 Macedonicis,
1864 2515 1972 2570 iu:o

398 2607 652 2675 roloniis,
684 2607 809 2661 coll.
830 2607 918 2674 iis,
943 2620 1063 2675 quae
1096 2606 1164 2661 de
1198 2606 1329 2672 ipsis
1360 2604 1710 2664 Macedonum
1748 2607 1974 2663 coloniis

400 2712 510 2756 nan
554 2700 865 2753 dubitandis
888 2714 1051 2767 supra
1091 2696 1409 2751 mousmivi.
1438 2694 1658 2753 Veteres
1685 2696 1850 2763 enim,
1879 2696 1971 2759 ubi

398 2806 618 2848 suarum
639 2790 846 2844 sodium
884 2789 1101 2843 nomina
1124 2787 1423 2856 peregrinis
1441 2787 1573 2842 locis
1595 2789 1963 2859 itnponebant,

359 2884 450 2939 .id
486 2896 589 2937 non
652 2882 795 2936 aliud
843 2890 1066 2951 agentes
1107 2880 1398 2943 faciebant,
1455 2880 1550 2935 sed
1613 2894 1740 2935 suos
1783 2892 1971 2949 reapse

2084 522 2364 575 σταντινου
2409 522 2662 592 διαδόχῳ.
2695 520 2911 591 Scripta
2956 521 3069 576 haec
3096 522 3294 575 steculo
3321 536 3389 575 xv
3414 530 3650 575 constat.

2080 613 2363 668 Adscendo
2381 616 2445 668 ad
2476 614 2727 669 saeculum
2750 612 3300 678 xrv.,Cantaeuzenus
3324 628 3363 678 t,
3392 611 3460 669 ﬂ
3489 611 3651 681 (Opp,

2085 706 2172 761 ed.
2199 705 2370 761 Boun.
2403 716 2534 761 tom.
2561 721 2643 767 ιιι.
2666 721 2783 776 pag.
2817 706 2907 774 9i)
2941 725 2955 761 :
2988 707 3078 769 Εἰς
3105 704 3167 757 τὸ
3201 704 3373 774 ὄνομα
3400 704 3496 757 τοῦ
3514 704 3651 770 Θεοῦ

2076 796 2353 861 ἐλεοῦντος
2381 798 2473 852 καὶ
2500 798 2810 867 ὲλεήμονος.
2843 796 3335 868 Μακροημερεὺσει
3381 798 3409 849 ὁ
3446 795 3649 859 Θ;ὸς...

2087 888 2187 951 τὰς
2218 888 2430 957 ἡμέρας
2477 891 2574 958 τῆς
2624 888 2900 960 βασιλείας
2934 888 3029 941 τοῦ
3067 889 3327 957 μεγάλου,
3358 886 3452 940 τοῦ
3495 888 3655 957 εὐερο

2077 979 2342 1047 γετικοῦ..
2372 979 2464 1033 τοῦ
2504 980 2756 1049 θεμελίου
2787 982 2887 1050 τῆς
2930 982 3211 1042 πίστεως..
3248 979 3357 1032 τῶν
3383 981 3649 1049 Χριστια-

2076 1070 2227 1135 νῶν..
2251 1070 2349 1139 τῆς
2377 1070 2589 1140 σπάθης
2618 1071 2728 1124 τῶν
2754 1072 3100 1138 Μακεδόνων,
3127 1071 3224 1127 τιῦ
3271 1070 3534 1142 Σαμψὼν,
3559 1073 3655 1126 τοῦ

2082 1159 2346 1230 βασιλέως
2403 1162 2510 1215 τῶν
2556 1163 2842 1230 Ἑλλήνων,
2879 1162 2976 1217 τοῦ
3027 1163 3288 1234 βασιλεως
3339 1164 3449 1217 τῶν
3489 1165 3656 1221 Βουλ-

2076 1251 2282 1321 γάρων,
2332 1252 2442 1305 τῶν
2496 1253 2782 1314 Ἀσανίων.
2820 1255 2929 1309 τῶν
2978 1254 3222 1326 Βλάχων,
3259 1254 3369 1310 τῶν
3436 1255 3655 1312 Ῥὼσιιιν

2072 1342 2166 1396 καὶ
2215 1341 2323 1395 τῶν
2391 1342 2648 1407 Ἃλανῶν,
2696 1343 2799 1413 τῆς
2837 1345 3002 1414 τιμῆς
3060 1344 3154 1398 τοῦ
3215 1344 3488 1415 δόγματος
3543 1344 3656 1402 τῶν

2088 1433 2310 1502 Ἱσήρων
2345 1434 2438 1487 καὶ
2474 1434 2584 1488 τῶν
2616 1436 2854 1507 Σύρων..
2910 1437 3171 1506 ’ᾼγγέλου
3206 1436 3497 1507 Κομνηνοῦ
3537 1436 3654 1490 Πα-

2072 1524 2349 1594 λαιολόγου
2381 1526 2475 1581 τοῦ
2511 1528 2985 1597 Καντακουζηνοῦ,
3016 1546 3073 1583 κ.
3103 1547 3156 1584 τ.
3190 1529 3242 1593 λ.
3281 1530 3384 1598 (ω).
3420 1529 3655 1597 [uiperae

2073 1620 2175 1672 tori
2197 1618 2496 1690 Byzantina
2519 1623 2632 1674 haec
2654 1637 2683 1674 a
2710 1621 2847 1676 1548
2868 1620 3084 1688 scripsit
3124 1621 3374 1675 sttltanus
3408 1619 3651 1690 Egypti,

2074 1709 2572 1774 Mohannncdanus,
2617 1714 2759 1767 unde
2792 1713 2861 1767 de
2914 1712 3017 1767 bac
3065 1711 3373 1779 alloquendi
3420 1712 3652 1773 formula

2074 1801 2339 1860 edoctus?
2360 1804 2441 1856 Ab
2462 1803 2595 1870 ipsis
2638 1805 2950 1858 mehercule
2979 1803 3265 1866 Graeculis.
3297 1819 3526 1873 quorum
3551 1786 3654 1859 ini-

2074 1902 2355 1964 peratores
2379 1893 2459 1949 sic
2485 1892 2641 1962 plane
2671 1893 2754 1948 vel
2781 1894 3034 1949 similiter
3056 1894 3126 1951 de
3158 1909 3219 1949 se
3241 1894 3308 1949 ad
3339 1903 3649 1952 exterorutn

2076 1986 2351 2056 principes
2388 1985 2673 2054 scripsisse
2700 1986 2921 2055 putandi
2955 1995 3106 2051 sunt,
3139 1986 3336 2042 collato
3364 1985 3655 2054 Anonymo

2072 2077 2292 2132 Canisii.
2309 2074 2593 2147 (Basnage,
2618 2074 2779 2133 Thes.
2805 2086 3296 2134 monumentorum.
3320 2088 3451 2145 etc.,
3470 2075 3575 2128 vol.
3605 2071 3648 2133 Ι.

2073 2185 2125 2239 p.
2165 2169 2290 2237 5l0)
2319 2186 2333 2224 :
2361 2168 2625 2233 Isaacius,
2656 2186 2689 2222 α
2721 2169 2827 2224 Deo
2863 2171 3181 2224 constitutus
3235 2172 3520 2236 imperator
3557 2183 3653 2222 δατ

2072 2262 2421 2324 notissimus,
2445 2260 2937 2323 excellentissimus,
2955 2260 3196 2312 sublimia
3219 2260 3520 2313 moderator
3542 2256 3652 2310 Ro-

2074 2365 2372 2413 manorum,
2398 2349 2614 2417 angelus
2644 2350 2806 2403 totius
2844 2351 3006 2416 orbis,
3035 2352 3200 2404 luere;
3232 2364 3441 2403 coronae
3470 2348 3646 2415 magni

2074 2436 2430 2499 Constantini,
2456 2439 2647 2492 dilecto
2671 2438 2828 2508 fratri
2858 2439 3062 2506 imperii
3089 2439 3199 2503 sui,
3229 2439 3463 2491 maximo
3502 2438 3651 2505 prim-

2071 2529 2184 2594 Cipi
2206 2530 2553 2595 Alamannica,
2591 2531 2818 2600 gratiam
2867 2546 3040 2595 ruant,
3065 2530 3357 2600 fraternam
3380 2539 3430 2584 et
3455 2545 3647 2597 puram

2072 2622 2425 2678 dilectionem.
2460 2622 2585 2678 Haec
2611 2638 2701 2676 an.
2732 2622 2871 2678 1189
2913 2620 3162 2677 'lsaaeius
3205 2622 3462 2693 Angelus,
3499 2619 3650 2674 Grai-

2069 2728 2256 2769 corum
2288 2713 2604 2783 imperator,
2634 2711 2955 2768 Fridericol
3012 2713 3192 2769 Suevo
3228 2712 3469 2780 scripsit,
3500 2722 3651 2767 recte

2070 2803 2233 2857 istum
2268 2803 2354 2862 vix
2396 2803 2696 2873 angelicum
2726 2801 2957 2857 Graeculi
2989 2804 3189 2857 fastum
3220 2809 3445 2856 notante
3464 2813 3649 2859 contra

2071 2896 2328 2964 quodam,
2360 2894 2642 2950 Dietbaldo
2671 2894 2934 2967 (Wilken,
2969 2893 3329 2955 Kreuzz.vol.
3364 2906 3438 2957 tv,
3466 2906 3519 2962 p.
3555 2892 3646 2947 72.

397 2978 548 3031 cit-es
589 2973 822 3043 aliquam
875 2973 946 3029 ob
991 2986 1208 3027 causam
1252 2971 1376 3026 istic
1425 2971 1871 3039 transponentes‘l
1914 2971 1968 3025 id
2005 3048 2040 3057 Δ
2073 2996 2186 3045 θοι.
2211 2986 2300 3057 47)
2327 3005 2342 3053 ς
2372 2987 2525 3057 cuius
2573 2996 2756 3042 ιειηοη
2813 2987 3050 3056 episcopi
3084 2985 3246 3040 verba
3304 2986 3381 3054 (ν)
3439 2983 3644 3038 wn“,

395 3068 682 3147 quodpon
728 3066 906 3121 minus
939 3065 1147 3122 clarum
1204 3064 1265 3121 lit
1314 3079 1380 3121 ex
1434 3065 1580 3123 omni
1612 3063 1965 3125 Macedonum
1995 3048 2042 3112 θ
2075 3082 2222 3134 nium
2247 3048 2308 3149 (ι’.
2331 3048 2564 3139 *(’.ίιιοιι
2613 3048 2955 3147 intellexisse
2997 3048 3175 3131 video.
3218 3048 3466 3142 Namque
3504 3074 3647 3128 Isaa-

400 3159 651 3224 historia,
681 3173 842 3227 quam
876 3173 941 3213 ex
971 3156 1364 3225 liotnanorum,
1394 3156 1640 3226 stirpium
1677 3158 1731 3211 in
1771 3157 1877 3230 his,
1915 3165 1965 3212 ut

2071 3172 2210 3235 eius,
2261 3186 2328 3231 ex
2376 3170 2700 3239 Angelorunt
2761 3169 3179 3241 Byzantinorum
3237 3176 3433 3237 gente,
3483 3165 3648 3221 totius

397 3248 554 3313 alias,
581 3250 1000 3323 haudquaquam
1025 3248 1354 3304 absimilium
1382 3248 1479 3318 (υ).

2072 3264 2220 3318 orbis
2246 3262 2495 3332 angelum
2516 3276 2573 3316 se
2615 3270 2919 3330 nuncupat:
2946 3275 3105 3329 quam
3133 3259 3345 3321 dicendi
3379 3271 3646 3328 arrogan-

466 3340 832 3411 Pervestigavi
858 3353 1007 3398 vetus
1028 3356 1221 3406 aevum,
1248 3341 1499 3408 antiquas
1521 3339 1592 3393 ibi
1620 3338 1969 3396 Macedonum
2073 3355 2205 3410 tiam
2236 3353 2309 3424 (ε)
2353 3370 2419 3407 ne
2451 3353 2734 3413 monachis
2759 3355 2973 3421 quidem
3006 3351 3230 3407 concedi
3266 3351 3446 3414 velint,
3470 3365 3650 3419 quan.

396 3434 803 3510 coloniastum
862 3449 929 3491 ex
982 3435 1095 3502 ipsa
1150 3431 1373 3485 ltisloria
1416 3440 1749 3495 monstrat-Si
1797 3441 1908 3491 ιυιη
1940 3444 1972 3487 θ
2069 3458 2231 3512 quam
2263 3443 2414 3507 talia,
2441 3452 2595 3499 nttot
2630 3444 2753 3508 alia,
2786 3442 3029 3515 Byzantii
3070 3458 3168 3501 usu
3212 3443 3424 3498 venisse
3465 3443 3638 3509 video,

397 3521 544 3591 Inrita
574 3523 848 3577 ιιοιιιίιιιιιιι
885 3522 1311 3592 opportunitate
2065 3535 2191 3599 coll.
2242 3536 2527 3590 Eustatbio
2575 3549 2605 3589 a
2633 3549 2718 3588 me
2753 3536 2898 3589 edito
2927 3533 3151 3605 (Opusc.
3200 3550 3321 3604 pag.
3357 3533 3487 3597 sto,
3545 3533 3639 3597 50.

466 3613 697 3682 Jamque
734 3614 799 3667 ad
835 3614 980 3682 ipsos
1016 3612 1437 3682 Byzantinorum
1478 3614 1701 3669 annales
1743 3615 1965 3669 descen-

2071 3629 2218 3696 etc.),
2287 3628 2380 3697 qui
2436 3626 2734 3689 monachos
2786 3627 2842 3683 ll.
2890 3627 3008 3682 citt.
3067 3626 3287 3696 angelos
3334 3633 3627 3682 terrestres

397 3706 630 3763 deudum
671 3720 797 3760 esse
831 3706 1068 3772 videtur,
1096 3705 1189 3774 qui
1230 3720 1351 3760 cum
1389 3720 1632 3762 veterum
1680 3707 1971 3763 traditione

403 3798 597 3856 mirum
625 3806 884 3866 quantum
917 3797 1268 3855 concordant.
1300 3795 1585 3870 Byzantini
1615 3800 1969 3869 imperatores

399 3907 505 3943 non
541 3899 749 3944 tantum
784 3890 1185 3958 hereditatem,
1209 3906 1394 3948 verum
1423 3893 1595 3963 ipsum
1629 3907 1842 3964 quoque
1870 3908 1968 3948 no-

396 3999 522 4040 tuen
569 3982 924 4040 Macedonum
978 3987 1187 4057 imperii
1227 3988 1520 4053 habebant,
1557 3989 1672 4043 sive
1707 3988 1807 4059 ipsi
1837 3988 1966 4044 talia

393 4078 623 4144 Opinati,
649 4079 762 4137 sive
784 4079 851 4133 ab
868 4079 1231 4133 Orientalibus
1254 4082 1453 4149 adepti.
1473 4080 1777 4134 Orientales
1799 4096 1880 4135 cet
1896 4091 1966 4145 te,

306 4220 325 4231 ,
396 4172 606 4240 ipsique
636 4181 767 4241 puto
803 4169 1111 4238 Byzantini,
1147 4170 1512 4225 llomanoruut
1550 4172 1832 4239 imperium
1866 4186 1960 4224 co-

392 4261 577 4316 lebant
617 4270 875 4328 tanquam
912 4274 1282 4314 successorem
1315 4260 1367 4313 in
1406 4268 1628 4328 paterna
1662 4259 1960 4312 Alexandri

2068 3720 2220 3774 dicit.

2138 3812 2197 3877 lu
2232 3802 2452 3882 reliquis
2471 3819 2649 3867 tamen
2675 3809 3054 3871 Macedonicus
3084 3811 3506 3882 Byzantinorum
3534 3810 3637 3864 im~

2071 3918 2382 3975 pcratorum
2421 3906 2608 3961 titulus
2633 3905 2870 3976 speciem
2897 3905 3187 3974 quamdam
3214 3905 3355 3973 juris
3379 3902 3643 3958 vetustio-

2070 3999 2147 4075 ris
2185 4012 2374 4053 revera
2395 4013 2504 4067 prae
2530 4012 2590 4054 se
2608 3996 2754 4052 ferre
2780 3999 3016 4058 videtur,
3041 3996 3249 4049 scilicet
3269 3991 3637 4058 geographici.

2073 4090 2249 4155 Supra
2324 4088 2550 4155 legimus
2628 4087 2962 4141 coloniarum
3032 4081 3440 4144 Thracicarum,
3506 4091 3640 4134 000-.

2066 4177 2227 4229 dente
2260 4175 2504 4240 Philippo
2555 4173 2576 4225 Ι
2621 4172 2933 4235 Macedone,
2967 4169 3183 4223 nomina
3241 4183 3345 4222 non
3405 4167 3629 4222 addubi-

2068 4264 2275 4329 tanda;
2362 4262 2648 4315 habuimus
2739 4274 2956 4329 quoque
3028 4259 3270 4313 locorum
3325 4257 3635 4315 Thracico-

391 4349 566 4417 Magni
601 4348 761 4401 domo
788 4363 804 4412 ;
836 4348 989 4417 cujus
1021 4349 1096 4404 rei
1127 4349 1279 4403 testis
1300 4346 1540 4402 Codinus
1563 4358 1643 4402 est
1666 4350 1753 4416 (de
1777 4347 1964 4402 oﬂlciis
1992 4371 2041 4428 ι)
2071 4366 2185 4404 rum
2237 4351 2473 4409 numina.
2530 4365 2649 4419 qua:
2684 4350 3054 4406 testiinonium
3099 4350 3257 4407 nobis
3316 4348 3634 4404 deferebant

392 4440 528 4501 aulae
563 4438 872 4509 Byzantina:
908 4454 1027 4507 cap.
1052 4437 1105 4506 6,
1148 4439 1234 4492 ed.
1275 4439 1445 4492 Bono.
1478 4454 1601 4509 pag.
1633 4439 1752 4509 55)
1789 4456 1803 4495 :
1848 4441 1958 4493 Καὶ

390 4531 576 4600 ἐπειδὴ
646 4533 674 4583 ὁ
740 4530 838 4601 μὲν
906 4530 1250 4601 Ἀλέξανδρος
1310 4529 1417 4582 τῶν
1480 4530 1808 4585 Μακεδόνων
1886 4530 1952 4602 ἦν

393 4621 665 4694 βασιλεὺς,
701 4623 736 4693 ὴ
782 4623 841 4676 δὲ
901 4623 1210 4678 Μακεδονία
1252 4623 1357 4675 ὑπὸ
1408 4624 1508 4693 τὴν
1545 4623 1641 4677 τοῦ
1697 4623 1958 4694 βασιλέως

401 4713 689 4786 Ῥωμαίων
714 4718 871 4787 χεῖρα
902 4715 1237 4787 εὑρίσκεται,
1263 4715 1331 4769 τὰ
1356 4715 1453 4787 μὲν
1472 4713 1583 4786 ἑῷα
1607 4714 1735 4788 ἔθνη
1753 4715 1957 4770 διδόασι

388 4809 490 4880 τὴν
515 4809 682 4889 τιμὴν
711 4808 791 4880 τῷ
821 4808 1032 4881 βασιλεῖ
1057 4808 1132 4875 ὡς
1150 4808 1379 4880 διαδόχῳ
1399 4807 1491 4861 τοῦ
1516 4807 1783 4878 πατρικοῦ
1811 4809 1959 4862 οἴκου

465 4943 543 5015 (ιι)
590 4943 853 5015 Paulinus
915 4945 952 4998 1.
1002 4959 1095 5015 c.:
1155 4942 1355 5010 Scupos
1409 4940 1957 5015 patriﬂpropinquos

394 5010 694 5082 Dardanus
756 5014 962 5081 hospes.
1029 5013 1086 5067 In
1163 5016 1264 5068 line
1336 5020 1463 5067 noto
1540 5010 1959 5082 Wesselinginm

388 5083 600 5138 itineris
653 5079 920 5141 Nicetiani
960 5084 1306 5139 diﬂieultates
1343 5083 1546 5138 vidisse
1587 5079 1838 5145 quidem,
1864 5099 1965 5138 nec

385 5164 568 5223 tanien
608 5153 825 5223 vicisse.
891 5150 1139 5223 Namque
1183 5154 1236 5208 in
1293 5153 1489 5223 Scupis
1535 5150 1779 5223 oll'endit,
1826 5152 1960 5223 item

387 5223 443 5277 iu
475 5220 686 5288 Tomis,
740 5221 930 5278 Partes
984 5219 1201 5279 itineris
1248 5219 1490 5278 Italicam
1547 5229 1603 5275 et
1633 5219 1960 5290 Epiroticam

388 5293 529 5349 bene
562 5294 840 5364 perspexit
883 5293 1055 5350 Coleli
1107 5294 1354 5361 (Farlati,
1392 5291 1664 5363 lilyricum
1714 5304 1956 5355 sacrum,

388 5364 496 5416 vol.
551 5381 669 5416 vin.
722 5379 847 5416 nae.
887 5363 998 5416 77).

388 5370 496 5420 vol.
551 5381 669 5429 vm,
722 5379 847 5429 pag.
887 5370 998 5429 77).

463 5380 496 5417 ι.
551 5381 669 5429 vin,
722 5380 847 5434 pag.
896 5380 998 5429 ιι).

460 5431 532 5501 (ιι)
584 5433 708 5490 Ηιιεε
759 5434 939 5489 omnia
971 5474 986 5498 ,
1040 5442 1099 5488 ut
1159 5440 1237 5487 tot
1300 5432 1439 5497 alia,
1493 5428 1959 5501 insup_et'__liabuit

391 5498 799 5571 liegewiscbitts
852 5504 902 5557 in
961 5504 1146 5558 libro:
1202 5501 1377 5557 Ueber
1437 5501 1524 5571 die
1581 5498 1955 5571 griechischen

388 5569 680 5637 (Iuloriieen
735 5574 837 5627 scit
891 5574 1195 5628 Alexander
1257 5574 1376 5627 dem
1430 5570 1686 5625 Grossen.
1726 5569 1954 5633 Altunae,

393 5640 555 5702 1311,
595 5658 715 5709 pag.
744 5642 775 5695 3
813 5658 966 5708 seqq.
1402 5686 1411 5689 ν

463 5709 539 5781 (.r)
595 5707 725 5769 Eam
777 5711 1086 5782 epistolam,
1139 5710 1295 5782 cujus
1333 5708 1546 5764 initium
1584 5707 1770 5780 (tituli)
1822 5724 1957 5780 puro

2065 4443 2422 4498 Macedonii-te
2455 4441 2649 4497 ibidem
2699 4450 2966 4505 terrarum
3013 4440 3258 4512 pristina:
3307 4439 3636 4497 dominatio-

2067 4535 2170 4588 Itis.

2137 4624 2210 4679 Ex
2246 4626 2345 4680 hac
2389 4623 2663 4681 ulterioris
2686 4624 3026 4693 antiquitatis
3075 4625 3333 4680 memoria
3366 4634 3422 4680 et
3457 4624 3627 4678 tradi-

2066 4718 2210 4770 tione
2239 4715 2439 4770 factum
2486 4717 2737 4784 equidem
2766 4724 2917 4785 puto,
2972 4725 3029 4771 ut
3081 4715 3171 4769 illa
3223 4706 3467 4770 Thracia:
3502 4728 3632 4783 pars

2071 4808 2226 4865 initio
2263 4807 2449 4875 medii,
2483 4808 2626 4879 quod
2657 4808 2864 4875 dicunt,
2892 4807 3014 4876 aevi,
3039 4807 3122 4863 vel
3149 4807 3242 4861 diu
3271 4817 3398 4861 ante
3450 4803 3631 4858 Mace-

2061 4958 2309 4998 sermone
2338 4943 2708 5013 origineteuus
2728 4943 2989 5007 scriptum
3020 4951 3123 5001 est.
3154 4959 3185 4999 e
3211 4943 3392 5013 lingua
3423 4941 3627 5013 vulgari

2063 5014 2114 5066 in
2152 5029 2340 5082 puram
2375 5010 2791 5069 convertetnlam
2826 5013 3037 5082 curavit
3085 5010 3384 5074 Pontanus,
3433 5010 3634 5066 Canta-

2061 5081 2253 5137 cuzeni
2281 5083 2405 5137 olim
2460 5084 2662 5146 editor;
2701 5084 2861 5138 male.
2905 5081 3223 5137 Tenendum
3245 5091 3361 5136 erat
3385 5081 3631 5136 Graecum

2062 5155 2221 5210 istius
2274 5153 2372 5206 aevi
2441 5154 2703 5221 vulgare,
2766 5151 3008 5207 addenda
3071 5167 3197 5208 vero
3257 5149 3632 5219 interpretatio

2062 5222 2588 5277 veterisidiomalis.

2130 5292 2260 5369 (y)_t
2284 5292 2398 5369 ilex
2421 5291 2732 5369 Grzeeurnm
2760 5295 2994 5369 superbe
3022 5304 3083 5369 et
3113 5300 3431 5369 arroganter
3458 5303 3626 5369 ange-

2062 5359 2172 5414 luui
2206 5359 2300 5435 Dei
2346 5370 2402 5416 et
2443 5361 2706 5435 originem
2743 5359 2941 5420 noStrm
2964 5364 3086 5419 ﬁdei
3111 5374 3166 5420 et
3196 5359 3500 5418 lloinanum
3536 5359 3629 5411 im-

2063 5433 2361 5494 peratorem
2385 5448 2444 5486 se
2476 5433 2729 5501 appellat.
2761 5451 2780 5483 ι

2130 5502 2204 5571 (z)
2226 5500 2641 5575 Byzatttinortnn
2674 5500 2818 5575 dese
2849 5504 3362 5575 magniloquentiam
3395 5517 3501 5558 non
3534 5501 3629 5575 def-

2060 5582 2349 5643 seruerunt
2376 5571 2672 5643 'l‘urcaruni
2709 5571 3085 5643 imperatores,
3108 5571 3234 5631 coll.
3259 5573 3626 5643 Schweiggeri

2060 5640 2334 5713 popularis
2366 5641 2493 5713 mei,
2522 5639 2669 5713 Neue
2698 5639 3239 5713 Reyssltesclireibung
3258 5660 3354 5697 aut
3388 5639 3627 5713 Ten—lich-

2057 5707 2182 5763 land
2218 5709 2346 5764 nach
2378 5707 2828 5779 Contiontinopél.
2871 5710 3113 5770 Norimb.
3150 5707 3300 5778 ιθῦθ,
3341 5729 3394 5784 p.
3433 5712 3552 5777 145.
