4014 6212
365 309 436 373 53
1228 282 1229 285 ‘
1460 297 1871 361 VARIORUM
1897 293 2468 354 remanens.
3537 281 3608 344 so

365 428 417 473 ω
443 415 780 487 (imperator)
803 424 900 476 est,
939 408 1255 465 Macedones
1300 406 1571 477 (militiam
1610 404 1935 475 Byzantino-
1967 405 2010 460 Δ
2039 401 2226 456 vitiam
2269 400 2551 458 Kostendil
2597 399 2981 468 (lustinianam
3025 395 3278 466 primam,
3322 390 3610 447 Justiniani

366 507 509 574 rum)
553 507 688 560 bello
723 506 882 557 duros
912 502 1186 554 exsistere.
1223 497 1326 553 Ubi
1376 496 1715 566 signiﬁcatur
1748 508 1926 548 anuus

365 597 565 652 Christi
607 597 730 658 9l9,
786 594 900 644 sive
931 589 1212 657 imperium
1245 587 1471 642 Romani
1506 585 1770 653 Lecapeni
1825 583 1924 636 Mi-

367 689 536 741 litiam
589 683 1004 748 Byzantinorum
1047 681 1197 750 attigi
1232 681 1283 733 in
1324 678 1924 738 Thessalonicensibus,

369 795 490 848 pag.
519 776 620 830 515
661 787 775 840 seq.
811 771 1008 836 ;cujus
1059 772 1262 823 utinam
1299 769 1608 837 diligentior
1659 766 1930 831 expositio

371 867 584 922 tandem
623 863 915 931 aliquando
971 877 999 913 a
1032 861 1162 914 viris
1206 859 1599 913 eruditioribus
1659 855 1927 910 teuteturl

441 960 612 1027 Pergo
648 958 700 1010 in
733 955 1071 1023 expositione
1126 950 1448 1006 Vlachorum
1500 949 1930 1016 Bulgaricorum,

370 1051 508 1102 inter
541 1047 840 1099 Danubium
865 1054 921 1098 et
944 1043 1327 1112 Propontidem
1347 1039 1672 1095 sedentium.
1692 1037 1854 1106 Bulga
1867 1037 1932 1098 ri,

369 1155 489 1192 cum
531 1139 634 1191 line
659 1136 838 1191 sreculi
872 1135 1084 1202 septimi
1119 1135 1247 1187 istas
1281 1141 1456 1186 terras
1487 1136 1835 1198 occuparent,
1857 1142 1935 1182 ese

369 1228 574 1282 incolas
619 1228 959 1296 potissimum
1003 1224 1216 1278 Thraco
1244 1253 1270 1262 -
1296 1222 1519 1276 Latinos
1560 1222 1834 1275 habebant
1881 1228 1936 1272 et

372 1317 583 1379 Slavos,
601 1317 795 1384 quibus
814 1316 1064 1376 victores,
1085 1328 1309 1367 numero
1333 1313 1458 1366 licet
1494 1313 1749 1373 minores,
1778 1325 1934 1363 suum

373 1422 565 1461 nomen
593 1407 957 1475 imponebant.
991 1404 1068 1457 Eo
1105 1413 1341 1471 tempore
1370 1407 1547 1466 (sicce.
1575 1400 1773 1469 vn-xn)
1809 1415 1933 1453 num

374 1499 652 1551 victiinter
682 1512 738 1551 se
763 1510 951 1551 etcum
971 1494 1268 1548 victoribus
1290 1492 1758 1555 concreverint,an
1783 1505 1934 1544 suam

389 1590 618 1658 quisque
652 1590 873 1658 stirpem
902 1597 954 1640 et
983 1585 1243 1653 originem
1277 1584 1632 1649 tenuerint,id
1649 1596 1778 1636 vero
1803 1579 1940 1636 (11111-

2037 495 2168 564 imp.
2197 493 2470 563 patriam),
2502 495 2657 562 juxta
2684 490 2994 562 Strymonis
3019 488 3231 542 initittm
3269 487 3451 546 sitam,
3504 500 3609 539 non

2038 589 2338 642 excessisse
2385 599 2626 650 autumo,
2677 584 2801 639 coll.
2867 583 3117 636 Ansberti
3184 579 3495 634 narratione
3546 579 3614 632 de

2039 678 2320 733 Friderico
2351 679 2388 730 Ι.
2439 677 2618 731 Suevo
2678 676 2968 730 secundum
3001 675 3239 727 codicem
3287 671 3609 739 Pragensem

2040 769 2300 842 (Wilkeo,
2341 771 2673 838 Kreuzzitge,
2721 767 2830 822 vol.
2877 783 2950 831 tv,
3003 781 3055 833 p.
3095 765 3250 833 101):
3284 763 3612 826 Fridericus,

2041 864 2330 916 advocatus
2355 864 2418 914 de
2448 862 2612 930 Berge
2631 858 3012 929 (Philippopoli
3041 855 3426 923 commorans),
3459 856 3610 909 inva-

2050 956 2118 1008 sit
2169 955 2428 1022 regionem
2489 954 2836 1019 opulentam,
2891 951 3167 1003 Flachiam
3224 949 3418 1001 dictum
3453 987 3468 1012 ,
3512 963 3615 999 non

2043 1047 2264 1098 multum
2330 1062 2362 1098 a
2419 1044 2788 1098 Thessalonica
2872 1043 3201 1106 distantem,
3289 1050 3448 1105 εις..
3522 1039 3611 1091 tibi

2048 1135 2444 1190 Thessalonica:
2515 1134 2789 1202 provincia
2869 1132 3227 1200 signilicatur.
3279 1128 3612 1198 —Strategi

2050 1224 2346 1296 Strymonii
2410 1238 2533 1276 raro
2565 1211 2958 1284 memorantur,
3005 1221 3127 1274 coll.
3159 1219 3440 1273 Constant.
3478 1219 3614 1271 Por-

2047 1317 2398 1385 phyrogenito
2456 1313 2532 1366 De
2557 1313 2860 1367 cerimoniis
2914 1312 3056 1365 autw
3102 1311 3232 1380 Byz.
3284 1327 3342 1372 It,
3381 1309 3470 1362 52.
3500 1310 3615 1384 Λάτ-

2047 1407 2113 1461 de
2154 1404 2240 1460 lo.
2293 1405 2658 1460 Cameniatam
2687 1405 2740 1458 in
2785 1406 3095 1458 narratione
3147 1402 3618 1458 Thcssaloniceusi

2049 1515 2170 1568 cap.
2201 1499 2311 1554 2οε
2357 1498 2493 1551 Ὑπὸ
2517 1497 2609 1550 τὸν
2643 1495 2946 1567 στρατηγὸν
2968 1496 3296 1567 Στρυμόνος.
3325 1494 3458 1564 Cap.
3495 1493 3564 1547 59
3599 1510 3615 1547 :

2049 1591 2153 1645 Τδν
2185 1590 2494 1661 στρατηγὸν
2526 1589 2833 1659 Στρυμόνος
2862 1589 2938 1657 (in
2968 1587 3295 1656 Theophane
3335 1588 3623 1641 continua-

385 1683 486 1734 cite
524 1682 668 1733 dictu
721 1679 954 1732 videtur.
985 1677 1319 1744 Recuperata
1342 1676 1611 1739 libertate,
1644 1676 1786 1744 quod
1818 1682 1940 1743 post
1969 1734 2014 1752 η
2054 1694 2105 1736 to
2135 1699 2188 1752 p.
2219 1683 2345 1745 5M,
2373 1683 2477 1737 569
2499 1682 2586 1734 ed.
2620 1679 2840 1749 Bunn.).
2879 1681 3142 1734 Plurimos
3185 1680 3340 1748 hujus
3369 1679 3624 1734 thematis

380 1787 579 1824 annum
615 1769 750 1824 1185
805 1768 1068 1822 accidisse
1092 1775 1328 1830 constat,
1366 1765 1688 1838 Vlachprum
1714 1775 1938 1819 nostro-

374 1879 492 1917 rum
525 1859 781 1915 memoria
817 1858 889 1912 nil
919 1857 1255 1926 frequentius
1299 1857 1349 1909 in
1377 1855 1799 1925 Byznntinorutn
1845 1872 1942 1909 an-

375 1956 604 2016 nalibus,
633 1953 997 2018 maximopere
1025 1947 1244 2009 Nicetze,
1274 1964 1394 2001 cum
1413 1948 1788 2017 Bulgarurum,
1813 1949 1939 2002 olim

377 2050 944 2106 dominorum,nomen
968 2041 1134 2094 multo
1157 2040 1329 2093 rarius
1350 2039 1637 2106 audiatur;
1665 2042 1804 2094 unde
1821 2043 1946 2096 ista-

291 2118 298 2125 .
377 2155 495 2194 rum
527 2140 765 2206 gentium
790 2149 1015 2188 numero
1060 2124 1448 2188 validissimam
1476 2143 1585 2186 tum
1619 2133 1938 2190 Vlachoru...

377 2233 546 2288 luisse
569 2228 930 2282 existimabis.
978 2224 1016 2279 li
1073 2224 1310 2279 llmmum
1363 2227 1597 2278 maxime
1651 2226 1945 2284 incolentes

378 2322 621 2392 (Nicetas
651 2340 705 2392 p.
755 2320 881 2383 4’82,
907 2319 1011 2375 676
1063 2319 1151 2372 ed.
1196 2317 1414 2385 Bonn.),
1451 2335 1478 2371 a
1534 2318 1736 2374 Cra-cis
1769 2322 1944 2374 vexati

378 2414 484 2468 delt
498 2428 622 2467 cere
643 2414 661 2482 (
685 2411 802 2466 Nic.
831 2428 954 2480 pag.
975 2409 1083 2463 482
1108 2424 1222 2478 seq.
1244 2409 1282 2477 ),
1319 2411 1603 2476 aliquoties
1636 2419 1812 2464 tamen
1857 2409 1946 2463 fu-

377 2504 484 2572 gati
520 2503 659 2569 (Nic.
713 2502 845 2555 ibid.
879 2499 1083 2567 p.487,
1141 2497 1289 2566 515).
1341 2496 1544 2550 Nomen
1607 2513 1790 2552 eorum
1851 2513 1949 2567 pro

377 2597 622 2663 Bulgaris
651 2607 937 2648 occurrere
963 2591 1098 2644 solet
1118 2588 1257 2656 (Nic.
1287 2605 1337 2656 p.
1356 2588 1484 2654 490,
1510 2589 1632 2654 516,
1682 2591 1945 2657 568,572,

379 2686 659 2752 573,589,
713 2685 840 2748 610,
895 2684 1019 2747 617,
1064 2682 1190 2745 820,
1221 2680 1346 2744 852,
1398 2680 1547 2752 855).
1601 2683 1740 2736 Alibi
1807 2685 1948 2752 apud

378 2778 627 2832 eumdem
651 2793 772 2832 cum
794 2775 985 2845 Mysis,
1007 2772 1252 2842 Scythis,
1283 2770 1540 2826 Cumanis
1558 2785 1947 2838 memorantur,

380 2873 432 2926 id
460 2879 548 2926 est
583 2887 703 2924 cum
731 2869 988 2924 Cumanis
1025 2879 1079 2921 et
1113 2868 1354 2934 Bulgaris
1386 2867 1526 2939 (Nic.
1558 2884 1610 2937 p.
1641 2869 1768 2936 185,
1817 2871 1944 2936 520,

379 2963 504 3028 569,
544 2963 602 3016 8l
621 2963 668 3027 l,
689 2962 814 3027 837,
837 2960 954 3029 al.).
980 2959 1242 3029 Linguam
1278 2973 1462 3013 eorum
1489 2975 1593 3014 non
1624 2967 1951 3029 pratcrmit-

383 3057 446 3106 tit
482 3053 696 3108 Nicetas
717 3068 840 3121 pag.
867 3051 989 3104 617.
1021 3052 1104 3104 ΑΙ)
1155 3050 1343 3104 iisdem
1394 3050 1703 3107 Graecorum
1759 3053 1940 3106 odimn

382 3143 595 3211 Bulgari
631 3143 933 3196 didicerant
958 3141 1095 3211 (Nic.
1143 3156 1197 3209 p.
1231 3141 1380 3208 851).
1417 3141 1727 3212 Eorumque
1781 3143 1947 3199 duces

380 3233 754 3296 faniosissimi,
792 3233 1029 3289 Joannes
1070 3233 1256 3302 (lwan,
1308 3232 1556 3303 lbancus)
1593 3273 1609 3298 ,
1647 3235 1858 3287 Asanus
1893 3244 1949 3288 et

380 3325 642 3395 Chrysus,
671 3341 778 3380 non
803 3324 1016 3395 Bulgari
1047 3333 1224 3389 erant,
1257 3326 1349 3378 sed
1377 3322 1588 3388 Vlacbi,
1609 3325 1735 3379 coll.
1761 3325 1944 3381 Niceta

384 3433 491 3472 noo
525 3434 632 3472 uno
697 3426 902 3471 tantum
962 3417 1100 3471 loco.
1148 3415 1432 3470 Postremo
1467 3417 1700 3486 regionis
1735 3432 1951 3486 quoque

381 3509 523 3562 inter
547 3508 734 3576 Cpolin
752 3517 808 3561 et
833 3508 1070 3578 Bizyam,
1088 3507 1339 3561 Astorum
1361 3508 1493 3560 olim
1513 3507 1736 3577 regiam,
1761 3509 1948 3563 incola:

382 3599 570 3654 Vlacbi
596 3611 774 3664 erant,
809 3609 954 3653 teste.
970 3598 1203 3668 Georgio
1237 3589 1572 3668 Pachyinere
1590 3600 1949 3655 inAndronico

385 3691 709 3760 Pala'alogo,
739 3705 778 3754 t,
810 3689 878 3745 57
904 3689 1060 3760 (Opp.
1091 3691 1177 3744 ed.
1216 3689 1387 3745 Bono.
1421 3690 1525 3745 vol.
1562 3705 1624 3758 ll,
1660 3707 1711 3761 p.
1749 3692 1895 3762 106).

457 3782 653 3836 Verum
680 3783 793 3836 haec
821 3780 1100 3836 hactenus.
1127 3779 1303 3836 Minus
1331 3781 1474 3836 enim
1501 3767 1949 3852 ethnographiam

387 3875 596 3929 illarum
653 3882 918 3928 terrarum
991 3873 1294 3938 scribimus,
1331 3888 1491 3942 quam
1549 3874 1951 3944 geographiam.

386 3975 646 4037 quantum
678 3965 1078 4035 provinciarum
1106 3966 1319 4020 nomina
1345 3976 1400 4020 et
1420 3965 1616 4021 limites
1648 3976 1878 4038 spectat.

462 4056 694 4111 Tertium
722 4056 915 4120 thema,
963 4055 1229 4126 Strymon.
1269 4055 1529 4113 Brevitati
1555 4061 1668 4128 jam
1718 4063 1958 4116 studebi-

395 4160 502 4214 tur,
565 4150 742 4202 minus
774 4149 844 4201 ob
895 4148 1167 4201 scribendi
1228 4148 1467 4212 taedium,
1517 4164 1677 4217 quam
1741 4162 1957 4220 propter

393 4239 618 4293 loutium
669 4239 968 4306 penuriam,
1002 4237 1195 4304 quibus
1262 4245 1438 4289 tamen
1495 4237 1738 4292 Edrisius
1781 4241 1958 4296 Arabs

388 4333 498 4402 jam
529 4331 749 4383 accedat
776 4343 895 4384 cum
922 4327 1098 4382 Paetis
1131 4327 1448 4394 quibusdam
1471 4326 1700 4394 Latinis,
1731 4345 1954 4400 regnum

1969 1734 2017 1792 Β

2047 1776 2209 1829 urbes
2233 1790 2353 1828 cum
2387 1775 2497 1844 agri
2528 1782 2679 1842 parte
2699 1773 2920 1842 exposui
2952 1773 3004 1825 in
3051 1771 3148 1825 Via
3191 1771 3419 1838 Egnatia
3467 1771 3624 1825 Com-

2046 1874 2206 1918 ment.
2261 1881 2318 1930 it,
2382 1880 2504 1935 pag.
2537 1865 2696 1919 9-57.
2735 1864 2828 1918 His
2856 1864 3110 1929 verojam
3143 1880 3206 1916 cx
3241 1864 3451 1917 Edrisio
3478 1878 3626 1931 qua:-

2044 1961 2166 2014 dam
2195 1959 2478 2022 addantur,
2511 1959 2664 2013 bonae.
2702 1958 2871 2027 frugis
2923 1956 3109 2028 plena.
3145 1939 3213 2010 Ea
3267 1956 3623 2010 TlteSSanni-

2049 2065 2210 2106 cense
2265 2059 2319 2104 et
2363 2048 2734 2120 Strymonium
2792 2051 2972 2102 thema
3002 2056 3268 2117 spectant.
3318 2047 3626 2101 Celeberri-

2047 2156 2166 2196 mus
2215 2140 2378 2208 igitur
2435 2140 2608 2193 Arabs
2652 2139 2706 2192 in
2751 2137 3061 2192 Macedonia
3126 2137 3390 2205 superiori
3443 2135 3624 2206 (Dar-

2049 2233 2231 2301 dania)
2289 2248 2341 2300 p.
2403 2232 2517 2295 31,
2566 2229 2636 2284 52
2672 2269 2687 2294 ,
2759 2230 2829 2284 55
2886 2229 3044 2296 ltnjus
3094 2235 3385 2283 comment.
3445 2227 3624 2282 locum

2049 2324 2208 2377 habet
2263 2322 2470 2386 Cortos,
2537 2323 2587 2376 id
2641 2332 2725 2376 est
2781 2322 2969 2375 urbem
3024 2320 3206 2374 Coriia
3280 2319 3398 2389 ejus
3451 2318 3622 2386 privi-

2050 2415 2200 2484 legii,
2245 2415 2386 2483 quod
2442 2414 2664 2470 Venetis
2705 2414 2850 2468 dedit
2899 2413 3122 2468 Alexius
3155 2412 3245 2467 lll.
3271 2429 3320 2466 a.
3355 2411 3492 2466 1199
3525 2411 3623 2480 (b).

2049 2507 2248 2560 Ibidem
2285 2505 2522 2559 locorum
2552 2487 2812 2559 memorat
2843 2505 3033 2557 urbem
3060 2500 3329 2570 Rhagoria
3362 2500 3422 2572 (1.
3452 2499 3626 2569 Zago-

2050 2598 2130 2650 ria
2161 2596 2400 2665 ejusdem
2429 2594 2748 2665 privilegii):
2790 2594 3098 2662 ibidemque
3127 2592 3329 2646 Drama
3354 2591 3505 2654 urbs,
3532 2605 3625 2644 su-

2049 2705 2148 2760 pra
2179 2688 2471 2758 Philippos,
2495 2689 2733 2742 occurrit
2759 2689 2777 2758 (
2807 2687 2980 2742 Arabs
3011 2687 3149 2740 male
3178 2685 3365 2740 Rahna
3391 2683 3432 2758 ).
3461 2683 3628 2740 Hera-

2051 2782 2223 2836 cleam
2264 2779 2429 2850 Lynci
2461 2779 2862 2851 (Pelagoniam)
2905 2780 3029 2835 dicit
3056 2778 3246 2844 Tutili,
3271 2793 3365 2849 pro
3385 2787 3492 2847 quo
3510 2777 3626 2848 lege

2055 2873 2244 2938 Butili,
2270 2871 2620 2943 Bulgarorum
2656 2872 2857 2938 regiam
2883 2870 3199 2942 (Bitoliam),
3232 2869 3353 2924 coll.
3382 2869 3628 2924 Cedreno

2055 2965 2120 3018 ed
2139 2962 2309 3017 Bonu.
2343 2972 2382 3016 t.
2412 2978 2470 3025 tt.
2495 2977 2547 3031 p.
2567 2961 2902 3019 460.lbidem
2929 2962 3126 3032 legitur
3156 2960 3402 3014 Budiana
3425 2958 3623 3031 (Vadi-

1974 3085 2018 3144 α
2058 3053 2174 3125 na).
2228 3053 2428 3108 Deinde
2481 3069 2600 3124 pag.
2661 3053 2732 3109 52
2756 3054 2997 3108 occurrit
3027 3053 3159 3108 urbs
3190 3051 3442 3106 Malsuda
3498 3052 3628 3119 (imo

2054 3146 2321 3207 Halsuba,
2371 3145 2636 3216 privilegii
2691 3147 2842 3200 citati
2904 3144 3232 3215 Matesovo).
3268 3143 3332 3198 Et
3364 3160 3484 3214 pag.
3534 3143 3625 3206 56,

2060 3239 2235 3293 Arabs
2298 3237 2666 3291 Platamonem
2714 3236 2876 3291 habet
2913 3236 3224 3300 civitatem,
3281 3235 3432 3290 urbis
3460 3233 3632 3305 Lyco-

2057 3328 2239 3383 stomii
2294 3326 2490 3382 ﬂumen
2526 3326 2830 3397 (Peneum),
2880 3327 3087 3382 Citrqu
3113 3367 3127 3391 ,
3165 3325 3627 3390 Thessalonicam,

2061 3417 2380 3477 Readiuam,
2409 3415 2772 3484 Christopolin
2795 3415 2944 3485 (bis),
2971 3430 3000 3469 a
3031 3415 3350 3486 Chrysopoli
3373 3430 3492 3470 eam
3523 3413 3633 3469 dis-

2057 3522 2327 3574 cernens;
2361 3505 2634 3569 Cavalam,
2669 3522 2830 3576 quam
2855 3507 3038 3561 Calam
3063 3507 3216 3567 dicit.
3238 3522 3358 3560 eam
3393 3507 3459 3558 ab
3485 3513 3633 3556 utra-

2060 3614 2164 3669 que
2188 3597 2413 3668 (Christ.
2435 3605 2491 3651 et
2515 3596 2733 3664 Chrys.)
2753 3592 2922 3649 ut'nos
2946 3595 3342 3665 (Thessalonica
3364 3611 3485 3662 pag.
3503 3593 3630 3664 501)

2059 3693 2163 3745 rite
2194 3703 2470 3759 separatis.
2532 3685 2693 3741 Juxta
2747 3685 3025 3757 Philippos
3086 3696 3349 3740 memorat
3409 3685 3630 3738 ﬂuvium

2062 3781 2487 3851 Macropotamos
2515 3779 2535 3850 (
2566 3779 2604 3833 1.
2637 3777 3108 3848 Mavropotamos).
3146 3777 3427 3832 Postremo
3487 3774 3635 3829 Rhu-

2060 3877 2199 3932 sium
2235 3878 2530 3945 quoddam,
2567 3873 2748 3928 Thaso
2779 3871 2968 3926 i‘nsulm
2995 3869 3321 3940 oppositum,
3348 3885 3401 3939 p.
3433 3869 3503 3922 53
3536 3883 3632 3936 ag-

2060 3983 2285 4024 noscere
2309 3967 2552 4031 videtur;
2577 3968 2716 4019 unde
2733 3979 2858 4019 vera
2883 3976 3001 4016 esse
3019 3971 3239 4030 apparet
3263 3970 3441 4012 notam
3457 3956 3630 4011 Graeci

2052 4059 2337 4128 'cujusdam
2361 4055 2713 4124 marginalem
2748 4055 2814 4109 ad
2845 4053 3192 4108 Ptolemzenm
3219 4064 3398 4119 geogr.
3431 4063 3517 4109 ιιι,
3541 4047 3626 4101 11.
3733 4091 3742 4097 .

2133 4149 2390 4214 Quartum
2420 4149 2616 4211 thema,
2653 4144 3056 4200 Thessalonica.
3113 4141 3242 4210 Ejus
3278 4140 3416 4195 lines
3468 4143 3631 4194 modo

2063 4242 2316 4295 vidimus.
2354 4239 2523 4294 Erant
2565 4239 2822 4309 Strymon
2852 4255 2917 4292 ex
2941 4239 3171 4301 oriente,
3209 4233 3418 4290 Peneus
3444 4236 3514 4288 ab
3542 4249 3636 4288 oc-

2062 4332 2277 4386 cidente
2306 4346 2428 4385 cum
2454 4330 2696 4397 meridie,
2725 4341 2780 4384 et
2829 4331 3046 4396 quidem
3075 4345 3173 4400 per
3220 4327 3509 4382 maximam
3533 4323 3637 4380 aevi

391 4421 704 4476 Grzecorum
739 4417 1106 4487 spectantibus
1164 4416 1304 4470 inter
1351 4431 1524 4472 annos
1559 4419 1759 4474 Christi
1815 4421 1952 4478 1199
1986 4434 2029 4488 ι)
2060 4421 2219 4477 medii
2244 4420 2763 4491 partem.Proviucia
2791 4422 2926 4475 satis
2955 4435 3175 4489 magna,
3209 4420 3252 4473 si
3283 4418 3632 4474 Chalcidicen

390 4523 447 4566 et
473 4509 610 4564 1201
640 4527 656 4576 ;
690 4509 854 4563 multa
887 4521 1012 4561 vero
1035 4507 1086 4559 in
1114 4496 1556 4561 antecedentibus
1586 4519 1956 4580 praeoccupata

389 4602 566 4655 video.
598 4601 724 4670 Ejus
761 4598 1047 4668 proriucia:
1076 4597 1209 4652 lines
1263 4599 1403 4651 inter
1463 4596 1696 4653 Hebrum
1728 4609 1783 4655 et
1807 4602 1961 4674 Stry-

393 4709 607 4750 monem
651 4707 854 4761 quatro,
887 4691 1013 4745 licet
1045 4689 1207 4744 claris
1261 4689 1362 4744 hoc
1409 4691 1739 4760 scriptorum
1780 4696 1960 4749 verbis

391 4785 752 4854 signiﬁcatum
789 4798 893 4837 non
928 4783 1100 4837 video.
1125 4780 1201 4835 Illi
1235 4780 1380 4835 ﬂuvii
1417 4783 1678 4836 orientem
1704 4793 1759 4838 et
1807 4786 1958 4838 occi-

392 4877 606 4930 dentem
632 4890 754 4929 cutn
805 4875 1029 4928 meridie
1085 4883 1353 4943 spectant,
1396 4875 1717 4929 adversante
1757 4885 1956 4943 tamen,

392 4978 452 5023 ut
483 4969 711 5032 videtur,
745 4965 1046 5020 Muntaneri
1081 4963 1304 5034 Hispani
1345 4967 1590 5020 chronica
1625 4967 1768 5036 (cap.
1801 4967 1908 5022 250
1937 5008 1952 5035 ,

391 5059 514 5115 coll.
577 5073 730 5129 capp.
801 5057 926 5121 224,
992 5057 1120 5126 228)
1181 5072 1210 5110 e
1269 5059 1517 5111 versione
1567 5057 1625 5111 Β.
1659 5057 1950 5115 Buchoni:

391 5149 470 5206 La
486 5152 588 5204 cite
618 5153 682 5203 de
704 5147 1001 5202 Christoble
1045 5147 1261 5217 (Cavala
1285 5147 1327 5213 ‘1)
1358 5149 1446 5217 qui
1475 5159 1547 5200 est
1595 5149 1627 5203 ὰ
1655 5149 1861 5204 l'entrée
1879 5153 1950 5203 du

395 5259 643 5313 royaume
669 5242 732 5294 de
762 5239 1064 5310 Saloaiqne.
1088 5237 1249 5292 Fines
1287 5240 1576 5306 provincia:
1595 5241 1836 5295 boreales
1861 5255 1957 5311 pro

396 5345 697 5404 temporum
727 5334 932 5387 ratione
961 5333 1204 5386 diversos
1234 5330 1398 5385 fuisse
1427 5343 1580 5400 puto,
1613 5333 1771 5386 modo
1803 5333 1956 5385 latio-

399 5441 508 5486 res,
546 5428 702 5480 modo
735 5424 1094 5495 angustiores.
1144 5423 1354 5477 Smculo
1396 5437 1496 5486 xu,
1523 5437 1629 5492 quo
1680 5427 1953 5487 cruciatur,

398 5530 536 5591 quas
576 5519 779 5583 dicunt,
813 5517 1180 5588 expeditiones
1213 5515 1482 5586 vigebant,
1506 5529 1599 5569 eos
1639 5513 1822 5568 urbem
1857 5530 1954 5568 no-

2062 4527 2166 4566 non
2195 4512 2581 4582 praetermittas
2611 4529 2626 4578 ;
2658 4527 2779 4565 nam
2815 4513 2928 4565 haec
2963 4525 3177 4580 quoque
3201 4525 3326 4581 pars
3359 4509 3473 4578 ejus
3512 4508 3632 4563 luit.

2063 4601 2261 4656 Versus
2303 4602 2525 4656 boream
2585 4617 2709 4655 raro
2754 4599 2875 4654 Axii
2906 4600 3118 4654 alveum
3173 4598 3429 4664 medium,
3471 4599 3633 4652 etiam

2057 4694 2278 4748 Tzerme
2303 4692 2593 4763 (Erigonis)
2631 4692 2824 4748 vallem
2850 4705 3139 4762 superasse
3155 4705 3273 4746 eam
3297 4698 3445 4758 puto,
3489 4698 3638 4743 certe

2056 4797 2164 4838 non
2205 4793 2330 4837 ante
2381 4783 2678 4838 Manueletn
2730 4783 3069 4837 Comnennm
3130 4781 3314 4836 saeculi
3371 4797 3445 4834 xit
3483 4791 3636 4849 parte

2056 4875 2247 4930 altera.
2307 4873 2582 4942 Strategos
2619 4873 2740 4943 ejus
2772 4873 2938 4928 habes
2992 4874 3132 4942 apud
3166 4872 3501 4942 Porphyrog,
3535 4872 3631 4927 lib.

2059 4978 2114 5022 et
2147 4983 2268 5036 rap.
2312 4968 2407 5021 cit.
2441 4965 2785 5021 Uberiusboc
2801 4965 2981 5020 thema
3008 4964 3234 5019 tractavi
3263 4964 3316 5018 in
3347 4963 3639 5019 Thessalo-

2059 5059 2177 5113 nica
2209 5072 2346 5121 mea,
2393 5073 2551 5125 quam
2581 5057 2691 5112 adi.

2129 5149 2384 5214 Quintum
2437 5148 2630 5214 thema,
2667 5149 2873 5205 Hellas.
2901 5148 2958 5203 lu
3010 5149 3378 5205 describendis
3425 5147 3637 5219 Byzan-

2064 5240 2299 5295 tluarum
2327 5241 2726 5310 provinciarum
2764 5242 3028 5297 limitibus
3074 5241 3120 5296 si
3177 5243 3439 5296 terminos
3467 5238 3636 5307 majo-

2062 5350 2177 5388 rum
2208 5335 2577 5405 metropoleon
2625 5336 2872 5405 sequaris
2905 5336 3028 5404 (nec
3099 5333 3256 5390 video
3304 5348 3472 5404 quare
3532 5333 3639 5386 alia

2058 5440 2274 5495 semper
2322 5427 2407 5480 via
2466 5427 2677 5498 utaris),
2723 5429 2962 5482 ambitus
3010 5428 3166 5498 lutjus
3193 5425 3445 5482 thematis
3495 5422 3640 5476 facili

2060 5531 2222 5584 opera
2248 5517 2458 5573 deliniri
2496 5519 2712 5586 poterit.
2766 5515 3097 5574 Habebimus
3117 5518 3264 5578 enim
3297 5531 3390 5573 cos
3412 5515 3638 5570 Graecia

476 5705 547 5775 (b)
603 5702 788 5768 ὶιινίιι,
820 5700 957 5755 S:or.
1005 5705 1099 5758 civ.
1139 5721 1164 5756 e
1195 5701 1338 5758 colit.
1403 5700 1485 5756 del
1526 5701 1830 5762 commercio
1856 5699 1939 5756 dei
1978 5698 2275 5757 i'eneziani.
2313 5713 2349 5759 ι.
2391 5701 2480 5771 ill,
2512 5719 2564 5774 p.
2597 5703 2700 5758 510
2731 5703 2855 5758 3‘27.
