4044 6210
322 343 396 404 73

1412 352 1516 410 DE
1556 352 1900 414 THEMATI
1914 354 2057 413 BUS
2091 354 2478 415 ORI‘ENTIS.

3506 358 3575 421 7L

328 460 458 522 τοὺς
492 459 858 529 σταδιασμοὺς
912 461 1010 531 τῆς
1044 460 1170 532 ὅλης
1200 463 1526 534 οἰκουμένης
1589 467 1911 538 ἀπογραψά.

2022 470 2131 537 psit
2170 484 2183 520 :
2221 484 2400 539 neque
2450 469 2647 539 bcylax
2680 469 3111 541 Caryandenus:
3148 489 3323 545 neque
3382 476 3591 532 Pausa-

332 565 518 616 μενος,
563 546 690 600 ούτε
744 548 849 618 μὴν
883 548 1094 613 Σκύλαξ
1118 553 1145 603 6
1179 552 1582 624 Καρυανδηνὸς,
1613 554 1738 608 οὔτε
1768 558 1915 609 Παυ-

334 636 525 700 σανίας
561 637 670 707 (52)
698 638 725 689 ὀ
753 639 1136 709 Δαμασκηνὸς,
1166 638 1287 693 οὔτε
1328 641 1486 706 ἄλλος
1523 661 1606 708 τις
1634 644 1741 697 τῶν
1769 647 1913 698 ἱστο-

339 728 460 796 ρίας
492 728 865 798 γεγραφότων·
922 730 1020 782 καὶ
1055 732 1305 798 φαίνεται
1336 736 1580 806 νεωτέρα
1606 739 1639 804 ἡ
1689 736 1915 807 τοιαύτη

331 819 616 885 ὀνομασία·
657 818 779 872 οὔτε
812 819 921 889 γὰρ
954 822 1279 891 Προκόπιος,
1337 823 1460 877 οὔτε
1499 826 1604 896 μὴν
1632 827 1914 894 ’Δγαθίας,

329 907 453 961 οὔτε
489 909 960 979 Μένανδροςλῦὅ),
1011 909 1134 963 οὔτε
1183 912 1431 983 Ἥσύχιος
1487 917 1515 967 ὁ
1566 915 1916 987 ’ἰλλούστριος

331 998 738 1066 ἐμνημόνευσαν
761 1000 873 1069 (54)
909 1000 1001 1053 τού
1031 1001 1271 1054 τοιούτου
1310 1003 1594 1072 ὀνόματος,
1627 1006 1675 1057 οἱ
1698 1007 1768 1057 τά
1790 1022 1916 1075 χρο-

334 1090 464 1141 νικὰ
495 1090 855 1153 συντάξαντες
889 1092 983 1144 ἐπὶ
1035 1094 1133 1160 τῆς
1183 1095 1560 1148 Ἰουστινιανοῦ
1612 1095 1911 1165 βασιλείας.

331 1181 442 1249 Τὴν
466 1180 573 1250 γὰρ
615 1182 1013 1237 Καππαδοκίαν
1049 1186 1158 1254 (55)
1197 1188 1246 1238 οἱ
1276 1187 1494 1239 παλαιοὶ
1525 1188 1605 1250 εἰς
1642 1189 1769 1258 τρία
1821 1189 1912 1240 τέ-

334 1286 525 1338 μνουσι
564 1270 729 1340 μέρη·
758 1269 842 1334 εἴς
874 1289 933 1324 τε
975 1274 1283 1327 Καταονίαν
1316 1275 1453 1346 (56),
1482 1275 1580 1347 τὴν
1608 1277 1718 1331 ἀπὸ
1748 1278 1915 1331 Μελιο

329 1362 497 1431 τηνῆς
553 1363 882 1434 ἀρχομένην,
933 1365 1029 1418 καὶ
1068 1365 1167 1436 τὴν
1213 1367 1321 1419 ἀπὸ
1383 1369 1476 1420 τοῦ
1516 1369 1731 1439 Ταύρου
1767 1372 1914 1425 Ταυ-

333 1452 492 1523 ρικὴν
523 1453 946 1525 ὠνομασμένην,
1005 1457 1100 1508 καὶ
1149 1458 1318 1524 αὐτὴν
1347 1458 1446 1527 τὴν
1494 1460 1803 1528 μεσόγαιον,
1855 1464 1912 1513 ἐν

332 1538 366 1616 ᾖ
395 1547 702 1616 Καισάρεια
728 1548 761 1615 ή
794 1548 947 1609 πόλις
997 1547 1111 1615 (57)
1144 1549 1252 1600 τῶν
1286 1550 1673 1603 Καππαδοκῶν
1713 1554 1920 1623 μητρί-
1982 1574 1997 1579 π

331 1637 486 1701 πολις
529 1638 761 1708 ἵδρυται.
851 1638 1091 1692 Καλούσι
1136 1640 1191 1692 δὲ
1231 1642 1278 1693 οἱ
1316 1640 1536 1695 παλαιοὶ
1576 1643 1820 1713 μεγάλην
1857 1662 1916 1697 τε

334 1730 431 1780 καὶ
483 1729 685 1797 μικρὰν
736 1730 1150 1784 Καππαδοκίαν.
1216 1732 1476 1804 Μεγάλην
1504 1735 1604 1804 μὲν
1654 1735 1753 1805 τὴν
1809 1736 1919 1789 ἀπὸ

2024 560 2145 615 nias
2176 560 2576 615 Damascenus.
2628 560 2734 616 Sed
2768 578 2945 632 neque
2964 564 3105 619 alius
3171 568 3461 637 quisquam
3493 585 3589 623 eo-

2024 666 2144 705 rum
2185 651 2275 719 qui
2330 651 2614 705 historiam
2672 654 3035 722 scripserunt.
3106 656 3270 726 Atqui
3316 662 3590 714 recentiu-

2024 756 2138 795 rem
2174 755 2298 796 esse
2327 741 2469 795 hanc
2495 743 2917 813 appellationem
2970 762 3037 800 ex
3090 762 3157 801 eo
3183 749 3361 819 colligi
3389 762 3591 819 potest,

2022 835 2169 905 quod
2217 850 2395 903 neque
2435 833 2761 905 Procopius,
2812 851 2993 906 neque
3072 839 3356 907 Agathias,
3419 860 3594 912 neque

2024 927 2338 991 Menander,
2400 942 2579 994 neque
2649 926 2955 997 llesychius
3045 929 3354 999 lllustrius,
3431 935 3593 988 ullam

2023 1017 2188 1085 hujus
2229 1018 2467 1071 nominis
2504 1018 2834 1072 mentionem
2891 1017 3119 1081 faciant,
3185 1019 3311 1074 licet
3360 1023 3463 1092 ipsi
3511 1025 3597 1077 hi-

2023 1110 2250 1165 storiani
2294 1107 2610 1162 Iustiniano
2640 1110 2943 1177 imperante
2970 1113 3429 1179 conscripserint.
3457 1113 3597 1181 Cap-

2023 1202 2308 1271 padociam
2369 1202 2513 1255 enim
2546 1212 2757 1257 veteres
2819 1201 2871 1254 in
2908 1212 3019 1257 tres
3056 1213 3239 1271 partes
3272 1217 3593 1269 secuerunt,

2019 1294 2276 1349 videlicet
2338 1294 2390 1347 in
2440 1292 2786 1357 Cataoniam,
2831 1309 2953 1363 quae
2998 1309 3027 1347 a
3082 1295 3333 1350 Melitcna
3378 1299 3595 1353 initium

2021 1387 2243 1456 accipit,
2267 1396 2321 1441 et
2361 1390 2414 1440 in
2445 1401 2564 1439 eam
2609 1401 2732 1455 quae
2782 1400 2812 1439 a
2871 1386 3056 1440 Tauro
3121 1398 3301 1443 monte
3359 1388 3597 1444 Taurica

2021 1488 2404 1544 nuncupatur;
2464 1492 2677 1531 necnon
2706 1478 2759 1530 iu
2796 1478 3070 1548 regionem
3109 1480 3282 1549 ipsam
3335 1482 3597 1537 mediter-

2022 1582 2270 1630 raneam,
2311 1569 2376 1631 in;
2401 1583 2508 1635 qua
2549 1577 2603 1622 et
2631 1568 2879 1623 Czcsarea
2934 1571 3066 1625 urbs
3103 1583 3207 1637 est,
3234 1572 3597 1643 Cappadociae

2026 1657 2365 1725 metropolis.
2406 1655 2632 1711 Veteres
2693 1666 2872 1711 autem
2927 1661 3188 1728 majorem
3219 1672 3273 1715 et
3327 1663 3597 1719 minorem

2026 1747 2431 1815 Cappadociam
2486 1748 2802 1815 appellant;
2864 1764 2928 1802 ac
2979 1751 3235 1818 majorem
3285 1755 3504 1824 quidem
3562 1772 3596 1811 a

334 1820 676 1890 Καισαρείας
703 1839 761 1875 τε
820 1824 913 1876 καὶ
949 1822 1044 1877 τοῦ
1080 1825 1315 1896 Ταύρου,
1378 1826 1471 1880 καὶ
1504 1826 1607 1890 ἕως
1638 1828 1739 1896 τῆς
1782 1830 1911 1881 Πον-

2024 1840 2274 1893 Caesarea
2315 1848 2371 1894 et
2424 1839 2627 1904 Tauro,
2683 1844 2751 1895 ad
2811 1839 3101 1896 Ponticum
3171 1860 3324 1900 mare
3380 1863 3592 1916 usque;

333 1913 492 1981 τικῆς
532 1910 827 1985 θᾶλάσσης,
886 1917 955 1987 ἢν
1003 1918 1228 1989 διορίζει
1279 1920 1446 1981 ’Ἅλυς
1501 1921 1601 1989 μὲν
1664 1923 1913 1991 ποταμὸς

334 2003 399 2053 ὲκ
424 2002 667 2072 δυσμῶν,
685 2006 964 2075 Μελιτηνὴ
996 2008 1053 2060 δὲ
1083 2008 1142 2071 ἐξ
1171 2009 1465 2061 ἀνατολῶν.
1501 2010 1612 2062 Καὶ
1643 2010 1786 2080 α’ύτη
1818 2013 1916 2079 μὲν

340 2093 374 2159 ἡ
404 2093 615 2161 μεγάλη
644 2095 1029 2149 Καππαδοκία·
1058 2098 1374 2150 καὶτούτων
1401 2098 1608 2168 μάρτυς
1632 2101 1914 2167 Πολύϐιος.

334 2184 490 2252 ὁτὴν
563 2183 875 2257 Ῥωμαῖκὴν
943 2188 1183 2258 ἱστορίαν
1237 2188 1551 2261 γεγραφώς·
1612 2192 1670 2255 ὃς
1698 2194 1923 2267 διορίζει

330 2274 433 2342 τὴν
470 2275 866 2329 Καππαδοκίαν
913 2279 1021 2331 άπό
1063 2296 1122 2331 τε
1166 2281 1380 2350 Ταύρου
1438 2284 1531 2336 καὶ
1591 2286 1916 2352 Λυκαονίας,

331 2364 431 2416 καὶ
464 2363 568 2427 ἕως
600 2367 698 2435 τῆς
728 2367 1002 2436 Ποντικῆς
1038 2369 1326 2439 θαλάττης.
1406 2374 1515 2426 Καὶ
1559 2376 1697 2447 αύτὴ
1730 2377 1838 2447 γάρ
1884 2380 1916 2448 ἡ

326 2452 750 2525 Νεοκαισάρεια,
781 2458 815 2528 ἧ
856 2475 913 2511 τε
959 2459 1235 2514 Κολώνεια
1288 2462 1398 2530 (58)
1440 2464 1592 2534 καὶή
1639 2467 1917 2540 Μελιτηνὴ

331 2544 622 2614 σύμπασα,
647 2548 1011 2603 Καππαδοκία
1049 2550 1284 2619 λέγεται.
1353 2555 1506 2608 Ἐστι
1552 2557 1611 2610 δὲ
1651 2558 1712 2610 τὺ
1748 2559 1917 2629 ὄνομα

331 2633 620 2701 Περσικόν·
653 2634 868 2705 Πέρσης
902 2637 1011 2707 γάρ
1038 2655 1123 2701 τις
1161 2640 1301 2709 ἀνὴρ
1338 2642 1395 2693 ὲν
1426 2645 1673 2715 κυνηγίῳ
1711 2647 1912 2716 Ἀρτα-

333 2723 499 2795 ξέρξῃ
523 2726 599 2795 τῷ
634 2726 860 2796 βασιλεῖ,
892 2729 924 2800 ἢ
952 2731 1053 2783 οὐκ
1080 2726 1195 2784 οἶδα
1223 2733 1366 2802 άλλῳ
1404 2736 1532 2799 τίνι,
1561 2736 1699 2791 λέων
1725 2756 1901 2808 προσ-

334 2817 685 2887 απαντήσας,
718 2820 813 2873 τοῦ
860 2821 1031 2874 ἵππου
1060 2823 1157 2876 τοῦ
1189 2824 1456 2893 βασιλέως
1490 2826 1775 2897 ἐδράξατο·
1820 2833 1915 2905 κα).

333 2910 478 2962 κατὰ
513 2912 684 2979 τύχην
740 2913 985 2982 εὑρεθεὶς
1019 2916 1046 2966 6
1086 2916 1303 2986 Πέρσης
1358 2918 1416 2969 ὲν
1455 2919 1533 2989 τῷ
1585 2920 1680 2973 τοῦ
1748 2923 1914 2992 θηρὸς

338 3005 733 3071 συναντήματι,
765 3004 857 3056 τὸν
906 3005 1176 3076 ἀκινάκην
1217 3010 1588 3079 σπασάμενος,
1645 3013 1916 3083 ὲρῤύσατο

335 3094 425 3144 τὶν
485 3092 707 3161 βασιλέα
764 3098 915 3166 παρὰ
974 3099 1171 3168 μικρὸν
1224 3102 1622 3167 κινδυνεύοντα,
1680 3104 1775 3157 κα)⁸
1826 3105 1917 3158 τὸν

2017 1946 2179 1999 quam
2213 1933 2471 1985 terminat
2506 1930 2672 2001 llalys
2700 1935 2919 2001 quidem
2988 1934 3187 1990 ﬂuvius
3224 1936 3294 1991 ab
3347 1937 3596 2003 Occasu,

2020 2022 2274 2079 Melitene
2315 2039 2443 2079 vero
2473 2025 2542 2078 ab
2598 2023 2841 2080 Oriente.
2879 2027 3057 2096 Atque
3088 2026 3201 2082 lure
3255 2030 3479 2098 quidem
3512 2041 3600 2087 est

2025 2116 2197 2184 major
2256 2116 2617 2185 Cappadocia.
2680 2127 2737 2172 ut
2814 2128 3052 2173 testatur
3124 2119 3406 2191 Polybius,
3501 2123 3599 2193 qui

2027 2203 2329 2258 Romanam
2369 2205 2657 2259 historiam
2706 2208 2961 2277 scripsit;
3016 2210 3109 2279 qui
3142 2211 3365 2280 quidem
3408 2214 3600 2267 termi-

2028 2302 2121 2349 nat
2147 2294 2551 2365 Cappadociam
2594 2312 2623 2350 a
2649 2296 2829 2352 Tauro
2859 2308 2911 2353 et
2944 2300 3238 2370 Lycaonia,
3276 2303 3344 2358 ad
3400 2303 3598 2359 Ponti-

2025 2401 2149 2441 cum
2194 2401 2345 2440 mare
2385 2401 2596 2456 usque;
2626 2388 2741 2456 ipsa
2798 2390 3066 2459 siquidem
3148 2395 3487 2451 Neoca-saria
3545 2406 3603 2451 et

2023 2477 2284 2540 Colonea,
2311 2484 2366 2531 et
2398 2476 2650 2532 Melitene
2680 2480 2958 2546 universa,
2988 2482 3331 2552 Cappadocia
3355 2487 3600 2555 appella-

2026 2578 2135 2621 tur.
2188 2567 2284 2622 Est
2317 2582 2446 2622 vero
2485 2583 2681 2621 nomen
2730 2567 3016 2623 Persicum
3041 2586 3205 2634 ;nam
3246 2588 3371 2627 cum
3403 2575 3460 2643 6
3503 2576 3603 2628 Ar-

2027 2657 2236 2711 taxerxi
2295 2660 2431 2726 regi,
2494 2667 2585 2710 aut
2649 2661 2840 2712 nescio
2878 2674 2947 2713 an
3011 2660 3169 2715 alteri
3214 2662 3457 2730 cuidam,
3515 2664 3601 2720 leo

2027 2750 2172 2804 inter
2202 2749 2515 2804 venandum
2559 2752 2919 2815 occurrisset,
2976 2753 3212 2822 ejusque
3263 2770 3464 2824 equum
3514 2758 3601 2811 iu-

2024 2838 2278 2901 vasisset,
2323 2838 2541 2892 oblatus
2587 2854 2720 2892 casu
2768 2838 2933 2895 Persa
2964 2839 3185 2909 quidam
3216 2842 3269 2895 in
3298 2840 3402 2895 hoc
3426 2842 3600 2897 leonis

2024 2941 2284 2991 occursu,
2320 2929 2514 2983 stricto
2543 2929 2790 2993 acinace,
2848 2945 3026 2999 regem
3083 2930 3152 2985 de
3198 2931 3306 2985 vita
3373 2932 3601 3000 pericli-

2026 3026 2230 3073 tantem
2256 3019 2531 3083 liberavit,
2588 3029 2643 3073 et
2665 3020 2876 3075 leonem
2913 3021 3211 3077 interfecit.
3253 3022 3352 3077 Hic
3412 3023 3598 3092 itaque

2026 3109 2192 3165 Persa
2212 3126 2337 3165 cum
2366 3112 2694 3166 altissimum
2736 3114 3023 3181 quemdam
3061 3121 3299 3168 montem
3330 3129 3601 3169 conscen-

337 3181 524 3235 λέοντα
556 3183 918 3240 ἐθανάτωσεν.
975 3180 1145 3252 Οὗτος
1198 3186 1290 3243 οὖν
1322 3191 1350 3242 6
1390 3193 1609 3262 Πέρσης
1638 3194 1729 3246 ἐπί
1772 3211 1911 3259 τινος

2026 3202 2226 3268 disset,
2260 3203 2686 3275 universaaique
2706 3207 3008 3276 regionem,
3030 3207 3213 3276 quoad
3274 3207 3599 3275 longissime

337 3276 494 3346 ὅρους
525 3277 862 3349 ὑψηλοτάτου
890 3281 1122 3350 ἀναϐὰς,
1154 3284 1247 3338 καὶ
1280 3287 1461 3339 πᾶσαν
1492 3287 1592 3358 τὴν
1623 3288 1728 3357 γῆν
1758 3306 1919 3359 περι-

338 3372 662 3438 σκοπήσας,
702 3373 834 3443 ὅσην
879 3374 1157 3446 ὀφθαλμὸς
1204 3378 1544 3449 ἀνθρώπινος
1595 3382 1917 3451 περιϐλέπει

2026 3294 2249 3348 humani
2280 3294 2423 3348 oculi
2470 3296 2620 3350 acies
2661 3297 2973 3365 pertingere
2999 3307 3206 3364 posset,
3270 3297 3598 3366 circumspi-

2019 3389 2195 3449 ciens,
2249 3395 2357 3439 tam
2419 3387 2686 3442 orientem
2741 3397 2796 3443 et
2852 3386 3393 3458 occidentem,quam
3426 3388 3597 3442 meri-

1482 3514 1784 3571 ANSELMI
1817 3515 2143 3574 BANDURII
2173 3517 2404 3575 NOTAE.

333 3637 636 3712 rogcuitus,
688 3637 830 3712 idem
864 3653 995 3712 sane
1015 3650 1099 3695 est
1126 3641 1216 3708 qui
1242 3639 1633 3712 Pergamenus,
1672 3643 1907 3698 celebris

326 3707 425 3763 ille
464 3707 843 3781 Geograplius,
863 3710 1023 3781 cujus
1050 3707 1258 3764 mentio
1280 3707 1527 3781 occurrit
1555 3712 1621 3781 in
1655 3712 1905 3781 Epitome

330 3776 943 3846 Δτιιιιιιὶιιοτὶᾙριιρεὶἱς
975 3795 1096 3846 quae
1128 3795 1251 3833 cum
1280 3780 1557 3834 Marciano
1586 3776 1907 3835 Heracleota

327 3847 480 3900 edita
522 3854 626 3915 e_sl.
679 3844 911 3913 Mehippi
965 3844 1129 3914 huius
1164 3850 1427 3915 peripluin
1453 3849 1563 3900 τῶν
1584 3849 1677 3900 δύο
1696 3854 1908 3901 πάντων

328 3918 487 3984 citat,
519 3913 845 3984 Stephanus
872 3917 925 3966 in
966 3913 1354 3984 Ἑρμώνασσα,
1394 3918 1662 3977 Χαδίσιοι,
1689 3928 1744 3969 et
1759 3918 1909 3968 Χαλ-

328 3985 441 4036 δία.
478 3980 643 4036 ldeur
678 3980 990 4052 Stephanus
1023 3980 1147 4049 ejus
1177 3986 1445 4051 peripluin
1498 3984 1766 4052 Bithynia:
1814 3986 1912 4037 ad-

328 4062 489 4108 vocat
541 4053 593 4105 in
648 4052 946 4119 Χαλκηδών
988 4069 1001 4081 ·
1038 4054 1166 4104 item
1201 4052 1472 4121 periplum
1531 4051 1918 4123 Paphlagoniae

331 4124 386 4175 in
422 4122 567 4183 Τίος.
614 4124 790 4193 Atque
835 4122 1241 4193 itleinperiplus
1268 4123 1597 4189 signaturin
1653 4122 1911 4193 Ἀρμένη,

326 4195 532 4260 quippe
564 4207 687 4259 quae.
732 4192 887 4261 ricus
922 4191 1306 4261 Paphlagonia:
1354 4207 1475 4246 esse
1495 4191 1915 4247 dicaturIVid‘e

333 4259 400 4316 de
425 4259 691 4330 Menippis
732 4259 1018 4316 Vossium.

403 4334 513 4401 (5‘2)
546 4330 635 4383 Sic
668 4348 768 4385 ms.
803 4330 857 4385 In
891 4331 1052 4387 editis
1120 4332 1241 4386 haec
1299 4331 1633 4401 transposita
1694 4347 1758 4387 ac
1825 4332 1912 4387 iii-

333 4417 490 4457 versa
527 4401 813 4454 habentur.

2078 3644 2193 3715 (55)
2246 3645 2648 3715 Cappadociam
2680 3646 2937 3715 pluribus
2982 3647 3241 3703 laudibus
3272 3656 3453 3704 ornat
3493 3647 3595 3703 Ju-

2006 3715 2280 3787 stiuianus
2316 3717 2611 3785 imperator
2646 3715 2857 3787 Novell.
2883 3717 2932 3783 λ,
2958 3729 3124 3787 atque
3171 3719 3316 3773 inter
3345 3719 3450 3771 alia
3492 3723 3590 3773 ait:

2008 3784 2085 3858 Γῆ
2114 3802 2171 3836 τε
2207 3784 2522 3858 αύτοίςςὲστι
2548 3786 2712 3858 πολλή
2735 3804 2792 3838 τε
2827 3788 2925 3839 καὶ
2954 3784 3271 3858 θαυμαστὴ,
3290 3790 3385 3841 καὶ
3418 3788 3596 3850 οὕτως

2007 3854 2255 3925 ᾴρέσασα
2276 3858 2343 3925 τῇ
2380 3854 2649 3925 βασιλείᾳ,
2681 3854 2755 3925 ὡς
2786 3858 2878 3907 καὶ
2906 3854 3078 3925 ἀρχὴν
3145 3854 3437 3924 ἐπιστῆσαι
3476 3862 3597 3919 ταῖς

2010 3922 2473 3993 ὲκείσεμκτήσεσιν
2494 3922 2650 3993 ἰδίειν,
2681 3923 2782 3987 τῆς
2809 3922 3087 3993 πολιτικῆς
3120 3926 3291 3993 ἀρχῆς
3314 3922 3415 3978 οὐκ
3441 3926 3598 3979 ἐλάτ-

2010 4003 2111 4046 τω,
2148 3987 2347 4053 μᾶλλον
2383 3991 2481 4055 μὲν
2519 3987 2611 4039 οὖν
2641 3993 2738 4041 καὶ
2793 3991 2986 4054 μείζω.

2098 4057 2212 4130 (55)
2250 4056 2621 4130 De._Ca_laonia
2667 4056 2950 4130 _videudus
2994 4066 3190 4126 printer
3241 4058 3596 4130 GeOgraphos

2029 4124 2287 4179 )Einilius
2320 4126 2534 4180 Probus
2569 4128 2619 4178 in
2654 4127 2965 4182 Datamene.

2092 4196 2207 4267 (57)
2259 4195 2609 4250 Justiuiauus
2644 4199 2943 4265 imperator
2967 4198 3128 4266 paulo
3148 4199 3401 4267 superius
3419 4200 3589 4256 citata

2023 4265 2247 4321 Novella
2288 4267 2611 4335 praeclarum
2642 4268 2768 4319 huic
2792 4269 2909 4321 urbi
2939 4265 3179 4322 simulet
3219 4265 3423 4323 Czesari
3467 4272 3592 4324 elo-

2024 4338 2174 4410 giuni
2203 4337 2400 4410 tribuit
2419 4352 2431 4385 :
2461 4336 2998 4410 Πολυανθρωποτάτη
3034 4354 3091 4389 τε
3119 4340 3225 4410 γάρ
3255 4340 3584 4410 καθέστηκε,

2026 4408 2219 4479 inquit.
2261 4407 2328 4461 de
2362 4406 2713 4479 Cappadocia
2746 4406 2999 4479 loquens,
3039 4411 3132 4460 καὶ
3184 4406 3337 4462 πόλιν
3368 4428 3426 4462 τε
3452 4406 3595 4479 παρ-

405 4473 519 4550 (55)
565 4474 633 4521 At
688 4472 981 4561 pienander
1012 4474 1119 4555 iste
1175 4484 1455 4561 protector
1486 4494 1591 4559 non
1647 4475 1751 4561 sub
1798 4473 1899 4529 Ju-

2020 4465 2197 4561 έχεξεαι
2259 4465 2673 4561 μεγίστηνῶτὴν
2697 4476 2791 4561 τοῦ
2820 4465 3093 4561 ἱριλτάῖτοιί
3108 4479 3412 4561 ¹Καίσαρες
3454 4465 3591 4561 pii:

339 4544 576 4594 stiniano
609 4543 700 4595 sed
733 4544 839 4616 sub
871 4545 1141 4616 Mauricio
1176 4543 1377 4608 ﬂoruit,
1427 4556 1484 4601 ut
1541 4549 1659 4616 ipse
1709 4546 1778 4599 de
1838 4561 1899 4599 se

338 4622 571 4665 testatur
623 4613 765 4686 apud
810 4614 1067 4686 Suidam;
1113 4625 1299 4667 narrat
1332 4618 1534 4686 quippe
1564 4613 1736 4686 inter
1793 4631 1899 4686 cae:

338 4691 478 4742 tera,
513 4684 785 4747 quomodo
842 4684 1015 4752 prius,
1072 4700 1178 4736 non
1241 4683 1446 4739 fratris
1469 4683 1572 4741 'sui
1635 4683 1898 4738 Herodoti

334 4752 606 4824 exemplo,
646 4752 856 4824 legibus
919 4768 1141 4820 operam
1195 4754 1427 4821 dederit,
1482 4766 1534 4811 et
1568 4755 1899 4824 eloquentia:

334 4823 787 4892 deditusregiam
838 4826 1109 4891 porticum
1144 4824 1505 4892 frequentauit
1540 4843 1554 4891 ;
1585 4823 1899 4880 sedamarit

335 4890 611 4961 equestria
644 4890 965 4953 certamina,
1010 4890 1470 4961 pantomimorum
1529 4896 1849 4949 saltationes
1883 4934 1898 4959 ,

335 4976 398 5012 ac
424 4960 753 5033 palzestras,_
780 4960 1095 5031 similesque
1136 4978 1330 5033 nugas,
1388 4966 1562 5018 donec
1609 4964 1903 5017 Mauricius

337 5029 673 5101 suscepisset
744 5029 1033 5096 imperium
1073 5048 1086 5082 :
1131 5029 1241 5085 tum
1311 5050 1371 5088 se
1432 5048 1618 5087 amore
1679 5044 1901 5101 captum

336 5096 610 5152 Musarum
640 5117 653 5163 ;
693 5109 1075 5169 poemataque,
1100 5116 1149 5155 et
1171 5104 1432 5158 historias
1451 5104 1674 5157 audisse
1709 5096 1899 5166 aride;

338 5184 588 5237 magnam
623 5172 786 5222 etiam
828 5182 1005 5225 noctis
1035 5182 1242 5239 partem
1275 5174 1342 5225 iis
1373 5174 1706 5241 impendisse
1734 5190 1748 5236 ;
1782 5172 1901 5224 ani-

339 5254 485 5289 mum
528 5252 748 5306 quoque
800 5243 1076 5307 appulisse
1106 5244 1171 5294 ad
1198 5242 1547 5296 scribendam
1585 5241 1896 5303 his‘toriam,

335 5322 567 5381 eamque
620 5324 939 5381 aggressum
1003 5313 1070 5363 ah
1111 5312 1554 5381 ohituAgathize.
1618 5309 1905 5381 VideSui-

335 5376 457 5449 dum
497 5379 753 5449 iuret-ho
823 5379 1152 5449 Μένανδρος.
1218 5376 1489 5436 Caeterum
1544 5396 1611 5435 ex
1672 5380 1903 5447 hujusce

337 5446 615 5520 Menandri
655 5448 885 5520 historia
944 5446 1219 5503 lucuhuta
1279 5454 1444 5506 habes
1480 5446 1785 5520 fragmenta
1844 5451 1901 5503 in

338 5517 671 5588 legationum
700 5518 951 5588 Eclogis;
1008 5536 1149 5587 quas
1180 5520 1387 5575 eMSS.
1441 5517 1741 5575 Codi'cibus
1789 5520 1902 5588 pri-

336 5599 458 5638 mus
514 5586 903 5663 edidirliarid
965 5586 1309 5646 llteselielius
1360 5597 1621 5663 Augustae
1685 5586 1902 5644 Vindel.

334 5669 479 5708 anno
508 5656 713 5710 Christi
754 5657 912 5711 1605.

405 5725 515 5795 (54)
549 5725 638 5779 Sic
676 5744 779 5780 ms.
832 5727 1124 5797 Perperain
1181 5731 1233 5783 in
1300 5732 1461 5787 editis
1509 5731 1902 5803 ἐμνημόνευσε.

650 5820 922 5883 ΡΑτιιοι..
955 5824 1071 5884 (in.
1110 5824 1332 5886 CXlll.

2010 4547 2319 4618 ἐπώνυμον,
2350 4547 2460 4618 τοῦ⁸
2510 4547 2693 4610 δόντος
2744 4549 2919 4618 ἀρχὴν
2954 4548 3166 4615 ἀγαθὴν
3198 4552 3258 4618 τῇ

2014 4565 2319 4615 επωνυμον,
2350 4565 2447 4599 του
2510 4565 2693 4610 οοντος
2744 4565 2919 4618 αρχην
2954 4565 3166 4615 αγαυην
3198 4565 3268 4671 τη,
3293 4565 3411 4602 καθ’
3444 4565 3593 4619 ημας

2014 4615 2315 4687 μοναρχίᾳ.
2338 4618 2415 4667 Δι’
2440 4616 2497 4669 ὃν
2519 4618 2576 4668 ὲν
2606 4618 2776 4671 ἅπασι
2804 4620 2913 4680 τοῖς
2944 4618 3043 4686 τῆς
3070 4622 3170 4687 γῆς
3212 4619 3237 4669 ἐ
3275 4637 3422 4673 νεσιν
3446 4623 3593 4687 -ὀνο-

2015 4686 2387 4760 μαστὸτατόνω
2408 4688 2526 4760 ἐστι
2549 4687 2624 4760 τὸΔ
2641 4685 3044 4760 τοῦ-Καίσαρος
3069 4685 3259 4760 δνομα,
3312 4693 3407 4743 καὶ
3435 4685 3592 4760 ᾧπερ

2011 4737 2172 4824 ἦμεῖς
2198 4753 2314 4827 ἀντ’
2330 4737 2499 4827 κᾶλλου
3301 4737 3594 4826 ἀῖὶιέσξλῶῑ

2012 4840 2069 4899 σε
2080 4826 2410 4899 μνυνόλμεθα.
2442 4825 2594 4899 Hauc
2610 4825 2909 4888 civitatem,
2931 4825 3061 4899 μίαν
3081 4828 3179 4895 μὲν
3203 4828 3278 4897 τῷ
3291 4825 3589 4899 περιϐόλῳ,

2011 4893 2205 4967 διπλῆν
2231 4894 2287 4946 δὲ
2318 4898 2440 4967 ταῖς
2471 4894 2739 4963 γνώμαις,
2776 4893 2941 4963 atque
2966 4893 3104 4967 adeo
3140 4893 3309 4967 totam
3367 4893 3589 4967 Cappa—

2011 4962 2250 5025 dociam,
2269 4965 2373 5019 sub
2399 4981 2567 5017 unum
2587 4962 2964 5033 proconsulem
2985 4966 3193 5035 redegit
3215 4962 3588 5032 .Iustiuiaii’us;

2015 5048 2182 5099 penes
2226 5050 2388 5101 quem
2452 5044 2599 5088 esset
2656 5043 2896 5102 potestas
2947 5036 3054 5087 τῶν
3111 5037 3428 5101 πολιτικῶν,
3482 5038 3591 5090 τῶν

2015 5104 2445 5170 στρατιωτικῶν,
2499 5104 2729 5176 καὶτῶν
2804 5104 3146 5172 ταμειακῶν,
3195 5123 3443 5176 (ιυυι-ιιιιι,
3473 5108 3592 5159 olli-

2013 5174 2231 5225 ciorum
2294 5176 2581 5227 distractio
2614 5174 2932 5241 frequentes
2974 5185 3137 5230 antea
3207 5174 3589 5230 dissensiones

2013 5243 2311 5296 excitabat.
2347 5244 2438 5297 Sic
2476 5244 2774 5298 Vulcanius
2799 5246 2851 5298 in
2888 5244 3043 5300 Notis
3075 5247 3140 5299 ad
3171 5248 3423 5300 eumdem
3449 5245 3589 5298 Por-

2014 5313 2354 5381 phyrogeniti
2400 5316 2597 5368 locum.

2085 5383 2195 5450 (58)
2229 5382 2557 5455 DeColonea
2595 5384 2840 5452 loquitur
2870 5383 3384 5455 Porphyrogenitus
3428 5382 3585 5455 infra

2013 5452 2249 5507 themate
2290 5453 2537 5516 decimo;
2567 5455 2656 5508 ubi
2695 5459 2793 5516 ait,
2849 5460 2915 5507 ab
2974 5452 3075 5507 hoc
3108 5452 3292 5507 castro
3350 5452 3585 5508 inditum

2016 5521 2241 5575 themati
2277 5540 2497 5578 nomen.
2556 5522 2689 5577 Vide
2752 5526 3043 5593 Scylitzem
3082 5538 3134 5591 p.
3188 5522 3311 5576 8H.
3370 5523 3585 5579 Taxara

2013 5606 2146 5662 vero
2194 5594 2541 5662 postmodum
2593 5594 2925 5661 appellatum
2963 5593 3134 5648 fuisse
3166 5594 3333 5648 tradit
3364 5593 3584 5650 Nicetas

2014 5661 2068 5713 in
2104 5660 2370 5731 Maiiuele,
2405 5664 2500 5718 lib.
2538 5679 2576 5727 ι,
2629 5660 2781 5715 num.
2818 5662 2874 5713 ‘2.

3293 4549 3412 4602 καθ’
3444 4549 3595 4619 ἡμᾶς

3229 5828 3268 5885 3

3618 4717 3629 4827 l
