4044 6210
505 299 580 363 95
1461 299 1968 360 CONS’I‘ANTINI
2006 301 2089 359 PO

2192 302 2462 362 ’HYROG
2472 301 2687 361 ΕΝΙΤῐ
3693 300 3770 362 96·

509 411 780 481 praeclarii
815 410 1195 481 imperatoris;
1235 417 1393 464 antea
1426 412 1572 465 enim
1611 426 1780 466 vacua
1813 411 1882 466 ab
1923 412 2076 465 ineo-

2192 430 2286 464 nov
2316 413 2544 475 Λέοντος
2575 411 2668 464 τοῦ
2692 411 2936 479 ἀοιδίμου
2971 409 3254 479 βασιλέως.
3280 410 3528 480 Ἐρημος
3562 412 3670 481 γὰρ
3696 409 3764 484 ἦν

511 503 580 556 lis
609 512 661 556 et
693 503 994 557 inhabitata
1032 514 1172 566 erat,
1208 511 1314 556 tam
1367 503 1484 572 ipsa
1520 519 1683 573 quam
1707 505 2076 565 Tzamandus,

2192 502 2240 554 τὸ
2261 503 2528 571 πρότερον
2564 502 2658 554 καὶ
2681 501 2956 570 ἀοίκητος,
2986 499 3212 568 κάκείνη
3245 499 3339 552 xui
3383 500 3415 568 ἠ
3453 499 3763 570 καλουμένη

510 599 565 645 et
595 593 848 646 universa
886 591 1154 646 Armenia:
1194 591 1421 645 finitima
1461 594 1646 662 regio;
1689 607 1863 662 neque
1888 606 2079 645 eorum

2192 592 2518 661 Γζαμανδὸς,
2555 595 2650 644 xui
2685 593 2750 644 τὰ
2785 589 3280 660 συμπαρακείμενα
3317 590 3459 660 μέρη
3485 589 3594 642 τῶν
3635 591 3766 659 Ἀρ-

509 700 706 738 nomen
760 684 869 737 ullo
918 684 970 736 in
1031 686 1202 753 pretio
1255 692 1348 737 aut
1389 700 1618 739 numero
1664 694 1802 739 erat.
1854 684 2080 754 Magnus

2192 684 2407 754 μενίων·
2437 684 2531 737 xui
2566 683 2666 736 οὐκ
2690 678 2757 752 ἦν
2781 682 2951 751 ὄνομα
2980 681 3180 746 αὐτῶν,
3203 682 3328 734 οὔτε
3364 684 3422 735 ὲν
3443 681 3609 751 λόγῳ,
3643 682 3768 736 οὔτε

506 789 638 828 vero
689 773 796 837 ille,
839 781 895 828 et
924 772 1387 842 giganti‘similis,
1427 779 1741 839 Armenius,
1773 777 2083 846 Angurines

2192 773 2492 844 ἑνὰριθμῷ.
2517 775 2644 826 Ὅτε
2670 773 2726 825 δὲ
2775 773 2802 823 6
2846 773 3017 842 μέγας
3047 775 3253 835 ἐκεῖνος
3275 774 3369 825 xui
3394 774 3770 844 γιγαντοειδὴς

508 866 818 920 Larcastrire
865 882 1056 934 gener,
1092 867 1440 935 longimanus
1472 868 1583 931 ille,
1631 878 1681 921 et
1715 868 2080 930 amhidcxter,

510 971 672 1024 quem
705 955 1084 1010 Armeniorum
1127 957 1307 1026 lingua
1344 958 1574 1011 Azotnm
1611 968 1917 1012 vocarunt:
1968 959 2080 1018 ille.

511 1047 758 1116 inquam,
787 1062 908 1101 cum
943 1047 1008 1100 ad
1049 1047 1282 1103 Leonem
1331 1049 1480 1101 illum
1529 1049 1798 1104 celebrem
1848 1050 2084 1118 impera-

512 1147 684 1192 torem
731 1141 990 1206 venisset,
1025 1141 1140 1194 sive
1176 1148 1235 1194 ut
1275 1141 1560 1212 profugus,
1595 1143 1712 1197 sive
1746 1151 1804 1196 ut
1849 1143 2082 1208 amicus,

514 1247 621 1284 non
666 1238 798 1284 satis
850 1232 1000 1295 scio,
1051 1231 1312 1286 famulum
1371 1234 1557 1287 habuit
1612 1235 1878 1289 celebrem
1934 1236 2083 1289 illum

512 1321 751 1384 Meliam,
789 1323 879 1391 qui
917 1338 1022 1376 non
1058 1325 1130 1377 ita
1180 1323 1389 1392 pridem
1436 1340 1466 1378 e
1511 1325 1649 1380 vivis
1671 1324 1942 1390 decessit;
1993 1325 2084 1395 qui

514 1414 679 1467 etiam
713 1429 836 1468 cum
887 1415 1076 1468 eodem
1128 1418 1462 1485 imperatore
1509 1419 1912 1488 expeditionem
1961 1419 2088 1474 fecit

514 1505 720 1560 infelici
746 1506 837 1559 illo
865 1508 1070 1574 praelio,
1102 1508 1358 1562 nimirum
1388 1511 1704 1580 Bulgarico.
1733 1510 1867 1565 Cum
1906 1513 2088 1580 itaque

515 1598 569 1651 in
605 1597 862 1666 prmdicto
896 1600 1103 1668 praelia,
1147 1601 1288 1669 quod
1327 1618 1450 1655 cum
1489 1603 1815 1672 impiissimo
1863 1603 1956 1658 illo
1986 1603 2088 1675 Sy-

515 1704 707 1744 meone
732 1689 966 1759 Bulgaro
992 1693 1346 1747 commissum
1372 1693 1570 1758 fuerat,
1596 1695 1917 1764 proﬂigatus
1946 1705 2090 1751 esset

519 1780 847 1847 Armenius;
876 1782 1013 1852 (erat
1042 1784 1186 1836 enim
1232 1783 1520 1852 praefectus
1557 1785 1892 1855 imperatorii
1917 1787 2088 1856 agmi-

514 1871 641 1936 nis,
686 1873 831 1940 quod
883 1875 1263 1928 excubitorum
1329 1875 1583 1943 dicitur;)
1645 1877 1697 1930 in
1761 1893 1870 1946 quo
1923 1879 2085 1933 etiam

515 1961 858 2019 Theodosius
900 1965 1358 2034 protovestiarius
1391 1967 1637 2036 praeclari
1670 1969 1816 2025 illius
1847 1971 2088 2039 impera-

514 2053 673 2118 toris,
721 2054 1089 2120 desideratus,
1143 2070 1319 2126 neque
1360 2059 1502 2112 ultra
1552 2060 1702 2116 visus
1749 2071 1852 2116 est.
1902 2063 2087 2120 Melias

515 2146 723 2215 itaque,
761 2145 828 2199 de
876 2161 986 2215 quo
1013 2147 1174 2202 modo
1204 2147 1463 2214 diximus,
1501 2167 1565 2206 ex
1597 2152 1700 2207 hoc
1751 2155 1938 2224 praelio
1980 2157 2089 2211 sal-

514 2253 617 2292 vus
668 2253 791 2292 cum
843 2239 909 2292 ad
947 2241 1238 2297 Armenios
1290 2257 1350 2298 se
1393 2246 1742 2312 contulisset,
1785 2247 2088 2306 industrius

515 2327 742 2396 alioqui,
776 2338 827 2382 et
857 2329 920 2382 ad
946 2329 1289 2386 barbaricam
1319 2335 1706 2403 praadaticnem
1732 2338 2084 2405 peridoneus,

517 2433 680 2473 manu
714 2419 1096 2475 Armeniorum
1127 2424 1377 2492 collecta,
1412 2440 1536 2480 cum
1575 2442 1754 2482 arcem
1779 2431 1944 2484 etiam
1980 2431 2086 2485 hu-

511 2509 604 2580 jus
634 2513 807 2577 urbis,
834 2528 994 2582 quam
1024 2524 1236 2584 poterat
1277 2518 1484 2586 optime
1515 2519 1862 2586 munivisset,
1896 2524 2089 2591 paula-

516 2605 615 2656 tim
666 2607 990 2674 procedens,
1044 2609 1212 2663 totius
1253 2610 1646 2678 propemodum
1701 2612 1852 2669 urbis
1904 2616 2088 2671 ruinas

517 2693 888 2763 instauravit;
944 2706 1107 2766 atque
1155 2700 1226 2751 ita
1263 2699 1412 2768 regio
1447 2701 1702 2757 universa
1749 2703 1806 2759 in
1851 2715 2087 2762 veterem

515 2793 719 2840 statum
752 2787 1024 2852 restituta,
1044 2789 1320 2845 Armeniis
1349 2789 1450 2844 fuit
1482 2791 1677 2847 referta
1702 2810 1716 2859 ;
1751 2795 1949 2864 quippe
1971 2812 2091 2866 quae

525 2874 631 2946 14
659 2874 853 2931 fertilis
909 2875 1223 2944 admodum,
1266 2889 1320 2935 et
1356 2883 1643 2951 pascendis
1692 2887 1848 2955 equis
1892 2902 1956 2942 ac
1993 2904 2088 2958 pc-

516 2966 633 3019 cori
681 2968 1188 3036 peraccommodata
1231 2981 1394 3028 esset.
1431 2974 1700 3040 Quocirca
1753 2986 1806 3032 et
1836 2979 2090 3035 thematis

2197 865 2505 934 Ἀρμένιος,
2564 866 2592 917 6
2640 864 2740 932 τῆς
2812 863 3170 932 Ἀγγουρίνης
3224 866 3323 931 τῆς
3389 864 3768 934 Λαικαστρίας

2184 957 2456 1028 γαμϐρὸς,
2488 960 2516 1012 6
2571 959 2876 1028 μακρόχειρ
2925 959 3150 1023 ἐκεῖνος,
3185 957 3279 1009 xui
3341 958 3664 1027 περιδέξιος,
3710 959 3769 1010 ὃν

2186 1051 2328 1104 κατὰ
2357 1050 2455 1119 τὴν
2506 1049 2616 1101 τῶν
2683 1048 2982 1119 Ἀρμενίων
3043 1046 3322 1102 διάλεκτον
3385 1049 3620 1113 Ἀζῶτον
3653 1050 3766 1120 (88)

2187 1142 2412 1196 ἐκάλουν
2461 1142 2669 1203 ἐκεῖνος
2739 1139 2908 1192 ἐλθὼν
2939 1140 3074 1208 πρὸς
3105 1140 3307 1192 Λέοντα
3343 1140 3455 1210 (89)
3503 1142 3594 1193 τὸν
3647 1142 3765 1195 ἀοί-

2185 1235 2339 1304 διμον
2367 1233 2612 1303 βασιλέα,
2647 1234 2756 1285 εἴτε
2787 1231 2860 1295 ὼς
2895 1231 3165 1300 πρόσφυξ,
3205 1231 3311 1284 εἴτε
3352 1233 3427 1294 ὡς
3457 1232 3631 1300 φίλος,
3663 1234 3764 1286 οὐκ

2187 1323 2323 1387 οῖδα,
2353 1327 2558 1387 ἐκεῖνος
2589 1321 2700 1394 εἶχε
2737 1324 3062 1393 θεράποντα,
3119 1324 3211 1377 τὸν
3245 1323 3371 1394 χθὲς
3399 1323 3491 1376 xui
3531 1324 3636 1392 πρὸ
3669 1342 3757 1394 μιν·

2189 1415 2322 1485 κροῦ
2381 1415 2800 1483 τελευτήσαντα,
2844 1414 3050 1468 Μελίαν
3097 1413 3240 1482 λέγω
3271 1417 3361 1466 τὸν
3411 1414 3758 1484 περιϐόητον,

2188 1507 2246 1570 ὃς
2275 1509 2369 1560 xui
2399 1507 2857 1577 συνεστράτευσεν
2882 1504 3028 1575 αὐτῷ
3056 1505 3190 1576 πρὸς
3220 1505 3309 1558 τὸν
3338 1505 3768 1576 δυστυχέστατον

2191 1600 2446 1670 πόλεμον,
2501 1600 2594 1653 τὸν
2619 1600 2715 1652 τοῦ
2750 1600 3059 1670 Βουλγάρου
3114 1599 3226 1670 (90)
3281 1600 3443 1670 λέγω.
3498 1600 3604 1653 Τοῦ
3635 1599 3767 1668 γοῦν

2202 1690 2490 1761 Ἀρμενίου
2525 1693 2782 1754 πεσόντος
2805 1693 2862 1744 ἐν
2893 1692 2970 1762 τῷ
2994 1692 3348 1764 προλεχθέντι
3385 1692 3606 1763 πολέμῳ
3632 1693 3766 1762 πρδς

2191 1781 2452 1850 Συμεῶνα
2474 1781 2562 1833 τὸν
2593 1780 2900 1834 ἀθεώτατον
2935 1781 3244 1852 Βούλγαρον
3283 1783 3393 1852 (91)
3419 1777 3508 1852 (ἦν
3545 1783 3653 1854 γάρ
3683 1783 3766 1848 ἐξ-

2190 1871 2371 1941 άρχων
2426 1871 2520 1924 τοῦ
2579 1871 2861 1942 βασιλικοῦ
2922 1873 3201 1942 τάγματος
3253 1873 3360 1925 τῶν
3416 1874 3769 1944 καλουμένων

2191 1962 2540 2032 ὲξκουόίτων)
2566 1979 2580 1992 ο
2612 1965 2700 2017 ὅτε
2746 1964 2841 2017 xui
2893 1964 3170 2026 Θεοδόσιος
3216 1964 3243 2016 6
3272 1964 3768 2035 πρωτοὸεστιάριος

2190 2057 2283 2112 τοῦ
2305 2057 2550 2129 ἀοιδίμου
2579 2059 2865 2128 βασιλέως,
2920 2060 2978 2111 ὲν
3030 2058 3182 2130 αὐτῷ
3220 2058 3297 2128 τῷ
3343 2059 3564 2128 πολέμῳ
3593 2061 3768 2128 ἠφαν-

2190 2151 2360 2222 τὼθη,
2392 2153 2485 2204 xui
2531 2151 2755 2220 γέγονεν
2802 2152 3012 2221 ἄδηλος.
3059 2152 3117 2204 '0
3146 2151 3276 2220 γοῦν
3303 2151 3619 2222 προλεχθεὶς
3652 2155 3766 2206 Με-

2190 2241 2309 2304 λίας
2374 2243 2439 2294 ἐκ
2477 2241 2669 2294 τούτου
2718 2242 2813 2295 τοῦ
2871 2241 3113 2311 πολέμου
3163 2241 3471 2306 διασωθεὶς,
3507 2244 3599 2295 xui
3637 2244 3767 2312 πρὸς

2189 2332 2287 2402 τὴν
2316 2333 2422 2385 τῶν
2462 2333 2763 2402 Ἀρμενίων
2791 2334 2976 2403 χώραν
3009 2333 3250 2404 ἀπάρας,
3307 2334 3514 2403 εὐφυὴς
3549 2332 3646 2397 ὢν,
3675 2333 3768 2385 xui

2193 2425 2328 2495 πρὸς
2357 2425 2717 2495 λῃστουργίαν
2741 2425 3082 2496 βαρϐαρικὴν
3099 2427 3424 2496 ἐπιτήδειος,
3459 2424 3768 2495 συμμορίαν

2191 2516 2312 2569 τινὰ
2350 2515 2457 2568 τῶν
2502 2514 2802 2585 Ἀρμενίων
2835 2515 3254 2586 ἀναλεξάμενος,
3292 2517 3383 2570 xui
3413 2515 3644 2584 ταυτησὶ
3671 2515 3768 2583 τῆς

2191 2608 2399 2671 πόλεως
2427 2607 2524 2678 τὴν
2581 2608 2758 2679 ἄκραν
2810 2609 3220 2678 κατοχυρώσας,
3278 2609 3352 2671 ὡς
3393 2608 3644 2680 ἠδύνατο,
3674 2613 3767 2661 καὶ

2192 2705 2333 2757 κατὰ
2362 2702 2559 2773 μικρὸν
2587 2701 2814 2773 προῖὼν,
2834 2702 2983 2770 ὃλην,
3013 2703 3087 2765 ὡς
3121 2704 3318 2766 εἰπεῖν,
3355 2702 3454 2771 τὴν
3496 2703 3651 2755 πόλιν
3672 2701 3766 2753 τοῦ

2192 2794 2479 2863 πτώματος
2514 2793 2722 2863 ἤγειρε,
2759 2792 2855 2845 xui
2886 2791 3254 2861 προϐαίνουσα
3302 2791 3394 2843 ἐπὶ
3423 2791 3482 2843 τδ
3534 2791 3767 2860 πρόσθεν

2192 2889 2342 2940 πᾶσα
2377 2884 2612 2954 ὴχὼρα,
2650 2883 2822 2954 μεστὴ
2849 2883 3037 2951 γέγονε
3071 2883 3180 2935 τῶν
3222 2883 3546 2953 Ἀρμενίων,
3575 2899 3769 2951 κουρο-

2192 2978 2386 3048 τρόφος
2420 2974 2554 3028 οὖσα
2583 2973 2761 3044 ἀγαθή
2787 2991 2845 3026 τε
2891 2973 2988 3026 καὶ
3019 2972 3310 3036 ίππόδοτος
3342 2973 3476 3043 (92),
3505 2972 3598 3026 xui
3629 2989 3769 3024 παν-

517 3056 937 3126 appellationem
969 3061 1200 3132 accepit,
1229 3072 1390 3133 atque
1418 3065 1557 3122 inter
1577 3069 1907 3127 celebriores
1956 3088 2089 3139 prae-

2195 3069 2354 3122 τοίων
2390 3067 2750 3138 βοσκημάτων
2780 3067 2859 3130 εἰς
2893 3066 3100 3138 τροφὴν
3155 3067 3480 3137 ἐπιτήδειος.
3535 3065 3626 3119 Διὸ
3675 3067 3769 3119 xui

518 3156 674 3203 turas
707 3159 791 3206 est
821 3152 1017 3219 relata,
1062 3170 1195 3210 cura
1224 3171 1288 3212 ac
1310 3159 1496 3214 studio
1522 3162 1728 3230 praefati
1752 3163 1921 3220 Melia:
1938 3167 2089 3224 forti:

2194 3159 2336 3229 Θέμα
2373 3155 2792 3226 κατωνομάσθη,
2833 3157 2927 3210 καὶ
2977 3158 3056 3218 είς
3097 3155 3430 3225 στρατηγίδα
3486 3154 3766 3224 περίδοξον

517 3254 584 3295 ac
618 3242 928 3311 prudentis.
977 3243 1142 3304 Urbis
1179 3263 1310 3304 vero
1345 3251 1636 3322 appellatio
1665 3268 1873 3313 vetusta
1901 3261 2095 3316 admo-

518 3333 646 3387 dum
678 3345 780 3396 est,
825 3336 894 3390 ab
925 3337 1040 3407 ipsa
1069 3341 1452 3399 Armeniorum
1505 3354 1666 3414 gente
1706 3356 1760 3401 et
1796 3349 1981 3420 lingua
2013 3354 2086 3408 ita

517 3425 684 3480 dicta.
719 3425 889 3482 Porro
912 3428 1134 3497 elegans
1166 3431 1390 3498 quidam
1426 3449 1607 3488 sermo
1641 3436 1708 3490 de
1739 3437 1841 3494 hac
1859 3441 2095 3496 circum-

520 3516 714 3578 fertur,
746 3517 941 3571 fabula:
979 3521 1369 3587 propemodum
1409 3523 1602 3579 amnis.
1643 3528 1932 3598 Inscriptio
1963 3549 2092 3589 vero

519 3605 574 3658 in
608 3604 889 3676 peristylio
925 3607 1077 3664 urbis
1111 3624 1370 3678 expressa
1410 3621 1495 3667 est
1527 3617 1598 3668 ita
1628 3616 1832 3672 habens
1865 3638 1878 3672 :

623 3867 790 3934 QUID
829 3870 1515 3931 CONSTANTINOPOLIS

623 3961 791 4027 QUID
833 3960 1240 4019 LYCANDUS?

619 4053 786 4118 QUID
827 4053 1112 4110 TIIOMAS
1145 4055 1544 4115 ΡηοοΕευδι

622 4145 788 4212 QUID
829 4147 1271 4204 IMPERATOR?

586 4237 763 4292 Causa
805 4253 933 4293 vero
959 4239 1123 4308 hujus
1155 4241 1527 4311 inscriptionis
1559 4245 1673 4300 hinc
1710 4256 1793 4301 est
1825 4265 1836 4300 :
1869 4247 2092 4317 Magnus

2196 3249 2405 3322 ἀνήχθη
2434 3249 2635 3320 σπουδῇ
2681 3246 2894 3302 τουτουτ
2923 3247 3016 3300 τοῦ
3040 3247 3263 3312 Μελίου,
3295 3245 3385 3300 τοῦ
3406 3245 3772 3317 κραταιόφρο-

2192 3362 2302 3406 νος.
2350 3344 2416 3397 Ἠ
2471 3344 2527 3396 δὲ
2557 3341 2824 3411 ὀνομασία
2876 3340 2974 3409 τῆς
3028 3339 3258 3403 πόλεως,
3319 3339 3521 3410 ἀρχαία
3551 3354 3634 3395 τις
3679 3337 3771 3390 xui

2193 3435 2420 3499 παλαιὰ,
2451 3434 2558 3487 ἀπὸ
2582 3433 2682 3502 τῆς
2699 3432 2809 3486 τῶν
2843 3431 3142 3502 Ἀρμενίων
3168 3434 3360 3494 γενεᾶς
3384 3447 3442 3483 τε
3472 3430 3566 3482 xui
3596 3427 3772 3496 γλώτ-

2189 3545 2288 3597 της
2313 3526 2619 3596 ὡνόμαστο.
2656 3525 2816 3578 Ἔστι
2843 3523 2902 3576 δὲ
2952 3522 3111 3591 λόγος
3156 3539 3242 3584 τις
3269 3521 3401 3592 περὶ
3451 3518 3639 3580 αὐτοῦ,
3677 3534 3775 3588 χα-

2189 3619 2324 3689 ρίεις
2367 3635 2427 3670 τε
2474 3618 2566 3670 xui.
2609 3616 2744 3685 πρὸς
2807 3614 3128 3685 μυθοποιίαν
3163 3613 3261 3666 οὐκ
3289 3612 3544 3681 ἄμουσος.
3581 3609 3771 3676 Γραφὴ

2189 3708 2298 3777 γάρ
2328 3708 2384 3760 ὲν
2419 3707 2494 3776 τῷ
2529 3704 2838 3778 περιστύλῳ
2869 3705 2969 3774 τῆς
2999 3705 3202 3766 πόλεως
3222 3701 3331 3772 (95)
3375 3697 3773 3760 ὲντετύπωται,

2187 3799 2386 3854 οὑτωσὶ
2405 3797 2816 3866 διαγορεύουσαο

2333 3891 2400 3942 τι
2440 3885 3228 3952 ΚΩΝΣΤΑΝΤΙΝΟΥΠΟΔΙΣς

2340 3983 2406 4036 τι
2445 3982 2847 4046 ΛΥΚΑΝΔΟΣ;
2875 4013 2908 4032 --

2332 4074 2399 4124 TI
2433 4074 2664 4127 ΘΩΜΛΣ
2692 4072 2736 4125 Ο
2787 4066 3170 4130 ΠΡΟΟΙΚΟΣ;

2331 4165 2398 4214 TI
2445 4161 2814 4220 ΒΛΣΙΛΕΥΣς

2195 4250 2435 4306 Ἐστιδὲ
2482 4249 2690 4320 ήαίτία
2715 4249 2813 4318 τῆς
2872 4245 3186 4318 ἐπιγραφῆς
3247 4245 3423 4315 αὕτηο
3487 4246 3544 4298 '0
3597 4245 3772 4316 μέγας

518 4328 612 4383 ille
633 4338 685 4384 et
714 4330 1180 4387 celebratissimus
1205 4333 1500 4403 imperator
1541 4333 1910 4401 Justinianns,
1965 4355 2088 4392 cum

2199 4344 2403 4403 ἐκεῖνος
2437 4339 2548 4410 (94)
2581 4338 2674 4392 xui
2704 4337 3027 4408 περιϐόητος
3077 4336 3332 4408 βασιλεὺς
3376 4336 3771 4397 ἰουστινιανὸς,

1667 4466 1968 4525 ΑΝΞΕΙΛΙΙ
2019 4475 2346 4531 BANDURH
2379 4472 2611 4530 ΝΟΤίΕ.

520 4573 912 4657 ἐχρημάτιζεν,
939 4581 1195 4657 αλλὰ-καὶ
1228 4583 1457 4646 πόλεως,
1493 4583 1584 4657 επὶ
1611 4584 1718 4657 τῷν
1758 4587 1967 4657 χρόνων
1995 4592 2090 4644 τοῦ

526 4647 827 4729 μακαρίτου
872 4655 964 4705 xui
1005 4653 1160 4719 άγίου
1203 4672 1305 4724 μου
1341 4654 1567 4738 πατρός.
1605 4647 1849 4724 Ἔρημός
1889 4657 2092 4732 γὰρῆν

519 4717 849 4798 τδιπριυτον,
876 4724 971 4776 xui
998 4724 1272 4794 ἀοίκητος,
1307 4725 1558 4794 κάκεινη.
1583 4726 1677 4778 καὶ
1699 4727 1731 4796 ἡ
1757 4726 2092 4798 Τζαμανδὸς,

660 4750 849 4802 genu",
878 4750 971 4776 xui.
998 4750 1272 4794 αυικηῖυς,
1307 4750 1558 4794 laxum.
1584 4750 1677 4778 και
1699 4750 1731 4796 η
1768 4750 2094 4798 ιςαμανοος,

522 4788 618 4840 xui
650 4790 716 4842 τά
771 4802 876 4844 etc.
1144 4788 1156 4794 ’
1523 4788 1537 4794 ⁷
1719 4788 1731 4796 ’
1810 4788 1824 4791 ⁷
1875 4788 1887 4798 ’
2051 4788 2092 4798 ﬂ

595 4827 1097 4939 (83)’llujus_vncis
1128 4865 1374 4939 meminit
1406 4864 1750 4939 etiam__idem
1786 4865 2095 4939 Porpher-

557 4931 975 5006 enit‘us_lib._de
1009 4935 1168 5006 Adin.
1209 4935 1340 5006 imp.
1375 4952 1495 5004 cap.
1526 4935 1616 4990 45.

603 4999 712 5068 (89)
746 4998 800 5053 In
833 5003 995 5080 editis
1029 4998 1568 5080 legitur_:"Ex¢-:'Evoc_
1595 5005 1922 5080 γὰρ’-ἐλθὼν
1961 5008 2098 5080 πρὸς

525 5069 614 5122 τὸν
651 5073 962 5143 μακαρίτην
999 5069 1104 5126 καῖ
1126 5075 1282 5142 ἆγιόν
1346 5093 1404 5128 ου
1433 5069 1896 5146 πατέρα,ἐίτε’ὡς
1929 5097 1968 5131 π
2005 5069 2017 5080 ’
2041 5069 2100 5130 σέ

527 5139 682 5201 φύξει
722 5157 781 5193 τε
827 5142 902 5201 ὡς
938 5144 1110 5201 φίλος.
1135 5154 1242 5199 etc.
1282 5093 1384 5200 libi
1418 5161 1578 5200 neruo
1624 5149 1734 5200 nun
1778 5149 1926 5201 videt
1976 5095 2100 5201 ῗιῖιι-

527 5139 682 5210 φύξει
722 5157 781 5193 τε
827 5139 1110 5210 ὠζφίλος.
1135 5139 1242 5199 etc.
1282 5139 1384 5200 Ubi
1418 5139 1590 5200 nemo'
1624 5149 1734 5200 nun
1778 5139 1926 5202 videt
1976 5139 2101 5202 Vul-

527 5211 760 5287 ennium
783 5227 1069 5287 perperam
1115 5215 1230 5287 haec
1262 5225 1536 5287 postrema
1569 5217 1734 5287 verba
1772 5219 1989 5287 legisse.

599 5284 712 5350 (90)
743 5281 944 5338 Leonis
967 5286 1246 5338 exercitus
1265 5281 1322 5338 in
1349 5284 1664 5338 Macedonia
1689 5281 1954 5341 adversus
1976 5287 2103 5340 Bul-

527 5369 716 5421 garos.
747 5368 872 5423 rege
896 5369 1084 5408 eorum
1123 5354 1396 5424 Symeone
1426 5358 1922 5424 pacem_tnrhante,
1964 5357 2101 5411 infe-

530 5425 712 5494 liciter
744 5421 1042 5494 pugnavit:
1076 5421 1181 5480 scd
1218 5440 1313 5480 eos
1348 5421 1581 5479 subinde
1607 5421 1916 5479 Turcarnm
1947 5429 2104 5480 auxi-

2190 4593 2435 4661 ἀοιδίμου
2473 4589 2736 4713 βασιλέως
2789 4591 2842 4645 in
2883 4590 3046 4646 editis
3095 4589 3314 4662 legitur,
3361 4587 3471 4641 τοῦ*
3493 4588 3768 4658 μακαρίου

2195 4681 2294 4713 nou
2327 4679 2472 4713 πατο
2509 4679 2558 4713 ς.

2235 4681 2294 4716 ου
2327 4679 2434 4714 πατ
2443 4679 2558 4724 ρος.

2195 4681 2294 4734 μου
2327 4679 2558 4731 πατρος.

2264 4731 2374 4803 (92)
2405 4731 2694 4803 Lycandus
2719 4745 2814 4803 seu
2845 4727 3157 4803 Lyeandum
3185 4728 3319 4803 olim
3357 4727 3589 4803 Λάπαρα
3620 4726 3773 4803 dire-

2193 4793 2365 4872 baiurf
2410 4793 2481 4856 ob
2539 4793 2923 4872 pinguedinem
2967 4808 3021 4854 et
3075 4798 3416 4852 fertilitatem
3468 4793 3591 4850 soli.
3642 4793 3780 4849 Vide

2196 4871 2492 4928 Ortelinm.

2273 4943 2385 5013 (95)
2415 4939 2477 5013 Ιῃ
2500 4939 2660 5013 editis
2682 4939 2901 5013 legitur,
2927 4938 2984 4990 ὲν
3004 4936 3083 5013 τῷ
3111 4933 3379 5013 περιβόλῳ
3405 4933 3507 5000 τῆς
3539 4933 3667 5013 πόλε
3679 4950 3777 4994 ως.

2199 5003 2306 5067 Sed
2357 5003 2554 5065 melius
2585 5011 2643 5061 ὲν
2675 5003 2761 5078 τιῖῖ
2787 5003 3117 5078 περιστύλῳ,
3155 5003 3356 5078 quippe
3385 5019 3576 5078 versus
3610 5003 3779 5078 finem

2201 5082 2367 5150 hujus
2397 5081 2596 5150 capitis
2629 5079 2704 5131 ait
2724 5072 2872 5150 hanc
2893 5072 3513 5150 ipsaiii'iiiscriptiOiiem
3562 5072 3778 5127 inscul-

2199 5145 2349 5222 ptam
2387 5145 2560 5222 fuisse
2586 5151 2644 5200 ἐν
2670 5145 3034 5222 τῇπύλητῇς
3061 5145 3288 5222 πόλεως.
3668 5211 3680 5222 ⁸

2273 5221 2383 5291 (9.1)
2421 5214 3611 5291 Perperani'haacVulcaniusinterpretatur
3637 5214 3719 5291 sic
3765 5226 3779 5261 :

2205 5283 2431 5362 Magnus
2467 5283 2578 5362 illi
2603 5298 2654 5340 et
2704 5285 3474 5362 celebratissimus_imperator
3507 5283 3779 5338 Iustinia-

2205 5356 2324 5427 ηαδ,
2365 5376 2484 5413 cum
2538 5357 2774 5411 Romano
2820 5359 3039 5424 imperio
3069 5356 3267 5427 potitus
3312 5364 3483 5418 esset;
3547 5363 3776 5427 patruus

2203 5424 2319 5497 ejus
2344 5428 2616 5491 Justinus,
2651 5428 2839 5481 unicus
2881 5437 3079 5495 pra’tor
3110 5424 3777 5497 Romanorumagminum

533 5491 862 5565 liordevicii.
896 5492 1031 5550 Vide
1064 5496 1362 5565 scriptores
1394 5495 1720 5565 Byzantinos
1770 5500 1861 5565 qui
1907 5497 2106 5552 Leonis
2206 5491 2388 5554 Ca'sar
2425 5501 2681 5553 exsistens
2744 5491 3040 5565 appellatus
3093 5508 3191 5550 est.
3233 5494 3348 5548 Non
3404 5491 3554 5549 enini
3601 5491 3779 5565 Justi-

534 5561 847 5636 PhilnsOphi
872 5574 1024 5634 gesta
1063 5561 1338 5621 memoria:
1373 5561 1750 5636 prodiderunt.

2209 5573 2375 5624 niano
2422 5571 2725 5638 imperante
2771 5563 2997 5638 patruus
3029 5567 3171 5636 ejus.
3205 5567 3402 5620 unicus
3433 5563 3780 5638 pnrtnr‘lio-

608 5631 842 5709 _(.9|_)‘Sie
878 5631 940 5709 fin
974 5653 1077 5709 In}.
1115 5636 1255 5709 Editi
1292 5631 1423 5709 vero
1459 5637 1848 5709 habentnzpbc
1881 5638 2106 5708 Συμεὼν
2212 5631 2796 5709 manorum'agminuni
2823 5631 3292 5692 Cmsarcisistcns
3312 5631 3616 5709 appellatus
3641 5632 3779 5709 fuit;

536 5698 628 5754 τοῦ
679 5701 990 5758 ἀθεωτάτου
1017 5706 1347 5779 Βουλγάρον.
1385 5706 1446 5760 Et
1481 5707 1638 5777 paulo
1669 5698 1842 5764 infra
1869 5698 1972 5781 pro
2012 5709 2089 5763 τοί

2211 5711 2305 5765 sed
2337 5698 2787 5765 Justinov'l‘hracc
2819 5710 3138 5778 imperante,
3176 5698 3780 5767 avunculoJustiniani,
