4014 6212
447 317 514 378 99
1468 315 1880 375 CONSTANTI
1896 316 1940 374 N
1951 314 1974 372 l
2020 311 2468 372 PORPHYROG
2480 311 2573 370 EN
2586 310 2689 368 l'l'l

3619 307 3721 372 100

449 428 562 482 Soli
597 435 650 482 et
675 427 895 498 JEgzeaa,
937 438 990 481 et
1029 404 1430 496 Potupeiopolis
1464 438 1516 481 et
1557 427 1940 494 Aphrodisias,
1987 432 2032 480 et

2144 439 2230 485 νος
2267 423 2637 496 Κροκοςρόρος,
2672 421 2822 472 Σόλοι
2860 436 2916 471 τε
2943 420 3034 473 καὶ
3063 421 3285 488 Αἰγαῖαι
3311 419 3410 491 (9.),
3446 422 3537 474 καὶ
3570 423 3719 493 Πομ-

449 517 620 584 lssus,
652 521 917 588 sinusque
942 517 1187 588 ejusdem
1219 520 1625 589 appellationis,
1651 521 1740 574 ubi
1771 529 2031 575 strenuus

447 611 541 666 ille
608 627 673 666 ac
713 611 1102 666 celeberrimus
1145 610 1398 675 Macedo,
1423 613 1752 674 Alexander,
1780 612 2026 681 inquam,

447 703 681 772 Philippi
714 703 878 768 lilius,
910 703 1155 772 praelium
1212 719 1336 757 cum
1380 705 1538 757 Dario
1572 705 1858 758 Persarum
1907 721 2031 773 rege

448 795 746 848 commisit.
787 795 882 850 llis
925 797 1102 849 vii-ina
1149 806 1232 850 cst
1278 795 1483 850 Tarsus
1520 797 1667 850 Pauli
1703 799 1895 867 patria.
1930 797 2031 852 Se-

447 883 625 939 leucia
651 886 814 954 igitur
837 887 1073 955 primum
1107 903 1282 956 neque
1311 888 1566 961 thematis
1586 889 2030 958 appellationem,

447 992 624 1046 neque
675 977 1011 1047 przefeeturaa
1059 995 1257 1033 nomen
1301 979 1524 1045 habuit;
1575 981 1669 1034 sed
1725 982 2029 1036 claustrum

445 1069 722 1139 quoddam
754 1079 894 1133 erat,
929 1077 981 1124 ct
1010 1071 1231 1138 specula
1261 1071 1330 1124 ob
1358 1071 1786 1124 Sarracenorum
1815 1071 2030 1127 e'l'arso

445 1159 822 1223 excursiones,
847 1159 990 1229 quod
1017 1160 1275 1213 nimirum
1305 1160 1477 1214 arduo
1525 1172 1576 1214 ct
1607 1160 1882 1216 difficilem
1910 1163 2028 1217 adi-

448 1262 560 1303 tum
595 1250 828 1304 habente
864 1251 981 1306 loco
1023 1252 1125 1305 sita
1157 1261 1324 1306 esset.
1355 1248 1606 1319 Optimus
1637 1268 1764 1306 vero
1796 1253 2030 1321 impera-

445 1351 534 1396 tor
567 1343 824 1397 dominus
865 1341 1164 1407 Rullianus,
1206 1343 1299 1412 qui
1351 1343 1686 1398 latitudinem
1760 1345 2029 1413 quodam-

444 1433 632 1498 modo,
662 1444 716 1489 et
758 1435 1154 1504 longitudinem
1204 1435 1750 1505 magnitudinemque
1795 1437 2029 1504 imperio

446 1522 695 1578 Romano
723 1526 945 1594 adjecit,
987 1533 1276 1592 praeturam
1304 1540 1367 1578 ex
1403 1539 1466 1578 ea
1499 1527 1643 1578 fecit.
1667 1524 1870 1579 Nomen
1901 1541 2030 1580 vero

447 1619 623 1684 urbis,
652 1618 872 1686 etquod
908 1624 1098 1670 vocata
1132 1617 1204 1670 sit
1246 1616 1515 1679 Seleucia,
1555 1633 1582 1668 a
1611 1620 1894 1673 conditore
1931 1617 2032 1672 Se-

446 1710 624 1774 leuco,
661 1710 753 1778 qui
820 1717 1170 1774 nuncupatus
1216 1707 1471 1769 Nicanor,
1521 1706 1697 1763 ﬂuxit.
1755 1707 2026 1763 Ulteriora

2137 513 2484 583 πηῖούπολις,
2517 514 2610 566 καὶ
2649 510 3012 582 Ἀφροδισιάς,
3065 511 3099 581 ἦ
3130 529 3189 563 τε
3235 512 3424 576 Ἰσσὸς,
3459 515 3553 565 καὶ
3593 514 3723 566 κόλ-

2137 620 2238 668 πος
2263 603 2574 676 ὁμώνυμος,
2607 605 2665 656 ὲν
2684 597 2729 670 ᾧ
2761 602 3030 656 Μακεδὼν
3077 603 3283 666 ἐκεῖνος
3314 606 3342 656 ό
3373 604 3632 672 γεννάδας
3658 622 3719 657 τε

2136 700 2232 751 καὶ
2258 697 2606 768 περίκλυτος,
2637 695 2987 764 Ἀλέξανδρον
3015 694 3158 763 λέγω
3181 696 3270 748 τὸν
3298 696 3394 749 τοῦ
3422 697 3718 763 Φιλίππου,

2134 790 2227 843 τὸν
2257 791 2393 862 πρὸς
2421 792 2644 860 Δαρεῖον
2681 790 2772 842 τὸν
2805 790 3021 859 Πέρσην
3058 790 3426 860 διηγωνίσατο
3456 790 3721 861 πόλεμον.

2137 882 2412 952 Σύνεγγυς
2438 881 2494 934 δὲ
2526 881 2752 944 τούτων,
2787 883 2881 934 καὶ
2915 881 3148 952 Ταρσὸς,
3185 882 3218 952 ἡ
3251 882 3464 936 Παύλου
3493 883 3720 954 πατρὶς,

2136 973 2477 1044 καθίδρυται.
2542 974 2607 1027 Ἦ
2637 973 2818 1027 τοίνυν
2874 974 3183 1035 Σελεύκεια,
3221 976 3280 1028 οὐ
3329 974 3471 1046 θέμα
3527 977 3724 1047 tot:in

2137 1065 2524 1136 ἐχρημάτιζεν,
2565 1065 2688 1118 οὐδὲ
2723 1066 3082 1135 στρατηγίδος
3114 1067 3466 1137 ἐκεκλήρωτο
3521 1069 3721 1140 δνομα,

2136 1154 2272 1208 ἀλλὰ
2312 1154 2604 1224 κλεισούρα
2629 1173 2712 1217 τις
2742 1152 2830 1224 ἦν,
2882 1159 2974 1209 καὶ
3007 1157 3248 1229 φυλακὴ,
3279 1158 3370 1211 διὰ
3397 1159 3496 1222 τὰς
3525 1161 3719 1231 ἐκδρο-

2138 1247 2246 1314 μὰς
2269 1245 2376 1298 τῶν
2413 1249 2476 1298 ὲκ
2511 1247 2729 1316 Ταρσοῦ
2782 1249 3079 1316 προϊόντων
3112 1249 3503 1320 Σαρῤακηνῶν,
3537 1250 3626 1303 διὰ
3657 1251 3720 1304 τὸ

2135 1331 2275 1388 εἶναι
2308 1337 2399 1389 τὸν
2427 1336 2593 1388 τόπον
2625 1337 3012 1408 δυσπρόσοδον.
3055 1336 3114 1390 Ὀ
3139 1336 3196 1389 δὲ
3224 1337 3384 1407 κῦρις
3415 1338 3717 1409 Ῥωμανδς,

2135 1428 2164 1479 ὁ
2184 1427 2348 1490 καλός
2378 1445 2437 1480 τε
2461 1429 2552 1480 καὶ
2585 1429 2789 1496 ἀγαθὸς
2826 1429 3102 1498 βασιλεὺς,
3138 1429 3327 1500 ὥσπερ
3358 1430 3582 1495 πλάτος.
3609 1433 3718 1503 μῆ-

2135 1524 2229 1585 κός
2256 1541 2312 1574 τε
2343 1525 2435 1577 καὶ
2470 1524 2695 1592 μέγεθος
2723 1523 2986 1587 ἐπιτιθεὶς
3007 1526 3072 1594 τῇ
3099 1523 3205 1577 τῶν
3238 1525 3522 1594 Ῥωμαίων
3547 1528 3717 1598 ἀρχῇ,

2138 1615 2469 1684 στρατηγίδα
2497 1614 2664 1686 αὐτὴν
2699 1615 3014 1670 ἀπετέλεσε.
3048 1617 3120 1670 Τὸ
3148 1617 3204 1670 δὲ
3231 1617 3328 1686 τῆς
3368 1617 3575 1680 πόλεως
3601 1620 3721 1673 δνο-

2141 1723 2236 1773 μα,
2275 1709 2366 1757 καὶ
2428 1706 2488 1757 τὸ
2523 1707 2806 1760 καλεῖσθαι
2859 1707 3173 1772 Σελεύκεια,
3207 1709 3316 1762 ἀπὸ
3373 1708 3466 1762 τοῦ
3496 1712 3720 1764 κτίστου

446 1813 625 1858 autem
663 1804 925 1859 Seleucia:
954 1789 1056 1858 “et
1101 1806 1500 1858 meditemauea
1541 1814 1809 1857 vcraulur
1859 1802 2026 1854 Deca-

2144 1799 2422 1865 Σ-λεύκου,
2455 1800 2546 1852 τοῦ
2571 1801 2908 1870 καλουμένου
2961 1802 3279 1873 Νικάνορος,
3313 1804 3408 1874 τὴν
3437 1822 3720 1874 προσωνυ-

447 1895 608 1963 palis,
644 1896 694 1948 id
729 1905 834 1956 est,
862 1895 1050 1949 decem
1093 1895 1257 1950 urbes
1287 1913 1299 1948 :
1337 1909 1570 1963 quarum
1598 1894 1816 1964 quidem
1847 1893 2022 1962 prima

2137 1890 2267 1957 μίαν
2295 1889 2619 1961 ἐπλούτησε.
2657 1893 2737 1945 Τά
2781 1893 2836 1946 δὲ
2885 1897 2998 1948 ἄνω
3031 1895 3373 1960 Σελευκείας,
3428 1896 3522 1948 καὶ
3553 1898 3721 1967 μεσό-

445 1992 527 2037 est
559 1982 1058 2054 GermauirOpolis.
1095 1986 1264 2036 altera
1293 1982 1605 2053 Titiopolis,
1638 1983 1796 2036 tertia
1829 1981 2032 2035 Dome-

2144 1999 2283 2051 γαια,
2321 1983 2566 2038 καλεῖται
2594 1986 2916 2050 Δεκάπολις.
2959 1988 3066 2040 Καὶ
3089 1988 3204 2041 ἐστι
3233 1988 3424 2060 πρώτη
3459 1989 3558 2060 μὲν
3581 1990 3720 2060 Γερ-

443 2073 688 2142 ιίουοιὶς,
749 2082 948 2142 quarta
988 2073 1298 2144 chupolis,
1337 2077 1525 2145 quinta
1556 2073 1832 2145 Neapolis,
1872 2069 2028 2128 sexta

441 2166 840 2235 Claudiopolis,
886 2167 1118 2235 septima
1149 2168 1471 2238 lrenopolis,
1520 2175 1713 2222 octava
1752 2165 2026 2232 Caesarea,

442 2272 586 2309 noua
620 2257 929 2322 Lauzadus,
959 2259 1168 2312 decima
1203 2257 1553 2324 Dalisaudus,
1585 2261 1638 2314 in
1672 2275 1779 2329 qua
1804 2260 2028 2330 clypeus

444 2362 539 2400 seu
571 2357 785 2402 scutum
815 2349 998 2417 magni
1031 2348 1180 2403 illius
1215 2350 1476 2420 martyris
1526 2350 1703 2404 sancti
1755 2347 2028 2402 Theodori

444 2440 498 2492 in
533 2440 700 2494 trullo
729 2441 914 2510 templi
963 2439 1135 2509 ipsius
1184 2442 1405 2510 pendet.
1437 2444 1616 2512 Atque
1645 2442 1759 2497 haec
1801 2441 2024 2513 quidem

441 2531 510 2585 de
544 2529 809 2587 Seleucia.
837 2568 842 2573 -

690 2845 886 2901 Thema
917 2845 1078 2912 XIV,
1111 2846 1310 2902 dictum
1344 2847 1813 2918 Cibyrra’otarum.

517 2958 722 3014 Thema
776 2974 905 3015 vero
958 2959 1447 3032 Cibyrraeotarum,
1502 2962 1571 3017 ab
1620 2963 1738 3032 ipsa
1779 2962 2029 3018 Seleucia

448 3051 662 3104 initium
716 3051 910 3116 sumit,
944 3067 1065 3120 quae
1099 3052 1164 3105 ad
1205 3067 1355 3108 mare
1389 3055 1618 3110 orientis
1649 3056 1750 3108 sita
1785 3066 1887 3110 est.
1926 3057 2027 3112 De—

2136 2075 2525 2144 μανικούπολις
2557 2093 2570 2107 ·
2651 2077 2880 2146 δευτέρα
2939 2077 2997 2132 δὲ
3063 2078 3443 2140 Τιτιούπολιςο

3517 2080 3675 2144 τρίτη
3697 2118 3715 2144 .

2136 2096 2525 2144 μανικουποι.ις
2557 2096 2570 2107 ·
2651 2096 2880 2146 οευτερα
2939 2096 2997 2132 οε
3075 2096 3404 2140 ιιτιουπολις
3429 2096 3443 2111 ·
3517 2096 3675 2149 τριτη
3697 2118 3715 2144 ,

2135 2174 2550 2243 Δομετιούπολις
2569 2190 2581 2202 ·
2608 2176 2863 2245 τετάρτη,
2894 2174 3224 2246 Ζηνούπολις
3249 2190 3260 2203 ·
3292 2176 3541 2246 πέμπτη,
3571 2175 3719 2230 Νεά-

2138 2263 2287 2326 πολις
2314 2279 2327 2293 ·
2361 2262 2517 2332 ἕκτη,
2550 2263 2979 2326 Κλσυδιούπολις
3005 2282 3017 2295 ·
3047 2263 3269 2334 ἑϐδόμη,
3290 2264 3681 2334 Εἰρηνούπολ-ις
3700 2279 3716 2295 ο

2109 2355 2320 2426 ’ὀγδόῃ
2353 2358 2661 2426 Καισάρεια
2693 2359 2770 2428 (5)
2796 2373 2810 2388 ⁶
2842 2359 3062 2428 ὲννάτη,
3112 2357 3390 2422 Λαύζαδος
3419 2373 3432 2386 '
3491 2357 3718 2427 δεκάτη,

2137 2447 2484 2512 Δαλισανδδς,
2516 2451 2573 2501 ὲν
2671 2451 2702 2518 ἡ
2732 2449 2898 2510 ἀσπὶς
2931 2449 3103 2518 ῆγουν
3156 2447 3217 2500 τὸ
3251 2448 3572 2517 σκουτάριον
3621 2450 3721 2500 τοῦ

2135 2540 2293 2608 ἁγίου
2322 2539 2811 2609 μεγαλομαρτυρος
2839 2537 3121 2608 Θεοδώρου
3154 2539 3213 2590 ὲν
3242 2537 3318 2607 τῷ
3346 2537 3588 2607 ’φούλλῳ
3619 2539 3720 2589 τοῦ

2135 2631 2266 2686 ναοῦ
2293 2633 2457 2686 αὑτοῦ
2510 2634 2907 2702 άποκρέμαται.
2953 2633 3062 2685 Καὶ
3113 2631 3284 2685 ταῦτα
3319 2631 3416 2702 μὲν
3445 2629 3573 2702 περὶ
3622 2629 3722 2680 Σε-

2134 2725 2406 2789 λευκείας.

2278 2839 2437 2909 Θέμα
2475 2841 2585 2903 ΙΔ’,
2619 2823 2683 2891 td
2713 2839 3092 2907 καλούμενον
3111 2837 3576 2906 Κιϐυρῤαιωτῶν.

2205 2956 2276 3009 Τὸ
2305 2955 2362 3009 δὲ
2421 2955 2563 3025 Θέμα
2591 2952 2699 3007 τῶν
2741 2951 3173 3024 Κιὸυρῤαιωτῶν
3252 2952 3559 3022 ἀπάρχεται
3615 2949 3720 3022 μὲν

2134 3047 2230 3099 ἀπ’
2282 3045 2454 3114 αὐτῆς
2498 3045 2599 3114 τῆς
2646 3045 2972 3108 Σελευκείας
2999 3043 3070 3096 τὰ
3116 3061 3252 3115 προς
3305 3044 3584 3099 θάλασσαν
3617 3045 3719 3114 τῆς

445 3140 575 3193 sinit
611 3150 794 3195 autem
827 3141 882 3195 in
933 3141 1275 3213 longitudine
1305 3158 1565 3199 occasum
1601 3160 1817 3209 versus,
1851 3148 1915 3199 ad
1946 3146 2028 3215 ip-

2144 3137 2398 3208 Ξινατολῆς
2429 3137 2504 3207 (4)
2534 3137 2796 3206 κειμένης
2822 3155 2836 3168 ο
2861 3135 3163 3206 καταλήγει
3186 3137 3242 3190 δὲ
3267 3137 3404 3206 πρὸς
3433 3137 3603 3208 μῆκος
3620 3136 3719 3189 ἐπὶ

445 3245 561 3283 sam
592 3247 766 3301 usque
795 3233 981 3286 urbem
1011 3231 1276 3300 Miletum,
1308 3242 1362 3290 et
1406 3234 1631 3303 Jasum;
1660 3245 1714 3291 et
1749 3238 1816 3291 ad
1851 3239 2036 3293 sinum

447 3322 847 3393 llargyliacum,
903 3326 1016 3381 sive
1069 3341 1164 3380 eos
1220 3326 1314 3396 qui
1347 3327 1584 3382 Andanii
1627 3339 2035 3399 nuneupantur,

445 3417 538 3469 ubi
575 3418 681 3470 sita
722 3428 808 3472 est
876 3419 1129 3490 Mylassa,
1166 3420 1300 3474 urbs
1347 3421 1602 3486 celebris,
1644 3431 1698 3476 et
1745 3423 1860 3492 ipsa
1905 3423 2038 3476 Bar-

445 3509 610 3578 gylia,
638 3518 691 3562 et
722 3509 972 3580 Myndus,
1006 3521 1059 3564 et
1088 3527 1209 3580 qua
1237 3512 1442 3566 dicitur
1488 3513 1797 3580 Strohelus,
1851 3525 1904 3569 et
1927 3514 2035 3568 lla-

445 3599 806 3665 liearnassus,
859 3600 1144 3670 Herodoti
1195 3603 1397 3672 patria,
1454 3612 1507 3658 et
1557 3603 1860 3659 Artemisia:
1907 3609 2038 3661 urbs

443 3691 828 3752 celeberrima,
862 3689 916 3744 in
967 3707 1074 3760 qua
1131 3692 1638 3748 uominatissimum
1675 3695 1905 3748 Mausoli
1954 3712 2040 3750 se-

444 3782 695 3851 pulcrum
728 3791 928 3838 exstat.
957 3783 1012 3838 Si
1043 3800 1171 3838 vero
1199 3785 1469 3839 orientem
1489 3802 1681 3841 versus
1710 3788 1927 3849 lendas.
1956 3805 2041 3843 re-

445 3875 623 3941 peries
649 3875 853 3940 siuum,
883 3876 975 3945 qui
1003 3874 1323 3930 Ceramicus
1341 3875 1562 3940 dicitur,
1595 3885 1649 3933 et
1671 3879 1859 3934 urbem
1891 3879 2042 3950 ejus-

442 3966 564 4017 dem
598 3981 660 4018 ac
693 3967 847 4022 sinus
883 3967 1286 4038 appellationis.
1329 3969 1382 4022 ln
1434 3971 1636 4024 extima
1669 3981 1857 4033 autem,
1881 3973 2038 4029 sinus

439 4069 541 4111 ora
590 4056 912 4114 Cnidiorum
958 4059 1087 4114 urbs
1120 4058 1439 4123 habitatur;
1482 4068 1535 4114 et
1561 4061 1776 4115 celebre
1808 4060 2036 4119 Veneris

2139 3229 2352 3301 δυσμὰς
2385 3230 2490 3292 ἕως
2519 3230 2688 3298 αὐτῆς
2721 3231 2966 3297 Μιλήτου
2995 3228 3071 3296 (5)
3113 3229 3212 3298 τῆς
3233 3229 3465 3292 πόλεως,
3491 3229 3584 3282 καὶ
3615 3229 3718 3298 τῆς
3775 3237 3778 3240 ’

2151 3325 2325 3378 Ἰασοῦ
2355 3325 2454 3394 (6),
2487 3325 2581 3376 καὶ
2619 3323 2711 3376 τοῦ
2765 3321 3142 3393 Βαργυλιακοῦ
3172 3322 3374 3374 κόλπου
3408 3323 3505 3392 (7),
3546 3323 3720 3392 ἤγουν

2137 3419 2244 3470 τῶν
2297 3418 2644 3486 καλουμένων
2695 3415 2983 3469 Ἀνδανίων
3034 3414 3136 3486 (8),
3192 3417 3250 3468 ὲν
3283 3408 3328 3483 ᾧ
3363 3418 3538 3468 κεῖται
3587 3415 3621 3483 ἦ
3655 3431 3722 3467 τε

2135 3511 2426 3573 Μύλασσα,
2465 3510 2614 3573 πόλις
2640 3509 2924 3580 διάσημος,
2950 3511 3044 3562 καὶ
3065 3508 3204 3562 αὐτὰ
3238 3509 3304 3562 τὰ
3325 3507 3602 3577 Βαργύλια
3615 3507 3722 3576 (9).

2139 3599 2174 3668 ἥ
2207 3614 2265 3652 τε
2300 3597 2512 3660 Μύνδος
2540 3596 2675 3666 (10),
2708 3600 2802 3650 καὶ
2832 3599 2863 3667 ἡ
2888 3597 3198 3668 καλουμένη
3245 3597 3548 3666 Στρόὸηλος
3583 3597 3723 3667 (ll).

2139 3692 2175 3761 ἥ
2204 3708 2262 3742 τε
2296 3690 2712 3761 Ἀλικαρνασὺς,
2749 3692 2782 3759 ἡ
2827 3690 3111 3760 Ἡροδότου
3138 3691 3355 3762 πατρὶς,
3389 3692 3422 3758 ἡ
3445 3693 3547 3760 τῆς
3591 3694 3725 3764 Ἀρι

2143 3784 2396 3852 τεμισίας
2425 3781 2578 3844 πόλις
2629 3782 2663 3852 ὴ
2712 3781 3171 3852 πολυθρύλλητος,
3202 3783 3260 3833 ἐν
3356 3783 3384 3834 ὁ
3411 3783 3722 3838 Μαυσώλου

2141 3875 2310 3944 τάφος
2336 3874 2366 3926 ό
2402 3873 2722 3944 περιὸὀητος
2755 3872 2865 3942 (12)
2894 3873 3127 3943 ἵδρυται.
3181 3875 3570 3946 Ἀνερχόμενος
3607 3876 3724 3927 τοί-

2143 3986 2238 4022 νυν
2275 3967 2411 4039 πρὸς
2440 3965 2728 4037 ἀνατολὴν,
2757 3967 3009 4036 εὑρήσεις
3030 3966 3122 4019 τὸν
3144 3967 3492 4037 Κεραμεικὸν
3521 3966 3722 4019 κόλπον

2143 4060 2501 4130 καλούμενον,
2537 4059 2632 4111 καὶ
2693 4058 2848 4110 πόλιν
2879 4057 2956 4128 τῷ
3004 4058 3187 4127 κόλπῳ
3223 4057 3533 4130 ὁμώνυμον.
3597 4057 3721 4111 Ἐπ’

1614 4220 1919 4276 ANSELMI
1948 4221 2283 4277 BANDURII
2312 4219 2542 4276 NOTAS.

516 4356 594 4427 (ἓ)
630 4355 689 4432 ln_
729 4358 925 4432 notitia
977 4356 1392 4432 provinciarum
1411 4371 1522 4432 ius.
1552 4357 1762 4432 Agaga
1795 4357 2018 4432 dicitur.
2053 4348 2102 4405 Ῑ)
2129 4376 2293 4432 quam
2326 4359 2495 4415 Cares
2528 4360 2817 4432 Audanum
2857 4362 3152 4430 appellant.

446 4426 724 4481 Fortassis
745 4429 935 4496 eadem
976 4442 1098 4494 qua:
1125 4426 1380 4495 Αἴγειρα,
1411 4426 1590 4496 inquit
1624 4427 1944 4484 llolsteuius
1976 4431 2028 4484 in

446 4498 598 4550 notis
631 4498 697 4550 ad
741 4494 1080 4566 Stephanum
1114 4498 1166 4548 iu
1200 4494 1452 4564 Αἴγειρα.

521 4568 596 4634 (ὅ)
633 4567 688 4619 In
718 4567 882 4620 editis
915 4567 1132 4633 legitur,
1160 4567 1567 4635 Διοκαισάρεια.

519 4636 597 4703 (4)
635 4635 690 4686 1η
720 4651 829 4689 ms.
863 4637 1081 4705 legitur,
1112 4634 1182 4687 τά
1209 4636 1346 4703 πρὸς
1375 4634 1652 4691 Θάλασσαν
1681 4638 1818 4706 πρὸς
1841 4640 2034 4694 ἀνατο-

448 4705 549 4775 λὴν
582 4707 872 4774 κειμένην.

520 4775 597 4845 (5)
635 4775 727 4848 Sic
753 4792 854 4830 ms.
889 4777 1179 4846 Perperani
1239 4776 1492 4844 editi,tb;
1529 4779 1738 4848 δυσμὰς
1777 4779 1881 4843 ἓως
1937 4780 2036 4833 αύ-

447 4846 547 4915 τῆς
580 4845 844 4911 Μηλίτου.

526 4918 600 4986 (6)
642 4917 1040 4990 E‘tlitihabent,
1067 4919 1190 4990 (Καὶ
1220 4918 1320 4987 τῆς
1353 4919 1581 4973 Ἰασσοῦ.
1615 4919 1741 4973 llaec
1765 4920 1880 4990 ipsa
1907 4922 2039 4976 urbs

451 4989 640 5060 Cariae
663 4986 943 5060 Stephano
969 4988 1231 5043 scribitur
1277 4986 1481 5052 Ίασσός
1505 5007 1517 5020 ’
1544 4993 1686 5060 apud
1714 4986 2037 5046 Athenaeum

454 5071 588 5181 ἶετο
629 5057 684 5110 in
721 5057 1068 5114 Arcliestrati
1115 5061 1370 5116 versibus
1404 5064 1499 5116 tib.
1535 5057 1596 5115 ni
1640 5061 1814 5125 Ἰασὺς
1856 5063 2042 5134 appel-

480 5139 633 5181 81111⁸2

480 5139 633 5181 31111⁸2

460 5243 572 5296 “llr
601 5240 667 5295 δέ
697 5256 826 5296 ποτ’
853 5245 941 5310 εἰς
964 5245 1178 5299 Ἴασον
1215 5244 1426 5314 Καρῶν
1455 5247 1636 5300 πόλιν
1668 5247 2040 5316 εἰσαφίκηαι.

561 5361 858 5434 Siquando
887 5362 1081 5418 lusum
1115 5367 1360 5434 oppidum
1395 5365 1574 5420 Car-iw
1611 5367 1829 5419 veneris.

533 5477 954 5550 (7)__Stcphanus
995 5482 1150 5534 εΚαὶ
1179 5483 1212 5550 ὴ
1253 5479 1496 5532 θάλασσα
1537 5481 1880 5549 Βαργυλικὸς
1919 5483 2043 5536 κόλ-

2209 4432 2284 4506 (9)
2318 4433 2614 4506 Perperam
2647 4431 2700 4506 in
2736 4431 2898 4487 editis
2926 4433 3150 4503 legitur,
3174 4433 3268 4486 καὶ
3300 4431 3442 4486 αὐτὰ
3463 4433 3532 4488 τὰ
3556 4435 3722 4506 Μαρ-

2134 4499 2316 4570 γύλια.
2354 4499 2490 4556 Vide
2517 4501 2878 4570 Stephanum.

2211 4573 2322 4641 (l0)
2360 4571 2650 4641 Perperani
2686 4570 2883 4640 legitur
2911 4573 2964 4625 iu
2997 4571 3161 4628 editis
3187 4574 3412 4636 Μένδος,
3437 4583 3492 4628 et
3521 4575 3574 4628 in
3603 4589 3710 4629 ms.

2137 4633 2337 4704 Μίνδος
2360 4659 2372 4671 ·
2411 4633 2534 4695 nam
2557 4633 2768 4704 Μύνδοξ
2794 4643 3144 4697 scribendmu
3176 4633 3442 4699 docemur
3465 4660 3529 4698 ex
3557 4643 3716 4698 Stra-

2141 4714 2302 4774 bone.
2338 4711 2632 4766 Ptolemao
2655 4721 2709 4765 et
2733 4710 3030 4780 Stephano.
3067 4712 3281 4780 Mindus
3315 4715 3518 4768 dicitur
3555 4714 3724 4769 Pom-

2141 4785 2324 4871 ponio.
2351 4783 2550 4871 Strabo
2584 4783 2678 4834 lib.
2713 4797 2801 4871 xiv
2830 4779 2994 4871 hath
3025 4799 3038 4834 :
3081 4779 3192 4866 [illi
3226 4785 3390 4871 ειὲὶὺς
3415 4785 3726 4871 ηξΜύνδοςρ

2139 4853 2337 4925 λιμένα
2394 4854 2629 4923 ἔχουσα’
2683 4853 2778 4905 καὶ
2822 4854 2960 4921 μετὰ
3009 4853 3216 4923 ταύτην
3267 4853 3580 4925 Βαργύλια,
3627 4859 3728 4909 καὶ

2141 4924 2279 4977 αὕτη
2309 4925 2484 4977 πόλις.

2214 4941 2589 5062 (Ῥίῗοΐιίςλιιε.
2645 4993 2867 5065 lcgilor.
2908 4994 3001 5046 καὶ
3049 4997 3082 5064 ἡ
3138 4994 3449 5065 καλουμένη
3496 4995 3727 5064 Στρόϐι-

2142 5063 2251 5125 λος.
2291 5065 2430 5128 Qnid
2469 5065 2747 5118 Strubilus
2776 5064 2900 5117 vide
2923 5063 3212 5122 Ortelium.
3266 5063 3323 5119 v.
3352 5063 3648 5120 Caucasus.

2216 5133 2329 5201 (12)
2363 5133 2452 5186 Sic
2490 5150 2593 5188 ms.
2617 5134 2822 5189 Codex.
2859 5134 2933 5188 De
2971 5136 3073 5189 hoc
3098 5134 3329 5189 Mausoli
3353 5136 3607 5201 sepulcro
3643 5135 3730 5187 lo~

2145 5203 2564 5274 quiturStrabo
2598 5206 2692 5257 lib.
2729 5221 2842 5270 xw,
2877 5221 2998 5274 pag.
3038 5206 3136 5258 451
3171 5205 3319 5259 εΕἱθ⁶
3363 5203 3732 5274 Ἀλικαρνασ-

2147 5274 2258 5346 σδς,
2300 5273 2361 5324 τὸ
2379 5272 2658 5346 βασίλειον
2681 5275 2788 5326 τῶν
2820 5272 2917 5345 τῆς
2941 5272 3153 5346 Καρίας
3183 5277 3482 5338 δυναστῶν,
3508 5272 3734 5346 Ζεφύρει

2061 5361 2078 5378 κ
2147 5343 2459 5412 καλουμένη
2490 5343 2756 5412 πρότερον
2777 5361 2788 5372 ·
2815 5343 3049 5398 ἐνταῦθα
3073 5346 3120 5397 δ’
3145 5347 3296 5402 ἐστὶν
3322 5349 3350 5399 ὅ
3369 5362 3428 5398 τε
3453 5345 3547 5398 τοῦ
3572 5343 3735 5399 Μαυ-

2149 5412 2540 5487 σώλουλτάιρος,
2577 5413 2686 5487 τῷν
2716 5414 2856 5467 ἑπτὰ
2896 5416 3186 5487 Θεαμάτων
3211 5417 3394 5486 ἔργον,
3426 5417 3563 5487 ὅπερ
3608 5417 3735 5486 Ἀρ·

2145 5483 2369 5552 τεμισία
2393 5481 2470 5553 τῷ
2507 5482 2662 5551 ἀνδρὶ
2691 5481 3088 5540 κατεσκεύασε.
3134 5481 3335 5540 Deinde
3367 5481 3734 5540 Halicarnas—

456 5559 580 5628 σξοςτ
613 5546 782 5628 Melae.
809 5567 939 5605 vero
971 5552 1057 5605 hic
1091 5546 1232 5605 idem
1282 5551 1439 5605 sinus
1469 5546 1844 5620 Bargyliae-us,
1898 5555 2046 5608 sinus
2149 5546 2260 5628 sui,
2322 5546 3107 5628 regia"dominorumtlariw,
3164 5558 3432 5627 quondam
3481 5553 3734 5626 Zepligm

455 5609 645 5666 Iasius
679 5614 907 5671 dicitur.

528 5682 605 5762 (ιτ)
641 5685 1010 5762 Sieeiuendo.
1055 5691 1110 5743 In
1145 5691 1312 5762 editis
1339 5701 1392 5743 et
1418 5694 1472 5745 in
1508 5707 1642 5746 mss.
1683 5692 1882 5762 legitur
1925 5696 2040 5746 ’Λν-

457 5753 679 5808 τανίων.
713 5755 782 5808 At
810 5755 1143 5825 Stephanus,
1171 5761 1421 5833 Bargyla,
1454 5764 1652 5832 inquit,
1680 5753 1810 5821 urbs
1841 5765 1934 5818 Car
1954 5765 2038 5831 ire,

2149 5625 2316 5695 dicm.
2356 5621 2444 5695 itii
2477 5621 2713 5695 Mausoli
2747 5625 3044 5694 sepulcrum
3078 5621 3187 5692 est,
3225 5643 3389 5680 unum
3427 5627 3491 5679 ('2
3534 5621 3732 5695 septem

2149 5692 2490 5767 mirabilibus
2511 5694 2695 5767 mundi
2725 5692 3062 5765 spectaculis,
3093 5698 3232 5767 quod
3261 5698 3453 5751 marita
3496 5692 3594 5750 suo
3621 5697 3726 5751 Ar-

2119 5817 2126 5822 _
2153 5763 2360 5819 tentisia
2395 5763 2696 5837 'ediﬁcart't.
