4044 6210
351 336 446 399 101

1437 332 1535 391 DE
1574 332 1920 392 THEMAT]
1933 331 2078 390 BUS
2117 331 2503 392 ORlENTlS.

3518 328 3624 392 102

348 452 536 517 ἄκρων
556 432 617 500 δέ
643 445 739 499 τοῦ
759 444 960 496 κῧλπου
984 444 1017 512 ἦ
1040 460 1098 495 τε
1134 442 1283 506 πόλις
1315 444 1545 496 Κνιδίων
1572 444 1933 513 κατῴκισται,

2042 445 2327 512 templum,
2359 446 2413 497 in
2449 458 2559 513 quo
2589 452 2707 497 eral
2730 452 2784 498 et
2816 445 2935 512 ejus
2967 445 3342 508 simulacrum,
3378 440 3623 495 Praxite-

348 542 445 594 καὶ
474 540 535 591 τὸ
564 542 666 607 τῆς
707 536 1024 608 Ἀφροδίτης
1052 538 1279 605 τέμενος
1314 536 1659 605 περιϐόητον,
1698 537 1754 587 ἐν
1781 528 1935 605 ᾧπερ

346 628 417 702 ἦν
451 631 514 683 τδ
542 633 645 700 τῆς
680 628 997 699 Ἀφροδίτης
1033 627 1275 696 ἄγαλμα,
1304 630 1570 697 μνημεῖον
1603 628 1702 696 τῆς
1736 627 1935 697 Πραξι-

351 722 546 784 τέλους
602 720 796 789 τέχνης
850 719 1326 789 ἀπαραμίλλητον.
1392 719 1841 772 Ἀπαναϐαινοντι
1881 718 1937 771 δὲ

355 808 495 878 πρὸς
531 807 813 872 ἀνατολάς,
873 807 1075 870 κόλπος
1104 806 1255 859 ἐστὶν
1309 807 1544 876 Οἴδημος
1600 802 1792 875 ὄνομα,
1845 806 1938 858 καὶ

357 899 525 969 λιμὴν
579 897 911 966 καλούμενος
954 897 1193 967 Λάρυμα
1216 914 1230 927 '
1267 890 1341 949 ὧν
1393 898 1680 949 κατέναντι
1711 899 1870 966 νῆσος
1900 898 1934 967 ἡ

360 992 531 1059 Σύμη.
560 989 665 1041 Καὶ
699 988 835 1058 πρὸς
864 990 925 1039 τὸ
957 988 1209 1055 πέλαγο;.
1231 989 1562 1059 καταντικρὺ
1584 989 1683 1057 τῆς
1721 988 1936 1041 Ῥοδίων

359 1080 586 1151 περαίας
644 1080 736 1132 καὶ
769 1080 1098 1150 όπλοθήκης,
1121 1081 1333 1151 νῆσοςὴ
1377 1081 1569 1143 Ῥόδος,
1603 1080 1739 1148 αὕτη
1765 1079 1936 1134 Πελα-

355 1172 443 1239 γία
459 1172 596 1242 (15),
619 1173 949 1241 ὲξήπλωται,
972 1170 1331 1243 ,πρὸςβορρἄ
1358 1190 1415 1224 τε
1440 1173 1536 1224 καὶ
1569 1173 1717 1225 νότον
1740 1174 1937 1224 ἐναπο-

354 1264 648 1315 6λέπουσα.
670 1263 972 1315 Διαὸαίνων
996 1280 1055 1315 τε
1078 1263 1174 1334 τὴν
1196 1263 1395 1333 ἐφεξῆς
1435 1264 1732 1328 Θάλασσαν,
1769 1266 1935 1335 εὑρή-

355 1373 469 1418 σεις
500 1355 654 1409 πόλιν
679 1355 983 1424 Τελμισσὸν
1014 1355 1125 1425 (IL)
1155 1356 1371 1424 ἐκείνην
1408 1357 1507 1427 τὴν
1553 1357 1929 1427 περιώνυμον

350 1447 544 1500 ἔπειτα
576 1448 833 1517 Πάταριο
869 1442 986 1498 εἶτα
1019 1446 1360 1516 Ξάνθον,τὴν
1386 1449 1761 1516 πρωτογόνους
1792 1451 1935 1505 ὲκεί-

351 1553 443 1589 νου
469 1537 562 1589 τοῦ
613 1538 909 1607 ζωγράφου
950 1536 1210 1605 πατρίδα,
1239 1536 1296 1600 ὃς
1348 1537 1410 1589 τὸ
1456 1538 1730 1591 Διονύσιον
1775 1541 1835 1591 τὸ
1880 1542 1937 1591 ὲν

363 1629 532 1698 Ῥόδῳ
547 1631 659 1691 τοῖς
689 1628 1062 1696 ζωγραφικοίς
1091 1628 1519 1699 κατελάμπρυνε
1540 1630 1774 1695 πίναξιν.
1802 1628 1937 1683 Εἶτα

352 1720 450 1788 τὴν
472 1720 689 1771 Λυκίων
713 1717 887 1782 πόλιν,
917 1719 1016 1789 τὴν
1050 1720 1352 1790 μυρίπνουν
1383 1738 1441 1774 τε
1487 1723 1580 1775 καὶ
1601 1722 1933 1793 τρισόλϐιον·

2047 534 2111 586 lis
2162 536 2593 599 monimentum,
2661 539 2905 589 omnium
2989 536 3124 590 citra
3190 534 3620 589 contrmersiam

2045 626 2577 693 prmstantissiumm.
2610 624 2771 677 Eunti
2824 640 2952 679 vero
2990 628 3256 680 orientem
3298 640 3512 688 versus,
3545 625 3621 679 sic

2044 732 2149 771 nus
2185 726 2267 770 est
2290 716 2566 771 (Edemus
2617 718 2877 784 nomine;
2923 726 2977 771 et
3002 727 3215 787 portus,
3268 719 3359 785 qui
3392 716 3623 787 Laryma

2044 808 2283 873 dicitur;
2319 824 2551 877 quarunt
2578 824 2643 862 ex
2686 809 2921 864 adverso
2950 811 3054 863 sita
3091 821 3173 863 est
3207 810 3384 863 insula
3421 808 3618 879 Syme:

2046 907 2097 952 et
2125 914 2317 954 versus
2341 914 2510 963 mare,
2540 914 2569 953 e
2600 900 2818 969 regione
2842 900 3257 955 trauslittoralis
3284 898 3622 954 Rhodiorum

2043 1005 2174 1055 orae,
2205 999 2256 1045 et
2312 992 2717 1045 armamentarii
2746 1030 2760 1054 ,
2817 993 2999 1046 insula
3051 992 3169 1062 ipsa
3207 991 3453 1057 Rhodus,
3501 1008 3626 1063 qua:

2040 1082 2203 1135 etiam
2255 1082 2470 1150 Pelagia
2515 1083 2736 1145 dicitur.
2776 1083 3108 1146 extenditur,
3174 1084 3397 1138 boream
3443 1092 3496 1137 et
3526 1099 3627 1138 au-

2042 1185 2217 1226 strum
2260 1188 2453 1228 versus
2506 1176 2824 1243 respiciens.
2866 1174 3110 1230 Ulterius
3159 1189 3288 1228 vero
3339 1190 3485 1229 mare
3522 1178 3627 1246 16

2044 1268 2345 1337 trajiciens,
2376 1267 2648 1322 celebrem
2694 1268 2841 1321 illam
2880 1269 3067 1323 urbem
3101 1266 3430 1323 Telmissum
3464 1282 3625 1336 repe-

2043 1360 2188 1424 ries;
2246 1358 2447 1413 deinde
2498 1359 2719 1422 Patara,
2778 1359 2905 1412 hinc
2953 1357 3254 1418 Xanthum.
3304 1358 3625 1425 Protogenis

2042 1451 2187 1505 illius
2218 1451 2439 1520 pictoris
2468 1451 2695 1517 patriam
2720 1467 2733 1515 ;
2766 1451 2859 1519 qui
2886 1448 3082 1504 Bacchi
3113 1451 3282 1505 aedem
3312 1450 3454 1519 apud
3478 1449 3626 1503 Rho-

2043 1542 2165 1595 dios
2202 1543 2449 1610 pictoriis
2484 1543 2682 1597 tabulis
2719 1543 3043 1607 illustravit;
3087 1544 3281 1598 deinde
3330 1542 3623 1613 Lyciorum

2047 1629 2257 1691 urbem,
2311 1639 2587 1696 unguenta
2635 1630 2956 1695 spirantem,
3006 1643 3058 1686 et
3103 1632 3255 1687 valde
3296 1631 3530 1692 beatam,
3567 1628 3623 1682 in

2044 1734 2151 1788 qua
2182 1734 2414 1787 magnus
2455 1719 2544 1772 ille
2578 1719 2860 1785 Nicolaus,
2898 1722 2993 1775 Dei
3026 1738 3214 1777 servus
3245 1739 3418 1792 myra.
3450 1724 3501 1776 id
3539 1729 3626 1775 est

354 1785 416 1862 ἐν
444 1805 589 1879 ᾗπερ
612 1811 640 1861 6
664 1808 835 1879 μέγας
856 1785 1141 1875 Νικόλαος,
1165 1814 1191 1864 6
1220 1812 1313 1865 τοῦ
1341 1812 1475 1866 Θεοῦ
1502 1785 1772 1881 θεράπων,
1799 1817 1933 1867 ἀνα-

2042 1820 2329 1877 unguenta
2370 1810 2601 1863 scaturit
2624 1810 2781 1878 juxta
2816 1811 2966 1864 urbis
2997 1827 3210 1864 nomen.
3245 1785 3624 1867 Hi'ncPhtnnix

352 1897 541 1961 ϐλύζει
590 1900 655 1952 τὰ
710 1900 855 1969 μύρα
897 1903 1037 1955 κατὰ
1080 1902 1139 1954 τὸ
1186 1903 1285 1971 τῆς
1318 1904 1525 1966 πόλεως
1557 1906 1747 1974 ὄνομα.
1801 1903 1932 1959 Εἶτα

353 1992 530 2056 Φοῖνιξ
558 1996 584 2045 6
610 1992 874 2062 ποταμὸς,
932 1996 1026 2046 καὶ
1058 1994 1213 2056 πόλις
1248 1993 1538 2064 ὁμώνυμος
1560 2011 1575 2024 ⁸
1617 1994 1735 2047 εἶτα
1761 2000 1931 2050 Φασι-

356 2083 436 2143 λις
463 2083 572 2150 (15)
598 2084 922 2151 περίκλυτος
944 2100 957 2113 ·
1004 2080 1121 2135 εἶτα
1142 2086 1175 2153 ἡ
1213 2084 1468 2136 Ἀττάλου
1508 2086 1600 2137 τοῦ
1636 2087 1933 2159 Περγαμη-

360 2170 452 2223 νοῦ
478 2172 629 2234 πόλις
653 2170 935 2241 ἐπώνυμος
953 2186 967 2200 ⁸
1017 2168 1133 2223 εἶτα
1164 2172 1224 2224 τὸ
1249 2172 1474 2224 Σύλαιον
1496 2191 1509 2205 ·
1540 2174 1730 2229 ἔπειτα
1750 2177 1935 2249 Πέργη

357 2263 391 2330 ἠ
420 2262 765 2332 περιώνυμος
791 2280 803 2291 ·
836 2258 954 2315 εἷτα
977 2263 1123 2330 Σίδη,
1141 2263 1200 2315 τὸ
1231 2264 1340 2315 τῶν
1371 2266 1646 2333 πειρατῶν
1670 2269 1937 2340 ἐργαστή-

356 2369 475 2421 ριον
497 2369 509 2382 ·
567 2350 688 2406 εἶτα
745 2354 975 2421 Σέλγηή
1012 2354 1123 2406 τῶν
1185 2356 1633 2425 Λακεδαιμονίων
1666 2358 1895 2421 ἄποικος
1919 2378 1930 2391 ·

353 2437 472 2493 εἶτα
525 2442 585 2493 τὸ
615 2442 941 2494 Καστὲλλιον
1004 2443 1129 2512 ὅρος
1162 2443 1494 2513 καλούμενον
1522 2446 1670 2516 (16)·
1720 2444 1839 2503 εἶτα
1874 2451 1935 2503 τὸ

355 2530 690 2602 καλούμενον
732 2533 1111 2604 Ἀνεμούριονο
1169 2529 1291 2587 εἶτα
1335 2537 1688 2608 ’Λντιόχειαή
1726 2542 1930 2610 μικρά·

356 2622 545 2675 ἔπειτα
576 2624 829 2693 Κιὸύῤῥα
866 2625 974 2696 (17)
1022 2626 1198 2689 πόλις,
1227 2627 1286 2692 ἐξ
1317 2623 1384 2698 ἧς
1416 2629 1507 2680 καὶ
1554 2630 1615 2683 τὸ
1669 2632 1809 2701 θέμα
1835 2635 1934 2703 τὴν

358 2710 685 2780 ὲφύὸριστον
720 2712 818 2766 καὶ
846 2712 1087 2781 πονηρὰν
1121 2714 1423 2782 ὀνομασίαν
1455 2715 1893 2787 ἐκληρονόμησεν
1916 2736 1930 2749 ·

357 2799 476 2853 εἶτα
543 2800 827 2867 Σελινοῦς,
874 2803 1069 2873 μικρὸν
1124 2804 1484 2873 πολισμάτιον
1546 2808 1640 2860 καὶ
1702 2810 1934 2879 τοταμὸν

354 2894 647 2965 ὁμώνυμον
689 2894 885 2964 ἔχουσα
928 2897 1039 2964 (18)
1070 2913 1082 2926 ο
1120 2892 1236 2950 εἶτα
1259 2899 1441 2961 Μέλας
1474 2902 1501 2953 6
1532 2900 1736 2971 ψυχρὸς
1770 2920 1935 2956 ποτα-

362 2988 458 3057 μός
484 3002 497 3016 ·
528 2987 721 3039 ἔπειτα
750 2987 850 3056 τῆς
881 2989 1056 3057 Συκῆς
1090 2989 1445 3058 πολισμάτιον
1471 3008 1484 3022 ·
1511 2989 1629 3044 εἶτα
1670 2992 1854 3063 λιμὴν,
1907 2997 1936 3047 6

357 3079 693 3149 καλούμενος
737 3080 973 3142 Παλαιός
999 3094 1013 3111 ⁸
1048 3075 1167 3132 εἶτα
1218 3081 1354 3153 αὐτὴ
1386 3082 1419 3151 ἡ
1454 3083 1778 3137 Σελεύκεια·
1841 3087 1936 3138 καὶ

356 3168 519 3222 αὐτα).
548 3169 648 3238 μὲν
679 3171 733 3222 αἱ
787 3169 1227 3240 παραθαλάσσιοι
1280 3172 1485 3237 πόλεις,
1542 3174 1607 3236 ἃς
1634 3177 1662 3227 6
1694 3176 1803 3228 τῶν
1838 3178 1937 3229 Κι-

358 3261 1069 3332 ϐυρραιωτῶν.στρατηγὸς
1126 3262 1464 3332 διανέμεται.
1520 3266 1666 3319 ’Δνω
1712 3267 1768 3319 δὲ
1801 3268 1936 3337 πρὸς

357 3349 454 3419 τὴν
484 3352 731 3421 ἠπειρον,
781 3353 875 3404 καὶ
914 3351 1085 3421 αὐτὴν
1117 3352 1215 3421 τὴν
1252 3354 1563 3423 μεσόγαιον,
1610 3358 1667 3410 ὲν
1702 3351 1935 3429 ᾕκατα-

355 3441 510 3511 λήγει
534 3443 593 3494 τὸ
618 3442 725 3495 τῶν
749 3443 1076 3513 Θρᾳκησίων
1115 3442 1447 3513 καλούμενον
1489 3445 1654 3515 θέμα,
1687 3448 1935 3518 ἀπάρχε-

355 3551 447 3587 ται
477 3534 575 3604 μὲν
608 3536 714 3587 άπὸ
754 3536 922 3605 αὐτῆς
949 3535 1050 3604 τῆς
1075 3535 1316 3605 Μιλήτου
1342 3536 1476 3608 (19),
1519 3534 1637 3591 εἶτα
1663 3537 1931 3593 διαϐαίνει

354 3627 454 3697 τὴν
486 3627 925 3696 Στρατονίκειαν,
966 3629 1063 3682 καὶ
1089 3630 1155 3681 τά
1190 3628 1501 3698 καλούμενα
1543 3631 1807 3699 Μογωλᾶ,
1835 3633 1931 3685 καὶ

354 3720 453 3788 τὴν
503 3720 659 3771 πόλιν
692 3720 940 3790 Πισύης·
998 3722 1300 3792 διεκτρέχει
1356 3723 1540 3795 δὲτὴν
1585 3728 1931 3797 καλουμένην

365 3811 578 3879 Ἁγίαν,
613 3813 706 3863 καὶ
749 3815 1087 3882 παρέρχεται
1134 3815 1232 3885 τὴν
1263 3816 1600 3885 Ταυρόπολιν
1624 3834 1635 3844 '
1670 3822 1929 3873 συνάπτει

350 3903 413 3956 δὲ
444 3904 581 3971 πρὸς
612 3902 709 3968 τὴν
762 3902 883 3953 Τλῶ
910 3907 1003 3954 καὶ
1036 3906 1277 3967 Οἰνιάδα,
1316 3902 1435 3957 εἶτα
1486 3908 1821 3977 παρέρχεται
1842 3912 1934 3961 Φί-

352 3994 515 4062 λητα,
551 3992 646 4045 καὶ⁵
698 3994 869 4062 αὐτὴν
898 3993 996 4063 τὴν
1044 3994 1375 4048 Ποδάλειαν·
1427 3996 1732 4066 διεκτρέχει
1789 4000 1935 4052 δὲτὸ

356 4084 691 4155 καλούμενον
740 4086 1134 4155 Ἀνεμότειχος,
1188 4088 1283 4140 καὶ
1337 4086 1599 4141 συνάπτει
1654 4090 1787 4159 πρὸς
1836 4091 1935 4160 τὴν

2036 1902 2258 1963 ﬂuvius.
2296 1911 2350 1955 et
2408 1901 2541 1955 urbs
2588 1901 2837 1970 ejusdem
2892 1901 3133 1954 nominis
3168 1902 3449 1967 cernitur;
3494 1917 3622 1957 mox

2034 1992 2268 2047 Phasilis
2296 1992 2714 2047 celeberrimum
2741 1992 3021 2062 Oppidum,
3057 1992 3255 2046 deinde
3284 1992 3447 2045 Attali
3493 1991 3625 2046 Pcr-

2035 2084 2246 2153 gameni
2294 2084 2449 2147 urbs,
2494 2083 2560 2137 ab
2588 2098 2655 2138 eo
2688 2099 2885 2137 nomen
2936 2084 3165 2137 habens.
3202 2082 3333 2137 Inde
3363 2082 3624 2153 Sylaeum,

2038 2171 2234 2226 deinde
2261 2171 2454 2242 Perge,
2487 2172 2717 2226 celebris
2756 2174 2910 2234 urbs.
2948 2186 3072 2224 mox
3118 2170 3268 2235 Side.
3320 2170 3624 2239 piratarum

2037 2264 2251 2319 ollicina
2274 2280 2289 2328 ;
2316 2263 2511 2318 exinde
2544 2262 2701 2331 Selga
2737 2263 2887 2326 urbs,
2920 2261 3455 2316 Laeedauuoniorum
3485 2260 3628 2315 colo-

2040 2356 2149 2407 nia.
2178 2352 2308 2407 lnde
2337 2368 2496 2407 mons
2523 2352 2844 2408 Castellium
2863 2354 3309 2423 cognominatus,
3332 2352 3459 2407 hinc
3480 2354 3625 2406 Ane-

2038 2447 2299 2508 murium.
2329 2445 2528 2500 exinde
2563 2446 2854 2500 Antiochia
2887 2445 3086 2510 minor,
3122 2446 3355 2502 ulterius
3389 2446 3621 2517 Cibyrra

2038 2538 2191 2599 urbs,
2242 2550 2271 2588 a
2303 2551 2407 2605 qua
2440 2546 2489 2590 et
2532 2540 2713 2591 thema
2751 2536 3169 2605 ignominiosam
3227 2551 3290 2590 ac
3327 2536 3485 2590 vilem
3526 2550 3625 2605 ap-

2037 2631 2388 2698 pellationem
2426 2629 2659 2698 accepit.
2695 2628 2825 2683 Inde
2853 2629 3093 2689 Selinus,
3138 2643 3363 2698 parvum
3393 2627 3622 2696 oppidu-

2037 2723 2170 2782 lum.
2232 2731 2285 2774 et
2336 2720 2534 2774 lliunen
2588 2721 2834 2789 ejusdem
2878 2719 3148 2784 nominis;
3205 2728 3392 2788 postea
3459 2717 3624 2772 Melas

2038 2813 2248 2880 gelidus
2270 2812 2503 2875 ﬂuvius;
2539 2812 2736 2865 deinde
2758 2812 2927 2882 Syces
2957 2811 3296 2881 oppidulum.
3328 2809 3461 2863 llinc
3497 2825 3626 2879 por-

2038 2914 2147 2968 tus,
2182 2905 2362 2958 dictus
2390 2904 2700 2973 Antiquus;
2725 2904 2850 2957 inde
2882 2904 3133 2957 Seleucia
3164 2904 3304 2972 ipsa.
3334 2904 3509 2972 Atque
3542 2903 3624 2956 ha:

2038 2994 2259 3063 quidem
2293 3000 2423 3048 sunt
2451 2992 2741 3046 maritima:
2773 2992 2958 3056 urbes,
2991 3008 3130 3061 quas
3160 2992 3622 3061 Cibyrrmotarum

2042 3094 2241 3154 praetor
2291 3084 2663 3139 administrat.
2713 3083 2973 3154 Superius
3024 3093 3203 3139 autem
3251 3084 3621 3137 continentem

2038 3184 2091 3229 et
2126 3174 2521 3228 mediterranea
2560 3189 2776 3237 versus,
2817 3173 2909 3228 ubi
2938 3173 3139 3228 desinit
3168 3172 3624 3236 thema.Tln-ace-

2040 3266 2247 3319 siorum
2310 3265 2539 3329 dictum,
2592 3265 2784 3333 incipit
2847 3265 3067 3333 quidem
3113 3266 3182 3318 ab
3242 3266 3359 3333 ipsa
3414 3263 3620 3325 Mileto.

2039 3356 2241 3409 transit
2284 3354 2483 3410 deinde
2521 3354 2940 3418 Stratoniciam,
2981 3364 3036 3409 et
3069 3369 3189 3424 quae
3215 3362 3480 3408 vocantur
3508 3353 3624 3407 Illo-

2037 3449 2183 3517 gola,
2214 3458 2267 3503 et
2299 3448 2489 3502 urbem
2538 3446 2792 3517 Pisyam;
2837 3447 3112 3517 percurrit
3142 3446 3307 3500 etiam
3357 3458 3475 3499 eam
3501 3457 3626 3513 quc

2035 3543 2206 3612 l’lagia
2240 3541 2466 3607 dicitur,
2494 3549 2546 3595 et
2580 3538 2933 3609 Tauropolim
2962 3556 2976 3593 :
3005 3537 3270 3609 pertingit
3295 3551 3423 3590 vero
3453 3539 3618 3590 etiam

2034 3634 2196 3700 'l‘lon,
2230 3646 2281 3687 et
2311 3634 2611 3688 UEniadem
2646 3648 2838 3703 usque.
2885 3631 3105 3686 Transit
3150 3630 3349 3685 deinde
3385 3627 3617 3692 Phileto,

2032 3736 2086 3779 et
2123 3728 2295 3794 ipsam
2333 3725 2648 3790 l’odaliam;
2682 3725 3171 3793 pertransicnsque
3200 3724 3276 3788 id,
3311 3721 3456 3792 quod
3486 3723 3623 3775 Ane-

2034 3817 2308 3871 motichos
2351 3817 2574 3879 dicitur,
2612 3815 2871 3884 pertingit
2915 3815 2982 3869 ad
3015 3816 3205 3868 urbem
3234 3813 3615 3883 Sagalassum.

2036 3907 2176 3957 Hinc
2224 3905 2427 3957 desinit
2458 3905 2508 3955 in
2534 3912 2719 3971 partes
2753 3903 2946 3964 Tauri,
2990 3918 3128 3970 quas
3160 3902 3332 3955 Isauri
3374 3903 3619 3955 incolue—

2039 4004 2189 4049 runt.
2231 3994 2409 4057 Atque
2436 3992 2533 4043 hic
2576 3992 2795 4057 quidem
2827 3998 2910 4043 est
2940 3991 3199 4042 thematis
3245 3989 3621 4059 Cibyrraeotici

2040 4081 2300 4138 ambitus.
2334 4080 2686 4151 Cibyrrarotze
2726 4087 2907 4132 autem
2949 4076 3245 4147 appellatio
3294 4091 3323 4129 a
3362 4076 3621 4145 Cibyrra.

2036 4176 2150 4239 vili,
2197 4183 2250 4229 et
2282 4172 2502 4227 obscuri
2557 4171 2836 4236 nominis,
2886 4168 3169 4240 oppidulo,
3227 4168 3303 4222 uti
3356 4166 3620 4232 diximus,

2033 4266 2228 4320 ﬂuxit:
2286 4278 2460 4333 eaque
2514 4262 2807 4332 appellatio
2855 4262 2923 4315 ad
2972 4259 3365 4330 ignominiam,
3407 4272 3517 4321 non
3549 4256 3618 4313 all

355 4174 511 4227 πόλιν
544 4174 933 4243 Σαγαλασσόν·
992 4171 1111 4228 εἶτα
1156 4177 1453 4247 καταλήγει
1497 4179 1634 4248 πρὶς
1685 4179 1753 4232 τὰ
1790 4179 1932 4250 μέρη

355 4266 449 4319 τοῦ
484 4267 724 4338 Ταύρου,
760 4268 818 4321 ὲν
857 4261 901 4335 ᾧ
933 4268 991 4321 τὸ
1019 4268 1129 4321 τῶν
1172 4268 1431 4339 Ἰσαύρων
1482 4270 1638 4336 ’γένος
1688 4274 1927 4341 κατῴκι-

358 4361 636 4413 σται.·Κα“ι
669 4360 905 4431 τοσαύτη
943 4361 1043 4429 μὲν
1072 4363 1104 4432 ἡ
1139 4361 1233 4414 τοῦ
1299 4360 1719 4431 Κιϐυρραιώτου
1770 4379 1931 4434 περι-

2039 4358 2272 4422 Iaudem,
2307 4356 2475 4410 indita
2501 4362 2586 4409 est
2610 4371 2625 4420 ;
2653 4353 2799 4423 quod
2831 4353 3149 4423 frequenter
3179 4367 3265 4406 res
3295 4366 3467 4405 novas
3499 4366 3618 4406 mo-

354 4453 684 4523 οχή.Ἐλα6ε
712 4453 767 4505 δὲ
794 4453 890 4522 τὴν
921 4456 1331 4525 προσωνυμίαν,
1361 4457 1508 4512 ὥσπε
1519 4475 1548 4525 ρ
1583 4457 1811 4527 ἔφαμεν,
1832 4456 1927 4510 τοῦ

2039 4453 2134 4515 liti.
2197 4458 2250 4505 et
2293 4448 2646 4503 refractarios
2712 4462 2836 4500 sese
2894 4446 3158 4500 adversus
3221 4445 3616 4513 imperatorum

354 4544 638 4597 καλεῖσθαι
696 4545 1143 4617 Κιϐυρραιώτης,
1177 4549 1285 4601 ἀπὸ
1340 4549 1645 4620 Κιὸύρῤας,
1678 4548 1929 4611 εὐτελοῦς

2039 4544 2295 4599 mandata
2335 4541 2684 4610 praebuerint.
2718 4538 2944 4594 llhodus
2974 4549 3152 4592 autem
3188 4538 3386 4601 insula,
3415 4538 3469 4589 in
3502 4548 3621 4587 me-

354 4636 448 4688 καὶ
473 4636 919 4704 ἀκατονομάστου
944 4637 1297 4706 πολίσματος,
1333 4640 1469 4708 πρὸς
1502 4637 1679 4708 ὓϐριν,
1705 4639 1765 4691 ού
1799 4638 1929 4706 πρὸς

2041 4636 2254 4690 ditullio
2282 4633 2498 4702 quidem
2537 4632 2699 4699 hujus
2734 4631 2990 4685 thematis
3025 4632 3126 4684 sita
3160 4637 3263 4694 est,
3295 4629 3361 4682 ad
3393 4628 3616 4682 boream

1506 4795 1805 4851 ANSELMI
1836 4795 2165 4852 BANDURll
2192 4791 2425 4847 ΝΟΤᾹΞ.

424 4937 538 5010 (15)
576 4936 803 5010 Sicgms.
836 4937 1040 5010 Codex.
1090 4938 1235 4993 Editi
1266 4938 1495 5005 habent,
1530 4940 1690 5009 νῆσος
1731 4942 1764 5010 ἡ
1808 4942 1927 4993 Ῥό-

350 5008 442 5069 δος
467 5006 604 5075 αῦτη
635 5006 842 5074 πλαγία
887 5008 1217 5077 ὲξήπλωται.
1253 5010 1385 5075 Quae
1417 5006 1721 5063 Vulcanius
1753 5006 1930 5063 inter-

352 5085 632 5146 pretatur:
673 5078 847 5130 insula
884 5077 1098 5132 Rhodus
1131 5080 1336 5147 oblique
1378 5078 1703 5133 extenditur.
1754 5082 1821 5132 At
1852 5082 1929 5135 le-

353 5148 752 5220 gendum_esse
782 5147 1025 5215 Πελαγία
1073 5160 1126 5203 et
1163 5165 1270 5204 non
1304 5149 1509 5216 πλαγία
1561 5160 1928 5220 prazterquam

350 5232 419 5269 ex
451 5230 553 5269 ms.
580 5216 843 5270 docemur
866 5234 931 5272 ex
954 5219 1257 5281 Antonino,
1288 5220 1381 5286 qui
1408 5216 1642 5272 insulam
1676 5216 1927 5275 Rhodum

352 5286 623 5357 Pelagiani
654 5289 1227 5357 etiaminuncupatain
1266 5288 1438 5342 fuisse
1465 5290 1677 5343 scribit.

424 5357 535 5427 (11)
569 5356 660 5410 Sic
689 5372 791 5413 ms.
814 5356 955 5411 Editi
984 5356 1137 5411 πόλιν
1163 5358 1452 5427 Τελμισόν.
1488 5359 1806 5427 Τελμησσὸς
1832 5376 1930 5412 att-

351 5433 461 5497 tem
498 5425 611 5479 διιξο
654 5429 792 5497 urbs
826 5428 1101 5497 scribitur
1146 5425 1287 5497 apml
1343 5425 1690 5483 Ptolemaeum
1728 5436 1782 5483 et
1827 5428 1938 5483 Pli-

348 5496 541 5617 iliiuni;
578 5496 881 5565 Τελμισσὺς
926 5514 1057 5554 vero
1092 5496 1348 5552 Straboni
1399 5509 1454 5552 et
1481 5498 1763 5565 Arriano;
1799 5501 1934 5555 urbs

398 5581 554 5617 vene.

397 5581 779 5708 y(cl'.:>')‘3._ltams.
813 5636 1105 5708 Perperam
1156 5638 1208 5691 in
1239 5638 1403 5693 editis
1430 5639 1653 5708 legitur,
1686 5637 1930 5701 Βασιλίς.

348 5705 507 5777 Apud
556 5705 1189 5779 Ριοιοηιωιιηιψασῆλις
1238 5705 1524 5776 scribitur,
1554 5707 1731 5780 Lyciae
1775 5710 1934 5779 Oppi-

2029 4941 2156 4994 dum
2180 4980 2194 4999 ,
2229 4939 2370 5000 apud
2390 4950 2520 4989 vero
2536 4934 2769 4988 Plinium
2792 4940 2844 4987 et
2873 4930 3232 5000 Stephanum,
3258 4926 3614 5000 Pamphyliae.

2108 5009 2221 5079 (16)
2257 4999 2398 5079 Editi
2432 5005 2658 5079 habent,
2695 4999 3233 5079 eira_~c6_l{oi_).).targv
3256 4999 3394 5079 ’ὅρος
3421 4999 3615 5079 καλού-

2076 5068 2218 5131 ενονί
2268 5076 2560 5129 Castalium
2601 5088 2797 5127 nomen
2832 5074 2933 5127 loci
2979 5073 3130 5126 circa
3172 5068 3524 5124 Palaastinam
3555 5069 3612 5121 in

2076 5099 2218 5131 ενον.
2268 5099 2560 5129 υδδιυιιιιιιι
2602 5099 2797 5127 ιιυιιιιςιι
2832 5099 2933 5127 ιυυι
2979 5099 3130 5126 υηυᾶι
3172 5099 3194 5122 ι

2032 5099 2152 5205 τῆς]
2181 5148 2359 5202 sancti
2397 5144 2553 5199 Saba!
2581 5143 2722 5212 apud
2754 5142 3197 5212 Metaphrastem.

2101 5218 2212 5288 (17)
2259 5214 2481 5288 δίοίηιε.
2531 5206 2731 5288 Codex.
2782 5206 2912 5266 DuaE
2958 5212 3119 5288 hujus
3144 5210 3404 5288 _no_minis
3447 5206 3614 5260 urbes

2031 5281 2204 5361 apud'
2224 5287 2550 5361 Strabonem
2605 5283 2876 5361 habentur
2896 5300 2933 5361 ;.
2960 5281 3362 5361 alter__Kl6upa
3415 5289 3612 5361 magna

2038 5350 2183 5414 haud
2215 5359 2460 5429 procula
2490 5353 2761 5429 Magandrp
2789 5352 3010 5429 ﬂumine
3033 5350 3250 5429 ;_altera
3275 5360 3413 5429 vero
3433 5350 3614 5397 minor

2036 5430 2181 5483 hami
2215 5416 2436 5497 'procul
2465 5441 2503 5497 a7
2527 5424 2661 5497 Mela
2716 5423 2882 5497 lluyio
2923 5432 3013 5497 :_et
3039 5421 3105 5473 de
3135 5421 3233 5497 hac
3260 5416 3480 5484 quidem
3518 5429 3611 5469 se-

2036 5500 2213 5554 cunda
2244 5493 2462 5551 'videtur
2498 5496 2585 5549 hic
2608 5496 2754 5565 loqui
2782 5493 3310 5566 Porpliyrogenitus.

2108 5568 2222 5637 (l8)
2255 5568 2382 5622 Hmc
2413 5573 2466 5620 et
2493 5565 2790 5637 sequentia
2805 5578 2871 5637 ex
2898 5565 3367 5637 riis.‘repommus.

2109 5625 2222 5707 ita)
2261 5639 2322 5693 ιη
2361 5637 2526 5693 editis
2566 5625 2666 5706 pro
2696 5632 2941 5701 Μιλήτου
2981 5628 3180 5696 ubique
3209 5625 3403 5696 legitur
3433 5625 3607 5697 Μηλί-

2033 5724 2123 5761 του
2131 5746 2146 5763 ο
