4014 6212
446 297 555 364 123

1457 297 1969 359 CONSTANTINI
2011 295 2692 357 PORPHYROGENITI

3593 295 3695 358 124

445 412 716 471 Leonides
747 413 836 468 ille
873 411 1317 467 Lacedaemonius
1361 428 1484 468 eum
1525 415 1788 468 trecentis
1831 413 2018 466 militi—

2135 410 2319 462 ιοσίων
2346 410 2698 479 στρατιωτῶν
2727 410 2958 480 ἀντέστη
3001 406 3179 480 Ξέρξῃ
3218 406 3298 477 τῷ
3322 406 3430 460 τῶν
3473 407 3698 480 Περσῶν

445 507 550 559 bus
579 505 792 559 obstitit
822 503 986 558 Xerxi
1019 503 1311 557 Persarum
1344 504 1478 573 regi.
1523 506 1698 572 Atque
1727 504 1841 558 Ita-c
1868 511 2020 568 sunt,

443 613 566 669 quze
588 596 942 650 continentur
966 594 1019 647 in
1045 591 1286 656 Hellade,
1324 601 1381 647 ut
1405 594 1597 647 scribit
1622 594 1922 650 Hierocles.

846 685 1041 739 Thema
1080 684 1172 745 VI,
1208 684 1618 753 Pelolionnesus.

516 775 838 839 Corinthus,
885 775 1012 829 olim
1058 774 1274 845 Ephyra
1330 784 1664 840 nuncupata,
1709 778 2025 846 metropolis

445 878 530 922 est
565 868 734 922 tetius
769 865 1044 932 llellados,
1091 874 1252 934 atque
1292 866 1467 937 ipsius
1504 866 1891 936 Peloponnesi,
1923 869 2026 923 hoc

444 970 549 1024 est,
610 959 847 1014 Acltaize.
903 957 1038 1012 Nam
1095 956 1330 1014 Romani
1393 957 1759 1028 Peloponnesi
1815 958 2025 1014 incolas

443 1051 672 1106 Achzeos
705 1051 1002 1120 appellant.
1038 1049 1133 1103 Est
1176 1060 1358 1104 autem
1404 1049 1657 1104 universa
1691 1051 1869 1106 insula
1923 1053 2026 1106 sub

445 1157 556 1196 uno
602 1153 835 1210 prmlore
876 1143 1195 1204 constituta,
1244 1151 1297 1194 et
1346 1141 1509 1196 urbes
1551 1156 1618 1194 ιι.
1647 1143 1926 1207 continet;
1958 1159 2024 1198 ex

445 1233 648 1299 quibus
710 1232 978 1301 insignes,
1030 1231 1332 1286 Corinthus
1390 1231 1732 1300 metrOpolis,
1801 1232 2024 1303 Sicyon,

444 1324 644 1389 Argus,
676 1322 1094 1378 Lacedaemonia
1122 1322 1428 1395 Laconicae,
1471 1339 1590 1392 quae
1630 1333 1788 1378 antea
1831 1323 2028 1394 Sparta

445 1417 754 1471 dicebatur.
780 1415 902 1470 Alia
947 1417 1268 1486 metropolis
1296 1414 1472 1472 Patrae
1499 1425 1836 1487 nuncupata.
1872 1416 2028 1472 Pelo-

445 1525 728 1578 ponnesus
773 1518 952 1562 autem
997 1516 1109 1564 tres
1153 1509 1551 1577 appellationes
1580 1509 1816 1574 obtinet,
1845 1517 1906 1563 ut
1933 1507 2028 1564 Ni-

446 1599 636 1654 colaus
663 1598 1030 1652 Damascenus
1066 1599 1262 1653 scribit
1289 1599 1343 1652 in
1375 1608 1572 1667 quarta
1621 1599 1874 1656 historia.
1918 1599 2027 1653 lta-

447 1706 556 1757 que
587 1689 823 1742 maxime
853 1687 995 1741 inter
1043 1686 1192 1741 illius
1241 1687 1504 1758 temporis
1548 1688 1826 1758 principes
1871 1688 2026 1745 Pelo-

444 1779 585 1848 pida:
619 1779 930 1848 pollebant;
979 1793 1045 1833 ac
1097 1776 1512 1849 Peloponnesus
1546 1779 1697 1848 ipsos
1725 1781 2026 1848 spectabat,

449 1880 504 1928 et
537 1875 606 1927 ab
639 1873 995 1942 ipsisnomen
1023 1889 1182 1928 suum
1218 1873 1519 1942 retinebat;
1559 1889 1684 1930 cum
1715 1875 1888 1932 tribus
1913 1876 2026 1945 jam

447 1971 613 2020 antea
649 1964 964 2019 numinibus
999 1964 1269 2033 appellata
1314 1963 1541 2032 fuisset;
1606 1966 1877 2036 siquidem
1926 1968 2030 2023 sub

447 2055 616 2124 Apio,
667 2055 781 2108 lilio
841 2046 1135 2120 Phoronei,
1163 2054 1448 2111 dicebatur
1472 2057 1626 2126 Apia;
1669 2059 1772 2113 sub
1803 2059 2031 2128 Pelasgo

447 2147 704 2216 indigena
724 2187 739 2212 ,
787 2146 1035 2216 Pelasgia
1061 2165 1076 2214 ;
1102 2149 1207 2203 sub
1233 2147 1377 2218 Argo
1403 2149 1566 2202 etiam
1597 2150 1714 2219 ipsa
1745 2151 1922 2220 Argos
1946 2151 2031 2206 di-

447 2240 680 2293 cebatur
706 2255 721 2292 :
757 2238 994 2308 denique
1018 2238 1122 2294 sub
1142 2237 1358 2309 Pelope,
1392 2241 1485 2308 qui
1512 2238 1852 2295 (Enomaum
1881 2243 2031 2297 vice-

451 2338 562 2393 rat,
591 2330 1009 2396 Peloponnesus
1039 2332 1318 2402 proprium
1351 2331 1454 2387 hoc
1481 2348 1677 2388 nomen
1709 2334 2027 2390 vindicavit.

454 2419 554 2474 Est
590 2430 777 2474 autem
813 2421 1218 2476 cherronnesus
1248 2422 1376 2478 vitis
1407 2423 1657 2491 pampino
1691 2423 1862 2494 ﬁgura
1909 2441 2033 2495 per-

447 2509 698 2566 similis:
760 2509 1055 2581 Dionysius
1099 2520 1278 2566 tamen
1322 2513 1525 2580 platani
1581 2512 1716 2569 lolio
1756 2513 2031 2586 Pelopon-

449 2617 646 2658 nesum
688 2612 992 2672 comparat,
1025 2603 1128 2657 hoc
1156 2618 1318 2658 versu
1351 2621 1365 2657 :

523 2691 822 2747 Persimilis
849 2693 1056 2762 platani
1088 2693 1240 2762 folio,
1266 2695 1352 2747 cui
1379 2694 1556 2764 cuspis
1584 2705 1742 2752 acula
1769 2707 1872 2753 est.
1908 2696 1916 2703 ’

453 2781 613 2836 Circa
645 2785 759 2838 haec
795 2784 914 2852 ipsa
951 2784 1067 2838 loca
1101 2794 1308 2853 septem
1359 2795 1486 2840 sunt
1520 2787 1732 2853 insulse,
1781 2804 1904 2857 quas
1931 2788 2032 2845 Pe-

455 2873 792 2942 loponnesia‘.
819 2887 1231 2944 nuncupantur.
1274 2876 1350 2932 Ac
1381 2876 1462 2932 sic
1501 2877 1724 2947 quidem
1763 2878 2030 2949 Pelopon-

455 2981 626 3021 nesus
659 2982 719 3022 se
759 2967 944 3032 habet.
995 2967 1138 3022 Olim
1174 2965 1392 3036 quidem
1423 2969 1572 3038 regio
1619 2969 1713 3023 illa
1758 2969 2034 3040 guberna-

2125 498 2356 568 βασιλεῖ.
2391 500 2502 552 Καὶ
2531 499 2770 553 τοσαῦτα
2803 501 2902 570 μὲν
2935 502 2967 569 ή
3010 499 3204 562 Ἐλλάς
3243 499 3383 552 κατὰ
3411 500 3502 554 τὸν
3535 500 3698 572 Ἱεροη

2124 590 2276 643 κλέα.

2513 682 2671 751 Θέμα
2696 686 2786 749 εἷ’,
2821 683 3311 750 Πελοπόννησος.

2197 773 2483 844 Κόρινθος,
2540 775 2572 844 ὴ
2631 774 2761 827 ποτε
2817 772 3060 842 Ἐφύρα,
3127 775 3459 845 μητρόπολις
3522 779 3705 849 πάσης

2140 864 2430 930 Ἑλλάδος,
2498 867 2592 919 καὶ
2655 866 2826 934 αὐτῆς
2907 866 3352 937 Πελοποννήσου.
3422 871 3707 923 τουτέστιν

2140 940 2383 1026 ’Λχαῖας.
2416 958 2480 1010 Οί
2520 958 2630 1026 γὰρ
2686 957 2947 1027 Ῥωμαῖοι
2993 957 3120 1021 τοὺς
3165 959 3263 1028 τὴν
3301 959 3707 1031 Πελοπόννησον

2125 1049 2426 1113 οἰκοῦντας,
2459 1049 2710 1120 Ἀχαιοὺς
2735 1049 3091 1119 ὀνομάζουσιν
3123 1050 3256 1120 (Η).
3283 1052 3441 1104 Ἔστι
3467 1052 3524 1105 δὲ
3553 1057 3710 1109 πᾶσα

2126 1143 2160 1211 ἡ
2188 1144 2351 1211 νῆσος
2384 1141 2497 1213 (Ιὲ)
2541 1142 2645 1194 ὑπὸ
2682 1143 2764 1194 ἐνὶ
2808 1141 3102 1211 στρατηγῷ
3139 1145 3451 1214 τεταγμένη
3473 1185 3489 1210 ,
3521 1147 3709 1210 πόλεις

2127 1231 2326 1301 ἔχουσα
2384 1239 2437 1299 μ’
2485 1231 2629 1302 US)“
2679 1231 2739 1296 ἐξ
2796 1225 2871 1285 ὧν
2916 1233 3054 1286 εἰσιν
3090 1233 3377 1302 ἐπίσημοι,
3441 1237 3710 1306 Κόρινθος

2131 1322 2486 1392 μητρόπολις,
2550 1323 2790 1389 Σικυὼν,
2844 1325 3080 1394 Ἄργος,
3141 1325 3551 1395 Λακεδαιμονία
3604 1333 3712 1398 τῆς

2127 1411 2472 1481 Λακωνικῆς,
2513 1413 2546 1482 ἡ
2581 1413 2712 1483 πρὶν
2763 1413 2987 1484 Σπάρτη
3012 1429 3026 1442 '
3069 1413 3232 1484 ἑτέρα
3288 1416 3620 1486 μητρόπολις
3649 1419 3710 1470 αἱ

2127 1501 2416 1572 λεγόμεναι
2463 1504 2693 1576 Πάτραι.
2738 1506 2801 1558 Ἡ
2848 1505 2906 1560 δὲ
2951 1506 3354 1576 Πελοπόννησος
3391 1511 3538 1580 τρεῖς
3593 1511 3710 1580 ἔχει

2129 1594 2470 1664 ἐπωνυμίας,
2509 1595 2584 1658 ὡς
2613 1597 2642 1649 6
2667 1596 2933 1659 Νικόλαος
2957 1599 2986 1650 6
3017 1599 3376 1668 Δαμασκηνὸς
3412 1600 3617 1670 γράφει
3649 1605 3712 1654 ἑν

2129 1685 2363 1757 τετάρτῃ
2401 1687 2630 1758 ἱστορίᾳ.
2686 1689 2958 1753 Μέγιστον
3001 1689 3096 1743 οὖν
3137 1689 3247 1742 τῶν
3280 1691 3400 1743 τότε
3441 1692 3625 1763 ἴσχυον
3659 1697 3714 1746 οί

2133 1775 2458 1828 Πελοπίδαι·
2490 1775 2587 1829 καὶ⁵
2620 1777 2653 1843 ἡ
2689 1776 3096 1848 Πελοπόννησος
3125 1780 3206 1840 είς
3234 1779 3431 1840 αὐτοὺς
3460 1783 3712 1849 ἀφεώρα,

2130 1868 2225 1921 καὶ
2271 1866 2402 1922 αὐτὸ
2453 1866 2693 1937 τοῦνομα
2738 1868 2937 1938 ἔχουσα
2988 1867 3082 1922 ἀπ’
3126 1869 3370 1932 ἐκείνων,
3418 1875 3572 1942 τρεῖς
3603 1873 3712 1944 ἥδη

2131 1959 2396 2030 πρότερον
2426 1959 2706 2026 ἀλλάξασα
2752 1961 2851 2022 τὰς
2895 1959 3236 2031 ἐπωνυμίας.
3285 1961 3414 2015 Ἐπὶ
3460 1963 3560 2032 μὲν
3597 1965 3716 2035 γὰρ

2144 2050 2349 2114 Ἀπίου,
2381 2049 2474 2104 τοῦ
2507 2050 2824 2120 Φορωνέως,
2869 2050 3115 2106 ἐκαλεῖτο
3146 2051 3333 2120 ’Δπίη.
3361 2055 3491 2108 Ἐπὶ
3516 2054 3575 2107 δὲ
3606 2056 3718 2109 Πε-

2131 2143 2332 2211 λασγοῦ
2369 2142 2463 2196 τοῦ
2491 2143 2832 2213 αὐτόχθονος,
2859 2143 3156 2210 Πελασγία.
3205 2142 3334 2197 Ἐπὶ
3378 2145 3436 2198 δὲ
3475 2146 3713 2216 Ἄργου,

2133 2234 2233 2286 καὶ
2269 2231 2406 2301 αύτή
2451 2233 2757 2303 ὁμωνύμως
2785 2232 3036 2287 ἐκαλεῖτο
3078 2235 3304 2305 Ἄργος.
3337 2235 3465 2291 Ἐπὶ
3505 2237 3561 2292 δὲ
3601 2237 3718 2292 Πέ-

2130 2321 2314 2388 λοπος,
2349 2323 2444 2376 τοῦ
2484 2323 2576 2378 τὸν
2612 2325 2881 2394 Οἰνόμαον
2921 2320 3266 2396 νικήσαντος,
3305 2329 3717 2401 Πελοπόννησος

2131 2415 2256 2485 ἔσχε
2284 2413 2445 2467 τοῦτο
2468 2413 2530 2467 τὸ
2571 2415 2764 2485 κύριον
2793 2415 2988 2484 ὄνομα.
3027 2418 3186 2470 Ἔστι
3239 2417 3296 2472 δὲ
3347 2420 3718 2493 χερρόννησος

2132 2507 2382 2577 ἀμπέλου
2407 2506 2592 2579 φύλλῳ
2621 2507 2699 2579 τῷ
2726 2510 2967 2579 σχήματι
3012 2513 3400 2582 παρεμφερής.
3433 2514 3719 2577 Διονύσιος

2071 2647 2076 2652 .
2132 2598 2188 2651 δὲ
2216 2598 2488 2653 πλατάνου
2520 2597 2704 2668 φύλλῳ
2731 2598 2842 2669 (14)
2874 2601 3188 2666 ἀπεικάζει,
3231 2603 3406 2671 λέγων
3434 2603 3633 2669 οὓτως·

2245 2688 2534 2757 Εἰδομένη
2565 2689 2894 2744 πλατάνοιο
2910 2691 3286 2760 μυουρίζοντι
3315 2696 3576 2762 astruas.

2133 2778 2269 2850 Περὶ
2298 2778 2355 2832 δὲ
2381 2776 2472 2832 τδν
2505 2779 2668 2832 τόπον
2698 2781 2866 2835 αὑτὸν
2903 2766 3010 2835 sici.
3039 2782 3195 2852 νῆσοι
3224 2783 3292 2850 ζ’,
3319 2785 3718 2855 Πελοπονήσιοι

2131 2873 2460 2942 λεγόμεναι-
2480 2873 2592 2928 Καὶ
2624 2873 2796 2938 οὕτως
2835 2874 2935 2944 μὲν
2974 2877 3006 2946 ἡ
3038 2877 3462 2949 Πελοπόννησος.
3491 2878 3717 2935 Ἐὗασι-

2133 2966 2318 3019 λεύετο
2342 2966 2537 3037 τοπρὶν
2569 2968 2601 3036 ή
2631 2968 3036 3038 Πελοπόννησος
3063 2970 3175 3041 (15)
3196 2972 3261 3024 ὲκ
3288 2971 3383 3024 τοῦ
3405 2973 3515 3026 τῶν
3544 2973 3718 3042 Ἥρα-

452 3056 618 3112 batur
683 3059 914 3128 imperio
973 3059 1044 3114 ab
1106 3057 1520 3114 Heraclidarum
1579 3075 1798 3130 genere.
1854 3061 2028 3117 donec

2135 3057 2357 3110 κλειδῶν
2378 3055 2566 3124 γένους
2586 3056 2778 3126 μέχρις
2807 3057 2873 3110 ἂν
2887 3056 3150 3122 Φίλιππος
3170 3061 3198 3112 6
3215 3059 3479 3114 Μακεδὼν
3500 3061 3718 3116 τούτων

452 3146 740 3219 Philippus
763 3149 990 3206 Macedo
1037 3165 1134 3206 eos
1178 3151 1400 3205 devicit.
1455 3151 1667 3206 Etenim
1706 3167 1829 3208 cum
1862 3152 2030 3208 Athe-

451 3242 673 3298 nienses
699 3242 966 3298 adversus
990 3241 1434 3302 Lacedaemonios
1462 3243 1529 3298 de
1562 3243 1865 3313 principatu
1897 3259 2032 3299 con-

454 3333 780 3394 tendissent.
813 3349 878 3387 ex
927 3348 1038 3401 quo
1072 3334 1144 3388 ab
1188 3333 1442 3402 utrisque
1487 3333 1656 3390 Persa
1703 3336 1882 3390 victus
1922 3345 2026 3401 est,

457 3421 668 3478 Xerxes
693 3423 784 3476 ille
813 3421 1220 3490 laniosissitnus
1246 3423 1482 3492 pedestri
1512 3424 1697 3493 prmlio
1723 3439 1751 3476 a
1781 3424 2033 3480 Lacedae-

457 3514 660 3566 moniis
691 3521 984 3581 superatus
1006 3512 1112 3582 25
1149 3521 1253 3580 est,
1281 3521 1538 3567 tumcum
1566 3513 1881 3570 Mardonius
1906 3531 2030 3570 cum

459 3603 733 3659 universis
766 3603 942 3675 c0piis
976 3603 1222 3658 concidit
1254 3621 1269 3658 :
1309 3606 1484 3659 navali
1527 3621 1657 3660 vero
1687 3607 2036 3676 expeditione

457 3693 529 3748 ab
576 3695 1007 3751 Atheniensibus
1039 3696 1250 3750 cladem
1293 3696 1526 3766 accepit,
1555 3705 1669 3751 tum
1716 3713 1839 3753 cum
1886 3697 2035 3754 Tlte-

457 3785 734 3839 mistocles
762 3786 926 3841 classi
956 3785 1214 3856 praefuit;
1255 3803 1438 3857 pugna
1467 3788 1652 3858 itaque
1679 3789 1822 3844 inter
1849 3799 2036 3846 utros-

455 3890 564 3944 que
590 3880 886 3933 commissa
929 3887 1015 3934 est
1045 3879 1114 3934 de
1141 3879 1524 3950 praerogativa,
1551 3894 1615 3933 ac
1636 3879 1838 3935 bellum
1863 3881 2039 3934 utrin-

454 3980 565 4034 que
601 3983 694 4036 per
720 3965 794 4021 27
833 3983 1010 4025 annos
1061 3968 1388 4040 productum
1443 3979 1550 4034 est,
1604 3981 1666 4026 ut
1705 3969 2039 4040 percelebris

459 4055 811 4130 Thucydides
842 4061 1120 4115 memoriae
1147 4062 1371 4130 prodit.-
1393 4059 1536 4129 Ergo
1568 4059 1884 4130 proﬂigatos
1914 4075 1942 4114 a
1979 4077 2040 4116 se

456 4151 719 4213 invicem,
751 4158 808 4204 et
846 4150 1136 4218 iuventute
1167 4160 1465 4219 prostrata,
1496 4150 1700 4203 invasit
1731 4149 2038 4219 Philippus,

457 4241 754 4296 Alexandri
785 4249 956 4309 pater,
1009 4247 1061 4296 et
1111 4247 1371 4308 utrosque
1400 4239 1652 4293 servituti
1685 4239 1930 4304 addixit;
1965 4241 2038 4294 ita

460 4343 522 4389 ut
555 4334 659 4387 hoc
683 4347 904 4388 carmen
937 4331 1006 4386 de
1035 4331 1156 4400 ipso
1184 4331 1456 4399 prolatum
1496 4329 1571 4383 sit
1599 4348 1614 4384 :

2132 3147 2427 3221 ἐκράτησε.
2478 3149 2870 3218 Διενεχθέντων
2920 3149 3030 3220 γὰρ
3073 3149 3181 3203 τῶν
3212 3152 3515 3222 Ἀθηναίων
3568 3153 3718 3222 πρὸς

2131 3239 2259 3302 τοὺς
2319 3240 2785 3310 Λακεδαιμονίους
2838 3241 2967 3310 περὶ
3027 3243 3351 3311 πρωτείων,
3391 3245 3484 3312 ἀφ’
3535 3239 3716 3316 οὗπερ

2135 3331 2226 3383 ὑπ’
2261 3329 2587 3398 ἀμφοτέρων
2616 3329 2727 3399 (16)
2758 3332 2785 3383 ὁ
2820 3330 3037 3400 Πέρσης
3063 3331 3299 3401 ἡττήθη,
3332 3332 3537 3402 Ξέρξης
3557 3337 3719 3386 ἐκεῖ-

2135 3438 2221 3483 νος
2249 3421 2277 3472 6
2308 3419 2653 3489 περιϐόητος,
2687 3419 2828 3490 πεζῇ
2863 3421 2962 3488 μὲν
2994 3421 3098 3474 ὑπὸ
3121 3422 3582 3493 Λακεδαιμονίων,
3615 3424 3718 3476 ὅτε

2135 3513 2435 3582 Μαρδόνιος
2460 3521 2474 3564 l
2488 3515 2503 3565 Ι
2519 3511 2570 3578 7)
2603 3513 2806 3575 ἐκεῖνος
2832 3513 2928 3566 σὺν
2955 3513 3117 3564 παντὶ
3139 3512 3216 3582 τῷ
3236 3513 3350 3583 λαῷ
3373 3513 3717 3568 ἐπεπτώκει*

2133 3604 2290 3672 νηΐτῃ
2339 3603 2394 3654 δὲ
2452 3603 2624 3672 στόλῳ
2690 3603 2782 3654 ὑπ’
2829 3601 3166 3671 Ἀθηναίων,
3210 3604 3300 3656 ὅτε
3336 3603 3722 3673 Θεμιστοκλῆς

2139 3695 2425 3764 ἐναυάρχει
2479 3693 2572 3745 τοῦ
2629 3693 2836 3748 στόλου.
2893 3695 3059 3763 Μὰχη
3125 3689 3220 3747 οὖν
3262 3693 3532 3764 ὲκροτήθη
3572 3698 3721 3766 προς

2135 3788 2459 3858 ἀμφοτέρων
2490 3787 2615 3857 περὶ
2638 3787 2946 3859 πρωτείων,
2979 3786 3075 3840 καὶ⁵
3102 3785 3455 3856 διεκράτησεν
3484 3788 3572 3840 ἐπ’
3597 3792 3719 3856 ἀμ-

2139 3879 2385 3948 φοτέροις
2411 3879 2439 3931 6
2470 3876 2711 3947 πόλεμος
2751 3877 2845 3945 ἐτη
2890 3875 2994 3941 κζ’,
3030 3874 3216 3940 καθὼς
3243 3876 3568 3945 Θουκυδίδης
3593 3877 3715 3947 (l8)

2137 3973 2166 4025 6
2198 3971 2542 4042 περιώνυμος
2573 3969 2794 4039 γράφει.
2837 3965 2962 4020 ’Υπ’
2991 3966 3235 4039 ἀλλήλων
3262 3967 3358 4022 οὖν
3387 3967 3719 4038 διαφθαρέν-

2139 4081 2267 4128 των,
2301 4063 2395 4115 καλ⁸
2425 4063 2524 4130 τῆς
2555 4059 2802 4122 νεολαίας
2841 4057 3243 4128 ἀπολλυμένης,
3278 4060 3492 4129 είσῆλθε
3518 4059 3719 4113 Φίλιπ-

2141 4169 2262 4214 πος,
2290 4154 2317 4203 6
2347 4151 2439 4203 τοῦ
2467 4148 2818 4219 Ἀλεξάνδρου
2852 4147 3056 4219 πατὴρ,
3093 4132 3189 4202 κάι
3232 4149 3574 4219 ἀμφοτέρους
3612 4149 3720 4200 αὐσ-

2141 4244 2266 4304 τοὺς
2289 4241 2640 4305 ἐδουλώσατο,
2675 4240 2817 4294 ὥστε
2861 4239 3094 4312 ῥηθῆναι
3124 4241 3214 4292 ἐπ’
3235 4239 3400 4294 αὐτοῦ
3441 4236 3619 4292 τουτοῗ
3649 4238 3718 4292 τὸ

2142 4333 2360 4402 λόγιον;’

1586 4419 1882 4476 ANSELMI
1907 4421 2232 4480 BANDURII
2263 4425 2491 4482 NOTAE.
2593 4496 2601 4503 ,

457 4516 804 4589 Creterumin
829 4517 931 4568 hos
971 4520 1271 4589 trecentos
1313 4513 1781 4589 Laeedremonios,
1815 4517 1904 4589 qui
1960 4516 2026 4589 _in
2062 4522 2106 4578 D
2135 4518 2286 4589 lados
2323 4520 2487 4572 urbes
2520 4517 2750 4589 triginta
2775 4523 3196 4589 tres_recenset.

457 4587 839 4654 Thermopylis
865 4585 1200 4647 occiderant,
1219 4582 1530 4637 Simonides
1555 4588 1656 4637 hoc
1678 4582 1921 4654 epitaph.
1942 4585 2031 4639 dio

463 4657 702 4721 stichum
757 4655 978 4721 scripsit
1009 4672 1020 4706 :

461 4719 538 4779 τΩ
569 4724 734 4788 ξεῖν’,
755 4719 1034 4791 ἄγγειλον
1064 4723 1566 4791 Λακεδαιμονίοις,
1594 4723 1681 4776 ὅτι
1710 4724 1857 4793 τῇδε

459 4795 733 4862 Κείμεθα,
761 4794 891 4862 τοῖς
913 4795 1127 4844 κείνων
1146 4794 1479 4861 πειθόμενοι
1510 4795 1803 4862 νομίμοις.

466 4867 583 4929 Dic,
617 4865 819 4928 hospes,
857 4861 1083 4928 Sparm',
1106 4880 1198 4916 nos
1233 4874 1279 4916 te
1309 4865 1391 4915 hic
1421 4862 1610 4916 vidisse
1635 4861 1891 4930 iacentes,

469 4936 608 4988 Dum
639 4933 834 4987 sanc:is
862 4933 1046 4998 putria:
1075 4933 1270 5002 legibus
1299 4934 1652 5002 obsequimur.

540 5004 650 5075 (ll)
708 5000 1498 5075 l’eloiionnesusiquzehodie
1552 5000 1738 5075 Horsa
1795 5001 2031 5069 dicitur,

2201 4588 2312 4656 (li)
2369 4589 2576 4640 Plinius
2598 4585 2670 4641 vel.
2707 4587 2839 4640 Mela
2892 4586 3155 4656 Dionysio
3217 4585 3272 4638 in
3323 4585 3430 4638 hoc
3473 4596 3718 4656 consen-

2132 4654 2305 4722 tiunt;
2341 4659 2470 4711 licet
2499 4657 2706 4712 Plinius
2733 4657 3022 4710 Tauricam
3037 4654 3456 4722 Chersonesum
3489 4654 3714 4706 hedera:

2132 4727 2262 4782 lolio
2293 4721 2526 4780 Similem
2596 4743 2719 4781 esse
2766 4727 2992 4780 scribat.
3034 4724 3168 4779 Vide
3201 4721 3412 4779 Morelli
3454 4733 3634 4776 notas.

2204 4797 2317 4868 (lii)
2353 4797 2699 4868 Thucydides
2735 4798 2833 4848 lih.
2877 4813 2889 4847 ι
2931 4795 3122 4868 scribit
3166 4793 3490 4868 Do_res_curn
3521 4792 3708 4868 lli-ra-

2129 4862 2306 4920 clidis'
2350 4862 2689 4921 Lxxx'anno
2739 4875 2863 4935 post
2907 4865 3182 4919 excidium
3217 4862 3398 4928 Troia:
3444 4862 3718 4935 Pelopon-

2131 4953 2326 4991 nesum
2377 4937 2638 5002 tenuisse,
2692 4931 2816 4989 cum
2883 4935 3171 4988 Dorienses
3256 4931 3714 5002 alteroioraculc

2134 5007 2351 5071 moniti,
2397 5023 2490 5074 per
2517 4999 2800 5075 angustias
2835 5003 3021 5058 Crisazi
3058 5007 3214 5057 sinus
3241 5002 3419 5075 adorti
3443 4999 3710 5075 _llerac|i-

461 5069 594 5128 olim
634 5069 1007 5144 scriptoribus
1041 5069 1257 5144 Latinis
1299 5072 1523 5144 Achaia
1548 5073 1854 5144 vocabatur
1877 5075 2033 5144 'rzisic
2133 5076 2233 5128 das
2257 5069 2876 5144 dominantes'l'ugaruul
2911 5091 2924 5124 τ
2960 5075 3050 5138 qui
3083 5082 3272 5142 postea
3335 5072 3392 5124 in
3443 5069 3722 5138 Pelopon-

464 5145 700 5199 Orosius
724 5159 763 5204 ι,
791 5155 914 5210 cap.
941 5141 996 5194 ‘2.
1027 5142 1288 5210 Apuleius
1341 5143 1466 5194 item
1495 5141 1528 5194 6
1568 5143 1716 5194 Asini
1753 5159 1767 5194 :
1804 5142 1895 5195 ubi
1929 5143 2034 5196 La-

466 5215 784 5269 cedaemona
813 5211 1048 5264 nobilem
1087 5210 1304 5264 Achaiae
1328 5211 1606 5266 civitatem
1664 5219 1847 5273 vocat,
1874 5223 1927 5265 et
1964 5211 2030 5264 10

462 5285 734 5353 ejusdem,
775 5281 1106 5353 Corinthum
1165 5279 1308 5353 ejus‘
1335 5290 1498 5353 caput
1549 5289 1848 5353 nuncupat-
1881 5281 2041 5353 Pelo-

505 5348 695 5407 onnesi
729 5362 908 5406 autem
951 5351 1118 5404 situm
1149 5348 1398 5419 pluribus
1428 5351 1692 5404 describit
1722 5349 2036 5406 Marcianus

491 5422 681 5476 lerael.
702 5439 848 5478 vers.
877 5419 1001 5474 διο.

545 5491 655 5558 (ίί)
690 5493 1099 5559 Peloponnesus
1157 5485 1472 5560 peninsula,
1515 5503 1625 5543 non
1657 5503 1787 5544 vero
1821 5488 2001 5543 insula
2023 5527 2039 5554 ,

470 5565 536 5612 ut
561 5575 734 5629 nemo
760 5561 994 5629 ignorat.

549 5627 660 5695 (l5)
697 5626 973 5682 Hierocles
1005 5644 1032 5681 a
1063 5629 1222 5686 nobis
1253 5630 1340 5683 hic
1366 5627 1549 5682 editus
1609 5628 1715 5682 sub
1744 5629 2033 5691 Corintho,

470 5712 596 5767 qua:
623 5696 752 5751 olim
789 5695 1005 5765 Ephyra
1029 5699 1334 5766 dicebatur,
1364 5699 1681 5769 metropolis
1718 5703 1884 5754 totius
1908 5699 2030 5755 llcl-

2137 5161 2327 5200 nesum
2357 5154 2486 5197 sunt
2516 5147 2718 5198 reversi
2745 5144 2882 5197 duce
2899 5144 3138 5197 Carano.

2215 5213 2324 5284 (16)
2388 5213 2567 5284 Hanc,
2607 5215 2914 5284 victoriam,
2963 5227 3125 5284 quam
3168 5211 3239 5284 de
3291 5206 3718 5284 Persi_s___G_ra:ci

2139 5277 2517 5352 reportarunt,
2553 5282 2724 5338 fuisse
2751 5281 2928 5335 κοινὸν
2952 5277 3023 5352 το
3045 5281 3382 5352 κατόρθωμα
3443 5277 3719 5347 Ἑλλήνων

2143 5351 2337 5407 scribit
2373 5351 2704 5408 Plutarchus
2736 5355 2789 5405 in
2826 5351 3083 5406 Aristide.

2220 5423 2332 5494 (l7)
2372 5423 2480 5494 iDe
2524 5421 2819 5494 _Mardonii
2909 5421 3055 5494 caede
3088 5491 3099 5494 _
3133 5427 3352 5475 constat
3407 5433 3472 5471 ex
3520 5415 3717 5472 eodem

2146 5489 2441 5547 Plutarcho
2488 5492 2556 5544 ab
2581 5491 2893 5544 Armineslo
2922 5489 3194 5557 Spartiata
3254 5496 3520 5559 patratam
3543 5499 3716 5559 esse,

2141 5566 2232 5631 qui
2269 5578 2402 5616 saxo
2425 5570 2586 5628 caput
2613 5559 2879 5631 Mardonii
2907 5555 3187 5628 contrivit;
3217 5555 3275 5615 ui.
3303 5574 3366 5614 ex
3401 5555 3719 5626 Amphiarai

2112 5629 2363 5688 'oraculo
2389 5630 2772 5700 praemortuum
2817 5629 3017 5700 fuerat.

2210 5697 2464 5772 (18)Vide
2500 5697 2869 5771 Thucydidem
2907 5698 3002 5755 lib.
3037 5715 3089 5756 v.
