4044 6210
369 305 468 369 137

1425 302 1519 360 DE
1563 301 2052 364 THEMATIBUS
2089 303 2558 366 OCCIDENTIS.

3505 317 3604 378 133

367 422 505 489 μένη
557 413 926 486 Λογγιϐαρδία
954 414 1087 485 (59).
1135 416 1254 469 Ἐπὶ
1286 415 1342 469 δὲ
1387 417 1492 486 ⁴τῆς
1524 418 1799 486 βασιλείας
1834 421 1927 472 Μι-

2044 421 2205 474 dacta
2257 421 2379 475 fuit.
2443 421 2556 476 Sub
2620 422 2850 494 imperio
2897 435 3074 483 autem
3135 427 3440 492 Michaelis,
3508 435 3603 487 lilii

362 510 502 581 χαὴλ
529 508 624 560 τοῦ
656 507 774 560 υἱοῦ
809 507 1087 574 Θεοςίλου,
1119 507 1348 579 ἀνῆλθεν
1372 508 1479 560 ἀπὸ
1521 510 1783 578 Ἀφρικῆς
1814 511 1933 562 στό-

374 602 465 663 λος
497 600 586 668 λς’
619 598 961 667 κομπαρίων,
993 597 1130 667 ἔχων
1161 599 1401 669 κεφαλὴν
1430 599 1562 668 (60),
1587 601 1676 651 τόν
1706 617 1764 652 τε
1808 601 1932 652 Σολ-

362 694 545 754 δανὸν,
578 693 669 744 καὶ
704 691 791 741 τὸν
837 691 1041 759 Σάμαν,
1084 692 1174 744 καὶ
1205 692 1296 744 τὸν
1328 691 1602 761 Καλφοῦς.
1640 693 1748 745 Καὶ
1788 694 1932 763 ἐχει-

368 783 612 853 ρώσαντο
640 782 918 852 διαφόρους
956 783 1134 845 πόλεις
1164 784 1262 853 τῆς
1294 784 1630 854 Δαλματίας·
1689 786 1783 838 καὶ
1835 792 1934 851 την

371 894 429 928 τε
464 876 747 936 Βούτοὸαν,
789 876 883 927 καὶ
913 876 1012 947 τὴν
1053 876 1281 941 Ῥῶσαν,
1317 879 1410 929 καὶ
1461 878 1528 930 τὰ
1576 879 1726 932 κάτω
1761 879 1932 931 Δεκά-

373 985 519 1035 τερα.
555 963 753 1019 Ἶιλοον
779 968 835 1020 δὲ
860 969 955 1020 καὶ
999 968 1132 1038 πρὸς
1158 969 1255 1039 τὴν
1281 970 1485 1023 τούτων
1515 971 1872 1040 μητρόπολιν,
1899 971 1930 1041 ἢ

384 1059 652 1112 Ῥαούσιον
679 1060 923 1126 λέγεται,
959 1062 1051 1112 καὶ
1094 1063 1300 1132 ταύτην
1334 1063 1426 1114 ἐπὶ
1467 1064 1656 1132 χρόνον
1685 1064 1931 1135 ἐπολιόρ-

368 1169 491 1202 κουν
519 1151 723 1204 ἱκανόν.
759 1152 822 1203 Οἱ
851 1151 906 1202 δὲ
940 1151 1032 1203 τοῦ
1065 1153 1300 1223 κάστρου
1343 1153 1643 1220 Ῥαουσίου,
1675 1154 1932 1206 ἀπέστει-

360 1243 452 1294 λαν
482 1243 617 1312 πρὸς
640 1245 732 1296 τὸν
775 1242 1019 1312 βασιλέα,
1063 1244 1435 1315 ἐξαιτούμενοι
1468 1246 1554 1298 διὰ
1588 1246 1775 1300 στόλου
1799 1246 1930 1317 βοή-

362 1333 541 1386 θειαν’
572 1333 681 1385 τῶν
704 1333 759 1385 δὲ
789 1336 868 1397 εἰς
918 1335 1079 1387 τοῦτο
1133 1336 1547 1387 ἀποσταλέντων
1578 1337 1926 1401 ἀνελθόντων,

357 1419 516 1490 εὗρον
571 1425 675 1476 ὑπὸ
710 1425 845 1477 Θεοῦ
878 1425 975 1494 τὴν
1033 1427 1500 1495 αὐτοκρατορικὴν
1548 1426 1718 1495 ἀρχὴν
1770 1428 1932 1479 Βασί-

358 1517 522 1580 λειον,
559 1517 652 1568 τὸν
679 1517 924 1584 ἀοίδιμον
967 1516 1214 1583 βασιλέα,
1245 1516 1346 1584 ἤδη
1375 1515 1628 1580 λαϐόντα,
1663 1516 1719 1577 ὃς
1745 1519 1836 1568 καὶ
1870 1521 1937 1568 τὰ

357 1608 458 1676 τῆς
489 1607 672 1660 αὐτῶν
703 1607 1001 1676 πρεσϐείας
1050 1607 1144 1658 καὶ
1192 1607 1427 1676 δεήσεως
1474 1606 1808 1672 ἐπακούσας,
1843 1610 1936 1660 καὶ

360 1700 546 1751 στόλον
586 1698 792 1761 ἱκανὸν,
837 1697 928 1749 καὶ
987 1698 1314 1768 δραστήριον
1362 1697 1622 1769 ἄρχοντα,
1665 1702 1798 1768 πρὸς
1838 1698 1934 1767 τὴν

2038 504 2352 575 The0phili,
2398 509 2592 564 classis
2636 511 2704 565 ab
2741 512 2926 568 Africa
2966 519 3209 571 ascendit
3244 521 3464 591 triginta
3511 539 3603 576 sex

2039 598 2408 668 navigiorum,
2455 614 2574 670 qua:
2604 600 2931 673 Soldanum,
2963 619 3012 662 et
3046 607 3365 677 Samanum,
3396 624 3449 669 et
3479 615 3598 670 Cal-

2037 689 2442 771 phum,’duccs
2474 693 2768 751 habebant.
2806 697 2867 750 lli
2893 699 3231 770 subegerunt
3284 705 3386 758 sibi
3425 709 3606 762 varias

2038 779 2320 839 Dalmatia:
2361 785 2546 850 urbes,
2599 797 2648 842 et
2707 788 2978 856 Butoban,
3033 801 3086 848 ct
3133 795 3338 860 Rosan,
3378 807 3431 853 et
3469 800 3605 855 inre-

2040 873 2183 927 riora
2230 873 2486 931 Decatera
2519 895 2532 931 2
2567 891 2837 934 venerunt
2869 883 3032 936 etiam
3076 890 3142 939 ad
3179 903 3368 942 eorum
3407 901 3607 945 metro-

2039 968 2228 1035 polim,
2277 986 2398 1039 quae
2434 971 2732 1044 Iiagusinm
2789 976 3109 1042 dicebatur;
3172 997 3403 1052 eamque
3469 988 3606 1041 satis

2037 1058 2198 1128 longo
2229 1067 2471 1131 tempore
2501 1064 2834 1120 obsederunt
2874 1085 2888 1121 :
2927 1070 3078 1124 urbis
3101 1082 3282 1127 autem
3315 1072 3607 1145 Ragusinae

2036 1148 2181 1205 cives
2217 1150 2282 1203 ad
2323 1151 2706 1220 imperatorem
2743 1157 2949 1228 legatos
3000 1162 3288 1229 miserunt,
3318 1165 3410 1235 qui
3446 1169 3603 1221 auxi-

2036 1240 2224 1295 liarem
2268 1243 2499 1299 classem
2529 1261 2909 1316 exposcerent.
2944 1250 3079 1307 Cum
3120 1255 3284 1326 legati
3309 1257 3374 1310 ad
3402 1262 3604 1330 regiam

2033 1332 2338 1398 venissent,
2397 1335 2720 1394 invenerunt
2771 1339 3030 1396 Basilium
3081 1346 3406 1414 praeclarum
3451 1349 3603 1404 illum

2034 1421 2418 1490 imperatorem
2451 1427 2542 1482 Dei
2576 1431 2801 1485 numine
2827 1432 2939 1502 jam
2963 1434 3310 1504 imperatoris
3339 1438 3605 1509 dignitate

2036 1526 2312 1582 ornatum,
2349 1520 2438 1586 qui
2476 1535 2599 1574 cmn
2651 1539 2839 1577 eorum
2876 1527 3163 1596 legationis
3204 1545 3267 1584 ac
3325 1531 3605 1602 supplica-

2041 1606 2208 1658 tionis
2229 1610 2408 1676 capita
2440 1611 2710 1680 audisset,
2742 1624 2795 1668 et
2830 1616 3060 1673 classem
3094 1621 3367 1684 idoneam.
3407 1633 3459 1677 et
3502 1625 3603 1678 du-

2039 1705 2252 1752 ctorem
2288 1709 2594 1769 strenuum,
2634 1707 2698 1759 ad
2755 1711 3031 1777 suppetias
3057 1711 3190 1779 ipsis
3218 1713 3467 1772 ferendas
3505 1732 3602 1771 ex-

358 1790 568 1841 τοὺτων
598 1789 848 1860 βοήθειαν
881 1789 1039 1852 εὐθὺς
1091 1790 1458 1853 ἐξαπέστειλε.
1511 1790 1680 1843 Τοῦτο
1723 1791 1778 1842 δὲ
1823 1789 1927 1841 ἀπὸ

2582 1758 2594 1769 ,
2679 1758 2682 1759 ν
2759 1758 3467 1779 vn---"-,--.-.-.-.......
3506 1758 3571 1771 ν..

2038 1789 2242 1859 templo
2290 1793 2496 1848 misit:
2549 1795 2651 1849 hoc
2704 1805 2885 1852 autem
2941 1814 3063 1854 cum
3114 1818 3207 1870 per
3265 1807 3600 1878 transfugam

359 1881 659 1950 αὐτομόλου
692 1882 951 1950 μαθόντες
976 1883 1024 1932 οἱ
1051 1883 1271 1952 Ἀφροι,
1308 1883 1400 1934 καὶ
1428 1882 1556 1952 περὶ
1587 1881 1684 1952 τὴν
1711 1882 1924 1952 πολιορ-

359 1971 483 2023 κῑαν
519 1973 994 2042 ἀπρακτὴσαντες,
1032 1973 1235 2041 μᾶλλον
1267 1973 1323 2025 δὲ
1362 1972 1666 2041 πτήξαντες
1712 1973 1808 2043 τὴν
1836 1973 1929 2024 τοῦ

362 2063 642 2131 βασιλικοῦ
669 2065 856 2114 στόλου
881 2062 1001 2116 κατ’
1025 2064 1208 2115 αὐτῶν
1232 2063 1555 2130 παρουσίαν,
1587 2063 1931 2132 ἁνεπέρασαν

363 2154 422 2202 ἐν
444 2152 835 2223 Λογγιὸαρδῐᾳ,
869 2154 962 2205 καὶ
991 2154 1451 2229 πολιορκήσαντες
1480 2152 1538 2205 τὸ
1563 2153 1796 2221 κάστρον
1825 2153 1932 2205 Βά-

359 2260 483 2311 ρης,
516 2243 740 2312 ᾤκησαν
781 2245 837 2295 ὲν
867 2243 1034 2313 αὐτῷ,
1068 2243 1474 2312 παραλαϐόντες
1523 2242 1696 2295 πάντα
1726 2243 1791 2295 τὰ
1835 2243 1932 2296 κά-

358 2341 518 2402 στρα,
565 2335 657 2385 καὶ
707 2334 806 2403 τὴν
835 2337 1015 2388 πᾶσαν
1047 2333 1466 2403 Λογγιὸαρδίαν,
1515 2334 1610 2385 καὶ
1656 2335 1724 2386 τὰ
1770 2332 1932 2386 λοιπὰ

356 2425 568 2494 κόιστρα
620 2424 938 2494 Καλαϐρίας
971 2425 1128 2494 μέχρι
1174 2421 1424 2494 Ῥώμης·
1453 2424 1528 2485 ὡς
1567 2419 1702 2476 εῖναι
1752 2426 1928 2477 πάντα

355 2517 422 2568 τὰ
450 2517 542 2568 ὐπ’
567 2515 747 2568 αὐτῶν
774 2515 1116 2586 πορθηθέντα
1141 2516 1351 2586 κάστρα
1373 2522 1471 2586 ρνν.
1501 2515 1779 2578 Βασίλειος
1810 2511 1924 2580 οὖν,

356 2612 384 2662 ὁ
415 2608 658 2677 ἀοιδιμος
685 2608 957 2678 βασιλεὺς,
975 2609 1072 2676 τὴν
1097 2608 1560 2678 αὐτοκρατορικὴν
1586 2607 1757 2676 ἀρχὴν
1776 2608 1926 2678 παρὰ

353 2698 491 2751 Θεοῦ
521 2699 779 2768 εἰληφὼς,
814 2699 956 2752 καθὰ
987 2699 1329 2769 προείρηται,
1366 2700 1459 2752 καὶ
1488 2697 1661 2751 ταῦτα
1715 2701 1926 2768 ἀναμα-

357 2791 484 2856 θὼν,
527 2791 921 2860 προαπέστειλε
975 2791 1074 2860 μὲν
1124 2791 1350 2860 στρατὸν
1401 2790 1790 2860 καϐαλαρικὸν,
1833 2790 1926 2844 καὶ

357 2879 517 2932 πλοῖα
544 2885 588 2949 ρ’
610 2894 626 2908 ο
656 2879 862 2948 ἔγραψε
889 2880 946 2932 δὲ
999 2880 1134 2951 πρὸς
1170 2881 1434 2951 Λοδοῦχον
1449 2883 1540 2933 τὸν
1572 2883 1714 2952 ρἧα
1741 2882 1924 2951 Φραγ-

357 2971 503 3036 γίας,
539 2974 630 3024 καὶ
661 2972 754 3023 τὸν
787 2973 947 3024 [Ιὰπα
991 2973 1227 3042 Ῥώμης,
1280 2973 1375 3025 τοῦ
1425 2975 1799 3042 συνεπαμῦναι
1849 2973 1924 3044 τῷ

361 3063 553 3115 ἑαυτοῦ
587 3064 821 3132 στρατῷ.
856 3065 918 3115 Οἱ
942 3064 996 3115 δὲ
1029 3064 1344 3128 ὑπείξαντες
1366 3067 1431 3136 τῇ
1467 3064 1714 3136 βασιλικῇ
1747 3066 1926 3118 ἐντεύ-

357 3155 460 3219 ξει,
488 3156 581 3207 καὶ
612 3157 911 3226 ἀμφότεροι
943 3157 1232 3219 ἑνωθέντες
1261 3157 1338 3226 τῷ
1375 3159 1626 3228 παρὰτοῦ
1658 3159 1922 3228 βασιλέως

355 3247 714 3298 ἀποσταλέντι
746 3247 979 3318 στρατῷ.
1014 3248 1368 3320 καϐαλαρικῷ
1394 3251 1485 3301 καὶ
1515 3251 1765 3321 πλωῖμῳ,
1794 3268 1923 3304 κατ·

355 3339 700 3408 επο).έμησαν
751 3342 876 3403 τοὺς
931 3341 1038 3393 ἀπὸ
1085 3342 1348 3411 ’Λφρικῆς
1415 3343 1786 3412 Σαρακηνοὺς,
1831 3343 1923 3395 καὶ

354 3431 665 3502 ἐπόρθησαν
695 3433 754 3485 τὸ
785 3433 1018 3502 κάστρον
1051 3433 1265 3504 Βάρης’
1303 3434 1522 3502 δέσμιον
1544 3434 1796 3500 λαϐόντες
1828 3437 1923 3489 καὶ

354 3525 444 3576 τὸν
489 3525 734 3593 Ἀμηρᾶν
768 3525 1062 3577 Σολδανόν’
1095 3526 1152 3578 ὃν
1200 3528 1290 3578 καὶ
1340 3527 1736 3597 ἀναλα’6όμενος
1779 3527 1919 3598 μετὰ

352 3617 463 3668 τῶν
495 3618 826 3688 Σαρακηνῶν
859 3619 1119 3689 Λοδοῦχος
1158 3623 1185 3672 ὁ
1234 3619 1334 3691 ρὴξ
1380 3622 1680 3690 Φραγγίας,
1741 3623 1920 3674 οἴκαδε

351 3711 542 3780 ἀπῄει.
586 3713 643 3764 ’0
664 3713 719 3764 δὲ
760 3713 1010 3782 βασιλεὺς
1038 3714 1265 3783 κατέσχε
1295 3715 1390 3782 τὴν
1415 3717 1595 3768 πᾶσαν
1617 3717 1923 3784 Λογγιίὶαρ-

349 3801 493 3863 δίαν,
528 3801 707 3864 καθὼς
736 3803 830 3853 καὶ
864 3804 1100 3872 σήμερον
1137 3806 1286 3874 παρὰ
1311 3807 1418 3858 τῶν
1458 3806 1745 3875 Ῥωμαίων
1773 3807 1925 3875 βασι-

355 3890 496 3945 λέων
523 3892 863 3954 δεσπόζεται.

819 3984 976 4054 Θέμα
1001 3983 1111 4046 ΙΒ’,
1145 3985 1472 4052 Χερσῶνος.

437 4080 497 4130 'II
533 4079 587 4130 δὲ
623 4076 850 4146 Χερσὼν
884 4078 945 4129 τὸ
969 4077 1196 4130 παλαιὸν
1229 4078 1325 4129 οὐκ
1355 4071 1421 4147 ἦν
1448 4079 1526 4139 εἰς
1555 4077 1724 4146 ὄνομα
1763 4077 1927 4146 θέμα-

353 4190 441 4235 τος
467 4214 481 4237 ,
515 4173 632 4224 οὐδὲ
663 4175 720 4223 ἐν
751 4172 1132 4241 μητροπόλεως
1161 4173 1400 4242 σχήματι
1422 4189 1434 4202 ο
1474 4171 1586 4223 ἀλλ’
1615 4171 1663 4223 οἱ
1684 4171 1775 4224 τοῦ
1800 4173 1929 4222 Βοσ-

358 4265 526 4330 πόρου
573 4261 921 4330 κρατοῦντες,
962 4261 1230 4330 ἐκράτουν
1277 4262 1368 4313 καὶ
1400 4261 1685 4330 Χερσῶνος
1732 4261 1922 4329 αὐτῆς,

358 4355 452 4405 καὶ
506 4353 615 4406 τῶν
680 4353 886 4406 λοιπῶν
925 4353 1226 4422 κλιμάτων.
1265 4353 1426 4406 Ὥστε
1475 4353 1570 4405 καὶ
1620 4352 1924 4421 βασιλεύειν

2035 1883 2387 1939 rescivissent
2431 1885 2581 1950 Al‘ri,
2642 1897 2696 1943 et
2754 1890 2888 1944 nihil
2939 1893 2991 1946 in
3053 1893 3335 1950 obsidione
3389 1912 3604 1965 prorno-

2035 1982 2260 2042 verent;
2322 1976 2432 2032 imo
2470 1979 2633 2032 etiam
2692 1980 3061 2050 itnperatorize
3111 1984 3305 2040 classis
3339 1986 3605 2042 adversus

2033 2079 2093 2118 se
2135 2065 2394 2134 impetum
2446 2070 2916 2140 exborrescerent,
2957 2075 3289 2144 trajecerunt
3339 2079 3392 2133 in
3457 2079 3604 2134 Lono

2035 2153 2390 2221 gohardiam;
2450 2160 2541 2214 ubi
2585 2172 2766 2218 castro
2818 2167 2973 2223 Baris
3035 2170 3260 2226 obsesso
3327 2173 3600 2228 imtnorati

2034 2253 2162 2298 sunt
2208 2250 2464 2306 omnibus
2501 2255 2739 2310 castellis
2789 2262 3110 2330 expugnatis
3163 2279 3287 2317 eum
3345 2266 3600 2322 universa

2035 2337 2436 2408 Longobardia,
2469 2358 2533 2398 ac
2574 2346 2800 2415 reliquis
2838 2351 3102 2406 Calabria:
3132 2355 3350 2425 Oppidis
3373 2355 3599 2411 Romam

2034 2446 2208 2500 usque
2237 2451 2250 2486 :
2288 2434 2359 2488 ita
2404 2443 2461 2489 ut
2491 2440 2733 2493 omnium
2783 2451 3087 2498 castrorum
3119 2447 3188 2501 ab
3217 2449 3285 2504 iis
3315 2465 3598 2518 expugna-

2031 2532 2206 2577 torum
2229 2542 2491 2584 numerus
2514 2541 2658 2586 esset
2684 2543 2904 2588 centum
2933 2539 3348 2608 quinquaginta.
3371 2541 3600 2598 Basilius

2030 2615 2213 2687 itaque
2266 2619 2356 2674 ille
2403 2623 2697 2691 praeclarus
2744 2627 3046 2696 imperator
3084 2631 3199 2699 jam
3247 2632 3599 2703 imperatoria

2030 2707 2297 2778 dignitate
2338 2727 2366 2764 a
2400 2713 2510 2768 Deo
2543 2725 2791 2786 accepta,
2822 2727 2881 2773 ut
2907 2723 3068 2789 paulo
3099 2732 3226 2778 ante
3257 2725 3465 2780 dictmn
3493 2739 3597 2793 est,

2031 2799 2361 2871 simulatque
2384 2803 2434 2857 id
2469 2807 2708 2874 rescivit,
2743 2813 3044 2867 exercitum
3071 2817 3595 2888 przemisiteqnitmn

2029 2899 2083 2942 et
2131 2907 2299 2948 naves
2343 2905 2584 2952 centum.
2633 2899 2866 2972 Scripsit
2919 2905 3083 2960 etiam
3137 2909 3202 2962 ad
3257 2907 3596 2965 Ludovieunt

2031 2996 2212 3053 regem
2282 2983 2546 3054 Franeim,
2603 3001 2655 3044 et
2711 3007 2905 3063 papam
2963 2995 3168 3061 Roma},
3227 3007 3283 3052 ιιι
3331 3001 3596 3056 exercitui

1953 3092 1996 3149 ο
2033 3077 2328 3132 auxiliares
2359 3096 2553 3135 manus
2582 3083 2886 3152 praeberent
2932 3106 2944 3140 :
2975 3087 3024 3141 hi
3054 3089 3422 3160 imperatoria:
3446 3094 3596 3163 lega-

2029 3169 2165 3222 tioni
2204 3169 2472 3238 faventes,
2506 3183 2559 3227 et
2588 3176 2746 3230 ambo
2770 3178 2946 3245 juncti
2979 3183 3243 3236 exercitui
3280 3185 3521 3252 equestri
3545 3196 3598 3239 et

2027 3262 2206 3315 navali
2250 3264 2318 3317 ab
2354 3265 2684 3334 imperatore
2723 3271 2913 3334 misso,
2967 3273 3275 3330 Saracenos
3308 3277 3471 3333 Afros
3503 3277 3598 3332 de-

2027 3353 2324 3419 bellarunt,
2352 3367 2405 3410 et
2435 3371 2672 3412 castrum
2699 3361 2854 3416 Baris
2877 3375 3282 3435 expugnarunt,
3317 3371 3594 3438 captivum
3647 3401 3652 3404 -

2027 3445 2188 3499 etiam
2216 3447 2452 3502 Ameran
2487 3449 2782 3506 Soldanum
2818 3461 3132 3523 tenuerunt,
3159 3472 3319 3527 quem
3347 3473 3469 3512 cum
3491 3458 3596 3512 Lu-

2025 3538 2249 3594 dovicus
2279 3555 2370 3595 rex
2408 3539 2650 3597 Francia}
2707 3562 2813 3601 una
2857 3563 2983 3602 cum
3021 3547 3311 3607 Saracenis
3359 3553 3595 3623 accepis-

2026 3638 2128 3694 set,
2165 3634 2231 3685 ad
2266 3648 2397 3687 suos
2429 3634 2590 3689 rediit
2628 3655 2640 3691 :
2682 3638 2978 3709 imperator
3011 3659 3137 3698 vero
3170 3651 3338 3698 totam
3373 3645 3593 3716 Longo-

2025 3723 2269 3777 bardiam
2293 3726 2568 3781 subditam
2606 3727 2829 3797 habuit;
2857 3743 2914 3787 ut
2943 3734 3106 3789 etiam
3133 3752 3275 3791 nunc
3297 3735 3592 3806 imperator

2030 3810 2306 3869 Romanus
2341 3816 2388 3868 ei
2429 3815 2761 3873 demittatur.

2470 3991 2665 4044 Thema
2690 3993 2833 4061 XII,
2855 3995 3156 4052 Chersonis.

2101 4082 2209 4152 30
2248 4083 2493 4138 Cherson
2546 4085 2849 4154 antiquitus
2901 4102 3097 4144 nomen
3153 4088 3409 4144 thematis
3451 4093 3594 4149 haud

2033 4167 2337 4245 usurpavit,
2367 4191 2542 4246 neque
2567 4178 2621 4231 in
2659 4181 2978 4250 metropolis
3008 4181 3179 4235 forma
3209 4193 3450 4250 exstitit;
3477 4200 3594 4249 seu.

2028 4267 2117 4337 qui
2143 4267 2442 4338 Bosporum
2474 4270 2834 4339 occupabant,
2866 4273 3029 4327 ctiam
3065 4272 3396 4329 Clicrsoneni
3424 4277 3593 4346 ipsam

2032 4361 2316 4429 regebant,
2352 4375 2566 4414 necnon
2605 4362 2848 4432 reliquas
2876 4363 3149 4434 regiones,
3199 4365 3336 4420 adeo
3378 4377 3436 4420 nt
3486 4367 3591 4422 Bo-

325 4446 480 4512 ιτοὺς
517 4447 574 4497 ὲν
609 4443 684 4514 τῷ
708 4444 970 4513 Βοσπόρῳ
993 4443 1377 4506 κατοικοῦντας
1403 4442 1638 4509 λέγεται.
1679 4444 1830 4512 Ἔχει
1866 4442 1922 4496 δὲ

2031 4450 2179 4519 spori
2211 4452 2402 4506 incolae
2433 4467 2661 4522 regnare
2681 4455 3014 4510 dicerentur.
3041 4457 3134 4511 Sic
3156 4466 3337 4512 autem
3362 4459 3591 4514 historia

348 4539 382 4607 ἡ
415 4537 622 4606 ἱστορία
665 4536 838 4599 οὕτως
862 4553 875 4566 ⁶
903 4537 1176 4606 Βόσπορος
1219 4536 1372 4597 πόλις
1418 4536 1616 4588 Πόντου
1669 4535 1807 4592 κατὰ
1836 4536 1925 4587 τὸν

358 4629 668 4698 Κιμμέριον
719 4628 938 4692 κόλπον,
994 4629 1086 4679 καὶ
1166 4626 1411 4696 πορθμὸς
1466 4625 1772 4695 ὁμώνυμος,
1819 4627 1926 4678 ἀπὸ

319 4709 325 4743 7
368 4718 503 4780 Ἰοῦς
535 4719 633 4787 τῆς
669 4719 875 4788 Ἰνάχου
905 4717 1261 4788 καλούμενος,
1299 4715 1482 4782 καθὼς
1514 4717 1779 4788 Αἰσχύλος
1812 4719 1922 4790 (GI)

352 4813 411 4863 ὲν
439 4811 516 4880 τῷ
548 4810 830 4881 Προμηθεῖ
853 4813 1056 4881 γράφει
1079 4828 1092 4841 ·

498 4902 701 4953 Ἔσται
731 4901 799 4954 δὲ
832 4904 1068 4967 θνητοῖς
1095 4901 1279 4954 εἰσαεὶ
1308 4901 1486 4968 λόγος
1509 4900 1698 4968 μέγας

499 4970 612 5036 Τῆς
650 4971 771 5037 σῆς
801 4973 1063 5039 πορείας.
1092 4971 1400 5038 Βόσπορος
1430 4971 1480 5022 δ’
1514 4971 1824 5039 ἐπώνυμος

492 5041 882 5108 Κεκλήσετιιι.

2030 4558 2089 4597 se
2125 4544 2309 4597 habet.
2343 4543 2641 4614 Bosporus.
2679 4546 2836 4602 Ponti
2898 4549 3117 4615 civitas,
3169 4550 3322 4620 jnxta
3349 4552 3591 4607 Cimme-

2028 4633 2167 4686 rium
2199 4635 2399 4698 sinum,
2436 4644 2488 4689 et
2523 4636 2785 4705 trajectus
2817 4641 3175 4709 cegnominis,
3218 4641 3286 4695 ab
3319 4641 3440 4698 Ione
3471 4642 3591 4699 Ina-

2030 4724 2116 4778 chi
2147 4725 2256 4780 ﬁlia
2295 4728 2666 4794 nominantur,
2702 4731 2848 4786 velut
2875 4730 3167 4804 Aischylns
3193 4735 3246 4789 in
3270 4733 3594 4794 Prometheo

2023 4818 2214 4873 scribit
2245 4835 2257 4871 :

2104 4909 2419 4984 genialibus
2450 4912 2567 4967 dein
2596 4915 2911 4982 sempiterna
2945 4919 3093 4984 {anta
3124 4923 3222 4974 erit

2106 4980 2482 5048 Trajectt'onis,
2523 4980 2887 5055 Bosporusque
2921 4980 3040 5042 inde
3076 4993 3276 5044 audies.

1517 5134 1818 5190 ANSELMI
1851 5135 2186 5190 BANDURII
2212 5134 2440 5191 NOTAE.

428 5226 539 5298 (59)
601 5227 674 5282 De
723 5226 1015 5298 Themate‘
1046 5227 1457 5298 Longobardim,
1508 5228 1739 5298 ejusque
1779 5227 1931 5295 prin-

357 5295 633 5366 cipatibus
704 5314 768 5350 ac
841 5295 1463 5367 dncatibusfpluribus
1520 5301 1632 5365 agit
1687 5295 1934 5364 Scriptor

358 5379 545 5422 noster
583 5367 723 5437 inl’ra
745 5368 838 5421 lib.
872 5367 938 5421 de
961 5368 1122 5421 Adiit.
1146 5369 1430 5437 imp._cap.
1462 5382 1630 5418 xxvn.

429 5437 542 5503 (60)
581 5436 652 5490 De
716 5439 818 5490 bac
877 5435 1234 5506 expeditione
1280 5435 1683 5506 Saracenorum
1743 5444 1932 5488 contra

358 5506 686 5558 Dalmatiam
740 5517 792 5559 et
841 5505 1047 5560 Italiam
1095 5507 1342 5576 pluribus
1373 5509 1482 5576 agit
1538 5505 1930 5576 Porphyroge-

359 5580 507 5628 nitus
539 5576 678 5628 infra
707 5577 798 5629 lib.
839 5577 906 5631 de
954 5575 1112 5629 Adin.
1164 5576 1296 5644 Imp.
1330 5575 1451 5646 cap.
1491 5593 1637 5641 sxta,
1675 5578 1763 5628 ubi
1809 5575 1930 5629 vide

358 5663 479 5715 quze
511 5647 852 5700 adnotamns.

433 5716 542 5788 (GI)
578 5715 638 5769 Ili
671 5731 879 5778 versus,
934 5715 1109 5786 inquit
1157 5715 1434 5782 Morcllus,
1476 5731 1614 5785 quos
1671 5715 1925 5772 emenda-

679 5820 950 5879 ΡΑτιιοι.
999 5820 1117 5880 Gn.
1173 5821 1392 5882 CXIII.

2035 5229 2204 5282 tiores
2256 5243 2416 5306 quam
2460 5230 2513 5284 in
2568 5231 2770 5306 Codice
2824 5235 2992 5306 Regio
3024 5240 3230 5292 exarati
3257 5239 3388 5302 sint,
3420 5240 3595 5294 edidi—

2035 5313 2178 5372 tnns2
2210 5300 2618 5372 en_unt_iantnra
2672 5300 2994 5362 Prometheo
3041 5310 3276 5362 vinculis
3343 5300 3589 5372 astricto,

2036 5368 2178 5436 apud
2241 5368 2563 5436 Aiscbylum
2600 5390 2612 5426 :
2645 5373 2854 5430 idcirco
2901 5381 2952 5431 in
2980 5377 3153 5431 Gra-c.
3186 5377 3366 5432 addidi
3407 5379 3466 5430 τὸ
3504 5368 3583 5432 ea;

2036 5437 2250 5521 σμώτῃ,
2281 5437 2482 5521 quatis
2509 5442 2641 5521 Cod.
2671 5442 3022 5521 Reg.__aberat
3057 5467 3078 5521 :_
3111 5449 3203 5521 sed
3239 5448 3351 5501 ﬁeri
3375 5463 3592 5521 quoque

2035 5517 2256 5581 p2‘°~°?‘:_
2309 5517 2367 5581 {ll
2421 5511 2532 5579 jam
2610 5511 3138 5581 ipso'Constantini
3219 5511 3407 5571 nostri'
3478 5511 3595 5575 uim

2040 5575 2281 5653 IEscltyli
2317 5575 2672 5638 Prometheus
2699 5584 2978 5653 λυόμενος,
3005 5586 3232 5652 solutus,
3253 5588 3590 5644 desiderare-

2039 5655 2164 5722 tur;
2192 5648 2502 5722 qni_tamen
2531 5648 2849 5706 avetcribus
2870 5655 3143 5722 laudatur,
3173 5648 3229 5712 ut
3263 5673 3292 5714 a
3323 5657 3593 5717 Strabone

2035 5714 2128 5769 lib.
2159 5733 2171 5769 ι
2199 5714 2249 5772 ct
2284 5719 2583 5776 Arrianoin
2619 5722 2830 5792 Periplo
2854 5723 3031 5782 Ponti.

3117 5825 3149 5885 5
3236 5859 3242 5866 .
