4044 6210
364 343 463 403 157

3492 386 3598 459 158

370 434 3585 513 W

648 467 1141 483 Μ,
1176 468 1357 486 .-.νὴ
2213 494 3058 513 ΨΜ
3082 511 3129 513 ἡ

648 467 1183 483 m-—'
1194 467 1357 486 ’σιμὴ-

989 676 2427 867 CONSTANTINI
2554 703 3002 877 IMP.

3066 511 3583 527 ma“;

1640 1012 2114 1077 PORPHYBOG
2125 1019 2225 1080 EN
2232 1019 2343 1080 [TI

912 1188 1094 1301 DE
1178 1188 2370 1318 ADMINISTRANDO
2462 1208 3042 1325 IMPERIO

1777 1434 2171 1523 LIBER.

1369 1618 1513 1681 (Anc.
1544 1620 1783 1680 Βωωυιι,
1813 1618 2082 1683 Imperium
2116 1622 2377 1688 Orientale,
2411 1634 2528 1679 tom.
2554 1629 2620 1692 ι.)

1709 1897 2207 1953 ΚΩΝΣΤΑΝΤΙΝΟ
2217 1900 2259 1953 Υ

1006 2017 1146 2072 ΤΟΥ
1204 2017 1294 2071 EN
1338 2017 1588 2087 ΧΡΙΣΤῼ
1642 2017 1911 2072 ΒΑΣΙΛΕῙ
1970 2019 2198 2090 ΑΙΩΝΙῼ
2251 2023 2581 2077 ΒΑΣΙΛΕΩΣ
2638 2025 2965 2094 ,ΡΩΜΑΙΩΝ

1419 2134 1599 2186 ΠΡΟΣ
1638 2132 1777 2186 ΤΟΝ
1816 2133 1999 2185 ΙΔΙΟΝ
2030 2135 2196 2188 ΥΙΟΝ
2237 2138 2570 2190 ΡΩΜΛΝΟΝ

1066 2299 1073 2306 .
1113 2249 1249 2303 τΟΝ
1280 2247 1635 2303 ΘΕΟΣΤΕΦΗ
1669 2247 1790 2301 ΚΑΙ
1832 2246 2525 2303 ΠΟΡΦΥΡΟΓΕΝΝΗΤΟΝ
2564 2252 2877 2311 ΒΔΣΙΛΕΑ.

1705 2557 2243 2621 CONSTANTINI

674 2684 990 2747 CHRISTI
1059 2685 1376 2746 JETERNI
1450 2683 2053 2760 REGISJGRATIA
2129 2684 2686 2747 IMPERATORIS
2764 2665 3291 2753 ROMANORUM

1474 2810 1584 2869 AD
1633 2810 2040 2871 ROMANUM
2104 2810 2399 2885 FILIUM,

761 2939 811 2997 Λ
859 2934 1017 2997 Ι)Εο
1058 2934 1560 2998 CORONATUM
1602 2935 1706 2996 ET
1745 2932 2554 2997 PORPHYROGENITUM
2600 2935 3209 3001 IMPERATOREM.

950 3276 1355 3331 ΠΡΟΟΙΜΙΟΝ.

440 3370 564 3432 Υἱὸς
605 3367 763 3437 σοφὸς
811 3366 1091 3439 εὐφραίνει
1131 3371 1366 3440 πατέρα,
1408 3371 1503 3423 καὶ
1550 3370 1733 3441 πατὴρ
1784 3370 1931 3439 φιλόο

368 3480 593 3534 στοργος
617 3464 707 3517 ἐπὶ
730 3462 828 3533 υἱῷ
861 3463 1115 3533 τέρπετα·
1151 3464 1422 3534 φρονίμῳ.
1447 3460 1652 3533 Κύριος
1689 3461 1799 3534 γὰρ
1850 3462 1924 3516 δί-

366 3553 497 3606 δωσι
525 3553 649 3609 νοῦν
681 3555 847 3625 ἡνίκα
866 3554 946 3607 δεῖ
970 3556 1161 3616 ιίίπεῖν,
1194 3553 1290 3606 καὶ
1346 3552 1699 3623 προστίθησιν
1723 3549 1817 3618 οῦς
1834 3553 1928 3607 τοῦ

366 3644 583 3697 ἀκούειν
604 3661 619 3675 ⁸
662 3647 791 3715 παρ’
820 3645 970 3715 αὐτῷ
1006 3644 1279 3715 θησαυρὸς
1312 3645 1527 3712 σοφίας,
1554 3645 1646 3697 καὶ
1672 3645 1732 3710 ἐξ
1757 3644 1925 3698 αὐτοῦ

364 3736 563 3790 δίδοται
594 3738 704 3790 πᾶν
735 3736 967 3808 δώρημα
993 3737 1202 3790 τέλειον
1225 3752 1241 3769 ο
1290 3737 1523 3813 καθιίστᾷ
1563 3736 1799 3806 βασιλεῖς
1836 3738 1929 3790 ἐπὶ

364 3827 585 3896 θρόνου,
610 3828 705 3880 καὶ
730 3828 927 3896 κυρίαν
960 3827 1056 3880 τοῦ
1114 3828 1315 3890 παντὸς
1336 3828 1549 3880 δίδωσιν
1574 3830 1779 3889 αὐτοῖς.
1811 3828 1926 3880 Νῦν

360 3918 459 3971 οὖν
477 3918 706 3971 ἄκουσόν
743 3934 867 3986 μου,
897 3917 1007 3981 υἱὲ,
1039 3918 1133 3970 καὶ
1170 3917 1325 3987 τήνδε
1358 3917 1690 3986 μεμαθηκὼς
1718 3916 1817 3985 τὴν
1861 3918 1935 3969 διο

365 4009 560 4080 δαχὴν,
611 4008 709 4080 ἔσῃ
769 4007 931 4075 σοφὸς
979 4005 1129 4076 παρὰ
1190 4005 1494 4076 φρονίμοις,
1526 4007 1617 4056 καὶ
1672 4005 1934 4074 φρόνιμος

368 4098 519 4169 παρὰ
562 4099 744 4166 σοφοῖς
766 4095 1088 4167 λογισθήσῃ.
1118 4092 1486 4164 Εὐλογήσουσί
1519 4109 1577 4144 σε
1602 4093 1649 4143 οἱ
1676 4090 1813 4155 λαοὶ,
1841 4092 1935 4146 καὶ

370 4192 700 4263 μακαριοῦσί
750 4208 809 4243 σε
861 4189 1038 4260 πλήθη
1078 4187 1267 4242 ἐθνῶν.
1334 4187 1621 4257 Διδάχθητι
1668 4185 1703 4239 ἃ
1732 4186 1835 4255 χρή
1873 4202 1932 4237 σε

368 4283 474 4343 πρὸ
506 4284 720 4335 πάντων
741 4281 960 4342 εἰδέναι,
987 4280 1081 4332 καὶ¹
1106 4276 1372 4348 νουνεχῶς
1397 4276 1504 4329 τῶν
1530 4277 1628 4346 τῆς
1654 4276 1932 4345 βασιλείας

369 4373 570 4425 οἰάκων
595 4370 905 4427 άντιλαϐοῦ.
965 4371 1100 4441 Περὶ
1122 4369 1229 4422 τῶν
1260 4365 1565 4421 ἐνεστώτων
1614 4366 1929 4437 μελέτησον,

368 4465 465 4519 καὶ
487 4481 549 4517 πε
562 4464 615 4534 p‘t
640 4463 748 4516 τῶν
787 4460 1091 4532 μελλόντων
1142 4459 1440 4529 διδάχθητι,
1470 4458 1553 4511 ἵνα
1592 4461 1787 4528 πεῖραν
1814 4458 1931 4529 μετ’

366 4554 648 4616 εὐϐουλίας
678 4552 958 4623 ἁθροίσῃς,
1007 4552 1099 4603 καὶ
1155 4548 1595 4619 μεγαλεπήϐολος
1648 4549 1747 4620 ἔσῃ
1804 4548 1931 4617 περὶ

1961 3284 2009 3341 Δ

2602 3280 3025 3337 PROOEMIUM.

2109 3369 2215 3441 53
2264 3368 2437 3426 Filius
2483 3372 2703 3440 sapiens
2757 3373 2998 3428 laetificat
3052 3381 3287 3443 patrem,
3347 3382 3401 3428 ct
3458 3382 3611 3443 pater

2040 3460 2210 3531 prolis
2240 3476 2433 3516 amans
2459 3461 2514 3515 in
2552 3461 2662 3516 tilio
2702 3462 2971 3535 prudente
2995 3463 3315 3518 delectatur.
3348 3461 3612 3518 Dominus

2037 3552 2237 3624 quippe
2273 3562 2357 3609 est
2406 3555 2500 3623 qui
2549 3563 2781 3609 mentem
2834 3554 2972 3610 indit
3012 3556 3234 3627 quando
3283 3554 3611 3624 loquendum

2035 3651 2138 3710 est,
2167 3655 2221 3700 et
2244 3661 2429 3700 aurem
2461 3647 2527 3700 ad
2556 3646 2885 3703 audiendum
2918 3649 3178 3719 impertit.
3217 3648 3389 3703 Penes
3432 3648 3610 3719 ipsum

2037 3739 2315 3808 sapientia
2386 3739 2494 3810 54
2543 3741 2835 3797 thesaurus
2902 3743 3243 3805 reconditur,
3293 3752 3346 3796 ct
3405 3741 3473 3796 ab
3518 3740 3612 3794 illo

2039 3845 2201 3884 omne
2242 3831 2446 3884 donum
2484 3832 2785 3899 perlectum
2824 3843 3061 3886 emanat.
3104 3830 3280 3902 Reges
3320 3832 3375 3883 in
3412 3832 3612 3884 throno

2041 3922 2288 3984 collocat,
2354 3921 2709 3990 universique
2749 3922 3083 3975 dominatum
3137 3924 3271 3991 ipsis
3324 3922 3607 3989 elargitur.

2042 4011 2199 4065 Nunc
2225 4026 2355 4082 ergo
2384 4024 2568 4063 aurem
2612 4012 2812 4078 praahe,
2868 4010 2963 4075 ﬁli,
3004 4020 3057 4064 et
3090 4012 3194 4064 hac
3242 4011 3482 4063 imbutus
3520 4011 3616 4063 do-

2042 4104 2236 4168 ctrina,
2285 4102 2507 4170 sapiens
2550 4100 2692 4172 apud
2728 4100 3026 4170 prudentes
3064 4102 3197 4165 eris,
3241 4110 3295 4153 et
3329 4100 3471 4168 apud
3521 4115 3612 4155 sa-

2040 4197 2249 4267 pientes
2300 4194 2540 4265 prudens
2594 4193 2929 4249 ceuscheris.
2982 4193 3313 4249 Benedicent
3357 4192 3450 4246 tibi
3518 4208 3615 4259 pu-

2039 4282 2179 4353 puli,
2209 4292 2262 4335 et
2305 4281 2523 4335 beatum
2572 4281 2950 4350 praedicabunt
2985 4280 3169 4334 multae
3208 4285 3419 4349 gentes.
3456 4274 3617 4331 Disce

2037 4389 2158 4445 quae
2196 4388 2307 4443 pra:
2346 4372 2603 4428 omnibus
2649 4373 2791 4429 scitu
2847 4387 2985 4442 opus
3032 4378 3182 4433 sunt,
3214 4377 3268 4424 et
3320 4369 3615 4439 prudenter

2038 4464 2255 4535 imperii
2282 4463 2653 4535 gubernacula
2692 4464 2904 4534 accipe.
2932 4464 3009 4518 De
3034 4462 3396 4533 praesentibus
3432 4471 3614 4515 tecum

2039 4555 2239 4627 cogita,
2293 4554 2476 4610 futura
2518 4554 2723 4619 edisce,
2771 4563 2833 4611 ut
2869 4570 2979 4610 una
3029 4570 3154 4609 cum
3199 4561 3350 4608 recto
3384 4552 3613 4607 consilio

372 4647 436 4699 τά
461 4645 779 4714 πράγματα.
833 4643 965 4696 Ἰδοὺ
1001 4639 1259 4709 ὲκτίθημί
1288 4656 1369 4691 σοι
1392 4638 1761 4703 διδασκαλίαν,
1791 4636 1931 4689 ῶστε

2039 4625 2427 4716 experientiam
2455 4647 2703 4717 colligas,
2750 4654 2806 4701 et
2846 4646 3113 4716 praeclare
3146 4660 3231 4699 res
3262 4658 3484 4713 magnas
3515 4659 3611 4712 ag-

367 4739 434 4807 τῇ
470 4737 532 4788 ὲκ
557 4734 757 4806 ταύτης
787 4734 951 4805 πείρᾳ
985 4733 1077 4786 καὶ
1125 4731 1323 4799 γνώσει
1366 4728 1749 4783 συνετισθέντα
1806 4727 1932 4797 περὶ

2038 4733 2185 4801 gredi
2209 4733 2433 4787 valebis.
2466 4731 2608 4788 Ecce
2637 4735 2945 4788 doctrinam
2980 4734 3077 4787 tibi
3120 4748 3365 4804 propono
3395 4750 3414 4798 ;
3451 4741 3514 4787 ut
3546 4748 3612 4786 ex

368 4827 467 4891 τὰς
489 4826 765 4897 βελτίστας
788 4825 980 4895 βουλάς
1015 4825 1108 4877 καὶ
1141 4821 1262 4896 [τῷ]
1294 4821 1354 4874 τό
1376 4822 1525 4893 κοινῇ
1560 4820 1838 4890 συμφέρον
1860 4819 1938 4889 μὴ

369 4918 777 4990 διαμαρτάνειν.
815 4916 1016 4988 Πρῶτα
1046 4915 1168 4986 μὲν,
1203 4916 1353 4967 ποῖον
1390 4912 1560 4977 ἔθνος,
1590 4910 1731 4964 κατὰ
1753 4909 1804 4961 τί
1839 4910 1938 4979 μὲν

370 5011 648 5082 ὠφελῆσαι
675 5007 1238 5076 δύναταιῬωμαίους,
1265 5007 1405 5058 κατὰ
1430 5005 1483 5056 τί
1506 5004 1561 5055 δὲ
1588 5001 1788 5074 βλάψαι
1809 5017 1821 5030 ο
1845 5000 1939 5052 καὶ

370 5110 543 5174 ποῖον,
592 5106 834 5169 καὶπῶς
890 5104 1117 5157 ἕκαστον
1170 5101 1397 5165 τούτων,
1431 5100 1524 5153 καὶ
1577 5096 1728 5168 παρὰ,
1777 5096 1932 5149 ποὲου

368 5198 590 5252 δύναται
623 5198 831 5261 ἔθνους,
869 5198 961 5249 καὶ
995 5194 1369 5264 πολεμεῖσθαι,
1393 5192 1486 5245 καὶ
1512 5187 1931 5244 ὑποτάσσεσθαι.

374 5290 780 5359 Ἐπειτα,περὶ
812 5289 911 5358 τῆς
937 5288 1210 5357 ἀπλήστου
1254 5285 1348 5339 καὶ
1396 5282 1694 5352 ἀκορέστου
1753 5276 1934 5331 αὐτῶν

370 5378 616 5448 γνώμης,
652 5378 745 5432 καὶ
776 5370 851 5432 ὧν
880 5376 1204 5447 παραλόγως
1249 5372 1589 5440 ἐξαιτοῦνται
1615 5368 1931 5439 λαμϐάνειν.

372 5467 487 5526 Εἴθ’
507 5471 679 5535 οὕτως
706 5473 798 5527 καὶ
824 5472 954 5542 περὶ
990 5471 1255 5540 διαφορᾶς
1287 5468 1487 5539 ἐτέρων
1523 5463 1715 5525 ἐθνῶν,
1738 5476 1933 5529 γενεαο

370 5565 554 5632 λογίας
578 5583 635 5618 τε
674 5565 865 5630 ἐθνῶν,
891 5566 984 5618 καὶ
1018 5564 1131 5633 βίου
1161 5561 1457 5629 διαγωγῆς,
1510 5557 1600 5612 καὶ
1624 5555 1821 5616 θέσεως
1850 5554 1941 5605 καὶ

370 5659 619 5729 κράσεως
675 5658 774 5727 τῆς
831 5654 1257 5732 κατοῳιουμένης
1311 5652 1439 5719 παρ’
1496 5646 1678 5705 αὐτῶν
1709 5646 1808 5716 γῆς
1839 5645 1929 5697 καὶ

2031 4818 2151 4887 ejus
2190 4819 2525 4888 experientia
2572 4830 2621 4875 et
2671 4820 2867 4873 notitia
2910 4819 2976 4872 ad
3009 4819 3215 4888 optima
3254 4818 3484 4873 consilia
3521 4832 3611 4870 as-

2034 4908 2332 4974 suefactus,
2388 4910 2444 4964 in
2488 4909 2716 4979 publicae
2766 4908 3016 4963 utilitatis
3047 4910 3212 4963 rebus
3251 4921 3321 4961 ne
3366 4906 3610 4960 aberres.

2036 5004 2280 5057 Primum
2320 5003 2540 5072 quidem
2575 5003 2786 5057 tradam
2836 5018 2956 5071 qua:
2999 5018 3133 5072 gens
3163 5002 3214 5053 iu
3250 5013 3355 5068 qua
3394 5013 3450 5050 re
3483 5012 3617 5066 pro-

2041 5095 2200 5151 desse
2237 5093 2497 5148 Romanis
2529 5096 2725 5163 possit,
2766 5094 2821 5147 in
2859 5108 2962 5163 qua
2992 5095 3185 5148 obesse
3221 5109 3235 5145 :
3273 5092 3399 5143 item
3436 5087 3613 5158 quali-

2043 5197 2125 5241 ter
2150 5195 2205 5242 et
2228 5184 2503 5256 quomodo
2529 5185 2757 5256 singulae
2795 5200 2854 5240 se
2886 5185 3140 5247 habeant,
3174 5190 3227 5237 et
3260 5196 3291 5235 a
3316 5195 3421 5249 qua
3453 5186 3613 5250 gente

2042 5277 2253 5349 possint
2294 5287 2348 5332 et
2385 5276 2527 5331 bello
2568 5275 2757 5345 impeti
2801 5282 2855 5329 et
2898 5270 3201 5343 subjugari.
3238 5268 3443 5324 Deinde
3480 5280 3614 5321 vero
3646 5302 3647 5305 η

2041 5371 2109 5426 de
2154 5368 2471 5439 inexplebili
2514 5366 2918 5437 insatiabilique
2958 5379 3145 5420 earum
3190 5363 3395 5423 animo,
3437 5372 3501 5412 ac
3542 5357 3611 5411 de

2038 5461 2241 5531 iniquis
2279 5460 2594 5516 earumdem
2627 5457 2942 5528 postulatis.
2978 5455 3093 5512 Sub
3134 5455 3247 5509 haec
3272 5453 3339 5507 de
3374 5451 3606 5505 aliarum

2039 5567 2255 5621 quoque
2286 5553 2524 5623 gentium
2561 5550 2904 5612 discrimine,
2930 5548 3164 5619 origine.
3200 5544 3414 5601 vivendi
3451 5544 3610 5598 insti-

2038 5651 2173 5709 tuto,
2208 5643 2274 5699 de
2317 5644 2446 5709 situ,
2484 5642 2551 5698 dc
2581 5640 2896 5697 conditione
2937 5645 3098 5693 terra:
3130 5651 3293 5706 quam
3324 5635 3606 5695 incolunt;
