4014 6212
423 262 525 323 159

1428 229 1936 324 CONSTANTINI
1977 263 2649 324 PORPHYROGENITI

3544 257 3642 323 160

420 373 645 438 insuper
684 370 751 424 de
792 369 1020 424 circuitu
1069 377 1124 425 et
1169 385 1423 426 mensura
1464 380 1646 436 terrm,
1695 387 1758 427 ac
1807 372 1874 427 de
1917 371 1984 426 iis

2107 373 2468 443 τεριηγήσεως
2501 371 2692 441 αὐτῆς,
2746 370 2838 424 και
2892 355 3222 439 σταδιασμοῦ
3261 367 3392 439 πρὸς
3414 366 3642 431 τούτοις,

419 476 539 530 qua:
595 461 747 515 vario
811 470 1056 529 tempore
1105 461 1250 516 inter
1309 463 1585 518 Romanos
1633 462 1989 531 diversasque

419 560 606 622 gentes
645 552 943 606 acciderint
988 569 1004 605 :
1039 552 1248 608 ‘deinde
1279 553 1348 608 de
1385 555 1452 609 iis
1493 570 1614 624 quae
1653 569 1818 624 penes
1864 567 1987 617 nos,

420 644 534 697 imo
596 643 760 696 etiam
825 643 879 696 in
930 643 1192 699 universo
1237 644 1482 700 Romano
1541 647 1769 715 imperio
1822 645 1990 700 certis

423 735 763 804 temporibus
798 734 1052 788 innovata
1075 745 1225 790 sunt.
1264 736 1389 792 "rec
1425 753 1637 792 mecum
1675 754 1740 792 ex
1771 738 1990 808 sapien-

425 827 514 878 tiae
559 825 771 893 legibus
812 826 1178 891 considerata,
1214 827 1310 880 tibi
1343 828 1540 883 dilecto
1569 828 1680 882 ﬁlio
1714 844 1834 882 meo
1863 837 1988 884 nota

425 915 603 968 facere
632 913 874 976 decrevi,
919 924 977 968 ut
1015 915 1351 985 singulorum
1396 916 1692 973 discrimen
1749 919 1991 988 apprime

426 1013 636 1068 teneas,
686 1005 938 1074 sciasque
983 1021 1090 1075 qua
1138 1007 1349 1063 ratione
1381 1009 1518 1075 istm,
1570 1010 1653 1064 vel
1697 1013 1993 1064 tractandae

429 1097 543 1152 sive
599 1098 978 1163 conciliandae,
1039 1100 1125 1154 vel
1181 1100 1515 1155 debellanda:
1559 1116 1622 1156 ac
1671 1103 1994 1171 repellenda:

331 1253 337 1259 _
429 1186 561 1240 sint.
599 1184 675 1240 Te
726 1187 928 1256 quippe
970 1195 1027 1240 ut
1072 1189 1476 1258 magnanimum
1517 1190 1990 1258 reformidahunt;

428 1284 482 1330 et
517 1276 615 1331 abs
645 1282 698 1330 te
727 1277 873 1330 velut
902 1278 970 1332 ab
1019 1279 1142 1348 igne
1172 1279 1400 1350 fugient.
1434 1283 1602 1336 Labia
1648 1297 1835 1337 eorum
1869 1283 1992 1338 ira:-

431 1366 726 1431 uabuntur,
762 1361 1052 1436 verbisque
1093 1369 1200 1426 tuis
1237 1371 1401 1426 veluti
1436 1372 1558 1427 telis
1591 1371 1991 1428 confodientur.

433 1454 568 1522 Ipsis
618 1464 841 1525 aspectu
895 1456 1160 1512 terribilis
1209 1459 1340 1523 eris,
1384 1471 1440 1514 et
1495 1475 1522 1512 a
1559 1468 1858 1530 conspectu
1901 1469 1995 1514 tuo

430 1556 636 1601 tremor
664 1549 884 1602 invadet
927 1549 1071 1615 illos,
1109 1549 1362 1620 Deusque
1405 1551 1754 1619 omnipotens
1787 1562 1838 1607 te
1870 1566 1996 1622 pro-

433 1646 597 1708 teget,
630 1653 694 1694 ac
720 1639 946 1693 Creator
976 1649 1103 1696 tuus
1141 1652 1190 1696 te
1226 1642 1516 1711 prudentia
1560 1644 1813 1710 instruet,
1845 1659 1998 1714 gres-

2095 463 2338 533 καὶπερὶ
2374 462 2481 515 τῶν
2512 461 2567 515 έν
2588 480 2694 515 τινι
2724 461 2902 533 καιρῷ
2958 461 3160 531 μεταξὺ
3220 459 3508 526 Ῥωμαίων
3564 461 3658 513 καὶ

2092 553 2362 624 διαφόρων
2391 552 2558 605 ἐθνῶν
2587 551 3035 623 συμϐεϐηκότων,
3097 552 3192 604 καὶ
3253 550 3392 619 μετά
3458 549 3655 613 ταῦτα,

2093 646 2192 698 ὅσα
2220 645 2278 697 ἐν
2305 646 2370 715 τῇ
2405 643 2525 696 καθ’
2551 645 2696 714 ἡμᾶς
2730 644 2990 714 πολιτείᾳ,
3022 642 3158 696 ἀλλὰ
3187 641 3280 694 καὶ
3307 643 3364 695 ὲν
3396 642 3541 712 πάσῃ
3588 644 3657 712 τῇ

2109 735 2396 805 Ῥωμαίων
2423 737 2564 804 ἀρχῇ
2587 734 2729 788 κατά
2747 751 2898 797 τινας
2955 734 3179 803 χρόνους
3235 731 3658 801 ὲκαινοτομήθη.

2095 827 2280 880 Ταῦτα
2313 828 2652 897 ἐσοφισάμην
2684 827 2817 881 κατ’
2856 825 3113 896 ἐμαυτὸν,
3140 825 3235 878 καὶ
3278 818 3410 878 εἶπα
3444 822 3663 891 γνωστά

2097 937 2180 973 σοι
2214 920 2437 989 ποιῆσαι
2470 920 2546 988 τῷ
2579 917 2922 989 ἠγαπημένῳ
2953 936 3054 988 μου
3095 915 3217 986 υἱῷ,
3262 916 3328 970 ἵν’
3357 915 3490 986 ἔχῃς
3521 914 3662 968 εἰδέ-

2096 1029 2182 1065 ναι
2205 1010 2300 1080 τὴν
2321 1011 2552 1063 ἑκάστου
2579 1010 2785 1062 τούτων
2801 1009 3061 1080 διαφοράν
3087 1023 3101 1038 ο
3132 1007 3227 1061 καὶ
3256 1005 3392 1069 πῶς,
3427 1005 3460 1074 ἢ
3495 1020 3664 1073 μετα-

2097 1102 2427 1172 χειρίζεσθαι
2457 1099 2628 1154 ταῦτα
2651 1101 2746 1154 καὶ
2774 1097 3108 1153 οἰκειοῦσθαι
3135 1113 3149 1128 '
3184 1097 3217 1167 ἢ
3258 1096 3539 1165 πολεμεῖν,
3570 1095 3666 1147 καὶ

2097 1190 2534 1244 ἀντιτάσσεσθαι.
2562 1189 2967 1259 Πτοηθήσονται
2996 1188 3105 1258 γάρ
3137 1204 3197 1240 σε
3219 1187 3294 1250 ώς
3323 1184 3664 1257 μεγαλοφυῆο

2098 1282 2190 1332 καὶ
2214 1281 2288 1343 ώς
2321 1281 2427 1334 ἀπὸ
2455 1279 2622 1349 πυρὸς
2651 1279 2936 1348 φεύξονται
2987 1278 3096 1331 ἀπὸ
3125 1277 3217 1330 σοῦ
3245 1293 3258 1306 ”
3314 1274 3668 1346 φιμωθήσον-

2097 1389 2187 1426 ται
2213 1372 2280 1424 τὰ
2311 1371 2464 1440 χείλη
2495 1369 2696 1434 αὐτῶν,
2725 1370 2820 1425 καὶ
2842 1371 2916 1433 ὡς
2949 1368 3053 1422 ὑπὸ
3079 1367 3249 1439 βελῶν
3277 1369 3388 1429 τοῖς
3418 1367 3533 1428 σοῖς
3563 1382 3667 1420 κα-

2097 1463 2534 1532 τατρωθήσονται
2557 1459 3068 1531 ῥήμασιν.’οφθήσῃ
3089 1459 3270 1520 αὐτοῖς
3292 1457 3540 1528 φοϐερὸς,
3571 1457 3670 1512 καὶ

2098 1554 2207 1607 ἀπὸ
2231 1551 2520 1623 προσώπου
2550 1569 2642 1605 σου
2669 1552 2867 1623 τρόμος
2895 1549 3124 1620 λήψεται
3154 1549 3368 1614 αὐτοὺς,
3389 1549 3482 1602 καὶ
3511 1547 3604 1601 σοῦ
3638 1549 3670 1600 ὁ

2099 1643 2501 1714 Παντοκράτωρ
2524 1644 2855 1714 ὑπερασπιεῖ
2874 1658 2887 1672 ο
2914 1642 3006 1694 καὶ
3034 1642 3267 1695 συνετιεῖ
3303 1657 3360 1693 σε
3391 1641 3418 1692 ὁ
3443 1640 3668 1717 πλάσας

432 1746 528 1784 sus
569 1738 692 1784 tuos
745 1730 962 1798 diriget,
1006 1741 1168 1802 atque
1222 1709 1276 1788 in
1327 1735 1443 1790 basi
1488 1735 1754 1790 immobili
1799 1709 2003 1791 consti-

2107 1751 2186 1798 σε,
2215 1709 2536 1786 κατευθυνεῖ
2560 1709 2654 1786 σου
2698 1733 2768 1786 τὰ
2796 1732 3130 1802 διαδήματα,
3177 1730 3272 1784 καὶ
3325 1709 3541 1800 ιδράσεὶ
3601 1746 3664 1781 σε

431 1830 567 1874 tuet.
623 1822 878 1878 Thronus
928 1833 1055 1880 tuus
1112 1826 1268 1896 quasi
1322 1829 1404 1882 sol
1457 1828 1564 1883 erit
1615 1842 1798 1882 coram
1863 1829 2003 1899 ipso,

431 1911 575 1966 oculi
625 1912 744 1982 ejus
795 1921 847 1968 te
894 1915 1230 1983 respicient,
1281 1933 1456 1987 neque
1509 1926 1564 1974 te
1611 1935 1699 1974 res
1765 1920 2006 1976 adversae

434 2001 774 2072 contingent,
825 2005 1085 2073 quoniam
1134 2006 1254 2076 ipse
1307 2015 1359 2062 te
1408 2008 1594 2079 elegit,
1647 2016 1700 2065 et
1745 2010 1812 2065 ab
1853 2020 2007 2066 utero

432 2093 625 2147 matris
677 2096 1019 2164 segregavit,
1071 2097 1471 2168 imperiumque
1516 2116 1675 2155 suum
1731 2101 1824 2156 tibi
1888 2111 2008 2156 tan-

435 2197 595 2249 quam
645 2180 1245 2256 caeteris‘prmcellenti
1305 2190 1545 2258 tradidit,
1606 2192 1898 2262 posuitque
1960 2201 2010 2247 te

432 2273 589 2340 quasi
618 2277 892 2344 speculam
933 2278 987 2331 in
1023 2279 1182 2344 colle,
1216 2294 1279 2335 ac
1307 2281 1469 2335 veluti
1521 2297 1739 2338 auream
1771 2291 2008 2338 statuam

433 2365 487 2416 in
515 2366 755 2431 excelso,
781 2376 834 2422 et
852 2368 1017 2423 veluti
1050 2371 1234 2425 urbem
1268 2372 1323 2426 in
1347 2379 1532 2428 monte
1555 2381 1607 2428 te
1635 2375 1926 2440 exaltavit‘;
1954 2363 2011 2428 ιιι

436 2470 659 2510 numera
695 2457 788 2512 tibi
821 2458 995 2514 ferant
1022 2470 1232 2532 gentes,
1255 2471 1308 2518 et
1341 2464 1567 2518 adorent
1602 2475 1652 2518 te
1676 2465 2009 2520 habitatores

436 2553 612 2598 terrae.
653 2545 754 2602 Sed
807 2556 886 2611 tu,
924 2548 1167 2613 Domine,
1211 2552 1351 2624 Deus
1387 2569 1558 2618 meus,
1598 2555 1756 2622 cujus
1785 2570 2010 2623 regnum

434 2636 1154 2706 incorruptibleetarternum
1177 2648 1282 2703 est,
1299 2657 1422 2696 eum
1441 2643 1495 2697 in
1515 2643 1599 2697 via
1617 2644 1787 2712 dirige
1805 2645 1896 2714 qui
1917 2660 2012 2714 per

434 2743 486 2792 ιο
505 2719 572 2782 ex
591 2744 676 2784 me
703 2740 865 2786 natus
887 2741 990 2799 est,
1017 2733 1117 2802 ipsi
1142 2733 1415 2791 vultustui
1441 2737 1725 2805 praesentia
1745 2736 2012 2792 colluceat

432 2832 486 2875 et
515 2822 663 2877 auris
693 2829 785 2876 tua
812 2824 876 2878 ad
908 2840 1094 2892 preces
1125 2826 1245 2894 ejus
1275 2828 1584 2883 inclinetur.
1609 2828 1858 2898 Protegat
1885 2845 2009 2884 eum

434 2925 630 2965 manus
661 2921 773 2979 tua,
807 2926 994 2984 regnet
1032 2925 1256 2987 propter
1285 2920 1591 2981 veritatem,
1624 2919 1854 2974 deducat
1885 2935 2009 2973 eum

437 3108 551 3159 tuo,
607 3105 665 3150 ut
720 3100 994 3154 custodiat
1031 3101 1446 3171 justiﬁcationes
1509 3112 1656 3168 tuas,
1711 3118 1896 3158 coram
1943 3119 2008 3158 eo

435 3191 720 3259 procident
760 3193 962 3258 hostes,
993 3205 1045 3250 et
1099 3197 1306 3251 inimici
1353 3198 1472 3266 ejus
1535 3205 1734 3252 terram
1780 3197 2006 3264 lingent.

436 3283 806 3367 Adumbretur
854 3288 1017 3358 stirps
1050 3289 1170 3359 ejus
1210 3289 1475 3345 foecundae
1515 3289 1721 3345 sobolis
1762 3288 1927 3352 l‘oliis,
1955 3295 2010 3343 et

435 3375 628 3428 umbra
661 3373 869 3432 fructus
891 3378 1009 3447 ejus
1051 3387 1261 3434 montes
1301 3381 1479 3449 regios
1501 3380 1892 3449 operiat,fquia
1916 3393 2009 3448 per

438 3471 491 3517 te
518 3480 672 3535 reges
705 3478 950 3535 regnant,
996 3478 1045 3522 te
1067 3469 1408 3524 celebrantes
1433 3470 1484 3522 in
1515 3467 1733 3522 saecula.

2106 1825 2199 1878 ἐπὶ
2255 1824 2411 1894 βάσιν
2456 1825 2771 1879 ἀσάλευτον.
2837 1824 2894 1876 '0
2915 1823 3102 1894 θρόνος
3152 1839 3268 1885 σου,
3314 1821 3388 1884 ὡς
3435 1824 3464 1874 ὁ
3514 1821 3672 1891 ἥλιος

2106 1916 2349 1971 ἐναντίον
2379 1918 2564 1980 αὑτοῦ,
2594 1919 2686 1970 καὶ
2715 1919 2764 1970 οἱ
2805 1915 3074 1986 ὀφθαλμοὶ
3097 1913 3262 1968 αὑτοῦ
3289 1913 3504 1968 ἔσονται
3538 1912 3670 1981 βλέ-

2110 2026 2303 2073 ποντες
2355 2011 2446 2062 ἐπὶ
2476 2010 2568 2062 σέ·
2603 2010 2698 2062 καὶ
2754 2009 2905 2062 οὐδὲν
2935 2009 2995 2062 ού
3054 2007 3128 2077 μὴ
3172 2006 3378 2077 ἆψηταί
3410 2023 3504 2059 σου
3549 2005 3668 2058 τῶν

2108 2101 2383 2170 χαλεπῶν,
2429 2100 2616 2154 καθότι
2649 2099 2810 2162 αὐτός
2869 2117 2929 2152 σε
2975 2098 3277 2163 ἐξελέξατο,
3304 2097 3398 2150 καὶ¹
3423 2097 3530 2150 ἀπὸ
3565 2098 3674 2166 μή-

2107 2209 2242 2262 τρας
2275 2191 2575 2262 ἀφώρισεν,
2609 2192 2703 2245 καὶ
2727 2191 2826 2262 τὴν
2853 2189 3018 2244 αὑτοῦ
3055 2188 3331 2260 βασιλείαν
3375 2186 3449 2252 ὡς
3480 2186 3676 2256 ἀγαθῷ

2112 2284 2249 2352 ὑπὲρ
2279 2283 2485 2346 πάντας
2507 2299 2588 2336 σοι
2612 2281 2799 2344 ἔδωκε,
2823 2280 2918 2335 καὶ
2941 2280 3182 2334 τέθεικεν
3200 2280 3295 2345 Ῐώς
3347 2277 3554 2347 σκοπὴν
3579 2277 3677 2330 ἐπὶ

2115 2373 2327 2442 βουνοῦ,
2359 2373 2454 2427 καὶ
2472 2373 2547 2436 ὡς
2566 2372 2801 2443 χρυσοῦν
2856 2372 3146 2442 ἀνδριάντα
3196 2371 3279 2440 ἐφ’
3320 2368 3548 2440 ὑψηλοῦ,
3579 2369 3678 2438 καὶ

2111 2465 2184 2526 ὡς
2213 2464 2366 2517 πόλιν
2388 2465 2474 2517 ἐπ’
2504 2464 2664 2535 ὅρους
2697 2463 3000 2534 ἀνύψωσεν,
3039 2463 3189 2532 ζῶστε
3244 2460 3675 2533 δωροφορεῖσθαι

2114 2555 2205 2609 ὑπ’
2242 2555 2433 2618 ἐθνῶν,
2480 2555 2572 2610 καὶ
2603 2554 3025 2625 προσκυνεῖσθαι
3051 2553 3155 2606 ὑπὸ
3194 2551 3300 2605 τῶν
3356 2548 3680 2604 κατοικούν-

2113 2664 2220 2700 των
2241 2648 2338 2715 τὴν
2371 2645 2497 2715 γῆν.
2533 2645 2692 2699 Ἀλλὰ
2727 2646 2813 2708 σὺ,
2845 2644 3016 2716 Κύριε
3049 2646 3076 2697 ὁ
3099 2643 3230 2706 Θεός
3266 2659 3388 2713 μου,
3414 2636 3476 2695 οὗ
3505 2641 3538 2708 ἡ
3579 2639 3682 2709 βα-

2115 2739 2286 2791 σιλεία
2315 2737 2614 2808 ἀνώλεθρος
2637 2737 2731 2791 καὶ
2753 2734 2990 2802 αἰώνιος,
3051 2735 3168 2804 εῐης
3233 2730 3537 2787 καητευοεῶν
3582 2730 3684 2782 τὸν

2113 2826 2202 2880 διὰ
2234 2825 2326 2879 σοῦ
2371 2826 2426 2892 ἐξ
2487 2824 2621 2896 ἐμοῦ
2643 2825 2993 2896 γεννηθέντα,
3048 2825 3141 2877 καὶ
3170 2823 3365 2892 ἔστωὴ
3400 2823 3684 2890 ὲπισκοπὴ

2062 2938 2070 2946 ·
2114 2919 2207 2971 τοῦ
2233 2917 2531 2988 προσώπου
2570 2935 2663 2970 σου
2697 2918 2784 2970 ἐπ’
2819 2917 2998 2980 αὐτὸν,
3019 2916 3110 2968 καὶ
3137 2915 3196 2968 τὸ
3221 2909 3313 2976 οῦς
3343 2929 3437 2966 σου
3461 2910 3684 2964 ἐπικλι-

434 3004 654 3058 dextera
686 3012 795 3067 tua,
823 3015 876 3061 et
893 3006 1198 3078 dirigantur
1215 3010 1313 3066 viae
1343 3011 1462 3081 ejus
1495 3012 1549 3065 in
1581 3011 1685 3082 55
1710 3021 2007 3083 conspectu
2037 3046 2080 3104 ε

2115 3010 2288 3064 νέσθω
2314 3011 2434 3073 ταῖς
2461 3008 2651 3063 τούτου
2680 3010 2921 3080 δεήσεσι,
2955 3009 3280 3062 σκεπασάτω
3308 3005 3472 3061 αὐτὸν
3499 3005 3533 3075 ἡ
3553 3004 3686 3074 χείρ

2118 3119 2232 3166 σου,
2259 3100 2352 3154 καὶ
2403 3100 2733 3170 βασιλευέτω
2798 3099 2984 3152 ἕνεκεν
3009 3097 3288 3166 ἀληθείας,
3321 3095 3417 3149 καὶ
3436 3094 3684 3164 ὀδηγήσῃ

2114 3193 2274 3246 αὑτὸν
2301 3194 2334 3262 ἠ
2370 3190 2520 3256 δεξιά
2553 3208 2671 3256 σου,
2712 3189 3210 3258 κατευθυνθείησαν
3240 3186 3296 3240 αἱ
3344 3185 3452 3238 ὁδοὶ
3507 3181 3682 3237 αὑτοῦ

2115 3281 2467 3338 ἐνώπιόν’”σου
2495 3281 2589 3335 τοῦ
2633 3279 2970 3350 φυλάξασθαι
3027 3277 3096 3331 τά
3144 3275 3487 3346 δικαιώματά
3533 3290 3630 3326 σου
3664 3289 3682 3304 ·

2116 3372 2222 3444 πρὸ
2280 3371 2573 3446 προσώπου
2625 3371 2788 3424 αὑτοῦ
2843 3369 3134 3423 πεσοῦνται
3204 3367 3453 3436 πολέμιοι
3487 3404 3502 3427 ,
3581 3363 3688 3416 καὶ

2115 3465 2348 3531 λείξουσι
2397 3463 2525 3535 χοῦν
2569 3465 2618 3517 oi
2672 3462 2856 3534 ἐχθροὶ⁵
2894 3460 3082 3515 αὐτοῦ.
3125 3455 3567 3525 Κατασκιασθείη
3614 3455 3686 3507 τὸ

439 3555 683 3624 στέλεχος
720 3556 814 3609 τοῦ
836 3558 1024 3624 γένους
1065 3558 1238 3612 αὑτοῦ
1265 3557 1599 3626 πολυγονῖας
1624 3557 1861 3628 φύλλοις,
1917 3557 2010 3612 καὶ
2055 3557 2089 3628 ἡ
2143 3555 2269 3608 σκιὰ
2301 3554 2393 3609 τοῦ
2428 3551 2639 3626 καρποῦ
2678 3552 2842 3607 αὑτοῦ
2891 3550 3219 3622 ἐπικαλύψαι
3258 3551 3356 3622 ὅρη
3406 3547 3680 3618 βασίλειαι

439 3648 517 3701 ὅτι
548 3649 634 3702 διὰ
658 3649 750 3703 σοῦ
778 3651 1120 3721 βασιλεύουσι
1171 3651 1409 3722 βασιλεῖς
1451 3651 1766 3716 δοξάζοντές
1813 3666 1876 3704 σε
1927 3651 2007 3715 εἰς
2034 3648 2126 3704 τὸν
2147 3648 2339 3703 αίῶνα.

948 3761 1177 3817 CAPUT
1213 3761 1504 3818 PRIMUM.

442 3851 517 3905 De
575 3851 946 3922 Patziuacitis,
1002 3860 1052 3905 et
1125 3861 1382 3921 quantum
1443 3853 1646 3920 prosint
1701 3853 2011 3922 imperatori

447 3929 450 3932 ’
699 3920 934 3974 Romano
958 3923 1004 3974 si
1027 3920 1206 3992 pacem
1228 3939 1344 3976 cum
1379 3925 1506 3990 ipsis
1531 3922 1743 3978 habeat.

511 4076 648 4129 Audi
677 4090 828 4146 ergo,
860 4076 956 4142 fili,
979 4091 1101 4145 quae
1134 4076 1229 4131 tibi
1259 4091 1366 4131 non
1397 4077 1695 4146 ignoranda
1728 4078 2002 4143 existimo,

442 4179 494 4224 et
532 4168 840 4236 intelligens
871 4177 991 4222 esto
1025 4178 1085 4222 ut
1122 4178 1326 4223 rectam
1358 4168 1695 4237 gubernandi
1739 4169 2006 4222 rationem

443 4258 778 4326 assequeris.
812 4258 1093 4326 Siquidem
1129 4259 1213 4312 vel
1251 4257 1485 4312 subditis
1511 4257 1765 4312 omnibus
1810 4271 2010 4326 oppor-

2535 3760 2928 3814 ΚΕΦΑΛΑΙΟΝ
2960 3758 3253 3813 ΠΡΩΤΟΝ.

2109 3853 2248 3923 Περὶ
2301 3853 2418 3923 τῶν
2467 3849 2900 3923 Πατζὶνακιτῷν
2937 3849 3098 3923 ((59))
3148 3848 3252 3923 καλ
3306 3844 3454 3923 apd;
3507 3845 3680 3923 ardea

2181 3915 2631 3992 συμϐάλλονται
2695 3921 2846 3991 μετὰ
2884 3915 2990 3975 τοῦ
3027 3915 3682 3985 βασιλέωςλΡωμαίων

2176 3994 2602 4061 εἰρηνεύοντες.

2180 4085 2442 4136 Ἀκουσον
2474 4082 2672 4145 τοίνυν,
2705 4081 2810 4142 υἱὲ,
2844 4079 2880 4133 ἃ.
2921 4097 3012 4150 μοι
3041 4079 3190 4132 δοκεῖ
3227 4095 3285 4132 σε
3339 4079 3414 4149 μὴ
3441 4079 3679 4147 ἀγνοεῖν,

2115 4177 2209 4228 καὶ
2245 4176 2460 4244 νοήμων
2483 4174 2660 4241 γενοῦ,
2695 4172 2780 4226 ἴνα
2809 4172 2988 4244 κτήσῃ
3014 4171 3360 4242 κυϐέρνησιν.
3392 4168 3536 4239 Φημὶ
3569 4168 3683 4240 γὰρ

2118 4265 2211 4318 καὶ
2237 4267 2349 4328 τοῖς
2377 4263 2557 4325 ἄλλοις
2586 4263 2788 4316 ἅπασιν
2822 4257 2957 4315 εἶναι
2978 4261 3140 4315 καλὸν
3163 4260 3272 4314 τῶν
3299 4257 3684 4327 ὑποτεταγμέ⁹

445 4361 633 4403 tunam
677 4363 801 4404 esse
849 4349 1134 4404 scientiam
1184 4347 1331 4413 dico,
1381 4347 1652 4417 praecipue
1716 4360 1846 4400 vero
1886 4345 2005 4412 tibi,

2115 4374 2218 4410 νων
2251 4355 2348 4427 τὴν
2385 4355 2643 4425 μάθησιν,
2675 4353 3042 4423 διαφερόντως
3071 4351 3129 4405 δὲ
3179 4351 3264 4404 σοὶ
3297 4351 3374 4421 τῷ
3413 4350 3551 4418 ὑπὲρ
3577 4347 3685 4416 τῆς

440 4441 534 4509 qui
587 4439 830 4494 omnium
876 4440 1037 4494 saluti
1083 4441 1416 4509 prospicere,
1459 4453 1524 4492 ac
1577 4437 1763 4492 mundi
1816 4453 2008 4492 navem

443 4545 634 4600 regere
686 4539 740 4586 et
786 4532 1094 4602 gubernare
1136 4532 1354 4586 debeas.
1392 4528 1544 4595 Quod
1595 4529 1640 4582 si
1695 4528 2007 4599 perspicuo,

445 4624 600 4687 trito,
629 4631 812 4691 atque,
837 4630 896 4677 ut
926 4638 1024 4692 par
1052 4632 1154 4687 est,
1175 4621 1364 4688 ﬂuido,
1399 4621 1634 4690 pedestri
1669 4635 1733 4675 ac
1771 4621 2008 4690 simplici

445 4715 698 4784 loquendi
743 4730 940 4786 genere
983 4725 1128 4782 utar,
1159 4715 1227 4768 ad
1267 4729 1330 4770 ea
1369 4729 1490 4783 quae
1535 4713 1794 4784 proposui
1827 4712 2009 4768 decla-

447 4805 638 4870 randa,
679 4821 747 4860 ne
784 4806 1002 4870 mirere,
1048 4805 1143 4860 ﬁli.
1189 4804 1305 4859 Non
1347 4805 1490 4859 enim
1529 4811 1674 4858 recte
1710 4802 2010 4867 scribendi,

444 4915 626 4970 neque
661 4899 855 4955 Atticae
888 4899 1146 4955 dictionis
1188 4897 1416 4968 turgidae
1444 4913 1509 4953 ac
1542 4897 1792 4952 sublimis
1832 4895 2010 4968 speci-

2117 4447 2332 4501 πάντων
2392 4443 2664 4515 σωτηρίας
2701 4444 2972 4514 ὀφείλοντι
3024 4441 3407 4512 διαμεριμνᾷν,
3437 4439 3530 4493 καὶ
3578 4437 3686 4508 τὴν

2117 4536 2385 4608 κοσμικὴν
2412 4536 2610 4590 ὁλκάδα
2639 4535 3020 4605 πηδαλιουχεῖν
3044 4549 3103 4586 τε
3134 4532 3230 4586 καὶ⁵
3277 4531 3570 4601 κυϐερνᾷν.
3615 4531 3687 4582 Ei

2114 4629 2172 4683 δὶ
2209 4629 2369 4696 σαφεῖ
2394 4627 2487 4680 καὶ
2546 4626 3019 4696 κατημαξευμένῳ
3073 4623 3238 4692 λόγῳ,
3290 4623 3384 4676 καὶ
3413 4617 3523 4674 οἷον
3553 4621 3688 4691 είκῆ

2119 4717 2294 4790 ῥέοντι
2323 4716 2471 4786 πεζῷ
2512 4717 2605 4769 καὶ¹
2655 4715 2900 4786 ἁπλοῖκῷ
2938 4715 3070 4785 πρὸς
3110 4715 3208 4783 τὴν
3234 4713 3341 4766 τῶν
3381 4710 3687 4781 προκειμέ-

2117 4824 2223 4861 νων
2245 4806 2562 4877 ἐχρησάμην
2579 4805 2808 4876 δήλωσιν
2829 4804 2996 4876 μηδὲν
3013 4801 3446 4874 θαυμάσῃςῲίέ.
3477 4799 3550 4853 Οὐ
3571 4798 3688 4870 γὰρ

2114 4895 2372 4961 ἐπίδειξιν
2405 4894 2830 4964 καλλιγραφίας,
2880 4895 2914 4966 ἢ
2949 4893 3201 4965 φράσεως
3253 4888 3683 4964 ὴττικισμένης,

1591 5007 1892 5063 ANSELMI
1932 5006 2262 5063 BANDURII
2293 5008 2524 5066 NOTAE.

517 5121 630 5188 (68)
683 5119 973 5184 Meursius,
1037 5133 1100 5172 ae
1125 5120 1171 5172 si
1220 5118 1490 5187 legeretur
1511 5115 1850 5188 στασιασμοῦ
1900 5129 1998 5183 pro

2107 5115 2403 5188 Vulcanius
2459 5101 3221 5188 σταδιασμὺνίηιενρτεισιυι·
3267 5111 3681 5188 dimensione!“

479 5188 836 5257 σταδιασμοῦ,
871 5190 983 5244 hmo.
1009 5189 1080 5241 ita
1103 5191 1511 5257 interpretatur.
1528 5187 1805 5239 seditionis
1832 5193 1999 5257 metu,

450 5260 651 5312 Verum
695 5253 750 5312 in
803 5275 937 5314 mss.
987 5257 1170 5327 Regiis
1196 5253 1338 5327 et'in
1369 5256 1612 5327 Palatino
1653 5270 1771 5327 non
1825 5253 2001 5306 solum

452 5329 540 5381 hic
571 5343 760 5383 verum
776 5328 938 5382 etiam
972 5323 1096 5394 cap'.
1127 5342 1247 5380 xui.
1275 5326 1421 5378 circa
1458 5326 1615 5378 tinent
1653 5323 1850 5394 legitur
1875 5339 2006 5394 στα-

448 5397 700 5477 διασμοῦ,
748 5397 860 5477 ubi_
883 5390 1149 5475 Meursius
1189 5409 1469 5477 perperam
1505 5390 1760 5477 emendat
1835 5390 2007 5471 σταδι-

454 5460 591 5536 σμοῦ
615 5460 712 5536 pro
731 5465 1061 5536 σταδιασμοῦ
1079 5482 1092 5494 ο
1117 5460 1482 5536 quipp-eidem
1512 5460 2010 5536 Porphyrogenitus

456 5484 591 5588 σῗου
615 5484 712 5535 pro
731 5484 1061 5536 σταοιασμου
1079 5484 1092 5494 ’
1117 5484 1317 5538 quippe
1345 5484 1482 5517 luem
1512 5484 2010 5531 rurpuyrugcnltus

456 5538 491 5588 li
538 5575 552 5590 .
592 5552 629 5590 ι.
665 5535 734 5589 de
769 5537 962 5591 Them.
1007 5537 1094 5589 ubi
1166 5536 1235 5590 de.
1295 5532 1558 5586 Themate
1620 5531 1859 5584 secundo
1913 5531 2011 5582 Ar-

459 5606 726 5662 meniaca.
759 5607 838 5659 sic
872 5607 1056 5670 habet,
1113 5605 1232 5659 οὔτε
1267 5603 1554 5663 Μένιππος
1585 5602 1611 5652 ὁ
1644 5601 1768 5670 τοὺς
1799 5601 2012 5670 σταδιαέ

461 5674 630 5743 σμοῦς
689 5675 788 5745 τῆς
849 5675 974 5745 ὅλης
1025 5668 1350 5746 οἰκουμένης
1411 5668 1888 5741 ἀπογραψάμενος,
1923 5668 2014 5724 ubi

2104 5201 2200 5258 per
2251 5187 2448 5258 stadia.
2515 5179 2760 5258 Addatur
2826 5179 3008 5256 itaque
3061 5185 3177 5240 haec
3227 5198 3333 5240 vox
3397 5179 3687 5236 Glossario

2109 5254 2298 5327 Graeco
2340 5254 2633 5327 pucangii.
2717 5325 2767 5327 μ
2841 5323 2866 5327 _
2920 5254 2937 5256 “
2971 5323 3020 5327 __
3430 5318 3443 5327 ,
3551 5315 3582 5327 Α,

2185 5324 2296 5396 (69)
2338 5324 2412 5380 De
2451 5318 2804 5396 Pat'zinacitis
2835 5323 3088 5396 Scythica
3148 5328 3309 5396 gente
3353 5318 3479 5396 qui;
3512 5318 3686 5371 etiam

2113 5389 2419 5449 Pa'tzinacae
2445 5395 2567 5449 aliis
2589 5395 2870 5458 dicuntur,
2911 5389 3298 5464 pluribus'agit
3314 5389 3554 5464 scriptor
3578 5400 3688 5439 no-

2116 5471 2230 5520 ster
2274 5465 2548 5533 capitibus
2579 5464 2954 5534 sequentibus,
2991 5462 3083 5516 ubi
3106 5463 3172 5534 de
3199 5473 3389 5534 eorum
3434 5462 3683 5534 regione.

2119 5534 2244 5615 vitae
2309 5524 2584 5615 instituto,
2647 5524 3074 5615 gentibttsiquae
3127 5530 3260 5615 ipsis
3323 5524 3688 5615 contermith

2121 5604 2468 5726 gutturmultis
2526 5593 2784 5673 loquitur.
2827 5593 3161 5672 Vide'qute'
3201 5598 3267 5655 de
3323 5597 3456 5668 ipsis
3521 5593 3686 5648 habet

2168 5689 2194 5726 r
2219 5689 2247 5726 e
2271 5689 2372 5726 ius.

2168 5681 2372 5728 rtelius.
