4014 6212
316 295 417 365 161

1348 296 1448 356 DE
1489 294 2124 355 ADMINISTRANDO
2159 294 2499 354 IMPERIO.

3462 296 3571 361 162

312 416 404 468 καὶ⁸
435 413 496 465 τὺ
539 408 834 480 διηρμένον
862 407 1203 477 διογκοὺσης,
1256 409 1350 461 καὶ
1414 409 1618 478 ὑψηλοῦ
1658 409 1884 477 ποιῆσαι

1995 424 2112 464 men
2162 408 2324 462 edere
2365 408 2418 461 iu
2452 404 2639 460 animo
2693 406 2892 471 habui;
2931 406 3025 462 sed
3068 407 3251 475 potius
3290 420 3569 477 common;

316 502 663 558 ἐσπούδασαο
701 501 838 553 ἀλλὰ
877 498 1077 569 μᾶλλον
1115 499 1205 551 διὰ
1236 502 1421 569 κοινῆς
1449 502 1542 552 καὶ
1572 499 1889 571 καθωμιλη-

322 596 492 663 μένης
524 588 1101 659 ἁπαγγελίαςδιδάξαι
1125 606 1184 641 σε
1235 588 1497 653 ἔσπευσα,
1526 591 1669 660 ἅπερ
1705 591 1891 660 οῐομαι

318 684 431 736 δεῖν
461 699 522 734 σε
550 683 622 751 μὴ
645 682 878 747 ἀγνοεῖν.
912 679 1006 731 καὶ
1038 678 1074 730 ἃ
1107 677 1206 747 τὴν
1237 678 1301 731 ὲκ
1339 681 1556 750 μακρᾶς
1602 680 1893 751 ὲμπειρίας

328 773 546 827 σύνεσίν
566 790 622 823 τε
647 772 740 823 καὶ
766 770 1032 841 φρόνησιν
1063 770 1320 840 εὐμαρῶς
1344 788 1427 823 σοι
1447 770 1669 824 δύναται
1696 772 1894 840 προξε-

326 870 459 922 νεῖν.
507 865 908 935 ’Υπολαμδὰνω
937 864 1047 935 γὰρ
1071 863 1212 917 κατὰ
1239 864 1374 917 πολὺ
1437 864 1738 934 συμφέρειν
1804 864 1892 918 ἀεὶ

320 960 399 1028 τῷ
428 957 643 1027 βασιλεῖ
674 957 982 1025 Ῥωμαίων,
1017 956 1243 1027 εἰρήνην
1289 955 1496 1009 ἐθέλειν
1553 955 1698 1025 ἔχειν
1753 956 1891 1025 μετὰ

318 1051 411 1103 τοῦ
440 1050 631 1111 ἔθνους
657 1048 766 1101 τῶν
797 1046 1227 1111 Πατζινακιτῶν,
1251 1048 1345 1101 καὶ
1372 1047 1590 1116 φιλικὰς
1630 1048 1766 1118 πρὸς
1792 1049 1893 1101 αὑ·-

319 1141 441 1202 τοὺς
481 1136 763 1191 ποιεῖσθαι
790 1134 1061 1206 συνθήκας
1092 1153 1151 1189 τε
1183 1136 1278 1189 κα)¹
1337 1137 1586 1202 σπονδὰς,
1617 1139 1710 1190 καὶ
1755 1139 1891 1191 ἀπο-

323 1230 564 1283 στέλλειν
594 1228 719 1280 καθ*
748 1228 977 1280 ἕκαστον
1008 1227 1200 1296 χρόνον
1231 1226 1485 1280 ἐντεῦθεν
1537 1227 1675 1297 πρὸς
1697 1227 1893 1291 αὐτοὺς

321 1320 747 1389 ἁποκρισιάριον
770 1316 882 1387 (70)
949 1317 1090 1386 μετὰ
1150 1316 1338 1382 ξενίων
1390 1317 1740 1385 ἁρμοζόντων
1800 1318 1894 1371 καὶ

320 1411 453 1480 πρὸς
484 1410 548 1463 τὸ
580 1410 734 1473 ἔθνος
763 1408 1105 1477 ἐπιτηδείων,
1125 1409 1220 1461 καὶ
1242 1409 1721 1479 ἀναλαμϐάνεσθαι
1753 1412 1894 1463 ἐκεί-

320 1504 409 1555 θεν
458 1503 728 1573 ὁμήρους,
758 1502 876 1570 ἦτοι
924 1500 1111 1568 ὀψιδας
1138 1500 1249 1571 (71)
1297 1502 1393 1553 καὶ
1438 1502 1892 1572 ἁποκρισιάριονο

316 1591 513 1653 οἵτινες
543 1592 600 1642 ὲν
633 1593 699 1661 τῇ
726 1588 1076 1659 θεοφυλὰκτῳ
1105 1587 1277 1660 ταύτῃ
1303 1588 1453 1642 πόλει
1486 1591 1624 1658 μετὰ
1642 1591 1736 1643 τοῦ
1764 1590 1894 1643 καθ-

321 1680 732 1751 υπουργοῦντος
761 1682 842 1743 εἰς
889 1680 1066 1734 ταῦτα
1094 1680 1520 1745 συνελεύσονται,
1571 1681 1663 1733 καὶ
1694 1681 1894 1750 βασιλι-

1993 514 2056 553 ac
2102 496 2358 551 familiari
2400 511 2651 551 sermone
2683 511 2748 552 ea
2792 497 3083 552 enuntiare
3125 497 3407 561 destinati,
3448 513 3575 566 quae

1993 604 2103 644 non
2158 589 2343 658 ignota
2387 587 2484 642 tibi
2526 602 2649 642 esse
2689 586 2887 642 debere
2928 589 3140 657 putavi,
3174 603 3404 657 quaeque
3450 588 3573 643 diu-

1995 690 2155 737 turno
2202 697 2303 735 usu
2355 689 2410 737 et
2448 679 2845 749 experimento,
2915 682 3329 751 intelligentiam
3371 682 3468 736 tibi
3507 697 3573 735 ac

1993 772 2344 841 prudentiam
2387 768 2547 824 facile
2578 769 2874 825 conciliare
2927 771 3161 840 possint.
3196 770 3449 824 Arbitror
3474 786 3572 824 au-

1993 869 2102 917 tem
2129 869 2183 917 te
2230 876 2289 915 re
2338 861 2687 930 imperatoris
2730 861 3102 915 Romanorum
3143 876 3288 925 esse,
3333 872 3394 915 ut
3445 876 3571 915 cum

1992 952 2347 1008 Patzinacitis
2394 968 2582 1020 pacem
2626 967 2839 1022 semper
2882 960 3027 1019 agat,
3070 954 3244 1007 amice
3293 968 3419 1007 cum
3462 954 3572 1007 illis

1995 1045 2333 1114 paciscatur,
2379 1050 2435 1098 et
2479 1044 2683 1098 fmdera
2741 1044 2907 1108 ineat,
2962 1045 3190 1114 singulis
3227 1047 3385 1100 annis
3427 1047 3572 1114 Apo-

1994 1135 2300 1189 crisiarium
2368 1148 2493 1189 cum
2566 1136 2725 1191 donis
2791 1136 2938 1205 genti
3002 1128 3439 1205 competentibus
3500 1136 3569 1188 ad

1996 1226 2119 1281 illos
2152 1228 2366 1293 mittat;
2404 1227 2531 1280 inde
2559 1242 2689 1282 vero
2718 1227 2941 1283 obsides
2989 1228 3217 1297 recipiat
3254 1236 3308 1281 et
3344 1227 3570 1296 Apocri-

1994 1319 2220 1372 siarium
2270 1318 2363 1387 qui
2388 1318 2443 1372 in
2505 1320 2693 1372 urbem
2738 1318 2880 1373 banc
2920 1332 2950 1371 a
2990 1317 3099 1371 Deo
3139 1327 3413 1371 servatam
3444 1333 3571 1370 cum

1996 1408 2322 1463 administro
2370 1410 2720 1471 convenient,
2756 1423 2820 1463 ac
2856 1408 3146 1479 condignis
3174 1409 3429 1463 omnibus
3476 1409 3571 1463 be-

1996 1500 2211 1555 neﬁciis
2281 1501 2695 1570 honoribusque
2747 1502 2815 1555 ab
2868 1502 3198 1570 imperatore
3242 1500 3569 1554 adicientur.

1997 1590 2124 1647 llam
2159 1593 2361 1662 quippe
2404 1590 2871 1655 Patzinacitarum
2922 1607 3054 1661 gens
3090 1592 3231 1662 parti
3271 1592 3571 1647 Chersonis

1999 1681 2229 1737 finitima
2268 1690 2374 1749 est,
2419 1692 2473 1738 et
2522 1683 2628 1737 nisi
2691 1683 2863 1737 amice
2908 1683 3192 1738 nobiscum
3251 1683 3470 1748 sentiat,
3513 1682 3571 1736 in

321 1772 437 1826 κῶν
470 1770 798 1841 εὐεργεσιῶν
829 1772 921 1824 καὶ
957 1770 1278 1841 φιλοτιμιῶν
1336 1772 1446 1823 τῶν
1473 1771 1712 1835 ἐπαξίων
1761 1773 1889 1826 πάν-

1995 1775 2327 1831 Cliersonem
2386 1775 2804 1845 impressionem
2864 1781 2919 1828 et
2978 1775 3333 1828 excursiones
3389 1772 3571 1827 facere

315 1875 430 1912 των
457 1859 555 1912 τοῦ
577 1858 951 1929 βασιλεύοντος
997 1860 1397 1913 ἀπολαύσουσιν
1418 1877 1432 1892 ⁸
1480 1863 1561 1914 ὅτι
1592 1865 1888 1930 γειτνιάζει

318 1951 378 2004 τὸ
407 1949 653 2004 τοιοῦτον
678 1950 831 2013 ἔθνος
854 1952 968 2021 (72)
994 1952 1102 2005 τῶν
1128 1952 1543 2015 Πατζινακιτῶν
1603 1954 1682 2024 τῷ
1733 1956 1888 2025 μέρει

1995 1866 2160 1931 valet,
2205 1868 2490 1936 ipsamque
2530 1866 2866 1921 Cbersonem
2917 1872 2971 1919 et
3014 1865 3267 1935 regiones
3310 1863 3571 1919 infestare

1996 1971 2061 2011 ac
2093 1958 2436 2027 depopulari.

318 2043 416 2109 τῆς
438 2042 740 2111 Χερσῶνος,
762 2043 856 2095 καὶ
878 2043 930 2094 εἰ
974 2043 1047 2111 μὴ
1075 2044 1267 2111 φιλίως
1298 2044 1481 2115 έχουσι
1516 2046 1653 2113 πρὸς
1702 2048 1871 2115 ήμᾶς,
1913 2047 2171 2104 δύνανται
2198 2051 2339 2104 κατὰ
2362 2051 2459 2120 τῆς
2486 2050 2779 2121 Χερσῶνος
2826 2050 3167 2123 ὲξέρχεσθαι,
3237 2049 3330 2103 καὶ
3402 2066 3565 2117 κουρ-

327 2133 505 2185 σεύειν
546 2133 677 2203 (7⁸5),
703 2133 798 2186 καὶ
850 2132 1135 2202 ληῒζεσθαι
1185 2136 1357 2205 αὑτήν
1378 2154 1438 2189 τε
1483 2138 1582 2206 τὴν
1626 2137 1889 2205 Χερσῶνα
1929 2138 2023 2192 καὶ
2051 2141 2119 2193 τὰ
2140 2140 2409 2211 λεγόμενα
2439 2142 2705 2212 Κλήματα
2730 2141 2865 2213 (74).

932 2225 1183 2282 ΚΕΦΑΛ.
1215 2229 1290 2281 B'.

467 2316 603 2384 Περί
635 2318 755 2370 τῶν
790 2318 1227 2379 Πατζῖνακιτῶν
1267 2321 1366 2374 καί
1397 2320 1517 2375 τῶν
1566 2322 1729 2387 Ῥῶς.

393 2406 514 2459 Ὀτι
550 2408 643 2459 καὶ
676 2411 789 2470 τοῖς
824 2408 959 2471 Ῥῶς
982 2412 1030 2461 οἰ
1078 2410 1472 2472 Πατζινακῖται
1504 2413 1743 2479 γείτονες
1767 2413 1882 2484 (73)

323 2500 415 2551 καὶ
471 2500 663 2569 ὅμοροι
720 2500 1115 2572 καθεστήκασι,
1173 2504 1268 2555 καὶ
1326 2504 1585 2566 πολλάκις
1632 2506 1762 2558 ὅταν
1815 2504 1889 2575 μὴ

324 2592 458 2662 πρὸς
516 2592 779 2662 ἀλλήλους
837 2593 1179 2664 εἰρηνεύουσι
1237 2595 1591 2666 πραιδεύουσι
1622 2596 1722 2665 τὴν
1759 2594 1889 2649 Ῥω-

323 2683 445 2736 σίαν
470 2683 604 2752 (76),
657 2684 753 2737 καὶ
795 2684 996 2747 ἱκανῶς
1039 2686 1210 2755 αὑτὴν
1269 2686 1722 2755 παραόλάπτουσι
1796 2688 1889 2739 καὶ

323 2774 698 2843 λυμαίνονται.
734 2776 857 2828 Ὀτι
883 2776 978 2829 καὶ
1004 2778 1051 2828 οἰ
1091 2776 1227 2839 Ῥῶς
1275 2777 1363 2829 διὰ
1401 2777 1637 2846 σπουδῆς
1676 2776 1890 2847 ἔχουσιν

322 2866 545 2936 εἰρήνην
573 2867 718 2937 ἔχειν
751 2868 888 2937 μετὰ
918 2868 1024 2921 τῶν
1060 2868 1489 2932 Πατζινακιτῶν.
1534 2869 1891 2939 Ἀγορὰζουσι

329 2957 437 3026 γὰρ
463 2958 522 3020 ἐξ
552 2956 734 3010 αὑτῶν
766 2957 913 3026 βόας,
946 2958 1039 3009 καὶ
1084 2958 1303 3020 ἵππους,
1367 2958 1460 3009 καὶ
1493 2957 1764 3027 πρόϐατα,
1796 2959 1891 3009 καὶ

2618 2233 2849 2289 CAPUT
2886 2236 2954 2288 ΙΙ.

2382 2326 2455 2380 De
2501 2324 2855 2380 Patzinacilis
2886 2336 2935 2380 el
2972 2325 3181 2380 Russis.

2062 2418 2260 2474 Russis
2309 2418 2663 2473 Patzinacitae
2704 2418 2871 2473 vicini
2915 2428 3041 2473 sunt
3079 2427 3134 2472 et
3180 2414 3503 2471 contermini
3551 2433 3567 2467 :

1989 2526 2155 2582 quare
2203 2511 2310 2566 nisi
2360 2524 2547 2579 pacem
2596 2510 2827 2563 invicem
2876 2510 3082 2571 colant,
3128 2506 3378 2561 Russiam
3424 2520 3569 2571 saepe

1992 2602 2380 2673 depraedantur
2462 2602 2780 2669 ingentique
2854 2600 3056 2653 damno
3105 2599 3366 2655 alliciunt.
3442 2596 3568 2651 Ideo

1992 2692 2155 2747 Bussi
2196 2695 2450 2761 'operam
2499 2692 2653 2756 dant,
2704 2700 2763 2743 ut
2804 2705 2991 2759 pacem
3046 2703 3171 2744 cum
3215 2687 3567 2741 Patzinacitis

1994 2782 2250 2835 habeant.
2285 2781 2368 2834 Ab
2391 2780 2527 2849 ipsis
2561 2782 2705 2835 enim
2742 2780 2930 2843 boves,
2961 2793 3132 2848 equos
3171 2785 3225 2832 et
3259 2792 3386 2830 oves
3411 2791 3565 2830 com-

1995 2879 2213 2940 parant,
2259 2878 2423 2940 atque
2458 2870 2651 2924 borum
2696 2885 2796 2939 ope
2824 2869 2932 2940 56
2972 2868 3187 2924 facilius
3233 2866 3567 2936 suaviusque

1997 2961 2162 3014 vitam
2199 2968 2366 3031 agunt
2404 2960 2652 3014 :nullum
2691 2961 2889 3028 quippe
2917 2959 3111 3012 horum
3157 2956 3474 3010 animalium
3510 2956 3565 3007 in

320 3051 387 3102 ὲκ
408 3049 612 3102 τούτων
642 3048 1044 3118 εὐμαρέστερον
1070 3046 1293 3111 διαζῶσι
1320 3049 1413 3100 καὶ
1437 3047 1886 3118 ζτρυφερώτερονσ

1997 3048 2195 3105 Russia
2248 3051 2512 3105 nascitur.
2565 3050 2670 3104 Sed
2728 3067 2901 3119 neque
2947 3051 3014 3103 ad
3067 3049 3207 3103 bella
3251 3062 3371 3117 quae
3409 3054 3563 3101 extra

324 3141 448 3195 ἐπεὶ
482 3140 652 3210 μηδὲν
699 3140 806 3192 τῶν
872 3141 1285 3211 προειρημένων
1310 3139 1463 3203 ζώων
1518 3141 1575 3191 ὲν
1594 3142 1658 3210 τῇ
1696 3139 1893 3209 Ῥωσία

324 3233 683 3302 καθέστηκεν.
728 3231 868 3284 Ἀλλ’
902 3231 1020 3284 οὑδὲ
1052 3232 1187 3302 πρὸς
1241 3232 1564 3302 ὑπερορίους
1621 3230 1893 3301 πολέμους

320 3321 656 3392 ἀπέρχεσθαι
678 3320 929 3374 δύνανται
957 3320 1092 3384 ὅλως
1146 3321 1196 3373 οἰ
1242 3320 1397 3384 Ῥῶς,
1430 3321 1476 3372 εί
1519 3322 1594 3391 μὴ
1620 3322 1757 3391 μετὰ
1783 3321 1892 3374 τῶν

326 3414 739 3478 Πατζινακιτῶν
794 3411 1190 3484 εἰρηνεύοντες,
1229 3413 1362 3466 διότι
1396 3412 1649 3467 δύνανται
1703 3415 1762 3467 έν
1814 3414 1890 3483 τῷ

323 3507 566 3571 ἐκείνους
596 3507 703 3559 τῶν
730 3506 944 3559 οἰκείων
977 3507 1301 3576 ὑποχωρεῖν,
1326 3506 1480 3558 αὑτοὶ
1532 3507 1889 3577 ἐπερχόμενοι

324 3602 391 3657 τὰ
418 3601 644 3655 ἐκείνων
678 3600 962 3671 ἀφανίζειν
984 3618 1042 3653 τε
1078 3602 1170 3653 καὶ
1203 3599 1597 3670 λυμαίνεσθαι·
1647 3600 1726 3653 διὸ
1755 3600 1892 3671 μᾶλ-

325 3694 412 3746 λον
435 3696 518 3747 ἀεὶ
551 3694 787 3763 σπουδὴν
816 3695 865 3747 οἰ
909 3693 1041 3757 Ῥῶς
1070 3693 1311 3747 τίθενται
1334 3694 1422 3747 διά
1439 3711 1499 3746 τε
1528 3694 1589 3746 τὸ
1618 3692 1692 3764 μὴ
1712 3710 1890 3763 παρα-

326 3786 660 3840 ϐλάπτεσθαι
695 3783 826 3856 παρ’
860 3783 1059 3849 αὑτῶν,
1087 3784 1180 3837 καὶ
1206 3783 1291 3836 διὰ
1317 3784 1379 3836 τὸ
1413 3783 1630 3854 ἰσχυρὸν
1662 3780 1798 3836 εἶναι
1831 3782 1891 3834 τὸ

1998 3143 2131 3197 fines
2174 3153 2460 3212 geruntur,
2523 3142 2603 3197 ire
2651 3143 2877 3196 omnino
2927 3140 3092 3197 Ilussi
3155 3146 3406 3211 possunt,
3457 3137 3565 3191 nisi

1995 3248 2120 3286 cum
2164 3232 2515 3287 Patzinacitis
2554 3248 2739 3303 pacem
2791 3241 3012 3287 servent
3060 3249 3073 3284 :
3129 3232 3386 3301 quoniam
3433 3230 3562 3283 dum

1993 3325 2072 3379 illi
2096 3334 2248 3380 extra
2278 3328 2413 3380 lines
2444 3324 2766 3389 abscedunt,
2799 3325 2903 3393 ipsi
2932 3326 3303 3391 irrumpenles
3328 3330 3563 3391 possunt

1995 3427 2195 3473 terram
2235 3433 2424 3473 eorum
2473 3418 2831 3488 pessumdare
2876 3425 2932 3472 et
2988 3417 3290 3471 devastare.
3329 3414 3564 3482 Ideoque

1992 3506 2158 3564 Russi
2218 3524 2564 3579 summopere
2613 3515 2868 3578 satagunt
2932 3522 3002 3561 ne
3039 3507 3296 3560 damnum
3338 3504 3406 3558 ab
3456 3503 3563 3557 ista

1989 3612 2149 3672 gente
2191 3603 2292 3656 sibi
2325 3601 2656 3671 importetur
2694 3618 2707 3654 :
2739 3609 2793 3654 et
2823 3600 2950 3668 quia
2993 3608 3219 3653 strenua
3254 3597 3343 3650 illa
3376 3602 3431 3649 et
3472 3594 3565 3647 ad-

1991 3693 2211 3747 modum
2245 3694 2503 3749 bellieosa
2534 3701 2638 3756 est,
2677 3708 2794 3747 eam
2828 3693 2932 3747 sibi
2976 3692 3041 3745 ad
3072 3690 3197 3745 belli
3224 3688 3561 3743 consortium

1990 3792 2042 3836 et
2077 3782 2336 3835 auxilium
2387 3783 2640 3853 pellicere
2671 3791 2889 3846 curant,
2921 3782 2997 3835 uti
3034 3779 3195 3836 simul
3228 3790 3282 3833 et
3308 3777 3428 3847 ejus
3466 3776 3567 3830 ini-

1469 3897 1770 3955 ANSELMI
1802 3898 2027 3954 BANDU
2040 3885 2133 3953 n’u
2161 3897 2396 3953 ΝοτιιΕ.

391 4012 505 4084 (70)
545 4011 602 4067 ld
628 4020 732 4075 est,
759 4011 1061 4086 Legatum;
1094 4015 1297 4082 passim
1333 4015 1553 4086 quidem
1587 4016 1687 4070 hac
1715 4016 1886 4086 signi.

320 4085 573 4138 ﬁcatione
600 4086 841 4153 occurrit
886 4084 1029 4152 apud
1058 4085 1354 4153 scriptores
1391 4085 1582 4139 mediae
1607 4096 1660 4139 et
1691 4084 1888 4140 intimae

319 4153 629 4224 Graecitatis
658 4167 722 4205 ac
753 4151 1081 4224 Latinitatis,
1127 4151 1250 4208 vide
1291 4155 1555 4224 Ducangii
1598 4162 1891 4224 utrumque

317 4223 657 4295 Glossarium
680 4239 695 4287 ;
723 4221 866 4276 unde
888 4231 1163 4277 nostrates
1188 4224 1417 4295 legatum
1438 4221 1681 4279 Poclisar
1704 4221 1891 4295 appel-

319 4295 452 4346 lant.
470 4291 669 4360 lncipit
689 4305 883 4365 nomen
910 4299 963 4345 et
979 4307 1176 4347 munus
1197 4293 1536 4365 constantini
1557 4291 1893 4365 magni-tem-

1991 4012 2105 4068 llac
2152 4013 2372 4066 notione
2414 4026 2554 4079 sarpe
2591 4014 2833 4067 occurrit
2867 4012 3009 4081 apud
3051 4008 3463 4081 Theophanem,
3505 4018 3562 4062 et

1993 4086 2130 4138 alios
2157 4082 2492 4151 Scriptores;
2520 4096 2732 4135 necnon
2754 4079 3021 4151 eumdem
3052 4079 3471 4134 Constantinum
3508 4082 3563 4133 in

1994 4153 2253 4221 Tacticis.
2273 4150 2427 4206 ’Vide
2451 4152 2708 4221 llucangii
2736 4150 2912 4221 Gloss.
2939 4150 3113 4205 Graec.

2066 4222 2176 4294 (74)
2220 4220 2611 4294 Interpretatur)
2642 4217 2782 4294 'sum
2810 4220 3082 4294 Regiones
3130 4218 3388 4294 exemplo
3429 4217 3559 4294 edit.

1994 4288 2114 4347 Lat.
2158 4288 2433 4347 canonum
2484 4291 2742 4347 Ecclesia:
2792 4288 2962 4345 Afric.
3017 4305 3139 4345 ean.
3196 4288 3318 4351 107,
3372 4289 3431 4340 ὲν
3494 4292 3560 4359 τῇ

319 4378 471 4431 pore,
501 4368 563 4432 ut
593 4359 787 4414 Scribit
819 4359 1144 4415 Hincmarus
1183 4363 1347 4431 epist.
1376 4377 1457 4427 ιιι,
1489 4378 1608 4431 cap.
1638 4359 1752 4419 im.
1783 4366 1889 4419 Nec

1995 4363 2296 4431 Χαλκηδόνι
2318 4363 2397 4432 εἰς
2424 4360 2521 4432 τὴν
2542 4361 2833 4431 ἐκκλησίαν
2861 4361 2954 4414 τοῦ
2985 4361 3235 4430 δευτέρου
3265 4359 3561 4432 κλήματος,

319 4425 388 4502 ab
428 4430 642 4502 origine
694 4444 793 4502 pro
845 4432 1037 4500 quovis
1074 4425 1247 4502 legato
1278 4425 1616 4497 sumebatur,
1671 4436 1761 4488 sed
1800 4437 1890 4502 qui
1926 4425 1968 4478 Ι)
1998 4436 2049 4486 in
2082 4425 2318 4485 Basilica
2354 4425 2597 4501 Regionis
2629 4425 2889 4486 secundat.
2935 4425 3199 4502 Caeterum
3235 4425 3384 4502 apud
3409 4444 3563 4483 eum-

321 4501 579 4571 Ecclesiae
618 4500 831 4568 negotia
857 4569 865 4571 _
894 4501 1162 4571 tractabat
1216 4503 1447 4571 legatus,
1494 4500 1891 4570 Apoct‘isiari‘us

318 4570 633 4643 dicebatur;
670 4569 955 4638 posteriori
989 4580 1165 4623 autem
1196 4569 1312 4625 arvo
1359 4586 1457 4641 pro
1487 4569 1680 4641 quovis
1716 4576 1891 4643 legato

321 4639 691 4693 indifferenter
724 4648 1040 4707 usurpatum
1063 4648 1164 4694 est.

391 4709 506 4776 (7i)
571 4707 1081 4780 'O'itginultiplici
1131 4709 1528 4779 significatione
1567 4713 1707 4780 apud
1756 4713 1889 4767 scri-

321 4791 516 4851 ptorcs
556 4778 819 4851 occurrit,
853 4778 1311 4851 quemadmodum
1349 4782 1512 4834 etiam
1558 4778 1698 4851 apud
1732 4798 1887 4836 euru-

320 4860 443 4903 dem
478 4848 900 4919 Constantinum
928 4863 942 4911 ;
976 4848 1358 4919 hoegipsomet
1402 4848 1607 4919 quippe
1640 4852 1780 4904 libro
1823 4853 1889 4907 de

326 4919 641 4989 Adm._imp_.
659 4917 901 4989 cap._55,
937 4932 991 4985 p.
1015 4916 1114 4972 149
1136 4916 1259 4989 δψις
1286 4934 1383 4985 pro
1413 4916 1561 4989 bullit
1580 4921 1846 4989 accipitur
1874 4940 1885 4975 :

327 4988 435 5060 Kal
457 4987 593 5040 ἴδετε
611 4987 747 5060 -ὄτιμὸ
772 4987 1116 5060 Σαυρόματξος
1141 4987 1209 5060 τὰ
1240 4990 1385 5060 νῶτα
1415 4988 1579 5041 αὑτοῦ
1611 4987 1721 5060 ἔχει
1756 4992 1888 5060 πρὸς

324 5056 489 5129 ήμᾶς,
538 5056 635 5108 καὶ
677 5055 940 5129 τὴνᾼὺψιν
972 5058 1109 5129 πρὺς
1137 5059 1499 5129 τλοὺςμίδίους,
1533 5055 1742 5125 ὲγὰῖδὲ
1791 5055 1889 5129 τήν

322 5126 461 5195 δψιᾉ
473 5142 574 5195 μου
606 5126 741 5193 πρὸς
780 5126 944 5194 ὑμᾶς,
986 5126 1078 5178 καὶ
1121 5127 1189 5179 τὰ
1235 5126 1376 5180 νῶτα
1414 5129 1549 5195 πρὸς
1592 5126 1885 5193 ὲναντίους.

326 5195 378 5247 lu
421 5193 660 5249 Tacticis
704 5193 845 5263 apud
924 5195 1242 5251 Mauricium
1314 5193 1583 5266 δψιςρτο
1630 5200 1886 5253 exercitus

325 5266 491 5331 {route
517 5273 836 5336 u_surpatur.
857 5266 923 5318 At
949 5268 1001 5318 in
1026 5268 1433 5333 praesentiarum
1448 5268 1569 5336 ὄψις
1591 5279 1673 5322 est
1694 5283 1885 5336 purum

327 5343 509 5400 putum
543 5333 817 5406 Latinum,
849 5336 1156 5404 obseuqua
1187 5338 1408 5390 notione
1432 5333 1884 5406 accipitur'etiam

324 5418 439 5475 cap.
505 5406 564 5475 7d
585 5404 829 5475 ejusdem
890 5406 1149 5475 librigde
1199 5407 1357 5459 A110].
1413 5404 1706 5475 itanKal
1768 5409 1888 5459 ἐπι-

324 5473 502 5545 ζητεῖν
528 5473 731 5545 ῥψιδας
778 5477 873 5527 καὶ
901 5473 1201 5537 διασὼστας
1243 5490 1455 5529 necnon
1487 5473 1623 5545 cap.
1650 5476 1682 5528 8
1711 5486 1763 5530 et
1791 5478 1880 5531 45.

390 5542 504 5611 (72)
527 5542 598 5596 Ex
620 5545 723 5598 illis
743 5559 863 5613 qua:
884 5547 937 5598 in
958 5545 1310 5614 sequentibus
1329 5546 1485 5599 habet
1504 5542 1745 5614 Scriptor
1762 5563 1887 5601 nos-

323 5614 606 5686 ter__f_acile
635 5628 822 5667 eorum
859 5616 1097 5683 regionis
1123 5616 1318 5669 limites
1354 5616 1593 5686 dignosci
1635 5628 1880 5684 possunt.

395 5680 506 5751 (75)
548 5682 606 5737 1d
643 5694 727 5739 est
758 5680 990 5752 cursare,
1029 5688 1280 5756 pra’dari,
1316 5680 1650 5741 excursiones
1688 5687 1878 5756 facere.

1996 4503 2117 4557 dem
2151 4498 2571 4557 Constantinum
2616 4502 2875 4555 scribitur
2905 4501 3086 4568 κλῆμα
3116 4508 3167 4551 et
3203 4498 3393 4568 κλίμα,
3436 4514 3560 4568 cum

2007 4589 2064 4640 η.
2098 4587 2218 4640 cap.
2253 4574 2355 4624 hoc
2382 4571 2595 4638 primo;
2636 4586 2784 4625 eum.
2818 4571 3036 4637 cap.37,
3068 4576 3121 4622 et
3152 4582 3272 4637 cap.
3304 4567 3392 4640 42.
3423 4567 3565 4636 ejus-

1995 4638 2115 4695 dem
2165 4638 2284 4693 libri
2338 4640 2406 4695 de
2450 4640 2607 4695 Adm.
2671 4642 2803 4710 imp.
2864 4650 2918 4695 et
2943 4644 3011 4693 ita
3071 4640 3220 4710 varie
3270 4638 3558 4706 scriptum,

1995 4712 2182 4765 eadem
2220 4719 2401 4763 tamen
2446 4711 2669 4765 notione
2706 4709 2908 4780 passim
2955 4709 3225 4779 reperitur
3262 4710 3404 4777 apud
3449 4711 3560 4761 Au-

1993 4788 2192 4835 ctores.

2065 4850 2181 4917 (75)
2223 4848 2296 4901 De
2326 4849 2519 4904 Russis
2548 4861 2598 4904 et
2624 4849 2819 4905 Russia
2853 4849 3101 4918 pluribus
3140 4847 3559 4918 loquitur_infra

1996 4916 2243 4988 Scriptor
2282 4931 2487 4973 noster.
2524 4919 2594 4973 De
2638 4916 3056 4975 [iussis—autem
3107 4916 3342 4988 Synieon
3386 4916 3559 4985 Lego-

1996 4986 2137 5043 theta
2178 4990 2232 5041 in
2262 4989 2535 5042 Chronico
2566 4989 2675 5043 MS.
2715 4991 2793 5043 sic
2829 4990 3103 5058 loquitur:
3137 4986 3273 5048 Ῥῶς
3294 4986 3351 5058 δὲ
3384 4988 3432 5058 οἱ
3465 4988 3558 5058 καὶ

1992 5060 2273 5127 Δρομῖται,
2308 5060 2648 5127 φερώνυμον,
2692 5060 2798 5111 ἀπὸ
2839 5054 2973 5121 Ῥῶς
3006 5075 3150 5120 τινος
3183 5054 3414 5127 σφοδροῦ
3472 5055 3556 5127 δις

1992 5124 2235 5197 ἔδραμεν,
2254 5124 2437 5197 ἀπηχή
2447 5124 2611 5197 ματος
2637 5129 2745 5180 τῶν
2768 5127 3127 5197 χρησαμένων
3143 5127 3199 5192 ἐξ
3222 5124 3500 5197 ὑποθήκης
3522 5124 3554 5191 ἢ

1991 5196 2306 5257 θεοκλυσίας
2322 5196 2485 5259 τινὸς,
2507 5200 2598 5250 καὶ
2620 5196 2993 5267 ὑπερεχόντων
3004 5197 3219 5259 αὑτοὺς,
3234 5196 3555 5261 ὲπικέκλην-

1989 5286 2098 5323 ται.
2126 5269 2386 5336 Δρομίται
2413 5268 2467 5320 δὲ
2499 5268 2606 5319 ἀπὸ
2633 5270 2725 5319 τοῦ
2757 5269 2921 5334 ὀξέως
2935 5269 3147 5337 τρέχειν
3172 5267 3355 5327 αὑτοῖς
3387 5279 3554 5333 προσ-

1990 5340 2185 5409 ήγετο·
2314 5339 2501 5406 γένους
2532 5338 2586 5391 δὲ
2617 5337 2723 5390 τῶν
2742 5336 3006 5407 Φράγγων
3038 5336 3411 5409 καθίστανται.

2061 5407 2171 5476 (76)
2217 5407 2270 5460 Id
2309 5402 2410 5471 est,
2450 5409 2759 5477 prmdautur
2790 5402 2809 5460 ἐ
2858 5402 2959 5461 boc
2998 5408 3178 5477 verbo
3205 5406 3378 5477 utitur
3420 5402 3555 5477 Con-

1989 5474 2262 5547 stantinus
2308 5474 2469 5532 etiam
2502 5493 2621 5547 cap.
2666 5479 2753 5541 10,
2783 5477 2871 5539 '13,
2909 5477 2995 5540 50,
3031 5476 3117 5535 5‘2,
3154 5475 3245 5537 44,
3278 5474 3368 5547 45,
3400 5480 3453 5525 et
3496 5474 3550 5524 in

1989 5546 2225 5619 Tacticis
2268 5545 2677 5619 nonnunquam.
2722 5548 2878 5619 Apud
2921 5547 3057 5599 alios
3074 5547 3211 5619 item
3254 5545 3556 5619 scriptores

1989 5616 2317 5688 Byzantinos
2353 5608 2555 5688 passim
2580 5608 2950 5672 occurr'itlioc
2974 5616 3199 5671 verbum
3232 5608 3422 5670 eadem
3456 5627 3547 5668 no-

1989 5688 2151 5742 tione.
