  <div class='ocr_page' id='page_1' title='image "/cluster/home/n/w/nwhite01/storage/ocr_20150623/113/hvd.32044073502270/085.png"; bbox 0 0 4014 6212; ppageno 0'>
   <div class='ocr_carea' id='block_1_1' title="bbox 395 295 1989 370">
    <p class='ocr_par' dir='ltr' id='par_1_1' title="bbox 395 304 1989 370">
     <span class='ocr_line' id='line_1_1' title="bbox 395 304 1989 370; baseline -0.003 0"><span class='ocrx_word' id='word_1_1' title='bbox 395 311 498 370; x_wconf 80' lang='lat'><strong>163</strong></span> <span class='ocrx_word' id='word_1_2' title='bbox 1404 304 1911 366; x_wconf 84' lang='lat' dir='ltr'><strong>CONSTANTINI</strong></span> <span class='ocrx_word' id='word_1_3' title='bbox 1944 307 1989 366; x_wconf 83' lang='lat' dir='ltr'>P</span> 
     </span>
    </p>
   </div>
   <div class='ocr_carea' id='block_1_2' title="bbox 2092 295 3634 370">
    <p class='ocr_par' dir='ltr' id='par_1_2' title="bbox 2099 295 3634 367">
     <span class='ocr_line' id='line_1_2' title="bbox 2099 295 3634 367; baseline 0 -1"><span class='ocrx_word' id='word_1_4' title='bbox 2099 304 2619 366; x_wconf 82' lang='lat' dir='ltr'><strong>PHYROGENITI</strong></span> <span class='ocrx_word' id='word_1_5' title='bbox 3331 331 3333 333; x_wconf 58' lang='grc' dir='ltr'><strong>ί</strong></span> <span class='ocrx_word' id='word_1_6' title='bbox 3526 295 3634 367; x_wconf 55' lang='grc'><strong>’164</strong></span> 
     </span>
    </p>
   </div>
   <div class='ocr_carea' id='block_1_3' title="bbox 396 411 1989 486">
    <p class='ocr_par' dir='ltr' id='par_1_3' title="bbox 396 412 1965 486">
     <span class='ocr_line' id='line_1_3' title="bbox 396 412 1965 486; baseline -0.001 -13"><span class='ocrx_word' id='word_1_7' title='bbox 396 417 659 473; x_wconf 88' lang='lat' dir='ltr'><strong>micitiam</strong></span> <span class='ocrx_word' id='word_1_8' title='bbox 695 416 959 479; x_wconf 88' lang='lat' dir='ltr'><strong>devitent,</strong></span> <span class='ocrx_word' id='word_1_9' title='bbox 995 422 1050 470; x_wconf 92' lang='lat' dir='ltr'><strong>et</strong></span> <span class='ocrx_word' id='word_1_10' title='bbox 1079 412 1282 468; x_wconf 80' lang='lat' dir='ltr'><strong>auxilio</strong></span> <span class='ocrx_word' id='word_1_11' title='bbox 1310 412 1587 471; x_wconf 72' lang='lat' dir='ltr'><strong>fruantur.</strong></span> <span class='ocrx_word' id='word_1_12' title='bbox 1623 415 1806 486; x_wconf 85' lang='lat' dir='ltr'><strong>Neque</strong></span> <span class='ocrx_word' id='word_1_13' title='bbox 1836 429 1965 486; x_wconf 78' lang='lat' dir='ltr'><strong>pos-</strong></span> 
     </span>
    </p>
   </div>
   <div class='ocr_carea' id='block_1_4' title="bbox 2092 411 3634 486">
    <p class='ocr_par' dir='ltr' id='par_1_4' title="bbox 2092 411 3634 486">
     <span class='ocr_line' id='line_1_4' title="bbox 2092 411 3634 486; baseline -0.002 -15"><span class='ocrx_word' id='word_1_14' title='bbox 2092 418 2305 471; x_wconf 72' lang='grc' dir='ltr'>ὀιοῦτον</span> <span class='ocrx_word' id='word_1_15' title='bbox 2333 416 2484 480; x_wconf 75' lang='grc' dir='ltr'>ἔθνος</span> <span class='ocrx_word' id='word_1_16' title='bbox 2534 415 2852 485; x_wconf 79' lang='grc' dir='ltr'><strong>συμμαχίαν</strong></span> <span class='ocrx_word' id='word_1_17' title='bbox 2898 415 3028 486; x_wconf 82' lang='grc' dir='ltr'>παρ’</span> <span class='ocrx_word' id='word_1_18' title='bbox 3074 411 3256 468; x_wconf 80' lang='grc' dir='ltr'>αὐτῶν</span> <span class='ocrx_word' id='word_1_19' title='bbox 3309 414 3634 485; x_wconf 77' lang='grc' dir='ltr'>λὰμσάνειν.</span> 
     </span>
    </p>
   </div>
   <div class='ocr_carea' id='block_1_5' title="bbox 393 503 1989 578">
    <p class='ocr_par' dir='ltr' id='par_1_5' title="bbox 393 503 1965 573">
     <span class='ocr_line' id='line_1_5' title="bbox 393 503 1965 573; baseline -0.001 -12"><span class='ocrx_word' id='word_1_20' title='bbox 393 517 524 561; x_wconf 87' lang='lat' dir='ltr'><strong>sunt</strong></span> <span class='ocrx_word' id='word_1_21' title='bbox 580 508 708 560; x_wconf 88' lang='lat' dir='ltr'><strong>item</strong></span> <span class='ocrx_word' id='word_1_22' title='bbox 755 505 919 560; x_wconf 71' lang='lat' dir='ltr'><strong>ltussi</strong></span> <span class='ocrx_word' id='word_1_23' title='bbox 965 503 1370 573; x_wconf 66' lang='lat' dir='ltr'><strong>imperati-ieram</strong></span> <span class='ocrx_word' id='word_1_24' title='bbox 1419 506 1563 562; x_wconf 82' lang='lat' dir='ltr'><strong>lianc</strong></span> <span class='ocrx_word' id='word_1_25' title='bbox 1591 506 1965 561; x_wconf 72' lang='lat' dir='ltr'><strong>Romanorum</strong></span> 
     </span>
    </p>
   </div>
   <div class='ocr_carea' id='block_1_6' title="bbox 2092 503 3638 578">
    <p class='ocr_par' dir='ltr' id='par_1_6' title="bbox 2092 503 3638 578">
     <span class='ocr_line' id='line_1_6' title="bbox 2092 503 3638 578; baseline -0.003 -16"><span class='ocrx_word' id='word_1_26' title='bbox 2092 510 2165 562; x_wconf 70' lang='grc' dir='ltr'>ιαὶ</span> <span class='ocrx_word' id='word_1_27' title='bbox 2196 509 2337 578; x_wconf 75' lang='grc' dir='ltr'>ἔχειν</span> <span class='ocrx_word' id='word_1_28' title='bbox 2369 507 2566 568; x_wconf 81' lang='grc' dir='ltr'>αὐτοὺς</span> <span class='ocrx_word' id='word_1_29' title='bbox 2595 507 2674 569; x_wconf 87' lang='grc' dir='ltr'><strong>εἰς</strong></span> <span class='ocrx_word' id='word_1_30' title='bbox 2697 503 2972 576; x_wconf 85' lang='grc' dir='ltr'>βοήθειαν,</span> <span class='ocrx_word' id='word_1_31' title='bbox 2988 503 3063 568; x_wconf 80' lang='grc' dir='ltr'><strong>ὡς</strong></span> <span class='ocrx_word' id='word_1_32' title='bbox 3097 505 3163 558; x_wconf 75' lang='grc' dir='ltr'>ἂν</span> <span class='ocrx_word' id='word_1_33' title='bbox 3189 505 3283 558; x_wconf 65' lang='grc' dir='ltr'><strong>»ιαί⁹</strong></span> <span class='ocrx_word' id='word_1_34' title='bbox 3310 505 3408 574; x_wconf 87' lang='grc' dir='ltr'><strong>τῆς</strong></span> <span class='ocrx_word' id='word_1_35' title='bbox 3433 505 3638 577; x_wconf 76' lang='grc' dir='ltr'>ἔχθρας</span> 
     </span>
    </p>
   </div>
   <div class='ocr_carea' id='block_1_7' title="bbox 329 594 1989 667">
    <p class='ocr_par' dir='ltr' id='par_1_7' title="bbox 329 594 1968 667">
     <span class='ocr_line' id='line_1_7' title="bbox 329 594 1968 667; baseline 0 -17"><span class='ocrx_word' id='word_1_36' title='bbox 329 602 331 604; x_wconf 78' lang='grc'><em>’</em></span> <span class='ocrx_word' id='word_1_37' title='bbox 399 599 610 661; x_wconf 81' lang='lat' dir='ltr'><strong>urbem,</strong></span> <span class='ocrx_word' id='word_1_38' title='bbox 632 595 746 650; x_wconf 91' lang='lat' dir='ltr'><strong>sive</strong></span> <span class='ocrx_word' id='word_1_39' title='bbox 771 594 923 657; x_wconf 90' lang='lat' dir='ltr'><strong>belli,</strong></span> <span class='ocrx_word' id='word_1_40' title='bbox 950 594 1067 648; x_wconf 82' lang='lat' dir='ltr'><strong>sive</strong></span> <span class='ocrx_word' id='word_1_41' title='bbox 1091 595 1405 649; x_wconf 86' lang='lat' dir='ltr'><strong>commercii</strong></span> <span class='ocrx_word' id='word_1_42' title='bbox 1436 611 1602 651; x_wconf 84' lang='lat' dir='ltr'><strong>causa</strong></span> <span class='ocrx_word' id='word_1_43' title='bbox 1629 605 1835 667; x_wconf 89' lang='lat' dir='ltr'><strong>petere,</strong></span> <span class='ocrx_word' id='word_1_44' title='bbox 1860 596 1968 651; x_wconf 83' lang='lat' dir='ltr'><strong>nisi</strong></span> 
     </span>
    </p>
   </div>
   <div class='ocr_carea' id='block_1_8' title="bbox 2092 594 3638 667">
    <p class='ocr_par' dir='ltr' id='par_1_8' title="bbox 2092 595 3638 666">
     <span class='ocr_line' id='line_1_8' title="bbox 2092 595 3638 666; baseline -0.003 -13"><span class='ocrx_word' id='word_1_45' title='bbox 2092 599 2261 653; x_wconf 82' lang='grc' dir='ltr'>ιυτῶν</span> <span class='ocrx_word' id='word_1_46' title='bbox 2310 597 2779 660; x_wconf 78' lang='grc' dir='ltr'><strong>ἀπαλλάττωνται,</strong></span> <span class='ocrx_word' id='word_1_47' title='bbox 2824 599 2918 650; x_wconf 80' lang='grc' dir='ltr'>καὶ</span> <span class='ocrx_word' id='word_1_48' title='bbox 2945 595 3046 666; x_wconf 83' lang='grc' dir='ltr'><strong>τῆς</strong></span> <span class='ocrx_word' id='word_1_49' title='bbox 3103 595 3356 666; x_wconf 80' lang='grc' dir='ltr'><strong>βοηθείας</strong></span> <span class='ocrx_word' id='word_1_50' title='bbox 3395 613 3638 650; x_wconf 81' lang='grc' dir='ltr'>καταπο-</span> 
     </span>
    </p>
   </div>
   <div class='ocr_carea' id='block_1_9' title="bbox 395 683 1989 758">
    <p class='ocr_par' dir='ltr' id='par_1_9' title="bbox 395 683 1969 758">
     <span class='ocr_line' id='line_1_9' title="bbox 395 683 1969 758; baseline -0.001 -17"><span class='ocrx_word' id='word_1_51' title='bbox 395 702 583 758; x_wconf 85' lang='lat' dir='ltr'><strong>pacem</strong></span> <span class='ocrx_word' id='word_1_52' title='bbox 618 701 741 738; x_wconf 91' lang='lat' dir='ltr'><strong>cum</strong></span> <span class='ocrx_word' id='word_1_53' title='bbox 772 683 1124 742; x_wconf 82' lang='lat' dir='ltr'><strong>Patzinacitis</strong></span> <span class='ocrx_word' id='word_1_54' title='bbox 1153 687 1335 740; x_wconf 92' lang='lat' dir='ltr'><strong>colant</strong></span> <span class='ocrx_word' id='word_1_55' title='bbox 1375 704 1388 741; x_wconf 92' lang='lat'><strong>:</strong></span> <span class='ocrx_word' id='word_1_56' title='bbox 1416 701 1540 741; x_wconf 88' lang='lat' dir='ltr'><strong>nam</strong></span> <span class='ocrx_word' id='word_1_57' title='bbox 1581 689 1676 742; x_wconf 86' lang='lat' dir='ltr'><strong>ubi</strong></span> <span class='ocrx_word' id='word_1_58' title='bbox 1711 702 1834 743; x_wconf 84' lang='lat' dir='ltr'><strong>cum</strong></span> <span class='ocrx_word' id='word_1_59' title='bbox 1867 702 1969 741; x_wconf 88' lang='lat' dir='ltr'><strong>na-</strong></span> 
     </span>
    </p>
   </div>
   <div class='ocr_carea' id='block_1_10' title="bbox 2092 683 3641 758">
    <p class='ocr_par' dir='ltr' id='par_1_10' title="bbox 2092 683 3641 755">
     <span class='ocr_line' id='line_1_10' title="bbox 2092 683 3641 755; baseline -0.003 -14"><span class='ocrx_word' id='word_1_60' title='bbox 2092 687 2308 741; x_wconf 63' lang='lat' dir='ltr'><strong>tabatev.</strong></span> <span class='ocrx_word' id='word_1_61' title='bbox 2377 685 2498 738; x_wconf 87' lang='grc' dir='ltr'>Ὀτι</span> <span class='ocrx_word' id='word_1_62' title='bbox 2527 684 2649 738; x_wconf 85' lang='grc' dir='ltr'>οὐδὲ</span> <span class='ocrx_word' id='word_1_63' title='bbox 2684 684 2815 755; x_wconf 79' lang='grc' dir='ltr'>πρὸς</span> <span class='ocrx_word' id='word_1_64' title='bbox 2861 683 2958 753; x_wconf 80' lang='grc' dir='ltr'><strong>τὴν</strong></span> <span class='ocrx_word' id='word_1_65' title='bbox 3012 683 3400 754; x_wconf 78' lang='grc' dir='ltr'><strong>βασιλεύουσαν</strong></span> <span class='ocrx_word' id='word_1_66' title='bbox 3436 686 3641 754; x_wconf 86' lang='grc' dir='ltr'>ταύτην</span> 
     </span>
    </p>
   </div>
   <div class='ocr_carea' id='block_1_11' title="bbox 400 771 1989 851">
    <p class='ocr_par' dir='ltr' id='par_1_11' title="bbox 400 771 1970 847">
     <span class='ocr_line' id='line_1_11' title="bbox 400 771 1970 847; baseline 0.001 -20"><span class='ocrx_word' id='word_1_67' title='bbox 400 777 556 829; x_wconf 89' lang='lat' dir='ltr'><strong>vibus</strong></span> <span class='ocrx_word' id='word_1_68' title='bbox 596 771 756 828; x_wconf 76' lang='lat' dir='ltr'><strong>ltussi</strong></span> <span class='ocrx_word' id='word_1_69' title='bbox 787 774 855 828; x_wconf 87' lang='lat' dir='ltr'><strong>ad</strong></span> <span class='ocrx_word' id='word_1_70' title='bbox 891 774 1011 829; x_wconf 86' lang='lat' dir='ltr'><strong>loca</strong></span> <span class='ocrx_word' id='word_1_71' title='bbox 1041 775 1286 831; x_wconf 83' lang='lat' dir='ltr'><strong>ﬂuminis</strong></span> <span class='ocrx_word' id='word_1_72' title='bbox 1313 787 1586 847; x_wconf 84' lang='lat' dir='ltr'><strong>praerupta</strong></span> <span class='ocrx_word' id='word_1_73' title='bbox 1627 779 1970 843; x_wconf 81' lang='lat' dir='ltr'><strong>devenerim,</strong></span> 
     </span>
    </p>
   </div>
   <div class='ocr_carea' id='block_1_12' title="bbox 2092 771 3644 851">
    <p class='ocr_par' dir='ltr' id='par_1_12' title="bbox 2092 773 3644 851">
     <span class='ocr_line' id='line_1_12' title="bbox 2092 773 3644 851; baseline -0.004 -20"><span class='ocrx_word' id='word_1_74' title='bbox 2092 778 2185 832; x_wconf 86' lang='grc' dir='ltr'><strong>ιῶν</strong></span> <span class='ocrx_word' id='word_1_75' title='bbox 2224 777 2512 846; x_wconf 86' lang='grc' dir='ltr'>Ῥωμαίων</span> <span class='ocrx_word' id='word_1_76' title='bbox 2541 774 2696 827; x_wconf 83' lang='grc' dir='ltr'>πόλιν</span> <span class='ocrx_word' id='word_1_77' title='bbox 2717 777 2766 827; x_wconf 82' lang='grc' dir='ltr'>οἱ</span> <span class='ocrx_word' id='word_1_78' title='bbox 2805 773 2941 838; x_wconf 80' lang='grc' dir='ltr'>Ῥῶς</span> <span class='ocrx_word' id='word_1_79' title='bbox 2999 775 3403 844; x_wconf 89' lang='grc' dir='ltr'>παραγίνεσθαι</span> <span class='ocrx_word' id='word_1_80' title='bbox 3449 774 3644 851; x_wconf 80' lang='grc' dir='ltr'>δύναν-</span> 
     </span>
    </p>
   </div>
   <div class='ocr_carea' id='block_1_13' title="bbox 397 861 1989 938">
    <p class='ocr_par' dir='ltr' id='par_1_13' title="bbox 397 865 1974 938">
     <span class='ocr_line' id='line_1_13' title="bbox 397 865 1974 938; baseline 0.005 -21"><span class='ocrx_word' id='word_1_81' title='bbox 397 879 524 917; x_wconf 92' lang='lat' dir='ltr'><strong>cum</strong></span> <span class='ocrx_word' id='word_1_82' title='bbox 563 879 672 918; x_wconf 90' lang='lat' dir='ltr'><strong>non</strong></span> <span class='ocrx_word' id='word_1_83' title='bbox 717 865 861 920; x_wconf 88' lang='lat' dir='ltr'><strong>ultra</strong></span> <span class='ocrx_word' id='word_1_84' title='bbox 909 869 1204 936; x_wconf 86' lang='lat' dir='ltr'><strong>procedere</strong></span> <span class='ocrx_word' id='word_1_85' title='bbox 1253 877 1478 938; x_wconf 89' lang='lat' dir='ltr'><strong>queant,</strong></span> <span class='ocrx_word' id='word_1_86' title='bbox 1530 871 1636 925; x_wconf 89' lang='lat' dir='ltr'><strong>nisi</strong></span> <span class='ocrx_word' id='word_1_87' title='bbox 1692 870 1974 925; x_wconf 82' lang='lat' dir='ltr'><strong>naviculas</strong></span> 
     </span>
    </p>
   </div>
   <div class='ocr_carea' id='block_1_14' title="bbox 2092 861 3644 938">
    <p class='ocr_par' dir='ltr' id='par_1_14' title="bbox 2092 861 3644 936">
     <span class='ocr_line' id='line_1_14' title="bbox 2092 861 3644 936; baseline -0.003 -17"><span class='ocrx_word' id='word_1_88' title='bbox 2092 884 2166 920; x_wconf 78' lang='grc' dir='ltr'><strong>ιαι</strong></span> <span class='ocrx_word' id='word_1_89' title='bbox 2188 906 2203 932; x_wconf 95' lang='grc'><strong>,</strong></span> <span class='ocrx_word' id='word_1_90' title='bbox 2236 868 2285 919; x_wconf 86' lang='grc' dir='ltr'><strong>εἰ</strong></span> <span class='ocrx_word' id='word_1_91' title='bbox 2320 865 2394 936; x_wconf 81' lang='grc' dir='ltr'>μὴ</span> <span class='ocrx_word' id='word_1_92' title='bbox 2456 864 2595 936; x_wconf 82' lang='grc' dir='ltr'>μετὰ</span> <span class='ocrx_word' id='word_1_93' title='bbox 2612 864 2721 918; x_wconf 87' lang='grc' dir='ltr'><strong>τῶν</strong></span> <span class='ocrx_word' id='word_1_94' title='bbox 2789 863 3196 928; x_wconf 75' lang='grc' dir='ltr'>Πατζινακιτῶν</span> <span class='ocrx_word' id='word_1_95' title='bbox 3235 861 3644 931; x_wconf 79' lang='grc' dir='ltr'>εἰρηνεύοντες,</span> 
     </span>
    </p>
   </div>
   <div class='ocr_carea' id='block_1_15' title="bbox 399 952 1989 1028">
    <p class='ocr_par' dir='ltr' id='par_1_15' title="bbox 399 954 1974 1028">
     <span class='ocr_line' id='line_1_15' title="bbox 399 954 1974 1028; baseline 0.004 -20"><span class='ocrx_word' id='word_1_96' title='bbox 399 969 532 1009; x_wconf 86' lang='lat' dir='ltr'><strong>suas</strong></span> <span class='ocrx_word' id='word_1_97' title='bbox 571 954 796 1011; x_wconf 87' lang='lat' dir='ltr'><strong>ﬂumine</strong></span> <span class='ocrx_word' id='word_1_98' title='bbox 837 957 1063 1012; x_wconf 83' lang='lat' dir='ltr'><strong>eductas</strong></span> <span class='ocrx_word' id='word_1_99' title='bbox 1109 959 1356 1014; x_wconf 85' lang='lat' dir='ltr'><strong>humeris</strong></span> <span class='ocrx_word' id='word_1_100' title='bbox 1404 958 1690 1028; x_wconf 86' lang='lat' dir='ltr'><strong>impositas</strong></span> <span class='ocrx_word' id='word_1_101' title='bbox 1736 959 1974 1014; x_wconf 78' lang='lat' dir='ltr'><strong>transfo-</strong></span> 
     </span>
    </p>
   </div>
   <div class='ocr_carea' id='block_1_16' title="bbox 2092 952 3645 1028">
    <p class='ocr_par' dir='ltr' id='par_1_16' title="bbox 2092 952 3645 1027">
     <span class='ocr_line' id='line_1_16' title="bbox 2092 952 3645 1027; baseline -0.004 -17"><span class='ocrx_word' id='word_1_102' title='bbox 2092 957 2203 1010; x_wconf 59' lang='grc' dir='ltr'>δῦτε</span> <span class='ocrx_word' id='word_1_103' title='bbox 2241 957 2480 1027; x_wconf 87' lang='grc' dir='ltr'>πολέμου</span> <span class='ocrx_word' id='word_1_104' title='bbox 2506 955 2686 1026; x_wconf 80' lang='grc' dir='ltr'>χάριν,</span> <span class='ocrx_word' id='word_1_105' title='bbox 2719 954 2844 1009; x_wconf 75' lang='grc' dir='ltr'>οὔτε</span> <span class='ocrx_word' id='word_1_106' title='bbox 2874 954 3279 1025; x_wconf 81' lang='grc' dir='ltr'><strong>πραγματείας.</strong></span> <span class='ocrx_word' id='word_1_107' title='bbox 3327 952 3548 1024; x_wconf 71' lang='grc' dir='ltr'>Ἐπειδὴ</span> <span class='ocrx_word' id='word_1_108' title='bbox 3583 954 3645 1005; x_wconf 83' lang='grc' dir='ltr'>ὲν</span> 
     </span>
    </p>
   </div>
   <div class='ocr_carea' id='block_1_17' title="bbox 402 1044 1989 1118">
    <p class='ocr_par' dir='ltr' id='par_1_17' title="bbox 402 1047 1974 1118">
     <span class='ocr_line' id='line_1_17' title="bbox 402 1047 1974 1118; baseline 0.004 -21"><span class='ocrx_word' id='word_1_109' title='bbox 402 1053 547 1108; x_wconf 83' lang='lat' dir='ltr'><strong>rant,</strong></span> <span class='ocrx_word' id='word_1_110' title='bbox 578 1055 711 1101; x_wconf 87' lang='lat' dir='ltr'><strong>tunc</strong></span> <span class='ocrx_word' id='word_1_111' title='bbox 757 1049 1020 1118; x_wconf 87' lang='lat' dir='ltr'><strong>temporis</strong></span> <span class='ocrx_word' id='word_1_112' title='bbox 1059 1048 1180 1104; x_wconf 90' lang='lat' dir='ltr'><strong>illos</strong></span> <span class='ocrx_word' id='word_1_113' title='bbox 1222 1047 1577 1106; x_wconf 62' lang='lat' dir='ltr'><strong>Patzinacitae</strong></span> <span class='ocrx_word' id='word_1_114' title='bbox 1607 1050 1890 1117; x_wconf 87' lang='lat' dir='ltr'><strong>invadunt,</strong></span> <span class='ocrx_word' id='word_1_115' title='bbox 1919 1057 1974 1106; x_wconf 86' lang='lat' dir='ltr'><strong>et</strong></span> 
     </span>
    </p>
   </div>
   <div class='ocr_carea' id='block_1_18' title="bbox 2092 1044 3646 1118">
    <p class='ocr_par' dir='ltr' id='par_1_18' title="bbox 2093 1044 3646 1118">
     <span class='ocr_line' id='line_1_18' title="bbox 2093 1044 3646 1118; baseline -0.003 -16"><span class='ocrx_word' id='word_1_116' title='bbox 2093 1047 2172 1118; x_wconf 82' lang='grc' dir='ltr'>τῷ</span> <span class='ocrx_word' id='word_1_117' title='bbox 2204 1049 2341 1118; x_wconf 83' lang='grc' dir='ltr'>μετὰ</span> <span class='ocrx_word' id='word_1_118' title='bbox 2379 1049 2488 1101; x_wconf 89' lang='grc' dir='ltr'><strong>τῶν</strong></span> <span class='ocrx_word' id='word_1_119' title='bbox 2507 1047 2708 1100; x_wconf 87' lang='grc' dir='ltr'>πλοίων</span> <span class='ocrx_word' id='word_1_120' title='bbox 2736 1047 2815 1109; x_wconf 85' lang='grc' dir='ltr'><strong>εἰς</strong></span> <span class='ocrx_word' id='word_1_121' title='bbox 2850 1048 2975 1110; x_wconf 86' lang='grc' dir='ltr'>τοὺς</span> <span class='ocrx_word' id='word_1_122' title='bbox 3009 1045 3295 1117; x_wconf 78' lang='grc' dir='ltr'>φραγμοὺς</span> <span class='ocrx_word' id='word_1_123' title='bbox 3351 1044 3447 1098; x_wconf 82' lang='grc' dir='ltr'>τοῦ</span> <span class='ocrx_word' id='word_1_124' title='bbox 3477 1063 3646 1099; x_wconf 83' lang='grc' dir='ltr'>ποτα-</span> 
     </span>
    </p>
   </div>
   <div class='ocr_carea' id='block_1_19' title="bbox 402 1135 1989 1211">
    <p class='ocr_par' dir='ltr' id='par_1_19' title="bbox 402 1136 1970 1211">
     <span class='ocr_line' id='line_1_19' title="bbox 402 1136 1970 1211; baseline 0.003 -24"><span class='ocrx_word' id='word_1_125' title='bbox 402 1136 564 1192; x_wconf 79' lang='lat' dir='ltr'><strong>facile</strong></span> <span class='ocrx_word' id='word_1_126' title='bbox 589 1137 715 1207; x_wconf 83' lang='lat' dir='ltr'><strong>quia</strong></span> <span class='ocrx_word' id='word_1_127' title='bbox 751 1137 954 1208; x_wconf 82' lang='lat' dir='ltr'><strong>duplici</strong></span> <span class='ocrx_word' id='word_1_128' title='bbox 1000 1139 1173 1194; x_wconf 83' lang='lat' dir='ltr'><strong>labori</strong></span> <span class='ocrx_word' id='word_1_129' title='bbox 1218 1139 1444 1195; x_wconf 79' lang='lat' dir='ltr'><strong>ferendo</strong></span> <span class='ocrx_word' id='word_1_130' title='bbox 1474 1155 1635 1211; x_wconf 87' lang='lat' dir='ltr'><strong>pares</strong></span> <span class='ocrx_word' id='word_1_131' title='bbox 1680 1156 1787 1195; x_wconf 91' lang='lat' dir='ltr'><strong>non</strong></span> <span class='ocrx_word' id='word_1_132' title='bbox 1821 1150 1970 1207; x_wconf 89' lang='lat' dir='ltr'><strong>sunt,</strong></span> 
     </span>
    </p>
   </div>
   <div class='ocr_carea' id='block_1_20' title="bbox 2092 1135 3615 1211">
    <p class='ocr_par' dir='ltr' id='par_1_20' title="bbox 2092 1135 3615 1210">
     <span class='ocr_line' id='line_1_20' title="bbox 2092 1135 3615 1210; baseline -0.003 -18"><span class='ocrx_word' id='word_1_133' title='bbox 2092 1139 2186 1210; x_wconf 77' lang='grc' dir='ltr'>μοῦ</span> <span class='ocrx_word' id='word_1_134' title='bbox 2215 1139 2326 1210; x_wconf 82' lang='lat'><strong>(77)</strong></span> <span class='ocrx_word' id='word_1_135' title='bbox 2348 1137 2594 1205; x_wconf 80' lang='grc' dir='ltr'>γίνεσθαι</span> <span class='ocrx_word' id='word_1_136' title='bbox 2612 1138 2744 1200; x_wconf 78' lang='grc' dir='ltr'>τοὺς</span> <span class='ocrx_word' id='word_1_137' title='bbox 2787 1138 2945 1204; x_wconf 87' lang='grc' dir='ltr'>Ῥῶς,</span> <span class='ocrx_word' id='word_1_138' title='bbox 2975 1139 3070 1190; x_wconf 73' lang='grc' dir='ltr'>καὶ</span> <span class='ocrx_word' id='word_1_139' title='bbox 3124 1137 3198 1208; x_wconf 81' lang='grc' dir='ltr'>μὴ</span> <span class='ocrx_word' id='word_1_140' title='bbox 3225 1136 3478 1190; x_wconf 86' lang='grc' dir='ltr'>δύνασθαι</span> <span class='ocrx_word' id='word_1_141' title='bbox 3502 1135 3615 1189; x_wconf 77' lang='grc' dir='ltr'>διελ</span> 
     </span>
    </p>
   </div>
   <div class='ocr_carea' id='block_1_21' title="bbox 403 1227 1989 1300">
    <p class='ocr_par' dir='ltr' id='par_1_21' title="bbox 403 1227 1376 1298">
     <span class='ocr_line' id='line_1_21' title="bbox 403 1227 1376 1298; baseline 0.008 -20"><span class='ocrx_word' id='word_1_142' title='bbox 403 1227 458 1279; x_wconf 89' lang='lat' dir='ltr'><strong>in</strong></span> <span class='ocrx_word' id='word_1_143' title='bbox 489 1227 666 1298; x_wconf 80' lang='lat' dir='ltr'><strong>fugam</strong></span> <span class='ocrx_word' id='word_1_144' title='bbox 701 1237 918 1285; x_wconf 81' lang='lat' dir='ltr'><strong>vertunt</strong></span> <span class='ocrx_word' id='word_1_145' title='bbox 944 1239 998 1284; x_wconf 92' lang='lat' dir='ltr'><strong>et</strong></span> <span class='ocrx_word' id='word_1_146' title='bbox 1021 1229 1376 1286; x_wconf 80' lang='lat' dir='ltr'><strong>interﬁciunt.</strong></span> 
     </span>
    </p>
   </div>
   <div class='ocr_carea' id='block_1_22' title="bbox 2092 1227 3643 1300">
    <p class='ocr_par' dir='ltr' id='par_1_22' title="bbox 2092 1228 3643 1300">
     <span class='ocr_line' id='line_1_22' title="bbox 2092 1228 3643 1300; baseline -0.001 -19"><span class='ocrx_word' id='word_1_147' title='bbox 2092 1229 2213 1294; x_wconf 61' lang='grc' dir='ltr'>θεῖν,</span> <span class='ocrx_word' id='word_1_148' title='bbox 2274 1230 2323 1282; x_wconf 89' lang='grc' dir='ltr'><strong>εί</strong></span> <span class='ocrx_word' id='word_1_149' title='bbox 2382 1229 2457 1300; x_wconf 76' lang='grc' dir='ltr'>μὴ</span> <span class='ocrx_word' id='word_1_150' title='bbox 2507 1229 2816 1298; x_wconf 80' lang='grc' dir='ltr'>ὲξαγάγωσι</span> <span class='ocrx_word' id='word_1_151' title='bbox 2869 1228 2960 1282; x_wconf 81' lang='grc' dir='ltr'><strong>τοῦ</strong></span> <span class='ocrx_word' id='word_1_152' title='bbox 2990 1229 3234 1298; x_wconf 87' lang='grc' dir='ltr'>ποταμοῦ</span> <span class='ocrx_word' id='word_1_153' title='bbox 3257 1231 3325 1283; x_wconf 82' lang='grc' dir='ltr'><strong>τά</strong></span> <span class='ocrx_word' id='word_1_154' title='bbox 3358 1230 3517 1284; x_wconf 86' lang='grc' dir='ltr'>πλοῖα</span> <span class='ocrx_word' id='word_1_155' title='bbox 3541 1230 3643 1283; x_wconf 84' lang='grc' dir='ltr'>αύ-</span> 
     </span>
    </p>
   </div>
   <div class='ocr_carea' id='block_1_23' title="bbox 401 1319 3647 1392">
    <p class='ocr_par' dir='ltr' id='par_1_23' title="bbox 401 1319 3647 1392">
     <span class='ocr_line' id='line_1_23' title="bbox 401 1319 3647 1392; baseline 0.001 -23"><span class='ocrx_word' id='word_1_156' title='bbox 401 1319 533 1382; x_wconf 88' lang='grc' dir='ltr'>τῶν,</span> <span class='ocrx_word' id='word_1_157' title='bbox 564 1325 659 1372; x_wconf 62' lang='grc' dir='ltr'>καὶ</span> <span class='ocrx_word' id='word_1_158' title='bbox 683 1323 778 1373; x_wconf 72' lang='grc' dir='ltr'><strong>ἐπὶ</strong></span> <span class='ocrx_word' id='word_1_159' title='bbox 824 1321 933 1374; x_wconf 89' lang='grc' dir='ltr'><strong>τῶν</strong></span> <span class='ocrx_word' id='word_1_160' title='bbox 995 1321 1161 1392; x_wconf 79' lang='grc' dir='ltr'>ὤμων</span> <span class='ocrx_word' id='word_1_161' title='bbox 1215 1320 1574 1391; x_wconf 78' lang='grc' dir='ltr'>βαστάζοντες</span> <span class='ocrx_word' id='word_1_162' title='bbox 1605 1322 1937 1392; x_wconf 77' lang='grc' dir='ltr'>διαϐήσωσιν</span> <span class='ocrx_word' id='word_1_163' title='bbox 1970 1339 1987 1354; x_wconf 78' lang='grc' dir='ltr'><strong>ο</strong></span> <span class='ocrx_word' id='word_1_164' title='bbox 2027 1320 2358 1373; x_wconf 78' lang='grc' dir='ltr'>ἐπιτίθενται</span> <span class='ocrx_word' id='word_1_165' title='bbox 2389 1321 2513 1372; x_wconf 89' lang='grc' dir='ltr'>τότε</span> <span class='ocrx_word' id='word_1_166' title='bbox 2537 1321 2718 1382; x_wconf 82' lang='grc' dir='ltr'>αὐτοῖς</span> <span class='ocrx_word' id='word_1_167' title='bbox 2746 1320 2796 1372; x_wconf 88' lang='grc' dir='ltr'><strong>οί</strong></span> <span class='ocrx_word' id='word_1_168' title='bbox 2826 1323 2919 1372; x_wconf 79' lang='grc' dir='ltr'>τοῦ</span> <span class='ocrx_word' id='word_1_169' title='bbox 2980 1320 3221 1373; x_wconf 85' lang='grc' dir='ltr'>τοιούτου</span> <span class='ocrx_word' id='word_1_170' title='bbox 3269 1320 3457 1386; x_wconf 78' lang='grc' dir='ltr'>ἔθνους</span> <span class='ocrx_word' id='word_1_171' title='bbox 3539 1323 3647 1376; x_wconf 88' lang='grc' dir='ltr'><strong>τῶν</strong></span> 
     </span>
    </p>
   </div>
   <div class='ocr_carea' id='block_1_24' title="bbox 405 1411 3504 1487">
    <p class='ocr_par' dir='ltr' id='par_1_24' title="bbox 405 1411 3504 1487">
     <span class='ocr_line' id='line_1_24' title="bbox 405 1411 3504 1487; baseline 0 -21"><span class='ocrx_word' id='word_1_172' title='bbox 405 1414 838 1481; x_wconf 77' lang='grc' dir='ltr'>Πατζινακιτῶν,</span> <span class='ocrx_word' id='word_1_173' title='bbox 865 1416 962 1469; x_wconf 75' lang='grc' dir='ltr'>καὶ</span> <span class='ocrx_word' id='word_1_174' title='bbox 984 1415 1202 1484; x_wconf 70' lang='grc' dir='ltr'>ῥᾳδίως,</span> <span class='ocrx_word' id='word_1_175' title='bbox 1254 1416 1349 1469; x_wconf 70' lang='grc' dir='ltr'>ἅτε</span> <span class='ocrx_word' id='word_1_176' title='bbox 1387 1416 1522 1487; x_wconf 72' lang='grc' dir='ltr'>πρὸς</span> <span class='ocrx_word' id='word_1_177' title='bbox 1545 1416 1638 1469; x_wconf 87' lang='grc' dir='ltr'><strong>δύο</strong></span> <span class='ocrx_word' id='word_1_178' title='bbox 1661 1417 1857 1480; x_wconf 85' lang='grc' dir='ltr'>πόνους</span> <span class='ocrx_word' id='word_1_179' title='bbox 1885 1416 2132 1485; x_wconf 80' lang='grc' dir='ltr'>ἀντέχειν</span> <span class='ocrx_word' id='word_1_180' title='bbox 2158 1412 2233 1484; x_wconf 78' lang='grc' dir='ltr'>μὴ</span> <span class='ocrx_word' id='word_1_181' title='bbox 2256 1411 2532 1478; x_wconf 88' lang='grc' dir='ltr'>δύνανται,</span> <span class='ocrx_word' id='word_1_182' title='bbox 2557 1412 2881 1483; x_wconf 83' lang='grc' dir='ltr'>τροποῦνται</span> <span class='ocrx_word' id='word_1_183' title='bbox 2928 1411 3021 1464; x_wconf 63' lang='grc' dir='ltr'><strong>κιιιί⁵</strong></span> <span class='ocrx_word' id='word_1_184' title='bbox 3047 1413 3504 1483; x_wconf 74' lang='grc' dir='ltr'>κατασφάζονται.</span> 
     </span>
    </p>
   </div>
   <div class='ocr_carea' id='block_1_25' title="bbox 1012 1504 1372 1561">
    <p class='ocr_par' dir='ltr' id='par_1_25' title="bbox 1012 1504 1372 1561">
     <span class='ocr_line' id='line_1_25' title="bbox 1012 1504 1372 1561; baseline 0 -1"><span class='ocrx_word' id='word_1_185' title='bbox 1012 1504 1240 1560; x_wconf 79' lang='lat' dir='ltr'><strong>CAPUT</strong></span> <span class='ocrx_word' id='word_1_186' title='bbox 1282 1507 1372 1561; x_wconf 89' lang='lat' dir='ltr'><strong>lll.</strong></span> 
     </span>
    </p>
   </div>
   <div class='ocr_carea' id='block_1_26' title="bbox 799 1598 1586 1653">
    <p class='ocr_par' dir='ltr' id='par_1_26' title="bbox 799 1598 1586 1653">
     <span class='ocr_line' id='line_1_26' title="bbox 799 1598 1586 1653; baseline 0 -1"><span class='ocrx_word' id='word_1_187' title='bbox 799 1598 876 1653; x_wconf 84' lang='lat' dir='ltr'><strong>De</strong></span> <span class='ocrx_word' id='word_1_188' title='bbox 910 1598 1265 1652; x_wconf 73' lang='lat' dir='ltr'><strong>Patzinacitis</strong></span> <span class='ocrx_word' id='word_1_189' title='bbox 1298 1609 1345 1652; x_wconf 83' lang='lat' dir='ltr'><strong>et</strong></span> <span class='ocrx_word' id='word_1_190' title='bbox 1385 1599 1586 1653; x_wconf 80' lang='lat' dir='ltr'><strong>Turcis.</strong></span> 
     </span>
    </p>
   </div>
   <div class='ocr_carea' id='block_1_27' title="bbox 480 1688 1980 1761">
    <p class='ocr_par' dir='ltr' id='par_1_27' title="bbox 480 1688 1980 1761">
     <span class='ocr_line' id='line_1_27' title="bbox 480 1688 1980 1761; baseline 0 -19"><span class='ocrx_word' id='word_1_191' title='bbox 480 1689 781 1743; x_wconf 86' lang='lat' dir='ltr'><strong>Turcarum</strong></span> <span class='ocrx_word' id='word_1_192' title='bbox 807 1705 942 1759; x_wconf 82' lang='lat' dir='ltr'><strong>gens</strong></span> <span class='ocrx_word' id='word_1_193' title='bbox 985 1699 1320 1745; x_wconf 88' lang='lat' dir='ltr'><strong>memoratos</strong></span> <span class='ocrx_word' id='word_1_194' title='bbox 1360 1688 1724 1746; x_wconf 79' lang='lat' dir='ltr'><strong>Patzinacitas</strong></span> <span class='ocrx_word' id='word_1_195' title='bbox 1759 1705 1980 1761; x_wconf 84' lang='lat' dir='ltr'><strong>magno-</strong></span> 
     </span>
    </p>
   </div>
   <div class='ocr_carea' id='block_1_28' title="bbox 2637 1501 3026 1573">
    <p class='ocr_par' dir='ltr' id='par_1_28' title="bbox 2637 1501 3026 1573">
     <span class='ocr_line' id='line_1_28' title="bbox 2637 1501 3026 1573; baseline 0.003 -18"><span class='ocrx_word' id='word_1_196' title='bbox 2637 1501 2908 1573; x_wconf 73' lang='grc' dir='ltr'>ιιιιιψΑΑ.</span> <span class='ocrx_word' id='word_1_197' title='bbox 2949 1501 3026 1557; x_wconf 76' lang='lat'><strong>1&quot;.</strong></span> 
     </span>
    </p>
   </div>
   <div class='ocr_carea' id='block_1_29' title="bbox 2253 1591 3480 1664">
    <p class='ocr_par' dir='ltr' id='par_1_29' title="bbox 2253 1591 3480 1664">
     <span class='ocr_line' id='line_1_29' title="bbox 2253 1591 3480 1664; baseline 0 -16"><span class='ocrx_word' id='word_1_198' title='bbox 2253 1597 2392 1664; x_wconf 81' lang='grc' dir='ltr'>Περί</span> <span class='ocrx_word' id='word_1_199' title='bbox 2421 1593 2540 1648; x_wconf 80' lang='grc' dir='ltr'>τῶν</span> <span class='ocrx_word' id='word_1_200' title='bbox 2579 1591 3010 1654; x_wconf 74' lang='grc' dir='ltr'>Πατζὶνακιτῶν</span> <span class='ocrx_word' id='word_1_201' title='bbox 3041 1593 3140 1647; x_wconf 79' lang='grc' dir='ltr'><strong>καί</strong></span> <span class='ocrx_word' id='word_1_202' title='bbox 3194 1595 3480 1662; x_wconf 79' lang='grc' dir='ltr'>Τούρκων.</span> 
     </span>
    </p>
   </div>
   <div class='ocr_carea' id='block_1_30' title="bbox 2159 1686 3648 1756">
    <p class='ocr_par' dir='ltr' id='par_1_30' title="bbox 2159 1686 3648 1756">
     <span class='ocr_line' id='line_1_30' title="bbox 2159 1686 3648 1756; baseline 0.001 -15"><span class='ocrx_word' id='word_1_203' title='bbox 2159 1687 2283 1741; x_wconf 87' lang='grc' dir='ltr'>Ὅτι</span> <span class='ocrx_word' id='word_1_204' title='bbox 2312 1691 2405 1742; x_wconf 80' lang='grc' dir='ltr'>καὶ</span> <span class='ocrx_word' id='word_1_205' title='bbox 2435 1688 2496 1739; x_wconf 79' lang='grc' dir='ltr'>τὸ</span> <span class='ocrx_word' id='word_1_206' title='bbox 2528 1687 2633 1740; x_wconf 88' lang='grc' dir='ltr'><strong>τῶν</strong></span> <span class='ocrx_word' id='word_1_207' title='bbox 2659 1686 2917 1754; x_wconf 86' lang='grc' dir='ltr'>Τούρκων</span> <span class='ocrx_word' id='word_1_208' title='bbox 2939 1687 3094 1755; x_wconf 86' lang='grc' dir='ltr'>γένος</span> <span class='ocrx_word' id='word_1_209' title='bbox 3133 1687 3380 1756; x_wconf 81' lang='grc' dir='ltr'>μεγάλως</span> <span class='ocrx_word' id='word_1_210' title='bbox 3405 1690 3648 1742; x_wconf 81' lang='grc' dir='ltr'>πτοεῖται</span> 
     </span>
    </p>
   </div>
   <div class='ocr_carea' id='block_1_31' title="bbox 407 1767 1989 1849">
    <p class='ocr_par' dir='ltr' id='par_1_31' title="bbox 407 1778 1980 1849">
     <span class='ocr_line' id='line_1_31' title="bbox 407 1778 1980 1849; baseline 0.001 -16"><span class='ocrx_word' id='word_1_211' title='bbox 407 1793 538 1847; x_wconf 84' lang='lat' dir='ltr'><strong>pere</strong></span> <span class='ocrx_word' id='word_1_212' title='bbox 591 1778 928 1843; x_wconf 80' lang='lat' dir='ltr'><strong>reformidat,</strong></span> <span class='ocrx_word' id='word_1_213' title='bbox 975 1780 1105 1849; x_wconf 84' lang='lat' dir='ltr'><strong>quia</strong></span> <span class='ocrx_word' id='word_1_214' title='bbox 1143 1778 1456 1849; x_wconf 78' lang='lat' dir='ltr'><strong>frequenter</strong></span> <span class='ocrx_word' id='word_1_215' title='bbox 1497 1781 1550 1832; x_wconf 92' lang='lat' dir='ltr'><strong>in</strong></span> <span class='ocrx_word' id='word_1_216' title='bbox 1582 1780 1782 1849; x_wconf 64' lang='lat' dir='ltr'><strong>praeliis</strong></span> <span class='ocrx_word' id='word_1_217' title='bbox 1812 1781 1881 1834; x_wconf 79' lang='lat' dir='ltr'><strong>ab</strong></span> <span class='ocrx_word' id='word_1_218' title='bbox 1915 1779 1980 1834; x_wconf 88' lang='lat' dir='ltr'><strong>iis</strong></span> 
     </span>
    </p>
   </div>
   <div class='ocr_carea' id='block_1_32' title="bbox 2092 1767 3650 1849">
    <p class='ocr_par' dir='ltr' id='par_1_32' title="bbox 2092 1767 3650 1846">
     <span class='ocr_line' id='line_1_32' title="bbox 2092 1767 3650 1846; baseline 0.001 -16"><span class='ocrx_word' id='word_1_219' title='bbox 2092 1777 2178 1830; x_wconf 74' lang='grc' dir='ltr'>καὶ</span> <span class='ocrx_word' id='word_1_220' title='bbox 2201 1776 2337 1830; x_wconf 84' lang='grc' dir='ltr'>δέδιε</span> <span class='ocrx_word' id='word_1_221' title='bbox 2359 1777 2486 1839; x_wconf 82' lang='grc' dir='ltr'>τοὺς</span> <span class='ocrx_word' id='word_1_222' title='bbox 2509 1776 2837 1846; x_wconf 80' lang='grc' dir='ltr'>εἰρημένους</span> <span class='ocrx_word' id='word_1_223' title='bbox 2865 1767 3288 1840; x_wconf 66' lang='grc' dir='ltr'>Πατξινακίτας,</span> <span class='ocrx_word' id='word_1_224' title='bbox 3317 1777 3406 1830; x_wconf 77' lang='grc' dir='ltr'>διὰ</span> <span class='ocrx_word' id='word_1_225' title='bbox 3425 1777 3485 1830; x_wconf 78' lang='grc' dir='ltr'>τὸ</span> <span class='ocrx_word' id='word_1_226' title='bbox 3514 1779 3650 1831; x_wconf 82' lang='grc' dir='ltr'>πολ-</span> 
     </span>
    </p>
   </div>
   <div class='ocr_carea' id='block_1_33' title="bbox 407 1866 1989 1938">
    <p class='ocr_par' dir='ltr' id='par_1_33' title="bbox 407 1868 1979 1938">
     <span class='ocr_line' id='line_1_33' title="bbox 407 1868 1979 1938; baseline 0.002 -18"><span class='ocrx_word' id='word_1_227' title='bbox 407 1868 608 1921; x_wconf 72' lang='lat' dir='ltr'><strong>devicti</strong></span> <span class='ocrx_word' id='word_1_228' title='bbox 635 1879 689 1921; x_wconf 81' lang='lat' dir='ltr'><strong>et</strong></span> <span class='ocrx_word' id='word_1_229' title='bbox 711 1868 774 1921; x_wconf 89' lang='lat' dir='ltr'><strong>ad</strong></span> <span class='ocrx_word' id='word_1_230' title='bbox 807 1869 1236 1923; x_wconf 81' lang='lat' dir='ltr'><strong>internecionem</strong></span> <span class='ocrx_word' id='word_1_231' title='bbox 1273 1869 1385 1923; x_wconf 76' lang='lat' dir='ltr'><strong>fere</strong></span> <span class='ocrx_word' id='word_1_232' title='bbox 1411 1869 1537 1924; x_wconf 66' lang='lat' dir='ltr'><strong>caesi</strong></span> <span class='ocrx_word' id='word_1_233' title='bbox 1565 1877 1714 1923; x_wconf 86' lang='lat' dir='ltr'><strong>sunt.</strong></span> <span class='ocrx_word' id='word_1_234' title='bbox 1744 1869 1979 1938; x_wconf 77' lang='lat' dir='ltr'><strong>Ideoque</strong></span> 
     </span>
    </p>
   </div>
   <div class='ocr_carea' id='block_1_34' title="bbox 2092 1866 3653 1938">
    <p class='ocr_par' dir='ltr' id='par_1_34' title="bbox 2092 1866 3653 1938">
     <span class='ocr_line' id='line_1_34' title="bbox 2092 1866 3653 1938; baseline 0.001 -17"><span class='ocrx_word' id='word_1_235' title='bbox 2092 1869 2241 1930; x_wconf 73' lang='grc' dir='ltr'>λάκις</span> <span class='ocrx_word' id='word_1_236' title='bbox 2293 1867 2599 1938; x_wconf 80' lang='grc' dir='ltr'>ἡττηθῆναι</span> <span class='ocrx_word' id='word_1_237' title='bbox 2643 1867 2778 1938; x_wconf 82' lang='grc' dir='ltr'>παρ’</span> <span class='ocrx_word' id='word_1_238' title='bbox 2828 1866 3032 1930; x_wconf 82' lang='grc' dir='ltr'>αὐτῶν,</span> <span class='ocrx_word' id='word_1_239' title='bbox 3085 1869 3181 1918; x_wconf 61' lang='grc' dir='ltr'><strong>καὶ⁵</strong></span> <span class='ocrx_word' id='word_1_240' title='bbox 3229 1867 3448 1931; x_wconf 84' lang='grc' dir='ltr'>τελείως</span> <span class='ocrx_word' id='word_1_241' title='bbox 3464 1870 3653 1938; x_wconf 80' lang='grc' dir='ltr'>σχεδὸν</span> 
     </span>
    </p>
   </div>
   <div class='ocr_carea' id='block_1_35' title="bbox 408 1936 1989 2028">
    <p class='ocr_par' dir='ltr' id='par_1_35' title="bbox 408 1936 1982 2027">
     <span class='ocr_line' id='line_1_35' title="bbox 408 1936 1982 2027; baseline 0.004 -21"><span class='ocrx_word' id='word_1_242' title='bbox 408 1953 605 2009; x_wconf 84' lang='lat' dir='ltr'><strong>Turcis</strong></span> <span class='ocrx_word' id='word_1_243' title='bbox 647 1955 1000 2010; x_wconf 73' lang='lat' dir='ltr'><strong>Patzinacitae</strong></span> <span class='ocrx_word' id='word_1_244' title='bbox 1034 1971 1272 2027; x_wconf 46' lang='lat' dir='ltr'><strong>.semper</strong></span> <span class='ocrx_word' id='word_1_245' title='bbox 1323 1956 1662 2013; x_wconf 80' lang='lat' dir='ltr'><strong>formidolosi</strong></span> <span class='ocrx_word' id='word_1_246' title='bbox 1720 1936 1982 2019; x_wconf 24' lang='lat' dir='ltr'><strong>suntaab</strong></span> 
     </span>
    </p>
   </div>
   <div class='ocr_carea' id='block_1_36' title="bbox 2092 1936 3653 2028">
    <p class='ocr_par' dir='ltr' id='par_1_36' title="bbox 2092 1936 3653 2028">
     <span class='ocr_line' id='line_1_36' title="bbox 2092 1936 3653 2028; baseline 0.003 -20"><span class='ocrx_word' id='word_1_247' title='bbox 2092 1936 2460 2027; x_wconf 81' lang='grc' dir='ltr'>παραδοθῆναι</span> <span class='ocrx_word' id='word_1_248' title='bbox 2489 1936 2803 2027; x_wconf 79' lang='grc' dir='ltr'>άφανισμῷ.</span> <span class='ocrx_word' id='word_1_249' title='bbox 2839 1957 2948 2010; x_wconf 73' lang='grc' dir='ltr'><strong>Καὶ</strong></span> <span class='ocrx_word' id='word_1_250' title='bbox 2976 1955 3065 2011; x_wconf 83' lang='grc' dir='ltr'><strong>διὰ</strong></span> <span class='ocrx_word' id='word_1_251' title='bbox 3113 1957 3270 2010; x_wconf 78' lang='grc' dir='ltr'>τοῦτο</span> <span class='ocrx_word' id='word_1_252' title='bbox 3304 1959 3388 2011; x_wconf 74' lang='grc' dir='ltr'><strong>ἀεὶ</strong></span> <span class='ocrx_word' id='word_1_253' title='bbox 3425 1936 3653 2028; x_wconf 66' lang='grc' dir='ltr'>φοέεροὶ</span> 
     </span>
    </p>
   </div>
   <div class='ocr_carea' id='block_1_37' title="bbox 408 2047 955 2117">
    <p class='ocr_par' dir='ltr' id='par_1_37' title="bbox 408 2047 955 2117">
     <span class='ocr_line' id='line_1_37' title="bbox 408 2047 955 2117; baseline 0.005 -18"><span class='ocrx_word' id='word_1_254' title='bbox 408 2047 588 2117; x_wconf 84' lang='lat' dir='ltr'><strong>iisque</strong></span> <span class='ocrx_word' id='word_1_255' title='bbox 614 2056 955 2104; x_wconf 83' lang='lat' dir='ltr'><strong>coercentur.</strong></span> 
     </span>
    </p>
   </div>
   <div class='ocr_carea' id='block_1_38' title="bbox 1005 2247 1375 2305">
    <p class='ocr_par' dir='ltr' id='par_1_38' title="bbox 1005 2247 1375 2305">
     <span class='ocr_line' id='line_1_38' title="bbox 1005 2247 1375 2305; baseline -0.003 0"><span class='ocrx_word' id='word_1_256' title='bbox 1005 2247 1236 2305; x_wconf 82' lang='lat' dir='ltr'><strong>CAPUT</strong></span> <span class='ocrx_word' id='word_1_257' title='bbox 1284 2248 1375 2304; x_wconf 83' lang='lat' dir='ltr'><strong>IV.</strong></span> 
     </span>
    </p>
   </div>
   <div class='ocr_carea' id='block_1_39' title="bbox 653 2336 1748 2404">
    <p class='ocr_par' dir='ltr' id='par_1_39' title="bbox 653 2336 1748 2404">
     <span class='ocr_line' id='line_1_39' title="bbox 653 2336 1748 2404; baseline -0.001 -14"><span class='ocrx_word' id='word_1_258' title='bbox 653 2336 729 2390; x_wconf 84' lang='lat' dir='ltr'><strong>De</strong></span> <span class='ocrx_word' id='word_1_259' title='bbox 782 2337 1161 2404; x_wconf 74' lang='lat' dir='ltr'><strong>Palzinacitis,</strong></span> <span class='ocrx_word' id='word_1_260' title='bbox 1213 2337 1399 2392; x_wconf 77' lang='lat' dir='ltr'><strong>Russis</strong></span> <span class='ocrx_word' id='word_1_261' title='bbox 1439 2347 1489 2392; x_wconf 81' lang='lat' dir='ltr'><strong>et</strong></span> <span class='ocrx_word' id='word_1_262' title='bbox 1541 2337 1748 2392; x_wconf 76' lang='lat' dir='ltr'><strong>Turcis.</strong></span> 
     </span>
    </p>
   </div>
   <div class='ocr_carea' id='block_1_40' title="bbox 481 2427 1990 2498">
    <p class='ocr_par' dir='ltr' id='par_1_40' title="bbox 481 2427 1990 2498">
     <span class='ocr_line' id='line_1_40' title="bbox 481 2427 1990 2498; baseline 0 -16"><span class='ocrx_word' id='word_1_263' title='bbox 481 2427 538 2482; x_wconf 81' lang='lat' dir='ltr'><strong>Si</strong></span> <span class='ocrx_word' id='word_1_264' title='bbox 559 2443 743 2498; x_wconf 86' lang='lat' dir='ltr'><strong>pacem</strong></span> <span class='ocrx_word' id='word_1_265' title='bbox 763 2445 885 2483; x_wconf 90' lang='lat' dir='ltr'><strong>cum</strong></span> <span class='ocrx_word' id='word_1_266' title='bbox 900 2429 1258 2485; x_wconf 82' lang='lat' dir='ltr'><strong>Patzinacitis</strong></span> <span class='ocrx_word' id='word_1_267' title='bbox 1286 2431 1484 2484; x_wconf 84' lang='lat' dir='ltr'><strong>habeat</strong></span> <span class='ocrx_word' id='word_1_268' title='bbox 1499 2427 1870 2484; x_wconf 81' lang='lat' dir='ltr'><strong>Romanorum</strong></span> <span class='ocrx_word' id='word_1_269' title='bbox 1886 2428 1990 2482; x_wconf 91' lang='lat' dir='ltr'><strong>im-</strong></span> 
     </span>
    </p>
   </div>
   <div class='ocr_carea' id='block_1_41' title="bbox 398 2521 1991 2594">
    <p class='ocr_par' dir='ltr' id='par_1_41' title="bbox 398 2521 1991 2594">
     <span class='ocr_line' id='line_1_41' title="bbox 398 2521 1991 2594; baseline 0.002 -21"><span class='ocrx_word' id='word_1_270' title='bbox 398 2530 650 2588; x_wconf 71' lang='lat' dir='ltr'><strong>perator,</strong></span> <span class='ocrx_word' id='word_1_271' title='bbox 677 2522 961 2594; x_wconf 81' lang='lat' dir='ltr'><strong>imperium</strong></span> <span class='ocrx_word' id='word_1_272' title='bbox 1001 2521 1371 2577; x_wconf 81' lang='lat' dir='ltr'><strong>Romanorum</strong></span> <span class='ocrx_word' id='word_1_273' title='bbox 1394 2536 1574 2591; x_wconf 88' lang='lat' dir='ltr'><strong>neque</strong></span> <span class='ocrx_word' id='word_1_274' title='bbox 1596 2521 1782 2586; x_wconf 80' lang='lat' dir='ltr'><strong>Russi,</strong></span> <span class='ocrx_word' id='word_1_275' title='bbox 1812 2535 1991 2591; x_wconf 89' lang='lat' dir='ltr'><strong>neque</strong></span> 
     </span>
    </p>
   </div>
   <div class='ocr_carea' id='block_1_42' title="bbox 409 2609 1992 2680">
    <p class='ocr_par' dir='ltr' id='par_1_42' title="bbox 409 2609 1992 2680">
     <span class='ocr_line' id='line_1_42' title="bbox 409 2609 1992 2680; baseline 0.001 -17"><span class='ocrx_word' id='word_1_276' title='bbox 409 2609 872 2666; x_wconf 65' lang='lat' dir='ltr'><strong>Turcasinl&#39;estare</strong></span> <span class='ocrx_word' id='word_1_277' title='bbox 889 2618 1116 2680; x_wconf 89' lang='lat' dir='ltr'><strong>possunt</strong></span> <span class='ocrx_word' id='word_1_278' title='bbox 1133 2628 1147 2666; x_wconf 91' lang='lat'><strong>:</strong></span> <span class='ocrx_word' id='word_1_279' title='bbox 1165 2625 1340 2680; x_wconf 89' lang='lat' dir='ltr'><strong>neque</strong></span> <span class='ocrx_word' id='word_1_280' title='bbox 1357 2611 1486 2664; x_wconf 90' lang='lat' dir='ltr'><strong>item</strong></span> <span class='ocrx_word' id='word_1_281' title='bbox 1503 2619 1732 2680; x_wconf 89' lang='lat' dir='ltr'><strong>possunt</strong></span> <span class='ocrx_word' id='word_1_282' title='bbox 1747 2625 1778 2665; x_wconf 89' lang='lat' dir='ltr'><strong>a</strong></span> <span class='ocrx_word' id='word_1_283' title='bbox 1794 2610 1992 2665; x_wconf 83' lang='lat' dir='ltr'><strong>Roma-</strong></span> 
     </span>
    </p>
   </div>
   <div class='ocr_carea' id='block_1_43' title="bbox 409 2701 1992 2772">
    <p class='ocr_par' dir='ltr' id='par_1_43' title="bbox 409 2701 1992 2772">
     <span class='ocr_line' id='line_1_43' title="bbox 409 2701 1992 2772; baseline 0.002 -19"><span class='ocrx_word' id='word_1_284' title='bbox 409 2703 494 2754; x_wconf 87' lang='lat' dir='ltr'><strong>nis</strong></span> <span class='ocrx_word' id='word_1_285' title='bbox 521 2717 617 2771; x_wconf 89' lang='lat' dir='ltr'><strong>pro</strong></span> <span class='ocrx_word' id='word_1_286' title='bbox 635 2702 946 2757; x_wconf 90' lang='lat' dir='ltr'><strong>redimenda</strong></span> <span class='ocrx_word' id='word_1_287' title='bbox 965 2716 1094 2771; x_wconf 85' lang='lat' dir='ltr'><strong>pace</strong></span> <span class='ocrx_word' id='word_1_288' title='bbox 1113 2716 1361 2772; x_wconf 85' lang='lat' dir='ltr'><strong>magnam</strong></span> <span class='ocrx_word' id='word_1_289' title='bbox 1383 2703 1736 2771; x_wconf 88' lang='lat' dir='ltr'><strong>pecuniarum</strong></span> <span class='ocrx_word' id='word_1_290' title='bbox 1751 2703 1858 2757; x_wconf 86' lang='lat' dir='ltr'><strong>vim</strong></span> <span class='ocrx_word' id='word_1_291' title='bbox 1876 2701 1992 2758; x_wconf 78' lang='lat' dir='ltr'><strong>exi-</strong></span> 
     </span>
    </p>
   </div>
   <div class='ocr_carea' id='block_1_44' title="bbox 396 2793 1992 2864">
    <p class='ocr_par' dir='ltr' id='par_1_44' title="bbox 396 2793 1992 2864">
     <span class='ocr_line' id='line_1_44' title="bbox 396 2793 1992 2864; baseline 0.002 -20"><span class='ocrx_word' id='word_1_292' title='bbox 396 2806 558 2860; x_wconf 83' lang='lat' dir='ltr'><strong>.gere,</strong></span> <span class='ocrx_word' id='word_1_293' title='bbox 573 2794 949 2862; x_wconf 84' lang='lat' dir='ltr'><strong>imperatorem</strong></span> <span class='ocrx_word' id='word_1_294' title='bbox 963 2793 1191 2863; x_wconf 88' lang='lat' dir='ltr'><strong>hujusce</strong></span> <span class='ocrx_word' id='word_1_295' title='bbox 1201 2795 1378 2864; x_wconf 88' lang='lat' dir='ltr'><strong>gentis</strong></span> <span class='ocrx_word' id='word_1_296' title='bbox 1395 2794 1660 2850; x_wconf 83' lang='lat' dir='ltr'><strong>subsidiis</strong></span> <span class='ocrx_word' id='word_1_297' title='bbox 1673 2809 1735 2848; x_wconf 81' lang='lat' dir='ltr'><strong>ac</strong></span> <span class='ocrx_word' id='word_1_298' title='bbox 1751 2793 1992 2864; x_wconf 88' lang='lat' dir='ltr'><strong>potentia</strong></span> 
     </span>
    </p>
   </div>
   <div class='ocr_carea' id='block_1_45' title="bbox 398 2883 1993 2953">
    <p class='ocr_par' dir='ltr' id='par_1_45' title="bbox 398 2883 1993 2953">
     <span class='ocr_line' id='line_1_45' title="bbox 398 2883 1993 2953; baseline 0.003 -19"><span class='ocrx_word' id='word_1_299' title='bbox 398 2884 595 2938; x_wconf 79' lang='lat' dir='ltr'><strong>nixum</strong></span> <span class='ocrx_word' id='word_1_300' title='bbox 612 2883 1083 2953; x_wconf 79' lang='lat' dir='ltr'><strong>pertimescentes.</strong></span> <span class='ocrx_word' id='word_1_301' title='bbox 1103 2886 1234 2939; x_wconf 90' lang='lat' dir='ltr'><strong>Dum</strong></span> <span class='ocrx_word' id='word_1_302' title='bbox 1253 2885 1400 2939; x_wconf 88' lang='lat' dir='ltr'><strong>enim</strong></span> <span class='ocrx_word' id='word_1_303' title='bbox 1415 2886 1489 2940; x_wconf 91' lang='lat' dir='ltr'><strong>illi</strong></span> <span class='ocrx_word' id='word_1_304' title='bbox 1509 2887 1562 2939; x_wconf 90' lang='lat' dir='ltr'><strong>in</strong></span> <span class='ocrx_word' id='word_1_305' title='bbox 1576 2885 1779 2940; x_wconf 88' lang='lat' dir='ltr'><strong>bellum</strong></span> <span class='ocrx_word' id='word_1_306' title='bbox 1799 2893 1993 2939; x_wconf 89' lang='lat' dir='ltr'><strong>contra</strong></span> 
     </span>
    </p>
   </div>
   <div class='ocr_carea' id='block_1_46' title="bbox 411 2972 1993 3044">
    <p class='ocr_par' dir='ltr' id='par_1_46' title="bbox 411 2972 1993 3044">
     <span class='ocr_line' id='line_1_46' title="bbox 411 2972 1993 3044; baseline 0.003 -18"><span class='ocrx_word' id='word_1_307' title='bbox 411 2972 688 3029; x_wconf 82' lang='lat' dir='ltr'><strong>Romanos</strong></span> <span class='ocrx_word' id='word_1_308' title='bbox 728 2974 1171 3044; x_wconf 82' lang='lat' dir='ltr'><strong>proﬁciscuntur,</strong></span> <span class='ocrx_word' id='word_1_309' title='bbox 1215 2975 1589 3039; x_wconf 71' lang='lat' dir='ltr'><strong>Patzinaeitaa.</strong></span> <span class='ocrx_word' id='word_1_310' title='bbox 1615 2979 1729 3034; x_wconf 86' lang='lat' dir='ltr'><strong>sive</strong></span> <span class='ocrx_word' id='word_1_311' title='bbox 1756 2977 1993 3032; x_wconf 83' lang='lat' dir='ltr'><strong>amicitia</strong></span> 
     </span>
    </p>
   </div>
   <div class='ocr_carea' id='block_1_47' title="bbox 405 3067 1992 3141">
    <p class='ocr_par' dir='ltr' id='par_1_47' title="bbox 405 3067 1992 3141">
     <span class='ocr_line' id='line_1_47' title="bbox 405 3067 1992 3141; baseline 0.005 -22"><span class='ocrx_word' id='word_1_312' title='bbox 405 3081 531 3120; x_wconf 91' lang='lat' dir='ltr'><strong>cum</strong></span> <span class='ocrx_word' id='word_1_313' title='bbox 589 3067 919 3138; x_wconf 87' lang='lat' dir='ltr'><strong>imperatore</strong></span> <span class='ocrx_word' id='word_1_314' title='bbox 962 3069 1223 3136; x_wconf 80' lang='lat' dir='ltr'><strong>devincti,</strong></span> <span class='ocrx_word' id='word_1_315' title='bbox 1269 3073 1384 3126; x_wconf 85' lang='lat' dir='ltr'><strong>sive</strong></span> <span class='ocrx_word' id='word_1_316' title='bbox 1415 3072 1613 3127; x_wconf 85' lang='lat' dir='ltr'><strong>litteris</strong></span> <span class='ocrx_word' id='word_1_317' title='bbox 1656 3071 1775 3140; x_wconf 87' lang='lat' dir='ltr'><strong>ejus</strong></span> <span class='ocrx_word' id='word_1_318' title='bbox 1829 3083 1992 3141; x_wconf 90' lang='lat' dir='ltr'><strong>atque</strong></span> 
     </span>
    </p>
   </div>
   <div class='ocr_carea' id='block_1_48' title="bbox 418 3159 1991 3232">
    <p class='ocr_par' dir='ltr' id='par_1_48' title="bbox 418 3159 1991 3232">
     <span class='ocr_line' id='line_1_48' title="bbox 418 3159 1991 3232; baseline 0.003 -21"><span class='ocrx_word' id='word_1_319' title='bbox 418 3159 740 3214; x_wconf 87' lang='lat' dir='ltr'><strong>muneribus</strong></span> <span class='ocrx_word' id='word_1_320' title='bbox 772 3162 1006 3231; x_wconf 86' lang='lat' dir='ltr'><strong>pellecti,</strong></span> <span class='ocrx_word' id='word_1_321' title='bbox 1045 3162 1202 3217; x_wconf 79' lang='lat' dir='ltr'><strong>facile</strong></span> <span class='ocrx_word' id='word_1_322' title='bbox 1239 3161 1542 3216; x_wconf 85' lang='lat' dir='ltr'><strong>Turcarum</strong></span> <span class='ocrx_word' id='word_1_323' title='bbox 1580 3163 1991 3232; x_wconf 84' lang='lat' dir='ltr'><strong>ltussorumque</strong></span> 
     </span>
    </p>
   </div>
   <div class='ocr_carea' id='block_1_49' title="bbox 2084 2047 3651 2116">
    <p class='ocr_par' dir='ltr' id='par_1_49' title="bbox 2084 2047 3651 2116">
     <span class='ocr_line' id='line_1_49' title="bbox 2084 2047 3651 2116; baseline 0.003 -16"><span class='ocrx_word' id='word_1_324' title='bbox 2084 2050 2196 2110; x_wconf 87' lang='grc' dir='ltr'>τοῖς</span> <span class='ocrx_word' id='word_1_325' title='bbox 2222 2047 2487 2116; x_wconf 85' lang='grc' dir='ltr'>Τούρκοις</span> <span class='ocrx_word' id='word_1_326' title='bbox 2512 2050 2562 2100; x_wconf 83' lang='grc' dir='ltr'>οἱ</span> <span class='ocrx_word' id='word_1_327' title='bbox 2613 2048 3003 2112; x_wconf 78' lang='grc' dir='ltr'>Πατζινακῖται</span> <span class='ocrx_word' id='word_1_328' title='bbox 3041 2047 3374 2116; x_wconf 82' lang='grc' dir='ltr'>νομίζονται,</span> <span class='ocrx_word' id='word_1_329' title='bbox 3428 2051 3520 2102; x_wconf 76' lang='grc' dir='ltr'>καὶ</span> <span class='ocrx_word' id='word_1_330' title='bbox 3560 2067 3651 2104; x_wconf 90' lang='grc' dir='ltr'>συ-</span> 
     </span>
    </p>
   </div>
   <div class='ocr_carea' id='block_1_50' title="bbox 2088 2139 2739 2194">
    <p class='ocr_par' dir='ltr' id='par_1_50' title="bbox 2088 2139 2739 2194">
     <span class='ocr_line' id='line_1_50' title="bbox 2088 2139 2739 2194; baseline 0 -2"><span class='ocrx_word' id='word_1_331' title='bbox 2088 2139 2396 2194; x_wconf 81' lang='grc' dir='ltr'>στέλλονται</span> <span class='ocrx_word' id='word_1_332' title='bbox 2419 2141 2509 2194; x_wconf 83' lang='grc' dir='ltr'><strong>ὐπ’</strong></span> <span class='ocrx_word' id='word_1_333' title='bbox 2542 2139 2739 2193; x_wconf 77' lang='grc' dir='ltr'>αὐτῶν.</span> 
     </span>
    </p>
   </div>
   <div class='ocr_carea' id='block_1_51' title="bbox 2694 2251 3054 2306">
    <p class='ocr_par' dir='ltr' id='par_1_51' title="bbox 2694 2251 3054 2306">
     <span class='ocr_line' id='line_1_51' title="bbox 2694 2251 3054 2306; baseline 0.008 -3"><span class='ocrx_word' id='word_1_334' title='bbox 2694 2251 2944 2306; x_wconf 77' lang='grc' dir='ltr'><strong>ΚΕΦΑΛ.</strong></span> <span class='ocrx_word' id='word_1_335' title='bbox 2980 2253 3054 2306; x_wconf 86' lang='grc' dir='ltr'><strong>Δ¹.</strong></span> 
     </span>
    </p>
   </div>
   <div class='ocr_carea' id='block_1_52' title="bbox 2088 2341 3652 2413">
    <p class='ocr_par' dir='ltr' id='par_1_52' title="bbox 2088 2341 3652 2413">
     <span class='ocr_line' id='line_1_52' title="bbox 2088 2341 3652 2413; baseline 0.003 -19"><span class='ocrx_word' id='word_1_336' title='bbox 2088 2341 2227 2410; x_wconf 77' lang='grc' dir='ltr'>Περὶ</span> <span class='ocrx_word' id='word_1_337' title='bbox 2258 2342 2378 2396; x_wconf 79' lang='grc' dir='ltr'>τῶν</span> <span class='ocrx_word' id='word_1_338' title='bbox 2405 2341 2859 2409; x_wconf 82' lang='grc' dir='ltr'>Πατζινακιτῶν,</span> <span class='ocrx_word' id='word_1_339' title='bbox 2902 2343 3002 2396; x_wconf 81' lang='grc' dir='ltr'>καὶ</span> <span class='ocrx_word' id='word_1_340' title='bbox 3035 2343 3194 2411; x_wconf 86' lang='grc' dir='ltr'>Ῥῶς,</span> <span class='ocrx_word' id='word_1_341' title='bbox 3226 2342 3324 2398; x_wconf 81' lang='grc' dir='ltr'><strong>καί</strong></span> <span class='ocrx_word' id='word_1_342' title='bbox 3360 2345 3652 2413; x_wconf 79' lang='grc' dir='ltr'>Τούρκων.</span> 
     </span>
    </p>
   </div>
   <div class='ocr_carea' id='block_1_53' title="bbox 2165 2433 3648 2506">
    <p class='ocr_par' dir='ltr' id='par_1_53' title="bbox 2165 2433 3648 2506">
     <span class='ocr_line' id='line_1_53' title="bbox 2165 2433 3648 2506; baseline 0.003 -20"><span class='ocrx_word' id='word_1_343' title='bbox 2165 2434 2294 2487; x_wconf 77' lang='grc' dir='ltr'><strong>Ὀτι</strong></span> <span class='ocrx_word' id='word_1_344' title='bbox 2324 2433 2418 2486; x_wconf 78' lang='grc' dir='ltr'><strong>τοῦ</strong></span> <span class='ocrx_word' id='word_1_345' title='bbox 2449 2433 2715 2503; x_wconf 85' lang='grc' dir='ltr'>βασιλέως</span> <span class='ocrx_word' id='word_1_346' title='bbox 2749 2434 3063 2506; x_wconf 68' lang='grc' dir='ltr'>Ῥωμαίωνξ</span> <span class='ocrx_word' id='word_1_347' title='bbox 3084 2437 3222 2506; x_wconf 76' lang='grc' dir='ltr'>μετὰ</span> <span class='ocrx_word' id='word_1_348' title='bbox 3247 2436 3355 2490; x_wconf 89' lang='grc' dir='ltr'><strong>τῶν</strong></span> <span class='ocrx_word' id='word_1_349' title='bbox 3387 2438 3648 2502; x_wconf 67' lang='grc' dir='ltr'>Πατζιναρ</span> 
     </span>
    </p>
   </div>
   <div class='ocr_carea' id='block_1_54' title="bbox 2093 2525 3655 2599">
    <p class='ocr_par' dir='ltr' id='par_1_54' title="bbox 2093 2525 3655 2599">
     <span class='ocr_line' id='line_1_54' title="bbox 2093 2525 3655 2599; baseline 0.001 -20"><span class='ocrx_word' id='word_1_350' title='bbox 2093 2525 2261 2580; x_wconf 87' lang='grc' dir='ltr'>κιτῶν</span> <span class='ocrx_word' id='word_1_351' title='bbox 2291 2526 2686 2597; x_wconf 86' lang='grc' dir='ltr'>εἰρηνεύοντος,</span> <span class='ocrx_word' id='word_1_352' title='bbox 2719 2526 2845 2580; x_wconf 75' lang='grc' dir='ltr'>οὒτε</span> <span class='ocrx_word' id='word_1_353' title='bbox 2883 2526 3019 2590; x_wconf 87' lang='grc' dir='ltr'>Ῥῶς</span> <span class='ocrx_word' id='word_1_354' title='bbox 3067 2527 3308 2599; x_wconf 83' lang='grc' dir='ltr'>πολέμου</span> <span class='ocrx_word' id='word_1_355' title='bbox 3338 2528 3486 2598; x_wconf 86' lang='grc' dir='ltr'>νόμῳ</span> <span class='ocrx_word' id='word_1_356' title='bbox 3517 2527 3655 2582; x_wconf 75' lang='grc' dir='ltr'>κατά</span> 
     </span>
    </p>
   </div>
   <div class='ocr_carea' id='block_1_55' title="bbox 2093 2615 3651 2688">
    <p class='ocr_par' dir='ltr' id='par_1_55' title="bbox 2093 2615 3651 2688">
     <span class='ocr_line' id='line_1_55' title="bbox 2093 2615 3651 2688; baseline 0.002 -20"><span class='ocrx_word' id='word_1_357' title='bbox 2093 2616 2194 2686; x_wconf 90' lang='grc' dir='ltr'><strong>τῆς</strong></span> <span class='ocrx_word' id='word_1_358' title='bbox 2236 2615 2525 2686; x_wconf 85' lang='grc' dir='ltr'>Ῥωμαίων</span> <span class='ocrx_word' id='word_1_359' title='bbox 2564 2617 2946 2688; x_wconf 78' lang='grc' dir='ltr'>ἐπικρατείας,</span> <span class='ocrx_word' id='word_1_360' title='bbox 2969 2616 3093 2669; x_wconf 76' lang='grc' dir='ltr'>οὒτε</span> <span class='ocrx_word' id='word_1_361' title='bbox 3125 2618 3173 2670; x_wconf 87' lang='grc' dir='ltr'><strong>οἰ</strong></span> <span class='ocrx_word' id='word_1_362' title='bbox 3204 2617 3441 2688; x_wconf 82' lang='grc' dir='ltr'>Τοῦρκοι</span> <span class='ocrx_word' id='word_1_363' title='bbox 3463 2617 3651 2671; x_wconf 80' lang='grc' dir='ltr'>δύναν-</span> 
     </span>
    </p>
   </div>
   <div class='ocr_carea' id='block_1_56' title="bbox 2093 2705 3655 2778">
    <p class='ocr_par' dir='ltr' id='par_1_56' title="bbox 2093 2705 3655 2778">
     <span class='ocr_line' id='line_1_56' title="bbox 2093 2705 3655 2778; baseline 0.001 -20"><span class='ocrx_word' id='word_1_364' title='bbox 2093 2723 2186 2760; x_wconf 86' lang='grc' dir='ltr'><strong>ται</strong></span> <span class='ocrx_word' id='word_1_365' title='bbox 2251 2705 2532 2759; x_wconf 75' lang='grc' dir='ltr'><strong>ἐπελθεῖν⁸</strong></span> <span class='ocrx_word' id='word_1_366' title='bbox 2580 2706 2696 2760; x_wconf 84' lang='grc' dir='ltr'>ἀλλ’</span> <span class='ocrx_word' id='word_1_367' title='bbox 2748 2705 2870 2759; x_wconf 71' lang='grc' dir='ltr'>οὔτε</span> <span class='ocrx_word' id='word_1_368' title='bbox 2905 2706 3044 2778; x_wconf 79' lang='grc' dir='ltr'>ὑπὲρ</span> <span class='ocrx_word' id='word_1_369' title='bbox 3071 2709 3168 2777; x_wconf 84' lang='grc' dir='ltr'><strong>τῆς</strong></span> <span class='ocrx_word' id='word_1_370' title='bbox 3201 2708 3423 2778; x_wconf 81' lang='grc' dir='ltr'>εἰρήνης</span> <span class='ocrx_word' id='word_1_371' title='bbox 3446 2706 3655 2777; x_wconf 79' lang='grc' dir='ltr'>μεγάλα</span> 
     </span>
    </p>
   </div>
   <div class='ocr_carea' id='block_1_57' title="bbox 2093 2798 3663 2870">
    <p class='ocr_par' dir='ltr' id='par_1_57' title="bbox 2093 2798 3663 2870">
     <span class='ocr_line' id='line_1_57' title="bbox 2093 2798 3663 2870; baseline 0 -18"><span class='ocrx_word' id='word_1_372' title='bbox 2093 2799 2188 2853; x_wconf 70' lang='grc' dir='ltr'><strong>καὶ</strong></span> <span class='ocrx_word' id='word_1_373' title='bbox 2213 2798 2495 2867; x_wconf 80' lang='grc' dir='ltr'>ὑπέρογκα</span> <span class='ocrx_word' id='word_1_374' title='bbox 2527 2799 2784 2870; x_wconf 85' lang='grc' dir='ltr'>χρήματά</span> <span class='ocrx_word' id='word_1_375' title='bbox 2812 2816 2872 2852; x_wconf 90' lang='grc' dir='ltr'><strong>τε</strong></span> <span class='ocrx_word' id='word_1_376' title='bbox 2900 2799 2996 2851; x_wconf 75' lang='grc' dir='ltr'>καὶ</span> <span class='ocrx_word' id='word_1_377' title='bbox 3042 2799 3345 2868; x_wconf 83' lang='grc' dir='ltr'>πράγματα</span> <span class='ocrx_word' id='word_1_378' title='bbox 3378 2798 3526 2869; x_wconf 80' lang='grc' dir='ltr'>παρὰ</span> <span class='ocrx_word' id='word_1_379' title='bbox 3552 2799 3663 2852; x_wconf 87' lang='grc' dir='ltr'><strong>τῶν</strong></span> 
     </span>
    </p>
   </div>
   <div class='ocr_carea' id='block_1_58' title="bbox 2109 2889 3665 2961">
    <p class='ocr_par' dir='ltr' id='par_1_58' title="bbox 2109 2889 3665 2961">
     <span class='ocr_line' id='line_1_58' title="bbox 2109 2889 3665 2961; baseline 0.001 -19"><span class='ocrx_word' id='word_1_380' title='bbox 2109 2889 2396 2961; x_wconf 84' lang='grc' dir='ltr'>Ῥωμαίων</span> <span class='ocrx_word' id='word_1_381' title='bbox 2415 2889 2667 2944; x_wconf 88' lang='grc' dir='ltr'>δύνανται</span> <span class='ocrx_word' id='word_1_382' title='bbox 2699 2891 2972 2954; x_wconf 85' lang='grc' dir='ltr'>ἀπαιτεῖν,</span> <span class='ocrx_word' id='word_1_383' title='bbox 3008 2889 3240 2953; x_wconf 83' lang='grc' dir='ltr'>δεδιότες</span> <span class='ocrx_word' id='word_1_384' title='bbox 3294 2889 3392 2960; x_wconf 75' lang='grc' dir='ltr'>τὴν</span> <span class='ocrx_word' id='word_1_385' title='bbox 3424 2889 3513 2942; x_wconf 85' lang='grc' dir='ltr'><strong>διὰ</strong></span> <span class='ocrx_word' id='word_1_386' title='bbox 3561 2890 3665 2944; x_wconf 83' lang='grc' dir='ltr'>τοῦ</span> 
     </span>
    </p>
   </div>
   <div class='ocr_carea' id='block_1_59' title="bbox 2094 2977 3666 3051">
    <p class='ocr_par' dir='ltr' id='par_1_59' title="bbox 2094 2977 3666 3051">
     <span class='ocr_line' id='line_1_59' title="bbox 2094 2977 3666 3051; baseline -0.002 -18"><span class='ocrx_word' id='word_1_387' title='bbox 2094 2979 2336 3034; x_wconf 86' lang='grc' dir='ltr'>τοιούτου</span> <span class='ocrx_word' id='word_1_388' title='bbox 2399 2981 2585 3044; x_wconf 80' lang='grc' dir='ltr'>ἔθνους</span> <span class='ocrx_word' id='word_1_389' title='bbox 2607 2981 2758 3051; x_wconf 82' lang='grc' dir='ltr'>παρὰ</span> <span class='ocrx_word' id='word_1_390' title='bbox 2810 2979 2904 3034; x_wconf 82' lang='grc' dir='ltr'>τοῦ</span> <span class='ocrx_word' id='word_1_391' title='bbox 2961 2979 3228 3050; x_wconf 83' lang='grc' dir='ltr'>βασιλέως</span> <span class='ocrx_word' id='word_1_392' title='bbox 3283 2979 3405 3034; x_wconf 80' lang='grc' dir='ltr'>κατ’</span> <span class='ocrx_word' id='word_1_393' title='bbox 3476 2977 3666 3033; x_wconf 67' lang='grc' dir='ltr'>αὐτῶν</span> 
     </span>
    </p>
   </div>
   <div class='ocr_carea' id='block_1_60' title="bbox 2099 3069 3665 3141">
    <p class='ocr_par' dir='ltr' id='par_1_60' title="bbox 2099 3069 3665 3141">
     <span class='ocr_line' id='line_1_60' title="bbox 2099 3069 3665 3141; baseline 0 -19"><span class='ocrx_word' id='word_1_394' title='bbox 2099 3069 2270 3140; x_wconf 88' lang='grc' dir='ltr'>ίσχύν.</span> <span class='ocrx_word' id='word_1_395' title='bbox 2341 3069 2429 3123; x_wconf 87' lang='grc' dir='ltr'>Ἐν</span> <span class='ocrx_word' id='word_1_396' title='bbox 2456 3071 2533 3140; x_wconf 84' lang='grc' dir='ltr'>τῷ</span> <span class='ocrx_word' id='word_1_397' title='bbox 2580 3070 2822 3132; x_wconf 75' lang='grc' dir='ltr'>ἐκείνους</span> <span class='ocrx_word' id='word_1_398' title='bbox 2883 3070 3024 3124; x_wconf 82' lang='grc' dir='ltr'>κατὰ</span> <span class='ocrx_word' id='word_1_399' title='bbox 3087 3069 3374 3141; x_wconf 85' lang='grc' dir='ltr'>Ῥωμαίων</span> <span class='ocrx_word' id='word_1_400' title='bbox 3409 3069 3665 3139; x_wconf 61' lang='grc' dir='ltr'>ἐκστρα-</span> 
     </span>
    </p>
   </div>
   <div class='ocr_carea' id='block_1_61' title="bbox 2094 3160 3648 3233">
    <p class='ocr_par' dir='ltr' id='par_1_61' title="bbox 2094 3160 3648 3233">
     <span class='ocr_line' id='line_1_61' title="bbox 2094 3160 3648 3233; baseline 0.001 -19"><span class='ocrx_word' id='word_1_401' title='bbox 2094 3161 2292 3227; x_wconf 83' lang='grc' dir='ltr'>τεύειν,</span> <span class='ocrx_word' id='word_1_402' title='bbox 2316 3162 2366 3214; x_wconf 87' lang='grc' dir='ltr'><strong>οἰ</strong></span> <span class='ocrx_word' id='word_1_403' title='bbox 2390 3160 2797 3226; x_wconf 78' lang='grc' dir='ltr'>Πατζινακῖται,</span> <span class='ocrx_word' id='word_1_404' title='bbox 2823 3161 2918 3214; x_wconf 79' lang='grc' dir='ltr'>καὶ</span> <span class='ocrx_word' id='word_1_405' title='bbox 2946 3164 3011 3233; x_wconf 84' lang='grc' dir='ltr'>τῇ</span> <span class='ocrx_word' id='word_1_406' title='bbox 3044 3162 3178 3233; x_wconf 80' lang='grc' dir='ltr'>πρὸς</span> <span class='ocrx_word' id='word_1_407' title='bbox 3199 3161 3289 3214; x_wconf 78' lang='grc' dir='ltr'>τὸν</span> <span class='ocrx_word' id='word_1_408' title='bbox 3314 3161 3534 3232; x_wconf 81' lang='grc' dir='ltr'>βασιλέα</span> <span class='ocrx_word' id='word_1_409' title='bbox 3566 3179 3648 3230; x_wconf 71' lang='lat' dir='ltr'><strong>cp:-</strong></span> 
     </span>
    </p>
   </div>
   <div class='ocr_carea' id='block_1_62' title="bbox 406 3249 1989 3332">
    <p class='ocr_par' dir='ltr' id='par_1_62' title="bbox 406 3249 1981 3322">
     <span class='ocr_line' id='line_1_62' title="bbox 406 3249 1981 3322; baseline 0.004 -23"><span class='ocrx_word' id='word_1_410' title='bbox 406 3254 612 3301; x_wconf 88' lang='lat' dir='ltr'><strong>terram</strong></span> <span class='ocrx_word' id='word_1_411' title='bbox 645 3249 928 3314; x_wconf 88' lang='lat' dir='ltr'><strong>invadere,</strong></span> <span class='ocrx_word' id='word_1_412' title='bbox 974 3265 1038 3304; x_wconf 89' lang='lat' dir='ltr'><strong>ac</strong></span> <span class='ocrx_word' id='word_1_413' title='bbox 1067 3265 1269 3306; x_wconf 81' lang='lat' dir='ltr'><strong>uxores</strong></span> <span class='ocrx_word' id='word_1_414' title='bbox 1315 3251 1628 3322; x_wconf 88' lang='lat' dir='ltr'><strong>liberosque</strong></span> <span class='ocrx_word' id='word_1_415' title='bbox 1671 3251 1890 3305; x_wconf 91' lang='lat' dir='ltr'><strong>illorum</strong></span> <span class='ocrx_word' id='word_1_416' title='bbox 1927 3252 1981 3305; x_wconf 91' lang='lat' dir='ltr'><strong>in</strong></span> 
     </span>
    </p>
   </div>
   <div class='ocr_carea' id='block_1_63' title="bbox 2092 3249 3665 3332">
    <p class='ocr_par' dir='ltr' id='par_1_63' title="bbox 2094 3251 3665 3324">
     <span class='ocr_line' id='line_1_63' title="bbox 2094 3251 3665 3324; baseline 0.001 -20"><span class='ocrx_word' id='word_1_417' title='bbox 2094 3251 2184 3323; x_wconf 81' lang='grc' dir='ltr'><strong>λίᾳ</strong></span> <span class='ocrx_word' id='word_1_418' title='bbox 2235 3253 2606 3324; x_wconf 88' lang='grc' dir='ltr'>συνδούμενοι,</span> <span class='ocrx_word' id='word_1_419' title='bbox 2663 3252 2756 3306; x_wconf 73' lang='grc' dir='ltr'>καὶ</span> <span class='ocrx_word' id='word_1_420' title='bbox 2787 3253 2918 3322; x_wconf 82' lang='grc' dir='ltr'>παρ’</span> <span class='ocrx_word' id='word_1_421' title='bbox 2949 3253 3158 3305; x_wconf 76' lang='grc' dir='ltr'>ἐκείνου</span> <span class='ocrx_word' id='word_1_422' title='bbox 3188 3252 3276 3305; x_wconf 77' lang='grc' dir='ltr'><strong>διὰ</strong></span> <span class='ocrx_word' id='word_1_423' title='bbox 3317 3253 3665 3324; x_wconf 81' lang='grc' dir='ltr'>γραμμάτων</span> 
     </span>
    </p>
   </div>
   <div class='ocr_carea' id='block_1_64' title="bbox 405 3341 1974 3415">
    <p class='ocr_par' dir='ltr' id='par_1_64' title="bbox 405 3341 1974 3415">
     <span class='ocr_line' id='line_1_64' title="bbox 405 3341 1974 3415; baseline 0.003 -22"><span class='ocrx_word' id='word_1_424' title='bbox 405 3341 725 3395; x_wconf 83' lang='lat' dir='ltr'><strong>servitutem</strong></span> <span class='ocrx_word' id='word_1_425' title='bbox 757 3356 936 3413; x_wconf 88' lang='lat' dir='ltr'><strong>agere,</strong></span> <span class='ocrx_word' id='word_1_426' title='bbox 980 3345 1370 3414; x_wconf 77' lang='lat' dir='ltr'><strong>regionemque</strong></span> <span class='ocrx_word' id='word_1_427' title='bbox 1409 3345 1696 3400; x_wconf 84' lang='lat' dir='ltr'><strong>devaslare</strong></span> <span class='ocrx_word' id='word_1_428' title='bbox 1721 3352 1974 3415; x_wconf 88' lang='lat' dir='ltr'><strong>possunt.</strong></span> 
     </span>
    </p>
   </div>
   <div class='ocr_carea' id='block_1_65' title="bbox 2090 3342 3659 3415">
    <p class='ocr_par' dir='ltr' id='par_1_65' title="bbox 2090 3342 3659 3415">
     <span class='ocr_line' id='line_1_65' title="bbox 2090 3342 3659 3415; baseline -0.003 -17"><span class='ocrx_word' id='word_1_429' title='bbox 2090 3344 2186 3398; x_wconf 82' lang='grc' dir='ltr'>καὶ</span> <span class='ocrx_word' id='word_1_430' title='bbox 2239 3343 2428 3414; x_wconf 82' lang='grc' dir='ltr'>δώρων</span> <span class='ocrx_word' id='word_1_431' title='bbox 2477 3343 2923 3414; x_wconf 81' lang='grc' dir='ltr'>ἀναπειθόμενοι,</span> <span class='ocrx_word' id='word_1_432' title='bbox 2958 3342 3214 3397; x_wconf 87' lang='grc' dir='ltr'>δύνανται</span> <span class='ocrx_word' id='word_1_433' title='bbox 3261 3343 3454 3415; x_wconf 72' lang='grc' dir='ltr'>ῥᾳδίως</span> <span class='ocrx_word' id='word_1_434' title='bbox 3516 3343 3659 3394; x_wconf 83' lang='grc' dir='ltr'>κατό</span> 
     </span>
    </p>
   </div>
   <div class='ocr_carea' id='block_1_66' title="bbox 401 3431 3656 3511">
    <p class='ocr_par' dir='ltr' id='par_1_66' title="bbox 401 3431 3656 3511">
     <span class='ocr_line' id='line_1_66' title="bbox 401 3431 3656 3511; baseline -0.001 -24"><span class='ocrx_word' id='word_1_435' title='bbox 401 3431 503 3502; x_wconf 79' lang='grc' dir='ltr'><strong>τῆς</strong></span> <span class='ocrx_word' id='word_1_436' title='bbox 540 3434 723 3507; x_wconf 83' lang='grc' dir='ltr'>χώρας</span> <span class='ocrx_word' id='word_1_437' title='bbox 751 3436 858 3491; x_wconf 88' lang='grc' dir='ltr'><strong>τῶν</strong></span> <span class='ocrx_word' id='word_1_438' title='bbox 880 3455 938 3492; x_wconf 92' lang='grc' dir='ltr'><strong>τε</strong></span> <span class='ocrx_word' id='word_1_439' title='bbox 981 3439 1117 3502; x_wconf 86' lang='grc' dir='ltr'>Ῥῶς</span> <span class='ocrx_word' id='word_1_440' title='bbox 1139 3441 1234 3492; x_wconf 67' lang='grc' dir='ltr'>καὶ</span> <span class='ocrx_word' id='word_1_441' title='bbox 1283 3439 1389 3493; x_wconf 89' lang='grc' dir='ltr'><strong>τῶν</strong></span> <span class='ocrx_word' id='word_1_442' title='bbox 1445 3440 1705 3511; x_wconf 87' lang='grc' dir='ltr'>Τούρκων</span> <span class='ocrx_word' id='word_1_443' title='bbox 1744 3439 2098 3510; x_wconf 73' lang='grc' dir='ltr'>ἐπέρχεσθαι,</span> <span class='ocrx_word' id='word_1_444' title='bbox 2135 3441 2229 3492; x_wconf 73' lang='grc' dir='ltr'>καὶ</span> <span class='ocrx_word' id='word_1_445' title='bbox 2301 3437 2848 3508; x_wconf 66' lang='grc' dir='ltr'>ἐξανδραποδίζεσθαι</span> <span class='ocrx_word' id='word_1_446' title='bbox 2906 3437 2974 3491; x_wconf 84' lang='grc' dir='ltr'>τὰ</span> <span class='ocrx_word' id='word_1_447' title='bbox 3019 3437 3224 3490; x_wconf 86' lang='grc' dir='ltr'>τούτων</span> <span class='ocrx_word' id='word_1_448' title='bbox 3287 3436 3499 3506; x_wconf 90' lang='grc' dir='ltr'>γύναια,</span> <span class='ocrx_word' id='word_1_449' title='bbox 3566 3437 3656 3490; x_wconf 76' lang='grc' dir='ltr'>καὶ</span> 
     </span>
    </p>
   </div>
   <div class='ocr_carea' id='block_1_67' title="bbox 397 3526 1700 3602">
    <p class='ocr_par' dir='ltr' id='par_1_67' title="bbox 397 3526 1700 3602">
     <span class='ocr_line' id='line_1_67' title="bbox 397 3526 1700 3602; baseline 0.007 -25"><span class='ocrx_word' id='word_1_450' title='bbox 397 3526 689 3597; x_wconf 81' lang='grc' dir='ltr'>παιδάρια,</span> <span class='ocrx_word' id='word_1_451' title='bbox 724 3529 820 3581; x_wconf 74' lang='grc' dir='ltr'>καὶ</span> <span class='ocrx_word' id='word_1_452' title='bbox 847 3529 1127 3602; x_wconf 74' lang='grc' dir='ltr'>ληίζεσθαι</span> <span class='ocrx_word' id='word_1_453' title='bbox 1158 3532 1254 3602; x_wconf 82' lang='grc' dir='ltr'>τὴν</span> <span class='ocrx_word' id='word_1_454' title='bbox 1294 3530 1478 3602; x_wconf 84' lang='grc' dir='ltr'>χώραν</span> <span class='ocrx_word' id='word_1_455' title='bbox 1500 3533 1700 3586; x_wconf 77' lang='grc' dir='ltr'>αὐτῶν.</span> 
     </span>
    </p>
   </div>
   <div class='ocr_carea' id='block_1_68' title="bbox 953 3625 1457 3696">
    <p class='ocr_par' dir='ltr' id='par_1_68' title="bbox 953 3625 1457 3696">
     <span class='ocr_line' id='line_1_68' title="bbox 953 3625 1457 3696; baseline -0.004 -14"><span class='ocrx_word' id='word_1_456' title='bbox 953 3626 1058 3696; x_wconf 84' lang='lat'><strong>57</strong></span> <span class='ocrx_word' id='word_1_457' title='bbox 1127 3625 1352 3682; x_wconf 75' lang='lat' dir='ltr'><strong>CAPUT</strong></span> <span class='ocrx_word' id='word_1_458' title='bbox 1393 3625 1457 3680; x_wconf 91' lang='lat' dir='ltr'><strong>v.</strong></span> 
     </span>
    </p>
   </div>
   <div class='ocr_carea' id='block_1_69' title="bbox 767 3739 1630 3810">
    <p class='ocr_par' dir='ltr' id='par_1_69' title="bbox 767 3739 1630 3810">
     <span class='ocr_line' id='line_1_69' title="bbox 767 3739 1630 3810; baseline 0.001 -17"><span class='ocrx_word' id='word_1_459' title='bbox 767 3740 840 3795; x_wconf 83' lang='lat' dir='ltr'><strong>De</strong></span> <span class='ocrx_word' id='word_1_460' title='bbox 879 3739 1235 3794; x_wconf 72' lang='lat' dir='ltr'><strong>Patzinacitis</strong></span> <span class='ocrx_word' id='word_1_461' title='bbox 1274 3749 1323 3794; x_wconf 82' lang='lat' dir='ltr'><strong>et</strong></span> <span class='ocrx_word' id='word_1_462' title='bbox 1361 3739 1630 3810; x_wconf 73' lang='lat' dir='ltr'><strong>Bulgaria.</strong></span> 
     </span>
    </p>
   </div>
   <div class='ocr_carea' id='block_1_70' title="bbox 485 3827 1989 3901">
    <p class='ocr_par' dir='ltr' id='par_1_70' title="bbox 485 3827 1989 3901">
     <span class='ocr_line' id='line_1_70' title="bbox 485 3827 1989 3901; baseline 0.003 -20"><span class='ocrx_word' id='word_1_463' title='bbox 485 3827 733 3901; x_wconf 81' lang='lat' dir='ltr'><strong>Bulgaris</strong></span> <span class='ocrx_word' id='word_1_464' title='bbox 763 3846 984 3901; x_wconf 91' lang='lat' dir='ltr'><strong>quoque</strong></span> <span class='ocrx_word' id='word_1_465' title='bbox 1023 3830 1432 3885; x_wconf 78' lang='lat' dir='ltr'><strong>Iormidabilior</strong></span> <span class='ocrx_word' id='word_1_466' title='bbox 1468 3830 1840 3885; x_wconf 81' lang='lat' dir='ltr'><strong>Romanorum</strong></span> <span class='ocrx_word' id='word_1_467' title='bbox 1885 3832 1989 3885; x_wconf 88' lang='lat' dir='ltr'><strong>im-</strong></span> 
     </span>
    </p>
   </div>
   <div class='ocr_carea' id='block_1_71' title="bbox 411 3917 1990 3989">
    <p class='ocr_par' dir='ltr' id='par_1_71' title="bbox 411 3917 1990 3989">
     <span class='ocr_line' id='line_1_71' title="bbox 411 3917 1990 3989; baseline 0.001 -18"><span class='ocrx_word' id='word_1_468' title='bbox 411 3928 636 3986; x_wconf 85' lang='lat' dir='ltr'><strong>perator</strong></span> <span class='ocrx_word' id='word_1_469' title='bbox 680 3917 974 3983; x_wconf 83' lang='lat' dir='ltr'><strong>videbitur,</strong></span> <span class='ocrx_word' id='word_1_470' title='bbox 1027 3918 1292 3988; x_wconf 90' lang='lat' dir='ltr'><strong>ipsosque</strong></span> <span class='ocrx_word' id='word_1_471' title='bbox 1324 3920 1389 3972; x_wconf 88' lang='lat' dir='ltr'><strong>ad</strong></span> <span class='ocrx_word' id='word_1_472' title='bbox 1431 3934 1621 3989; x_wconf 87' lang='lat' dir='ltr'><strong>pacem</strong></span> <span class='ocrx_word' id='word_1_473' title='bbox 1668 3928 1722 3973; x_wconf 91' lang='lat' dir='ltr'><strong>et</strong></span> <span class='ocrx_word' id='word_1_474' title='bbox 1752 3920 1990 3988; x_wconf 88' lang='lat' dir='ltr'><strong>quietem</strong></span> 
     </span>
    </p>
   </div>
   <div class='ocr_carea' id='block_1_72' title="bbox 409 4005 1986 4077">
    <p class='ocr_par' dir='ltr' id='par_1_72' title="bbox 409 4005 1986 4077">
     <span class='ocr_line' id='line_1_72' title="bbox 409 4005 1986 4077; baseline 0.003 -20"><span class='ocrx_word' id='word_1_475' title='bbox 409 4005 629 4076; x_wconf 78' lang='lat' dir='ltr'><strong>adigere</strong></span> <span class='ocrx_word' id='word_1_476' title='bbox 647 4006 811 4072; x_wconf 90' lang='lat' dir='ltr'><strong>valet,</strong></span> <span class='ocrx_word' id='word_1_477' title='bbox 838 4007 882 4062; x_wconf 91' lang='lat' dir='ltr'><strong>si</strong></span> <span class='ocrx_word' id='word_1_478' title='bbox 911 4007 981 4062; x_wconf 90' lang='lat' dir='ltr'><strong>sit</strong></span> <span class='ocrx_word' id='word_1_479' title='bbox 1009 4005 1214 4062; x_wconf 69' lang='lat' dir='ltr'><strong>findere</strong></span> <span class='ocrx_word' id='word_1_480' title='bbox 1233 4023 1360 4062; x_wconf 87' lang='lat' dir='ltr'><strong>cum</strong></span> <span class='ocrx_word' id='word_1_481' title='bbox 1385 4006 1733 4063; x_wconf 81' lang='lat' dir='ltr'><strong>Patzinacitis</strong></span> <span class='ocrx_word' id='word_1_482' title='bbox 1741 4009 1986 4077; x_wconf 83' lang='lat' dir='ltr'><strong>junctus.</strong></span> 
     </span>
    </p>
   </div>
   <div class='ocr_carea' id='block_1_73' title="bbox 408 4097 2042 4168">
    <p class='ocr_par' dir='ltr' id='par_1_73' title="bbox 408 4097 2042 4168">
     <span class='ocr_line' id='line_1_73' title="bbox 408 4097 2042 4168; baseline 0.002 -18"><span class='ocrx_word' id='word_1_483' title='bbox 408 4097 692 4165; x_wconf 80' lang='lat' dir='ltr'><strong>Siquidem</strong></span> <span class='ocrx_word' id='word_1_484' title='bbox 759 4098 1048 4152; x_wconf 88' lang='lat' dir='ltr'><strong>memorati</strong></span> <span class='ocrx_word' id='word_1_485' title='bbox 1110 4097 1464 4152; x_wconf 75' lang='lat' dir='ltr'><strong>Patzinacita:</strong></span> <span class='ocrx_word' id='word_1_486' title='bbox 1525 4098 1774 4168; x_wconf 86' lang='lat' dir='ltr'><strong>Bulgaris</strong></span> <span class='ocrx_word' id='word_1_487' title='bbox 1823 4102 1986 4155; x_wconf 85' lang='lat' dir='ltr'><strong>etiam</strong></span> <span class='ocrx_word' id='word_1_488' title='bbox 2038 4135 2042 4138; x_wconf 77' lang='lat'><strong>~</strong></span> 
     </span>
    </p>
   </div>
   <div class='ocr_carea' id='block_1_74' title="bbox 407 4187 1991 4258">
    <p class='ocr_par' dir='ltr' id='par_1_74' title="bbox 407 4187 1991 4258">
     <span class='ocr_line' id='line_1_74' title="bbox 407 4187 1991 4258; baseline 0.002 -16"><span class='ocrx_word' id='word_1_489' title='bbox 407 4189 622 4242; x_wconf 76' lang='lat' dir='ltr'><strong>ﬁnitimi</strong></span> <span class='ocrx_word' id='word_1_490' title='bbox 649 4197 777 4244; x_wconf 91' lang='lat' dir='ltr'><strong>sunt</strong></span> <span class='ocrx_word' id='word_1_491' title='bbox 809 4205 822 4240; x_wconf 91' lang='lat'><strong>:</strong></span> <span class='ocrx_word' id='word_1_492' title='bbox 849 4197 903 4242; x_wconf 90' lang='lat' dir='ltr'><strong>et</strong></span> <span class='ocrx_word' id='word_1_493' title='bbox 934 4187 1204 4241; x_wconf 85' lang='lat' dir='ltr'><strong>arbitratu</strong></span> <span class='ocrx_word' id='word_1_494' title='bbox 1227 4204 1351 4252; x_wconf 90' lang='lat' dir='ltr'><strong>suo,</strong></span> <span class='ocrx_word' id='word_1_495' title='bbox 1377 4189 1492 4243; x_wconf 90' lang='lat' dir='ltr'><strong>sive</strong></span> <span class='ocrx_word' id='word_1_496' title='bbox 1517 4190 1719 4257; x_wconf 89' lang='lat' dir='ltr'><strong>proprii</strong></span> <span class='ocrx_word' id='word_1_497' title='bbox 1751 4202 1991 4258; x_wconf 68' lang='lat' dir='ltr'><strong>quaestus</strong></span> 
     </span>
    </p>
   </div>
   <div class='ocr_carea' id='block_1_75' title="bbox 408 4276 1991 4346">
    <p class='ocr_par' dir='ltr' id='par_1_75' title="bbox 408 4276 1991 4346">
     <span class='ocr_line' id='line_1_75' title="bbox 408 4276 1991 4346; baseline 0.002 -13"><span class='ocrx_word' id='word_1_498' title='bbox 408 4293 601 4344; x_wconf 85' lang='lat' dir='ltr'><strong>causa,</strong></span> <span class='ocrx_word' id='word_1_499' title='bbox 639 4279 756 4333; x_wconf 82' lang='lat' dir='ltr'><strong>sive</strong></span> <span class='ocrx_word' id='word_1_500' title='bbox 783 4276 851 4330; x_wconf 88' lang='lat' dir='ltr'><strong>ad</strong></span> <span class='ocrx_word' id='word_1_501' title='bbox 889 4277 1182 4331; x_wconf 87' lang='lat' dir='ltr'><strong>ineundam</strong></span> <span class='ocrx_word' id='word_1_502' title='bbox 1212 4292 1339 4332; x_wconf 92' lang='lat' dir='ltr'><strong>cum</strong></span> <span class='ocrx_word' id='word_1_503' title='bbox 1376 4276 1627 4332; x_wconf 80' lang='lat' dir='ltr'><strong>Romano</strong></span> <span class='ocrx_word' id='word_1_504' title='bbox 1661 4279 1991 4346; x_wconf 85' lang='lat' dir='ltr'><strong>imperatore</strong></span> 
     </span>
    </p>
   </div>
   <div class='ocr_carea' id='block_1_76' title="bbox 409 4368 1989 4440">
    <p class='ocr_par' dir='ltr' id='par_1_76' title="bbox 409 4368 1989 4440">
     <span class='ocr_line' id='line_1_76' title="bbox 409 4368 1989 4440; baseline 0.004 -19"><span class='ocrx_word' id='word_1_505' title='bbox 409 4369 666 4439; x_wconf 85' lang='lat' dir='ltr'><strong>gratiam,</strong></span> <span class='ocrx_word' id='word_1_506' title='bbox 687 4368 996 4438; x_wconf 80' lang='lat' dir='ltr'><strong>Bulgariain</strong></span> <span class='ocrx_word' id='word_1_507' title='bbox 1020 4369 1173 4422; x_wconf 93' lang='lat' dir='ltr'><strong>nullo</strong></span> <span class='ocrx_word' id='word_1_508' title='bbox 1203 4370 1422 4438; x_wconf 90' lang='lat' dir='ltr'><strong>negotio</strong></span> <span class='ocrx_word' id='word_1_509' title='bbox 1451 4369 1708 4425; x_wconf 89' lang='lat' dir='ltr'><strong>invadere</strong></span> <span class='ocrx_word' id='word_1_510' title='bbox 1737 4382 1989 4440; x_wconf 89' lang='lat' dir='ltr'><strong>possunt,</strong></span> 
     </span>
    </p>
   </div>
   <div class='ocr_carea' id='block_1_77' title="bbox 405 4459 1989 4532">
    <p class='ocr_par' dir='ltr' id='par_1_77' title="bbox 405 4459 1989 4532">
     <span class='ocr_line' id='line_1_77' title="bbox 405 4459 1989 4532; baseline 0.005 -20"><span class='ocrx_word' id='word_1_511' title='bbox 405 4473 470 4514; x_wconf 91' lang='lat' dir='ltr'><strong>ac</strong></span> <span class='ocrx_word' id='word_1_512' title='bbox 508 4459 873 4526; x_wconf 90' lang='lat' dir='ltr'><strong>multitudine,</strong></span> <span class='ocrx_word' id='word_1_513' title='bbox 923 4461 1228 4530; x_wconf 86' lang='lat' dir='ltr'><strong>roboreque</strong></span> <span class='ocrx_word' id='word_1_514' title='bbox 1277 4476 1379 4516; x_wconf 83' lang='lat' dir='ltr'><strong>suo</strong></span> <span class='ocrx_word' id='word_1_515' title='bbox 1425 4461 1575 4532; x_wconf 80' lang='lat' dir='ltr'><strong>ipsos</strong></span> <span class='ocrx_word' id='word_1_516' title='bbox 1618 4461 1907 4519; x_wconf 87' lang='lat' dir='ltr'><strong>devincere</strong></span> <span class='ocrx_word' id='word_1_517' title='bbox 1935 4475 1989 4520; x_wconf 93' lang='lat' dir='ltr'><strong>et</strong></span> 
     </span>
    </p>
   </div>
   <div class='ocr_carea' id='block_1_78' title="bbox 414 4551 1987 4626">
    <p class='ocr_par' dir='ltr' id='par_1_78' title="bbox 414 4551 1987 4626">
     <span class='ocr_line' id='line_1_78' title="bbox 414 4551 1987 4626; baseline 0.004 -20"><span class='ocrx_word' id='word_1_518' title='bbox 414 4551 726 4622; x_wconf 85' lang='lat' dir='ltr'><strong>proﬂigare.</strong></span> <span class='ocrx_word' id='word_1_519' title='bbox 776 4552 1118 4622; x_wconf 86' lang='lat' dir='ltr'><strong>Quapropter</strong></span> <span class='ocrx_word' id='word_1_520' title='bbox 1168 4552 1388 4624; x_wconf 85' lang='lat' dir='ltr'><strong>Bulgari</strong></span> <span class='ocrx_word' id='word_1_521' title='bbox 1434 4570 1686 4624; x_wconf 83' lang='lat' dir='ltr'><strong>magnam</strong></span> <span class='ocrx_word' id='word_1_522' title='bbox 1734 4559 1884 4626; x_wconf 87' lang='lat' dir='ltr'><strong>pacis</strong></span> <span class='ocrx_word' id='word_1_523' title='bbox 1925 4572 1987 4612; x_wconf 90' lang='lat' dir='ltr'><strong>ac</strong></span> 
     </span>
    </p>
   </div>
   <div class='ocr_carea' id='block_1_79' title="bbox 408 4643 1990 4712">
    <p class='ocr_par' dir='ltr' id='par_1_79' title="bbox 408 4643 1990 4712">
     <span class='ocr_line' id='line_1_79' title="bbox 408 4643 1990 4712; baseline 0.003 -14"><span class='ocrx_word' id='word_1_524' title='bbox 408 4643 724 4699; x_wconf 75' lang='lat' dir='ltr'><strong>concordia:</strong></span> <span class='ocrx_word' id='word_1_525' title='bbox 749 4660 875 4699; x_wconf 90' lang='lat' dir='ltr'><strong>cum</strong></span> <span class='ocrx_word' id='word_1_526' title='bbox 910 4644 1257 4700; x_wconf 85' lang='lat' dir='ltr'><strong>Patzinacitis</strong></span> <span class='ocrx_word' id='word_1_527' title='bbox 1280 4650 1564 4702; x_wconf 70' lang='lat' dir='ltr'><strong>servanda:</strong></span> <span class='ocrx_word' id='word_1_528' title='bbox 1591 4662 1802 4712; x_wconf 87' lang='lat' dir='ltr'><strong>curam,</strong></span> <span class='ocrx_word' id='word_1_529' title='bbox 1838 4650 1990 4703; x_wconf 86' lang='lat' dir='ltr'><strong>solli-</strong></span> 
     </span>
    </p>
   </div>
   <div class='ocr_carea' id='block_1_80' title="bbox 2716 3621 3079 3675">
    <p class='ocr_par' dir='ltr' id='par_1_80' title="bbox 2716 3621 3079 3675">
     <span class='ocr_line' id='line_1_80' title="bbox 2716 3621 3079 3675; baseline 0 -1"><span class='ocrx_word' id='word_1_530' title='bbox 2716 3621 2966 3675; x_wconf 77' lang='grc' dir='ltr'><strong>ΚΕΦΑΛ.</strong></span> <span class='ocrx_word' id='word_1_531' title='bbox 3003 3621 3044 3673; x_wconf 86' lang='grc' dir='ltr'><strong>Ε</strong></span> <span class='ocrx_word' id='word_1_532' title='bbox 3065 3659 3079 3674; x_wconf 94' lang='grc'><strong>.</strong></span> 
     </span>
    </p>
   </div>
   <div class='ocr_carea' id='block_1_81' title="bbox 2229 3733 3515 3804">
    <p class='ocr_par' dir='ltr' id='par_1_81' title="bbox 2229 3733 3515 3804">
     <span class='ocr_line' id='line_1_81' title="bbox 2229 3733 3515 3804; baseline 0 -14"><span class='ocrx_word' id='word_1_533' title='bbox 2229 3738 2367 3804; x_wconf 82' lang='grc' dir='ltr'>Περί</span> <span class='ocrx_word' id='word_1_534' title='bbox 2392 3733 2510 3788; x_wconf 78' lang='grc' dir='ltr'>τῶν</span> <span class='ocrx_word' id='word_1_535' title='bbox 2537 3733 2972 3794; x_wconf 76' lang='grc' dir='ltr'>Πατζὶνακιτῶν</span> <span class='ocrx_word' id='word_1_536' title='bbox 3001 3733 3096 3788; x_wconf 80' lang='grc' dir='ltr'><strong>καί</strong></span> <span class='ocrx_word' id='word_1_537' title='bbox 3141 3733 3515 3804; x_wconf 63' lang='grc' dir='ltr'>Βουλγάρων.</span> 
     </span>
    </p>
   </div>
   <div class='ocr_carea' id='block_1_82' title="bbox 2189 3823 3668 3897">
    <p class='ocr_par' dir='ltr' id='par_1_82' title="bbox 2189 3823 3668 3897">
     <span class='ocr_line' id='line_1_82' title="bbox 2189 3823 3668 3897; baseline 0.002 -18"><span class='ocrx_word' id='word_1_538' title='bbox 2189 3827 2314 3879; x_wconf 75' lang='grc' dir='ltr'><strong>Ὀτι</strong></span> <span class='ocrx_word' id='word_1_539' title='bbox 2352 3828 2581 3889; x_wconf 74' lang='grc' dir='ltr'>καὶτοῖς</span> <span class='ocrx_word' id='word_1_540' title='bbox 2635 3826 2962 3896; x_wconf 89' lang='grc' dir='ltr'>Βουλγάροις</span> <span class='ocrx_word' id='word_1_541' title='bbox 3026 3826 3396 3897; x_wconf 78' lang='grc' dir='ltr'>φοϐερώτερος</span> <span class='ocrx_word' id='word_1_542' title='bbox 3422 3827 3487 3881; x_wconf 80' lang='grc' dir='ltr'>ἂν</span> <span class='ocrx_word' id='word_1_543' title='bbox 3521 3823 3668 3882; x_wconf 80' lang='grc' dir='ltr'>εἶναι</span> 
     </span>
    </p>
   </div>
   <div class='ocr_carea' id='block_1_83' title="bbox 2090 3918 3650 3990">
    <p class='ocr_par' dir='ltr' id='par_1_83' title="bbox 2090 3918 3650 3990">
     <span class='ocr_line' id='line_1_83' title="bbox 2090 3918 3650 3990; baseline -0.001 -16"><span class='ocrx_word' id='word_1_544' title='bbox 2090 3919 2292 3986; x_wconf 82' lang='grc' dir='ltr'>δόξειεν</span> <span class='ocrx_word' id='word_1_545' title='bbox 2321 3921 2474 3974; x_wconf 82' lang='grc' dir='ltr'>ὁτῶν</span> <span class='ocrx_word' id='word_1_546' title='bbox 2510 3921 2795 3990; x_wconf 88' lang='grc' dir='ltr'>Ῥωμαίων</span> <span class='ocrx_word' id='word_1_547' title='bbox 2831 3918 3104 3989; x_wconf 82' lang='grc' dir='ltr'>βασιλεὺς,</span> <span class='ocrx_word' id='word_1_548' title='bbox 3128 3919 3222 3972; x_wconf 83' lang='grc' dir='ltr'>καὶ</span> <span class='ocrx_word' id='word_1_549' title='bbox 3248 3919 3493 3990; x_wconf 82' lang='grc' dir='ltr'>ἀνάγκην</span> <span class='ocrx_word' id='word_1_550' title='bbox 3523 3921 3650 3988; x_wconf 75' lang='grc' dir='ltr'>ἠσυ-</span> 
     </span>
    </p>
   </div>
   <div class='ocr_carea' id='block_1_84' title="bbox 2093 4010 3658 4084">
    <p class='ocr_par' dir='ltr' id='par_1_84' title="bbox 2093 4010 3658 4084">
     <span class='ocr_line' id='line_1_84' title="bbox 2093 4010 3658 4084; baseline -0.001 -18"><span class='ocrx_word' id='word_1_551' title='bbox 2093 4015 2216 4084; x_wconf 86' lang='grc' dir='ltr'><strong>χίας</strong></span> <span class='ocrx_word' id='word_1_552' title='bbox 2271 4013 2571 4067; x_wconf 77' lang='grc' dir='ltr'>ἐπιτιθέναι</span> <span class='ocrx_word' id='word_1_553' title='bbox 2623 4010 2831 4074; x_wconf 85' lang='grc' dir='ltr'>τούτοις</span> <span class='ocrx_word' id='word_1_554' title='bbox 2880 4011 3124 4076; x_wconf 88' lang='grc' dir='ltr'>δύναται,</span> <span class='ocrx_word' id='word_1_555' title='bbox 3153 4013 3220 4064; x_wconf 78' lang='grc' dir='ltr'>ἐκ</span> <span class='ocrx_word' id='word_1_556' title='bbox 3261 4011 3356 4063; x_wconf 79' lang='grc' dir='ltr'>τοῦ</span> <span class='ocrx_word' id='word_1_557' title='bbox 3383 4010 3520 4080; x_wconf 84' lang='grc' dir='ltr'>μετά</span> <span class='ocrx_word' id='word_1_558' title='bbox 3551 4010 3658 4064; x_wconf 59' lang='grc' dir='ltr'><strong>τῶν</strong></span> 
     </span>
    </p>
   </div>
   <div class='ocr_carea' id='block_1_85' title="bbox 2096 4101 3660 4173">
    <p class='ocr_par' dir='ltr' id='par_1_85' title="bbox 2096 4101 3660 4173">
     <span class='ocr_line' id='line_1_85' title="bbox 2096 4101 3660 4173; baseline -0.003 -15"><span class='ocrx_word' id='word_1_559' title='bbox 2096 4104 2507 4169; x_wconf 78' lang='grc' dir='ltr'>Πατζινακιτῶν</span> <span class='ocrx_word' id='word_1_560' title='bbox 2564 4102 2900 4173; x_wconf 85' lang='grc' dir='ltr'>εἰρηνεύειν·</span> <span class='ocrx_word' id='word_1_561' title='bbox 2933 4101 3119 4171; x_wconf 80' lang='grc' dir='ltr'>ἐπειδὴ</span> <span class='ocrx_word' id='word_1_562' title='bbox 3169 4102 3262 4154; x_wconf 77' lang='grc' dir='ltr'>καὶ</span> <span class='ocrx_word' id='word_1_563' title='bbox 3295 4101 3433 4171; x_wconf 75' lang='grc' dir='ltr'>πρὸς</span> <span class='ocrx_word' id='word_1_564' title='bbox 3464 4102 3660 4168; x_wconf 82' lang='grc' dir='ltr'>αὐτοὺς</span> 
     </span>
    </p>
   </div>
   <div class='ocr_carea' id='block_1_86' title="bbox 2092 4191 3677 4267">
    <p class='ocr_par' dir='ltr' id='par_1_86' title="bbox 2092 4191 3677 4267">
     <span class='ocr_line' id='line_1_86' title="bbox 2092 4191 3677 4267; baseline -0.001 -17"><span class='ocrx_word' id='word_1_565' title='bbox 2092 4198 2216 4260; x_wconf 82' lang='grc' dir='ltr'>τοὺς</span> <span class='ocrx_word' id='word_1_566' title='bbox 2241 4197 2581 4267; x_wconf 76' lang='grc' dir='ltr'>Βουλγάρους</span> <span class='ocrx_word' id='word_1_567' title='bbox 2615 4196 2663 4248; x_wconf 72' lang='lat' dir='ltr'><strong>oi</strong></span> <span class='ocrx_word' id='word_1_568' title='bbox 2689 4196 2967 4266; x_wconf 73' lang='grc' dir='ltr'>εἰρημένοι</span> <span class='ocrx_word' id='word_1_569' title='bbox 3013 4191 3404 4257; x_wconf 74' lang='grc' dir='ltr'>Πατζινακῖται</span> <span class='ocrx_word' id='word_1_570' title='bbox 3437 4194 3677 4264; x_wconf 78' lang='grc' dir='ltr'>πλησιά-</span> 
     </span>
    </p>
   </div>
   <div class='ocr_carea' id='block_1_87' title="bbox 2098 4285 3662 4358">
    <p class='ocr_par' dir='ltr' id='par_1_87' title="bbox 2098 4285 3662 4358">
     <span class='ocr_line' id='line_1_87' title="bbox 2098 4285 3662 4358; baseline -0.001 -19"><span class='ocrx_word' id='word_1_571' title='bbox 2098 4287 2251 4352; x_wconf 80' lang='grc' dir='ltr'>ζουσι</span> <span class='ocrx_word' id='word_1_572' title='bbox 2272 4304 2288 4320; x_wconf 79' lang='grc' dir='ltr'><strong>ο</strong></span> <span class='ocrx_word' id='word_1_573' title='bbox 2321 4287 2416 4341; x_wconf 76' lang='grc' dir='ltr'>καὶ</span> <span class='ocrx_word' id='word_1_574' title='bbox 2447 4286 2606 4357; x_wconf 75' lang='grc' dir='ltr'>ἡνίκα</span> <span class='ocrx_word' id='word_1_575' title='bbox 2645 4286 2976 4358; x_wconf 84' lang='grc' dir='ltr'>βουληθῶσι,</span> <span class='ocrx_word' id='word_1_576' title='bbox 3005 4285 3036 4355; x_wconf 85' lang='grc' dir='ltr'>ἢ</span> <span class='ocrx_word' id='word_1_577' title='bbox 3065 4286 3134 4339; x_wconf 77' lang='grc' dir='ltr'>δι’</span> <span class='ocrx_word' id='word_1_578' title='bbox 3189 4287 3392 4338; x_wconf 87' lang='grc' dir='ltr'>οἰκεῖον</span> <span class='ocrx_word' id='word_1_579' title='bbox 3449 4285 3662 4354; x_wconf 83' lang='grc' dir='ltr'>κέρδος,</span> 
     </span>
    </p>
   </div>
   <div class='ocr_carea' id='block_1_88' title="bbox 2099 4374 3661 4448">
    <p class='ocr_par' dir='ltr' id='par_1_88' title="bbox 2099 4374 3661 4448">
     <span class='ocr_line' id='line_1_88' title="bbox 2099 4374 3661 4448; baseline -0.003 -18"><span class='ocrx_word' id='word_1_580' title='bbox 2099 4377 2132 4447; x_wconf 82' lang='grc' dir='ltr'>ἢ</span> <span class='ocrx_word' id='word_1_581' title='bbox 2171 4379 2237 4448; x_wconf 77' lang='grc' dir='ltr'>τῇ</span> <span class='ocrx_word' id='word_1_582' title='bbox 2285 4379 2423 4448; x_wconf 79' lang='grc' dir='ltr'>πρὸς</span> <span class='ocrx_word' id='word_1_583' title='bbox 2467 4377 2560 4429; x_wconf 83' lang='grc' dir='ltr'>τὸν</span> <span class='ocrx_word' id='word_1_584' title='bbox 2599 4376 2823 4446; x_wconf 82' lang='grc' dir='ltr'>βασιλέα</span> <span class='ocrx_word' id='word_1_585' title='bbox 2860 4374 3146 4448; x_wconf 85' lang='grc' dir='ltr'>Ῥωμαίων</span> <span class='ocrx_word' id='word_1_586' title='bbox 3175 4376 3382 4446; x_wconf 81' lang='grc' dir='ltr'>χάριτι,</span> <span class='ocrx_word' id='word_1_587' title='bbox 3422 4374 3661 4445; x_wconf 78' lang='grc' dir='ltr'>εὐχερῶς</span> 
     </span>
    </p>
   </div>
   <div class='ocr_carea' id='block_1_89' title="bbox 2096 4464 3674 4537">
    <p class='ocr_par' dir='ltr' id='par_1_89' title="bbox 2096 4464 3674 4537">
     <span class='ocr_line' id='line_1_89' title="bbox 2096 4464 3674 4537; baseline -0.003 -15"><span class='ocrx_word' id='word_1_588' title='bbox 2096 4469 2350 4522; x_wconf 83' lang='grc' dir='ltr'>δύνανται</span> <span class='ocrx_word' id='word_1_589' title='bbox 2376 4468 2516 4521; x_wconf 83' lang='grc' dir='ltr'>κατὰ</span> <span class='ocrx_word' id='word_1_590' title='bbox 2576 4467 2910 4537; x_wconf 87' lang='grc' dir='ltr'>Βουλγαρίας</span> <span class='ocrx_word' id='word_1_591' title='bbox 2957 4464 3359 4535; x_wconf 77' lang='grc' dir='ltr'>ἐκστρατεύειν,</span> <span class='ocrx_word' id='word_1_592' title='bbox 3403 4466 3498 4518; x_wconf 76' lang='grc' dir='ltr'>καὶ</span> <span class='ocrx_word' id='word_1_593' title='bbox 3555 4464 3674 4518; x_wconf 86' lang='grc' dir='ltr'><strong>ἀπὸ</strong></span> 
     </span>
    </p>
   </div>
   <div class='ocr_carea' id='block_1_90' title="bbox 2093 4554 3661 4628">
    <p class='ocr_par' dir='ltr' id='par_1_90' title="bbox 2093 4554 3661 4628">
     <span class='ocr_line' id='line_1_90' title="bbox 2093 4554 3661 4628; baseline -0.004 -18"><span class='ocrx_word' id='word_1_594' title='bbox 2093 4556 2187 4611; x_wconf 79' lang='grc' dir='ltr'>τοῦ</span> <span class='ocrx_word' id='word_1_595' title='bbox 2220 4561 2502 4628; x_wconf 84' lang='grc' dir='ltr'>περιόντος</span> <span class='ocrx_word' id='word_1_596' title='bbox 2525 4557 2760 4627; x_wconf 78' lang='grc' dir='ltr'>πλήθους</span> <span class='ocrx_word' id='word_1_597' title='bbox 2781 4558 2875 4610; x_wconf 80' lang='grc' dir='ltr'>καὶ</span> <span class='ocrx_word' id='word_1_598' title='bbox 2899 4555 2999 4625; x_wconf 88' lang='grc' dir='ltr'><strong>τῆς</strong></span> <span class='ocrx_word' id='word_1_599' title='bbox 3032 4555 3214 4625; x_wconf 85' lang='grc' dir='ltr'>ίσχύος</span> <span class='ocrx_word' id='word_1_600' title='bbox 3260 4554 3460 4619; x_wconf 80' lang='grc' dir='ltr'>αὐτῶν,</span> <span class='ocrx_word' id='word_1_601' title='bbox 3491 4555 3661 4621; x_wconf 59' lang='grc' dir='ltr'>ὑπερ-</span> 
     </span>
    </p>
   </div>
   <div class='ocr_carea' id='block_1_91' title="bbox 2095 4645 3663 4720">
    <p class='ocr_par' dir='ltr' id='par_1_91' title="bbox 2095 4645 3663 4720">
     <span class='ocr_line' id='line_1_91' title="bbox 2095 4645 3663 4720; baseline -0.003 -20"><span class='ocrx_word' id='word_1_602' title='bbox 2095 4651 2251 4720; x_wconf 85' lang='grc' dir='ltr'>νικᾷν</span> <span class='ocrx_word' id='word_1_603' title='bbox 2269 4650 2466 4711; x_wconf 77' lang='grc' dir='ltr'>αὐτοὺς</span> <span class='ocrx_word' id='word_1_604' title='bbox 2494 4649 2586 4702; x_wconf 63' lang='grc' dir='ltr'><strong>καὶ⁸</strong></span> <span class='ocrx_word' id='word_1_605' title='bbox 2615 4650 2802 4718; x_wconf 81' lang='grc' dir='ltr'>ὴττᾷν.</span> <span class='ocrx_word' id='word_1_606' title='bbox 2843 4648 2942 4701; x_wconf 81' lang='grc' dir='ltr'><strong>Διὰ</strong></span> <span class='ocrx_word' id='word_1_607' title='bbox 2973 4647 3130 4701; x_wconf 83' lang='grc' dir='ltr'>τοῦτο</span> <span class='ocrx_word' id='word_1_608' title='bbox 3149 4647 3245 4700; x_wconf 77' lang='grc' dir='ltr'>καὶ</span> <span class='ocrx_word' id='word_1_609' title='bbox 3285 4649 3332 4699; x_wconf 81' lang='lat' dir='ltr'><strong>oi</strong></span> <span class='ocrx_word' id='word_1_610' title='bbox 3358 4645 3663 4715; x_wconf 85' lang='grc' dir='ltr'>Βούλγαροι</span> 
     </span>
    </p>
   </div>
   <div class='ocr_carea' id='block_1_92' title="bbox 406 4736 1989 4822">
    <p class='ocr_par' dir='ltr' id='par_1_92' title="bbox 406 4736 1984 4811">
     <span class='ocr_line' id='line_1_92' title="bbox 406 4736 1984 4811; baseline 0.006 -23"><span class='ocrx_word' id='word_1_611' title='bbox 406 4736 816 4808; x_wconf 89' lang='lat' dir='ltr'><strong>citudinemque</strong></span> <span class='ocrx_word' id='word_1_612' title='bbox 857 4748 1075 4810; x_wconf 84' lang='lat' dir='ltr'><strong>gerunt.</strong></span> <span class='ocrx_word' id='word_1_613' title='bbox 1117 4737 1252 4794; x_wconf 88' lang='lat' dir='ltr'><strong>Nam</strong></span> <span class='ocrx_word' id='word_1_614' title='bbox 1310 4737 1629 4811; x_wconf 80' lang='lat' dir='ltr'><strong>frequenter</strong></span> <span class='ocrx_word' id='word_1_615' title='bbox 1675 4741 1743 4796; x_wconf 87' lang='lat' dir='ltr'><strong>ab</strong></span> <span class='ocrx_word' id='word_1_616' title='bbox 1778 4741 1846 4797; x_wconf 89' lang='lat' dir='ltr'><strong>iis</strong></span> <span class='ocrx_word' id='word_1_617' title='bbox 1890 4742 1984 4798; x_wconf 89' lang='lat' dir='ltr'><strong>de-</strong></span> 
     </span>
    </p>
   </div>
   <div class='ocr_carea' id='block_1_93' title="bbox 2092 4736 3664 4822">
    <p class='ocr_par' dir='ltr' id='par_1_93' title="bbox 2096 4737 3664 4811">
     <span class='ocr_line' id='line_1_93' title="bbox 2096 4737 3664 4811; baseline -0.003 -17"><span class='ocrx_word' id='word_1_618' title='bbox 2096 4743 2283 4810; x_wconf 88' lang='grc' dir='ltr'>ἀγῶνα</span> <span class='ocrx_word' id='word_1_619' title='bbox 2319 4741 2412 4794; x_wconf 75' lang='grc' dir='ltr'>καὶ</span> <span class='ocrx_word' id='word_1_620' title='bbox 2443 4740 2678 4811; x_wconf 82' lang='grc' dir='ltr'>σπουδὴν</span> <span class='ocrx_word' id='word_1_621' title='bbox 2700 4739 2964 4810; x_wconf 84' lang='grc' dir='ltr'>διηνεκῶς</span> <span class='ocrx_word' id='word_1_622' title='bbox 2995 4740 3175 4810; x_wconf 79' lang='grc' dir='ltr'>ἔχουσι</span> <span class='ocrx_word' id='word_1_623' title='bbox 3203 4738 3298 4792; x_wconf 81' lang='grc' dir='ltr'><strong>τοῦ</strong></span> <span class='ocrx_word' id='word_1_624' title='bbox 3357 4737 3664 4810; x_wconf 80' lang='grc' dir='ltr'>είρηνεύειν</span> 
     </span>
    </p>
   </div>
   <div class='ocr_carea' id='block_1_94' title="bbox 408 4829 1978 4904">
    <p class='ocr_par' dir='ltr' id='par_1_94' title="bbox 408 4829 1978 4904">
     <span class='ocr_line' id='line_1_94' title="bbox 408 4829 1978 4904; baseline 0.004 -21"><span class='ocrx_word' id='word_1_625' title='bbox 408 4829 592 4884; x_wconf 87' lang='lat' dir='ltr'><strong>bellati</strong></span> <span class='ocrx_word' id='word_1_626' title='bbox 659 4838 824 4901; x_wconf 88' lang='lat' dir='ltr'><strong>atque</strong></span> <span class='ocrx_word' id='word_1_627' title='bbox 898 4832 1136 4897; x_wconf 84' lang='lat' dir='ltr'><strong>vastati,</strong></span> <span class='ocrx_word' id='word_1_628' title='bbox 1206 4836 1582 4904; x_wconf 81' lang='lat' dir='ltr'><strong>experimento</strong></span> <span class='ocrx_word' id='word_1_629' title='bbox 1644 4834 1978 4900; x_wconf 90' lang='lat' dir='ltr'><strong>didicerunt,</strong></span> 
     </span>
    </p>
   </div>
   <div class='ocr_carea' id='block_1_95' title="bbox 404 4923 1982 4997">
    <p class='ocr_par' dir='ltr' id='par_1_95' title="bbox 404 4923 1982 4997">
     <span class='ocr_line' id='line_1_95' title="bbox 404 4923 1982 4997; baseline 0.004 -24"><span class='ocrx_word' id='word_1_630' title='bbox 404 4933 674 4990; x_wconf 86' lang='lat' dir='ltr'><strong>quantum</strong></span> <span class='ocrx_word' id='word_1_631' title='bbox 723 4923 828 4981; x_wconf 90' lang='lat' dir='ltr'><strong>sibi</strong></span> <span class='ocrx_word' id='word_1_632' title='bbox 891 4925 1144 4981; x_wconf 82' lang='lat' dir='ltr'><strong>conferat</strong></span> <span class='ocrx_word' id='word_1_633' title='bbox 1186 4935 1377 4996; x_wconf 85' lang='lat' dir='ltr'><strong>pacate</strong></span> <span class='ocrx_word' id='word_1_634' title='bbox 1439 4942 1563 4982; x_wconf 92' lang='lat' dir='ltr'><strong>cum</strong></span> <span class='ocrx_word' id='word_1_635' title='bbox 1607 4927 1716 4982; x_wconf 92' lang='lat' dir='ltr'><strong>illis</strong></span> <span class='ocrx_word' id='word_1_636' title='bbox 1768 4941 1982 4997; x_wconf 89' lang='lat' dir='ltr'><strong>semper</strong></span> 
     </span>
    </p>
   </div>
   <div class='ocr_carea' id='block_1_96' title="bbox 402 5028 582 5081">
    <p class='ocr_par' dir='ltr' id='par_1_96' title="bbox 402 5028 582 5081">
     <span class='ocr_line' id='line_1_96' title="bbox 402 5028 582 5081; baseline 0.006 -15"><span class='ocrx_word' id='word_1_637' title='bbox 402 5028 582 5081; x_wconf 75' lang='lat' dir='ltr'><strong>agere.</strong></span> 
     </span>
    </p>
   </div>
   <div class='ocr_carea' id='block_1_97' title="bbox 2097 4832 3664 4903">
    <p class='ocr_par' dir='ltr' id='par_1_97' title="bbox 2097 4832 3664 4903">
     <span class='ocr_line' id='line_1_97' title="bbox 2097 4832 3664 4903; baseline -0.003 -15"><span class='ocrx_word' id='word_1_638' title='bbox 2097 4835 2193 4888; x_wconf 78' lang='grc' dir='ltr'>καὶ</span> <span class='ocrx_word' id='word_1_639' title='bbox 2215 4835 2462 4903; x_wconf 84' lang='grc' dir='ltr'>ὁμονοεῖν</span> <span class='ocrx_word' id='word_1_640' title='bbox 2489 4833 2626 4903; x_wconf 76' lang='grc' dir='ltr'>μετὰ</span> <span class='ocrx_word' id='word_1_641' title='bbox 2657 4833 2766 4887; x_wconf 90' lang='grc' dir='ltr'><strong>τῶν</strong></span> <span class='ocrx_word' id='word_1_642' title='bbox 2801 4832 3233 4898; x_wconf 79' lang='grc' dir='ltr'>Πατζινακιτῶν.</span> <span class='ocrx_word' id='word_1_643' title='bbox 3283 4834 3379 4888; x_wconf 86' lang='grc' dir='ltr'>Ἐκ</span> <span class='ocrx_word' id='word_1_644' title='bbox 3401 4832 3496 4886; x_wconf 80' lang='grc' dir='ltr'>τοῦ</span> <span class='ocrx_word' id='word_1_645' title='bbox 3552 4833 3664 4903; x_wconf 82' lang='grc' dir='ltr'>γὰρ</span> 
     </span>
    </p>
   </div>
   <div class='ocr_carea' id='block_1_98' title="bbox 2091 4922 3662 4996">
    <p class='ocr_par' dir='ltr' id='par_1_98' title="bbox 2091 4922 3662 4996">
     <span class='ocr_line' id='line_1_98' title="bbox 2091 4922 3662 4996; baseline -0.002 -19"><span class='ocrx_word' id='word_1_646' title='bbox 2091 4925 2353 4988; x_wconf 85' lang='grc' dir='ltr'>πολλάκις</span> <span class='ocrx_word' id='word_1_647' title='bbox 2376 4924 2468 4977; x_wconf 82' lang='grc' dir='ltr'>ὑπ’</span> <span class='ocrx_word' id='word_1_648' title='bbox 2503 4923 2680 4977; x_wconf 86' lang='grc' dir='ltr'>αὐτῶν</span> <span class='ocrx_word' id='word_1_649' title='bbox 2714 4924 3237 4996; x_wconf 82' lang='grc' dir='ltr'>καταπολεμηθῆναι</span> <span class='ocrx_word' id='word_1_650' title='bbox 3281 4924 3378 4978; x_wconf 76' lang='grc' dir='ltr'>καὶ</span> <span class='ocrx_word' id='word_1_651' title='bbox 3406 4922 3662 4993; x_wconf 83' lang='grc' dir='ltr'>πραιδευ-</span> 
     </span>
    </p>
   </div>
   <div class='ocr_carea' id='block_1_99' title="bbox 2091 5011 3661 5088">
    <p class='ocr_par' dir='ltr' id='par_1_99' title="bbox 2091 5011 3661 5088">
     <span class='ocr_line' id='line_1_99' title="bbox 2091 5011 3661 5088; baseline 0 -20"><span class='ocrx_word' id='word_1_652' title='bbox 2091 5015 2274 5085; x_wconf 89' lang='grc' dir='ltr'>θῆναι,</span> <span class='ocrx_word' id='word_1_653' title='bbox 2305 5018 2373 5087; x_wconf 80' lang='grc' dir='ltr'>τῇ</span> <span class='ocrx_word' id='word_1_654' title='bbox 2398 5017 2563 5088; x_wconf 79' lang='grc' dir='ltr'>πείρα</span> <span class='ocrx_word' id='word_1_655' title='bbox 2593 5016 2863 5084; x_wconf 81' lang='grc' dir='ltr'>ἐγνώκασι</span> <span class='ocrx_word' id='word_1_656' title='bbox 2893 5017 3058 5071; x_wconf 77' lang='grc' dir='ltr'>καλὸν</span> <span class='ocrx_word' id='word_1_657' title='bbox 3079 5020 3174 5071; x_wconf 82' lang='grc' dir='ltr'>καὶ</span> <span class='ocrx_word' id='word_1_658' title='bbox 3211 5017 3487 5088; x_wconf 75' lang='grc' dir='ltr'>συμφέρον</span> <span class='ocrx_word' id='word_1_659' title='bbox 3518 5011 3661 5069; x_wconf 77' lang='grc' dir='ltr'>εἶναι</span> 
     </span>
    </p>
   </div>
   <div class='ocr_carea' id='block_1_100' title="bbox 2094 5102 3032 5176">
    <p class='ocr_par' dir='ltr' id='par_1_100' title="bbox 2094 5102 3032 5176">
     <span class='ocr_line' id='line_1_100' title="bbox 2094 5102 3032 5176; baseline 0.002 -19"><span class='ocrx_word' id='word_1_660' title='bbox 2094 5102 2155 5156; x_wconf 79' lang='grc' dir='ltr'>τὸ</span> <span class='ocrx_word' id='word_1_661' title='bbox 2184 5105 2484 5175; x_wconf 84' lang='grc' dir='ltr'>εἰρηνεύειν</span> <span class='ocrx_word' id='word_1_662' title='bbox 2517 5106 2606 5158; x_wconf 76' lang='grc' dir='ltr'><strong>ἀεὶ</strong></span> <span class='ocrx_word' id='word_1_663' title='bbox 2644 5105 2781 5176; x_wconf 81' lang='grc' dir='ltr'>πρὸς</span> <span class='ocrx_word' id='word_1_664' title='bbox 2816 5106 3032 5170; x_wconf 88' lang='grc' dir='ltr'>αύτούς.</span> 
     </span>
    </p>
   </div>
   <div class='ocr_carea' id='block_1_101' title="bbox 1539 5252 2461 5312">
    <p class='ocr_par' dir='ltr' id='par_1_101' title="bbox 1539 5252 2461 5312">
     <span class='ocr_line' id='line_1_101' title="bbox 1539 5252 2461 5312; baseline 0.003 -4"><span class='ocrx_word' id='word_1_665' title='bbox 1539 5252 1842 5309; x_wconf 79' lang='lat' dir='ltr'><strong>ANSELMI</strong></span> <span class='ocrx_word' id='word_1_666' title='bbox 1870 5253 2199 5312; x_wconf 68' lang='lat' dir='ltr'><strong>BANDL‘RII</strong></span> <span class='ocrx_word' id='word_1_667' title='bbox 2229 5255 2461 5311; x_wconf 70' lang='grc' dir='ltr'><strong>ΝΟΤᾹΞ.</strong></span> 
     </span>
    </p>
   </div>
   <div class='ocr_carea' id='block_1_102' title="bbox 474 5368 1975 5440">
    <p class='ocr_par' dir='ltr' id='par_1_102' title="bbox 474 5368 1975 5440">
     <span class='ocr_line' id='line_1_102' title="bbox 474 5368 1975 5440; baseline 0.005 -21"><span class='ocrx_word' id='word_1_668' title='bbox 474 5370 586 5440; x_wconf 81' lang='lat'><strong>(77)</strong></span> <span class='ocrx_word' id='word_1_669' title='bbox 623 5368 911 5432; x_wconf 82' lang='lat' dir='ltr'><strong>Nimirum,</strong></span> <span class='ocrx_word' id='word_1_670' title='bbox 953 5368 1022 5422; x_wconf 83' lang='lat' dir='ltr'><strong>ad</strong></span> <span class='ocrx_word' id='word_1_671' title='bbox 1059 5369 1452 5440; x_wconf 17' lang='lat' dir='ltr'><strong>locaiﬂuminis</strong></span> <span class='ocrx_word' id='word_1_672' title='bbox 1504 5381 1792 5438; x_wconf 79' lang='lat' dir='ltr'><strong>prwrupta.</strong></span> <span class='ocrx_word' id='word_1_673' title='bbox 1844 5371 1975 5426; x_wconf 79' lang='lat' dir='ltr'><strong>Per-</strong></span> 
     </span>
    </p>
   </div>
   <div class='ocr_carea' id='block_1_103' title="bbox 404 5438 1975 5508">
    <p class='ocr_par' dir='ltr' id='par_1_103' title="bbox 404 5438 1975 5508">
     <span class='ocr_line' id='line_1_103' title="bbox 404 5438 1975 5508; baseline 0.004 -20"><span class='ocrx_word' id='word_1_674' title='bbox 404 5438 587 5506; x_wconf 47' lang='lat' dir='ltr'><strong>peiau‘.</strong></span> <span class='ocrx_word' id='word_1_675' title='bbox 620 5441 732 5493; x_wconf 65' lang='lat' dir='ltr'><strong>haec</strong></span> <span class='ocrx_word' id='word_1_676' title='bbox 764 5439 1155 5508; x_wconf 72' lang='lat' dir='ltr'><strong>interpretatur</strong></span> <span class='ocrx_word' id='word_1_677' title='bbox 1187 5438 1482 5505; x_wconf 84' lang='lat' dir='ltr'><strong>Meursius,</strong></span> <span class='ocrx_word' id='word_1_678' title='bbox 1512 5443 1564 5493; x_wconf 86' lang='lat' dir='ltr'><strong>in</strong></span> <span class='ocrx_word' id='word_1_679' title='bbox 1587 5440 1826 5508; x_wconf 77' lang='lat' dir='ltr'><strong>ﬂuminis</strong></span> <span class='ocrx_word' id='word_1_680' title='bbox 1857 5459 1975 5495; x_wconf 85' lang='lat' dir='ltr'><strong>mu-</strong></span> 
     </span>
    </p>
   </div>
   <div class='ocr_carea' id='block_1_104' title="bbox 2076 5371 3662 5446">
    <p class='ocr_par' dir='ltr' id='par_1_104' title="bbox 2076 5371 3662 5446">
     <span class='ocr_line' id='line_1_104' title="bbox 2076 5371 3662 5446; baseline -0.001 -17"><span class='ocrx_word' id='word_1_681' title='bbox 2076 5381 2374 5446; x_wconf 76' lang='lat' dir='ltr'><strong>nequeant,</strong></span> <span class='ocrx_word' id='word_1_682' title='bbox 2408 5371 2868 5446; x_wconf 65' lang='lat' dir='ltr'><strong>frequentissima:</strong></span> <span class='ocrx_word' id='word_1_683' title='bbox 2914 5379 2968 5433; x_wconf 93' lang='lat' dir='ltr'><strong>in</strong></span> <span class='ocrx_word' id='word_1_684' title='bbox 3006 5376 3239 5432; x_wconf 87' lang='lat' dir='ltr'><strong>laudatis</strong></span> <span class='ocrx_word' id='word_1_685' title='bbox 3270 5375 3446 5430; x_wconf 81' lang='lat' dir='ltr'><strong>ﬂuviis</strong></span> <span class='ocrx_word' id='word_1_686' title='bbox 3465 5388 3662 5429; x_wconf 73' lang='lat' dir='ltr'><strong>occur~</strong></span> 
     </span>
    </p>
   </div>
   <div class='ocr_carea' id='block_1_105' title="bbox 2079 5442 3662 5516">
    <p class='ocr_par' dir='ltr' id='par_1_105' title="bbox 2079 5442 3662 5516">
     <span class='ocr_line' id='line_1_105' title="bbox 2079 5442 3662 5516; baseline -0.001 -16"><span class='ocrx_word' id='word_1_687' title='bbox 2079 5442 2241 5516; x_wconf 48' lang='lat' dir='ltr'><strong>runt.</strong></span> <span class='ocrx_word' id='word_1_688' title='bbox 2262 5442 2491 5516; x_wconf 82' lang='lat' dir='ltr'><strong>Nomina</strong></span> <span class='ocrx_word' id='word_1_689' title='bbox 2512 5442 2694 5501; x_wconf 76' lang='lat' dir='ltr'><strong>autem</strong></span> <span class='ocrx_word' id='word_1_690' title='bbox 2729 5451 2970 5502; x_wconf 86' lang='lat' dir='ltr'><strong>locorum</strong></span> <span class='ocrx_word' id='word_1_691' title='bbox 3013 5457 3432 5516; x_wconf 60' lang='lat' dir='ltr'><strong>praeruptorum,</strong></span> <span class='ocrx_word' id='word_1_692' title='bbox 3455 5461 3576 5516; x_wconf 74' lang='lat' dir='ltr'><strong>qua:</strong></span> <span class='ocrx_word' id='word_1_693' title='bbox 3604 5449 3662 5498; x_wconf 89' lang='lat' dir='ltr'><strong>in</strong></span> 
     </span>
    </p>
   </div>
   <div class='ocr_carea' id='block_1_106' title="bbox 406 5507 3664 5586">
    <p class='ocr_par' dir='ltr' id='par_1_106' title="bbox 406 5507 3664 5586">
     <span class='ocr_line' id='line_1_106' title="bbox 406 5507 3664 5586; baseline 0.003 -29"><span class='ocrx_word' id='word_1_694' title='bbox 406 5508 689 5586; x_wconf 49' lang='lat' dir='ltr'><strong>iumentis;</strong></span> <span class='ocrx_word' id='word_1_695' title='bbox 721 5507 921 5586; x_wconf 84' lang='lat' dir='ltr'><strong>quippe</strong></span> <span class='ocrx_word' id='word_1_696' title='bbox 957 5511 1010 5562; x_wconf 92' lang='lat' dir='ltr'><strong>in</strong></span> <span class='ocrx_word' id='word_1_697' title='bbox 1064 5507 1336 5586; x_wconf 63' lang='lat' dir='ltr'><strong>Danubio,</strong></span> <span class='ocrx_word' id='word_1_698' title='bbox 1373 5507 1605 5586; x_wconf 79' lang='lat' dir='ltr'><strong>Danapri</strong></span> <span class='ocrx_word' id='word_1_699' title='bbox 1637 5520 1691 5563; x_wconf 83' lang='lat' dir='ltr'><strong>et</strong></span> <span class='ocrx_word' id='word_1_700' title='bbox 1728 5511 1976 5586; x_wconf 78' lang='lat' dir='ltr'><strong>Danastri</strong></span> <span class='ocrx_word' id='word_1_701' title='bbox 2080 5513 2530 5586; x_wconf 9' lang='lat' dir='ltr'><strong>illisrﬂuminibus</strong></span> <span class='ocrx_word' id='word_1_702' title='bbox 2552 5519 2914 5586; x_wconf 87' lang='lat' dir='ltr'><strong>reperiuntur,</strong></span> <span class='ocrx_word' id='word_1_703' title='bbox 2933 5507 3664 5586; x_wconf 58' lang='lat' dir='ltr'><strong>receiiseu&#39;tural’urphyro-</strong></span> 
     </span>
    </p>
   </div>
   <div class='ocr_carea' id='block_1_107' title="bbox 402 5575 1979 5655">
    <p class='ocr_par' dir='ltr' id='par_1_107' title="bbox 402 5575 1979 5655">
     <span class='ocr_line' id='line_1_107' title="bbox 402 5575 1979 5655; baseline 0.006 -29"><span class='ocrx_word' id='word_1_704' title='bbox 402 5575 918 5655; x_wconf 44' lang='grc' dir='ltr'><strong>Ιιιιιιιὶιιὶὶιιιεςιιιιιίιι⁵</strong></span> <span class='ocrx_word' id='word_1_705' title='bbox 958 5580 1290 5655; x_wconf 79' lang='lat' dir='ltr'><strong>munimenta</strong></span> <span class='ocrx_word' id='word_1_706' title='bbox 1337 5588 1451 5633; x_wconf 91' lang='lat' dir='ltr'><strong>arte</strong></span> <span class='ocrx_word' id='word_1_707' title='bbox 1488 5575 1647 5655; x_wconf 65' lang='lat' dir='ltr'><strong>facta,</strong></span> <span class='ocrx_word' id='word_1_708' title='bbox 1679 5595 1797 5648; x_wconf 64' lang='lat' dir='ltr'><strong>quae</strong></span> <span class='ocrx_word' id='word_1_709' title='bbox 1830 5581 1979 5635; x_wconf 68' lang='lat' dir='ltr'><strong>nario</strong></span> 
     </span>
    </p>
   </div>
   <div class='ocr_carea' id='block_1_108' title="bbox 407 5649 1984 5719">
    <p class='ocr_par' dir='ltr' id='par_1_108' title="bbox 407 5649 1984 5719">
     <span class='ocr_line' id='line_1_108' title="bbox 407 5649 1984 5719; baseline 0.007 -26"><span class='ocrx_word' id='word_1_710' title='bbox 407 5649 679 5709; x_wconf 72' lang='lat' dir='ltr'><strong>gationem</strong></span> <span class='ocrx_word' id='word_1_711' title='bbox 723 5649 1040 5714; x_wconf 86' lang='lat' dir='ltr'><strong>impediant,</strong></span> <span class='ocrx_word' id='word_1_712' title='bbox 1079 5649 1426 5718; x_wconf 90' lang='lat' dir='ltr'><strong>reperiuntur</strong></span> <span class='ocrx_word' id='word_1_713' title='bbox 1471 5666 1485 5714; x_wconf 90' lang='lat'><strong>;</strong></span> <span class='ocrx_word' id='word_1_714' title='bbox 1525 5652 1640 5702; x_wconf 84' lang='lat' dir='ltr'><strong>loca</strong></span> <span class='ocrx_word' id='word_1_715' title='bbox 1683 5665 1810 5704; x_wconf 89' lang='lat' dir='ltr'><strong>vero</strong></span> <span class='ocrx_word' id='word_1_716' title='bbox 1849 5666 1984 5719; x_wconf 71' lang='lat' dir='ltr'><strong>prae-</strong></span> 
     </span>
    </p>
   </div>
   <div class='ocr_carea' id='block_1_109' title="bbox 2084 5582 3666 5657">
    <p class='ocr_par' dir='ltr' id='par_1_109' title="bbox 2084 5582 3666 5657">
     <span class='ocr_line' id='line_1_109' title="bbox 2084 5582 3666 5657; baseline 0.001 -19"><span class='ocrx_word' id='word_1_717' title='bbox 2084 5585 2268 5657; x_wconf 73' lang='lat' dir='ltr'><strong>genjto</strong></span> <span class='ocrx_word' id='word_1_718' title='bbox 2323 5584 2484 5657; x_wconf 70' lang='lat' dir='ltr'><strong>paulo</strong></span> <span class='ocrx_word' id='word_1_719' title='bbox 2543 5582 2681 5640; x_wconf 69' lang='lat' dir='ltr'><strong>infra</strong></span> <span class='ocrx_word' id='word_1_720' title='bbox 2743 5601 2864 5657; x_wconf 89' lang='lat' dir='ltr'><strong>cap.</strong></span> <span class='ocrx_word' id='word_1_721' title='bbox 2923 5605 2995 5652; x_wconf 80' lang='lat' dir='ltr'><strong>ix,</strong></span> <span class='ocrx_word' id='word_1_722' title='bbox 3048 5587 3289 5657; x_wconf 12' lang='lat' dir='ltr'><strong>ubiragit</strong></span> <span class='ocrx_word' id='word_1_723' title='bbox 3344 5586 3410 5638; x_wconf 86' lang='lat' dir='ltr'><strong>de</strong></span> <span class='ocrx_word' id='word_1_724' title='bbox 3461 5582 3666 5657; x_wconf 65' lang='lat' dir='ltr'><strong>[tussis</strong></span> 
     </span>
    </p>
   </div>
   <div class='ocr_carea' id='block_1_110' title="bbox 2088 5653 3664 5727">
    <p class='ocr_par' dir='ltr' id='par_1_110' title="bbox 2088 5653 3664 5727">
     <span class='ocr_line' id='line_1_110' title="bbox 2088 5653 3664 5727; baseline 0 -21"><span class='ocrx_word' id='word_1_725' title='bbox 2088 5653 2375 5727; x_wconf 40' lang='lat' dir='ltr'><strong>aullussia</strong></span> <span class='ocrx_word' id='word_1_726' title='bbox 2424 5653 2950 5727; x_wconf 77' lang='lat' dir='ltr'><strong>Constantinopolim</strong></span> <span class='ocrx_word' id='word_1_727' title='bbox 3021 5659 3074 5711; x_wconf 86' lang='lat' dir='ltr'><strong>iu</strong></span> <span class='ocrx_word' id='word_1_728' title='bbox 3123 5653 3378 5711; x_wconf 80' lang='lat' dir='ltr'><strong>lintribus</strong></span> <span class='ocrx_word' id='word_1_729' title='bbox 3436 5655 3664 5709; x_wconf 84' lang='lat' dir='ltr'><strong>venien-</strong></span> 
     </span>
    </p>
   </div>
   <div class='ocr_carea' id='block_1_111' title="bbox 404 5719 2256 5790">
    <p class='ocr_par' dir='ltr' id='par_1_111' title="bbox 404 5719 2256 5790">
     <span class='ocr_line' id='line_1_111' title="bbox 404 5719 2256 5790; baseline 0.006 -26"><span class='ocrx_word' id='word_1_730' title='bbox 404 5720 583 5781; x_wconf 84' lang='lat' dir='ltr'><strong>iupta,</strong></span> <span class='ocrx_word' id='word_1_731' title='bbox 619 5727 710 5767; x_wconf 87' lang='lat' dir='ltr'><strong>seu</strong></span> <span class='ocrx_word' id='word_1_732' title='bbox 744 5730 908 5783; x_wconf 76' lang='lat' dir='ltr'><strong>rupes</strong></span> <span class='ocrx_word' id='word_1_733' title='bbox 933 5727 1276 5785; x_wconf 60' lang='lat' dir='ltr'><strong>transversa,</strong></span> <span class='ocrx_word' id='word_1_734' title='bbox 1298 5735 1419 5790; x_wconf 70' lang='lat' dir='ltr'><strong>qua:</strong></span> <span class='ocrx_word' id='word_1_735' title='bbox 1459 5719 1687 5790; x_wconf 85' lang='lat' dir='ltr'><strong>navigiis</strong></span> <span class='ocrx_word' id='word_1_736' title='bbox 1716 5721 1984 5789; x_wconf 88' lang='lat' dir='ltr'><strong>pcrmcari</strong></span> <span class='ocrx_word' id='word_1_737' title='bbox 2090 5723 2256 5778; x_wconf 86' lang='lat' dir='ltr'><strong>tibus.</strong></span> 
     </span>
    </p>
   </div>
  </div>
