4044 6210
394 377 485 435 181

1452 371 1546 428 DE
1583 371 2216 431 ADMlNlSTliANbO
2260 375 2604 435 IMPERIO.

3523 384 3627 444 15:2

384 484 511 537 οὔτε
572 482 729 553 παρά
782 481 1075 551 ἀνθρώπων
1126 479 1667 548 κατεσκευάσθησαν,
1721 480 1845 532 οὔτε
1892 482 1951 545 ἐξ

2060 498 2171 534 rum
2207 484 2501 552 imperium
2535 483 2733 551 tenuit,
2762 483 2849 539 illi
2890 501 2986 555 per
3014 491 3264 558 angelum
3296 493 3433 548 tales
3456 494 3643 547 stolas

388 575 751 645 ἀνθρωπίνων
776 573 973 642 τεχνῶν
1005 572 1400 641 ἐπενοήθησαν,
1432 570 1464 640 ἦ
1498 570 1953 641 ἐξειργάσθησαν,

390 666 509 720 ἀλλ’
546 663 621 727 ὡς
646 665 751 717 ἀπὸ
775 663 1002 725 παλαιᾶς
1038 663 1276 733 ἱστορίας
1302 664 1359 714 ὲν
1400 663 1732 731 ἀπορρήτοις
1777 663 1957 731 λόγοις

394 754 777 821 γεγραμμένον
837 753 1183 822 εὑρίσκομεν,
1248 753 1409 820 ἡνίκα
1458 754 1486 806 ό
1542 752 1675 816 Θεὸς
1734 754 1958 821 βασιλέα

396 846 649 913 ἐποίησεν
671 846 1071 897 Κωνσταντῖνον
1100 846 1307 897 ἐκεῖνον
1340 844 1432 895 τὸν
1463 844 1651 911 Μέγαν
1681 844 1773 897 τὸν
1809 844 1957 913 πρῶ-

397 954 489 989 τον
513 936 824 1006 Χριστιανὸν
853 935 1271 1005 βασιλεύσαντα,
1316 935 1382 987 δι’
1420 936 1652 1002 ἀγγέλου
1677 935 1824 1005 αὐτῷ
1859 935 1956 999 τὰς

399 1026 640 1088 τοιαύτας
686 1012 881 1089 στολὰς
934 1024 1336 1090 ἐξαπέστειλεν,
1366 1025 1459 1078 καὶ
1487 1027 1555 1080 τὰ
1588 1026 1895 1096 στέμματα,
1922 1025 1958 1079 ἃ

400 1119 523 1187 παρ’
544 1119 697 1185 ἡμῶν
725 1114 1073 1185 καμελαύκια
1104 1116 1344 1184 λέγεται,
1372 1116 1463 1170 καὶ
1487 1117 1779 1187 διωρίσατο
1806 1117 1957 1188 αὐτῴ

393 1209 558 1261 θεῖναι
587 1207 759 1263 ταῦτα
781 1209 839 1260 ἐν
871 1210 936 1278 τῇ
963 1208 1192 1279 Μεγάλῃ
1223 1208 1319 1260 τοῦ
1354 1208 1488 1261 Θεοῦ
1506 1208 1638 1280 ἁγίᾳ
1663 1210 1953 1281 ἐκκλησίᾳ,

389 1300 508 1367 ἥτις
561 1300 651 1351 ἐπ’
709 1297 938 1366 ὀνόματι
988 1300 1158 1367 αὐτῆς
1200 1300 1567 1354 ἐνυποστάτου
1596 1301 1789 1368 σοφίας
1819 1300 1955 1353 Θεοῦ

400 1390 555 1458 Ἀγία
579 1388 750 1457 Σαῒφία
794 1390 1249 1458 κατονομάζεται,
1289 1390 1380 1444 καὶ
1436 1389 1512 1458 μὴ
1569 1389 1691 1445 καθῗ
1722 1390 1956 1458 ἑκάστην

390 1480 528 1534 αὖτᾶ
583 1479 1002 1549 ἀμφιέννυσθαι,
1052 1478 1166 1531 ἀλλ’
1232 1480 1319 1531 ὅτε
1368 1477 1667 1548 δημοτελὴς
1700 1479 1810 1546 (59)
1865 1478 1959 1531 καὶ

392 1572 603 1642 μεγάλη
630 1570 874 1640 τυγχάνῃ
897 1569 1200 1639 Δεσποτικὴ
1226 1570 1408 1639 έορτή.
1438 1568 1529 1621 Διὸ
1546 1568 1609 1637 δὴ
1639 1568 1772 1619 Θεοῦ
1794 1582 1963 1637 προσ·

392 1664 639 1731 τάγματι
684 1660 859 1714 ταῦτα
920 1660 1172 1727 ἀπέθετο,
1227 1662 1384 1715 ἅτινα
1444 1662 1540 1714 καὶ
1593 1659 1801 1715 ἄνωθεν
1862 1659 1961 1729 τῆς

391 1755 551 1819 ἁίίας
585 1751 863 1821 τραπέζης
887 1753 945 1804 ἐν
971 1751 1047 1821 τῷ
1091 1751 1459 1821 θυσιαστηρίῳ
1510 1751 1603 1804 τοῦ
1635 1746 1800 1803 αὑτοῦ
1829 1748 1957 1803 ναοῦ

393 1843 799 1913 ἀποκρέμαται,
833 1843 925 1896 καὶ
966 1844 1046 1905 είς
1088 1844 1290 1912 κόσμον
1332 1842 1430 1911 τῆς
1482 1841 1776 1911 ἐκκλησίας
1825 1839 1959 1894 καθ-

394 1934 419 1985 έ
442 1950 650 2002 ςτηκεν.
689 1931 767 1987 Τά
790 1933 848 1986 δὲ
873 1933 1036 1986 λοιπὰ
1063 1933 1274 2003 ίμάτια,
1321 1934 1415 1986 καὶ
1441 1932 1605 1999 σαγία
1634 1931 1745 2001 (40)
1805 1931 1958 2001 βασι-

396 2025 520 2077 λικά
550 2025 649 2093 τῆς
680 2026 830 2095 ἱερᾶς
863 2025 1071 2092 ταύτης
1093 2024 1375 2092 τραπέζης
1419 2022 1625 2077 ἄνωθεν
1656 2022 1959 2075 ἐπίκεινται

397 2114 803 2183 ἐφαπλούμενα.
870 2114 1061 2166 Ἠνίκα
1118 2113 1177 2165 δὲ
1228 2112 1514 2181 καταλάϐῃ
1582 2110 1674 2164 τοῦ
1753 2110 1959 2180 Κυρίου

399 2206 552 2273 ἡμῶν
587 2206 680 2259 καὶ
709 2204 843 2259 Θεοῦ
882 2203 1052 2275 Ἰησοῦ
1090 2202 1334 2275 Χριστοῦ
1361 2203 1545 2272 ἐορτὴ,
1580 2202 1963 2277 ἀναλαιϐάνε-

395 2313 483 2349 ται
506 2300 572 2351 τὰ
596 2300 658 2351 ἐκ
681 2299 935 2352 τοιούτων
970 2299 1171 2353 στολῶν
1214 2297 1308 2351 καὶ
1338 2294 1669 2365 στεμμάτων
1710 2294 1780 2347 τὰ
1826 2295 1960 2363 πρὸς

392 2389 484 2440 τἰν
514 2391 703 2459 καιρὸν
732 2391 1015 2460 ἐπιτήδεια
1044 2390 1137 2445 καὶ
1197 2389 1502 2459 ἁρμόζοντα
1531 2387 1559 2437 ὁ
1591 2388 1956 2457 πατριάρχης,

394 2480 487 2532 καὶ
516 2480 834 2533 ἀποστέλλει
867 2482 1003 2551 πρὸς
1035 2482 1123 2535 τὸν
1159 2480 1407 2551 βασιλέα,
1461 2478 1555 2533 καὶ
1593 2479 1958 2548 ἀμφιέννυται

392 2570 763 2635 αὑτὰέκεῖνος
790 2572 864 2636 ὡς
885 2573 1162 2643 ὑπηρέτης
1194 2571 1329 2626 Θεοῦ
1363 2572 1457 2624 καὶ
1509 2572 1762 2633 διάκονος
1798 2570 1855 2622 ἐν
1887 2570 1954 2637 τῇ

395 2662 735 2732 προελεύσει,
790 2664 884 2717 καὶ
915 2664 1095 2734 μόνον.
1150 2665 1259 2717 Καὶ
1283 2664 1443 2717 πάλιν
1475 2662 1612 2733 μετὰ
1641 2661 1740 2730 τὴν
1766 2661 1957 2731 χρείαν

394 2756 736 2824 ἀντιστρέφει
767 2756 906 2811 αὐτὰ
933 2756 1068 2827 πρὸς
1092 2757 1190 2826 τὴν
1222 2755 1535 2825 ἐκκλησίαν,
1559 2754 1653 2807 καὶ
1698 2754 1955 2806 ἀπόκειν-

393 2862 481 2897 ται
514 2848 571 2898 ἐν
610 2846 767 2918 αὐτῇ.
814 2846 973 2901 Ἀλλὰ
999 2848 1091 2901 καὶ
1121 2846 1335 2916 κατάρα
1379 2846 1473 2899 τοῦ
1522 2844 1678 2913 ἁγίου
1725 2843 1819 2897 καὶ
1859 2860 1959 2913 μευ

395 2936 559 3002 γάλου
586 2938 999 2993 Κωνσταντίνου
1030 2938 1141 3008 (41)
1199 2938 1347 2991 ἐστὶν
1390 2938 1449 2990 ἐν
1494 2940 1560 3008 τῇ
1618 2936 1751 3006 ἁγίᾳ
1784 2934 1959 3006 ταύτῃ

395 3029 643 3102 τραπέζῃ
672 3029 773 3099 τῆς
816 3029 910 3083 τοῦ
960 3030 1094 3084 Θεοῦ
1153 3029 1447 3099 ἐκκλησίας
1505 3026 1955 3097 ἐγγεγραμμένη,

2059 580 2111 626 ct
2158 589 2415 639 coronas,
2450 590 2587 643 quas
2618 590 2719 629 nos
2754 578 3089 631 camclaucia
3138 596 3418 647 vocamus,
3454 586 3626 648 misit,

2053 660 2327 731 jnsxitque
2351 677 2414 716 ea
2434 662 2706 731 deponere
2729 663 2782 717 in
2808 663 2998 735 Magna
3022 677 3209 722 sancta
3236 670 3329 724 Dei
3372 674 3631 746 ecclesia,-

2058 768 2179 820 quae
2206 753 2271 807 de
2312 754 2533 809 nomine
2568 754 2853 825 sapientia:
2889 756 2981 811 Dei
3014 759 3389 829 euhypostatae
3437 774 3627 819 sancta

2058 844 2259 912 Sophia
2296 847 2635 915 appellatur;
2669 863 2769 902 nec
2809 848 3058 917 quotidie
3101 850 3191 904 illa
3224 853 3304 906 uti
3347 857 3627 924 praecepit,

2060 937 2153 990 sed
2187 944 2398 990 tantum
2432 937 2483 990 in
2510 937 2728 1005 publico
2763 946 2817 992 et
2865 955 3065 1007 magno
3093 939 3383 997 Dominico
3436 944 3576 999 festo
3611 963 3627 998 :

2059 1042 2227 1095 quare
2257 1042 2323 1082 ex
2352 1027 2510 1095 jussu
2543 1026 2635 1083 Dei
2672 1028 2785 1082 haec
2818 1029 3088 1098 deposita,
3120 1038 3176 1085 et
3204 1047 3371 1103 supra
3409 1048 3629 1088 sacram

2058 1130 2302 1171 mensam
2348 1117 2401 1171 in
2434 1116 2593 1170 altari
2628 1117 2803 1186 ipsius
2839 1120 3024 1188 templi
3066 1135 3337 1190 suspensa
3380 1131 3626 1188 manent,

2058 1214 2112 1261 ct
2142 1206 2195 1259 in
2218 1216 2470 1262 ornatum
2516 1208 2763 1263 ecclesia:
2793 1209 3053 1279 deputata
3086 1219 3234 1266 sunt.
3267 1210 3495 1283 Reliqua
3529 1229 3632 1268 au-

2059 1304 2166 1351 tem
2202 1297 2520 1353 indumenta
2552 1307 2606 1353 et
2636 1314 2766 1370 saga
2808 1300 3109 1369 imperialia
3161 1318 3329 1372 supra
3361 1303 3503 1358 hanc
3539 1320 3631 1359 sa-

2059 1401 2208 1441 cram
2254 1403 2494 1442 mensam
2530 1397 2757 1444 extensa
2798 1390 3005 1459 jaceut.
3042 1390 3179 1446 Cum
3212 1408 3378 1462 porro
3412 1393 3641 1449 Domini

2054 1484 2113 1527 .ct
2144 1475 2234 1529 Dei
2273 1482 2443 1530 nostri
2471 1476 2599 1530 Jcsu
2633 1478 2834 1532 Christi
2872 1479 3070 1537 festum
3108 1481 3386 1547 inciderit,
3420 1498 3487 1537 ex
3524 1486 3629 1537 hu-

2061 1561 2300 1630 jusmodi
2332 1565 2490 1619 stolis
2516 1575 2570 1619 et
2600 1569 2815 1621 coronis
2847 1586 2909 1624 ea
2944 1572 3290 1641 accipiuntur
3317 1588 3348 1625 a
3386 1573 3620 1641 patriar-

2064 1651 2187 1717 cha,
2225 1668 2346 1733 qua:
2379 1661 2491 1706 tum
2515 1664 2819 1724 opportuna
2847 1666 2902 1711 et
2935 1660 3318 1716 convenientia
3351 1671 3501 1728 sunt,
3531 1665 3627 1734 qui

2062 1758 2127 1799 ea
2156 1744 2223 1798 ad
2256 1745 2637 1813 imperatorem
2670 1747 2856 1811 mittit,
2901 1747 3059 1815 isque
3101 1748 3209 1803 illis
3234 1759 3495 1820 tanquam
3525 1755 3630 1808 nti-

2062 1836 2234 1892 nister
2284 1835 2380 1892 Dei
2430 1838 2484 1892 in
2537 1852 2801 1907 processu
2856 1846 3068 1891 tantum
3123 1837 3410 1905 induitur;
3468 1853 3632 1911 atque

2060 1944 2283 1984 rursum
2337 1939 2628 1999 postquam
2685 1929 2794 1985 illis
2844 1938 2930 1984 est
2977 1945 3130 1999 usus,
3196 1944 3260 1986 ea
3304 1932 3532 1986 remittit
3576 1936 3631 1989 in

2058 2022 2370 2088 ecclesiam,
2428 2023 2519 2076 ubi
2582 2030 2926 2093 reponuntur
2976 2022 3043 2078 de
3096 2038 3267 2079 more.
3318 2023 3631 2090 Quinetiam

2062 2113 2236 2166 sancti
2282 2120 2336 2166 et
2371 2117 2549 2183 magni
2577 2113 2919 2168 Constantini
2955 2114 3006 2168 in
3052 2114 3144 2170 Dei
3189 2115 3438 2172 ecclesia:
3468 2131 3631 2171 sacra

2062 2216 2251 2257 mensa
2279 2203 2588 2257 maledictio
2626 2205 2830 2271 scripta
2858 2214 2962 2269 est,
2996 2214 3055 2260 ut
3094 2206 3198 2277 ipsi
3234 2222 3331 2278 per
3376 2210 3628 2280 angelum

2065 2292 2208 2348 Deus
2232 2293 2531 2346 mandavit.
2565 2293 2634 2349 Ut
2661 2293 2771 2367 64,
2810 2296 2853 2350 si
2882 2298 3003 2366 quis
3038 2299 3337 2368 imperator
3370 2315 3466 2369 pro
3491 2316 3631 2369 qua-

2052 2400 2296 2454 cumque
2334 2385 2659 2441 necessitate
2697 2396 2791 2440 aut
2827 2402 3009 2442 rerum
3042 2390 3376 2454 conditione,
3410 2392 3526 2446 sive
3558 2407 3627 2446 ex

2061 2476 2441 2544 intempestiva
2477 2476 2758 2546 cupidine,
2806 2492 2873 2533 ex
2920 2478 2987 2534 iis
3018 2479 3264 2550 quaedam
3297 2481 3533 2547 auferat,
3566 2497 3631 2535 ac

2059 2569 2174 2624 sive
2206 2570 2321 2637 ipse
2350 2569 2419 2625 iis
2444 2577 2654 2633 utatur,
2680 2577 2777 2624 aut
2800 2570 2924 2626 aliis
2954 2570 3197 2641 prabere
3216 2570 3434 2634 audeat,
3470 2573 3628 2640 quasi

2060 2660 2235 2715 hostis
2266 2670 2318 2715 et
2352 2660 2440 2715 Dei
2468 2660 2751 2730 jussorum
2785 2661 3065 2729 inimicus,
3095 2663 3442 2719 anathemate
3469 2664 3631 2718 feria-

2060 2759 2171 2812 tur,
2202 2757 2254 2803 et
2292 2751 2360 2805 ab
2384 2750 2630 2806 Ecclesia
2665 2752 2995 2822 expellatur.
3025 2752 3083 2808 Si
3114 2767 3246 2809 vero
3270 2754 3387 2821 ipse
3412 2768 3633 2822 quoque

2065 2843 2172 2896 alia
2199 2842 2307 2898 illis
2336 2843 2537 2898 similia
2572 2843 2785 2899 elIicere
2817 2845 2966 2909 velit,
2995 2844 3112 2915 ipsa
3138 2860 3353 2915 quoque
3396 2846 3629 2900 ecclesia

2062 2932 2311 3002 recipiat,
2347 2933 2519 2989 libera
2550 2949 2681 2989 voce
2708 2935 3018 3003 petentibus
3047 2937 3321 3006 cpisc0pis
3351 2937 3631 3001 omnibus,

2061 3032 2115 3079 et
2152 3033 2344 3080 senatu
2371 3042 2385 3080 :
2419 3041 2599 3095 neque
2622 3024 2707 3080 vel
2736 3026 3058 3096 imperatori
3086 3028 3171 3083 vel
3198 3029 3524 3098 patriarchae
3548 3030 3626 3083 vel

396 3118 577 3182 καθὼς
595 3120 741 3188 αὐτῷ
760 3120 791 3173 ὀ
820 3120 951 3183 Θεὸς
977 3121 1065 3175 διὰ
1111 3118 1206 3175 τοῦ
1239 3120 1471 3189 ἀγγέλου
1495 3119 1802 3190 διωρίσατο.
1841 3120 1957 3172 ’Ὶνα

2065 3119 2317 3186 cuiquam
2360 3117 2642 3173 hominum
2685 3115 2921 3173 facultas
2956 3118 3051 3184 sit,
3095 3134 3279 3174 rerum
3312 3119 3628 3188 huiusmodi

396 3209 491 3261 ἐὰν
514 3207 742 3281 βουληθῇ
777 3208 1027 3277 βασιλεὺς
1055 3209 1145 3265 διά
1187 3227 1307 3263 τινα
1328 3208 1515 3280 χρείαν
1545 3209 1577 3278 ἢ
1617 3208 1956 3278 περίστασιν,

397 3299 427 3367 ἦ
451 3299 741 3367 ἐπιθυμίαν
769 3300 997 3370 ἄκαιρον
1023 3299 1081 3365 ἐξ
1108 3298 1287 3354 αὐτῶν
1313 3300 1537 3369 ἐπάραι,
1577 3300 1671 3352 καὶ
1699 3299 1731 3369 ἢ
1795 3298 1959 3363 αὐτὸς

398 3388 867 3459 καταχρήσασθαι,
900 3390 933 3461 ἦ
972 3388 1182 3459 ἑτέροις
1206 3387 1557 3459 χαρίσασθαι,
1601 3387 1677 3451 ὡς
1703 3388 1961 3459 πολέμιος

399 3481 492 3533 καὶ
527 3480 634 3534 τῶν
666 3482 760 3534 τοῦ
793 3481 928 3535 Θεοῦ
960 3481 1398 3553 προσταγμάτων
1454 3480 1649 3552 ἐχθρὸς
1683 3480 1959 3550 ἀναθεμα-

397 3570 630 3639 τίςηται,
665 3570 883 3643 καὶτῆς
925 3572 1250 3642 Ἐκκλησίας
1286 3571 1754 3642 ἀποκηρύττηται.
1786 3571 1848 3623 Ei
1900 3570 1958 3625 δὲ

400 3662 492 3712 καὶ
541 3662 703 3725 αὐτὸς
762 3662 925 3733 ἕτερα
994 3664 1155 3733 ὅμοια
1206 3664 1403 3734 καμεῖν
1458 3662 1712 3734 βουληθῇ,
1743 3663 1831 3715 ἵνα
1865 3663 1959 3715 καὶ

397 3753 539 3806 αὐτὶ
564 3756 596 3824 ἡ
621 3754 715 3807 τοῦ
744 3754 879 3807 Θεοῦ
905 3755 1173 3826 ἐκκλησία
1200 3755 1675 3825 ἀναλαμϐάνηται,
1717 3755 1829 3807 τῶν
1855 3756 1959 3825 ἀρ-

398 3844 632 3913 χιερέων
689 3844 908 3897 πάντων
934 3846 1014 3907 είς
1052 3846 1224 3898 ταῦτα
1273 3845 1823 3915 παρρησιαζομένων,
1868 3844 1961 3897 καὶ

393 3935 498 4005 τῆς
531 3933 836 4003 συγκλήτου
860 3950 875 3967 ο
908 3936 1006 3989 καὶ
1031 3935 1106 4005 μὴ
1136 3934 1280 4004 ἔχειν
1307 3935 1555 4000 ἐξουσίαν
1576 3936 1716 4004 μήτε
1739 3934 1830 3986 τὸν
1863 3934 1961 4002 βα-

397 4024 568 4087 σιλέα,
598 4025 737 4095 μήτε
762 4024 852 4079 τὸν
876 4024 1243 4095 πατριάρχην,
1283 4024 1420 4094 μήτε
1452 4025 1637 4095 ἕτερόν
1686 4041 1809 4077 τινα
1864 4023 1963 4087 τὰς

396 4115 647 4177 τοιαύτας
680 4115 1159 4186 ἀναλαμϐάνεσθαι
1211 4118 1426 4183 στολὰς,
1458 4116 1489 4187 ἢ
1537 4115 1607 4169 τὰ
1647 4114 1961 4186 στέμματα,

396 4208 502 4259 ἀπὸ
522 4207 620 4277 τῆς
649 4207 809 4276 ἀγίας
836 4208 930 4262 τοῦ
962 4208 1096 4262 Θεοῦ
1126 4208 1455 4278 ἐκκλησίας·
1481 4208 1573 4262 καὶ
1600 4207 1764 4277 φόϐος
1788 4208 1961 4278 μέγας

398 4300 701 4370 ἐπήρτηται
762 4302 872 4364 τοῖς
927 4300 1271 4370 βουλομένοις
1348 4299 1677 4370 ἀνατρέπειν
1731 4315 1783 4351 τι
1852 4298 1960 4352 τῶν

397 4392 650 4444 τοιούτων
683 4391 881 4449 θεῖκῶν
910 4392 1227 4458 διατάξεων.
1258 4386 1352 4455 Εἲς
1374 4390 1482 4461 γάρ
1531 4408 1616 4454 τις
1658 4390 1767 4445 τῶν
1802 4389 1956 4461 βασι·

2064 3208 2377 3276 quampiam
2428 3223 2497 3263 ex
2530 3215 2723 3263 sancta
2762 3206 2856 3263 Dei
2901 3207 3131 3264 ecclesia
3163 3217 3474 3279 exportare,
3514 3209 3632 3263 sive

2064 3298 2218 3354 stola:
2248 3313 2325 3352 eae
2354 3300 2463 3353 sint
2495 3299 2610 3354 sive
2645 3313 2888 3354 coronze.
2925 3298 3069 3354 Sane
3105 3301 3170 3355 iis
3209 3300 3299 3369 qui
3325 3316 3388 3353 ex
3440 3299 3633 3368 hujus-

2063 3388 2209 3443 modi
2242 3388 2333 3445 Dei
2358 3388 2631 3444 mandatis
2662 3389 2979 3460 quodquam
3022 3398 3269 3445 evertere
3299 3389 3486 3453 velint,
3519 3402 3634 3443 ma-

2050 3495 2167 3551 .gna
2216 3480 2495 3551 impendet
2534 3481 2791 3538 formido.
2845 3481 2983 3537 Nam
3038 3482 3261 3553 quidam
3315 3481 3633 3549 imperator,

2061 3572 2172 3629 Leo
2209 3572 2257 3629 is
2285 3574 2608 3639 vocabatur,
2646 3574 2738 3644 qui
2782 3574 2945 3629 etiam
2975 3590 3040 3629 ex
3082 3573 3352 3630 Chazaria
3403 3588 3631 3627 uxorem

2060 3667 2311 3732 duxerat,
2344 3682 2465 3722 cum
2502 3667 2814 3723 inconsulto
2843 3683 3005 3729 ausu,
3058 3667 3351 3737 quodpiam
3388 3681 3453 3720 ex
3484 3666 3635 3720 hisce

2059 3757 2442 3813 stemmatibus
2472 3758 2814 3821 abstulisset,
2838 3758 2945 3813 etsi
2978 3758 3263 3812 Dominico
3301 3773 3407 3811 non
3434 3773 3633 3812 occur-

2063 3853 2215 3899 rente
2240 3845 2399 3906 l‘esto,
2426 3855 2590 3915 atque
2620 3848 2672 3900 id
2707 3855 2904 3914 praeter
2924 3848 3255 3914 patriarchae
3275 3848 3630 3907 voluntatem.

2064 3932 2211 3985 hunc
2241 3934 2345 3985 sibi
2375 3941 2627 3985 ornatum
2661 3932 2964 3999 imposuit:
2998 3946 3064 3986 ac
3096 3933 3278 3987 subito
3311 3934 3554 3986 carbone
3577 3934 3632 3986 in

2066 4021 2259 4075 faciem
2283 4028 2631 4088 erumpente,
2654 4019 2869 4089 magnis
2900 4019 3028 4074 inde
3050 4020 3330 4074 cruciatus
3347 4020 3645 4075 doloribus,

2065 4112 2266 4167 misere
2296 4111 2475 4183 periit,
2512 4124 2577 4166 ac
2604 4110 2706 4165 sibi
2740 4117 2867 4165 ante
2894 4120 3109 4181 tempus
3133 4119 3362 4166 mortem
3394 4120 3635 4165 matura-

2062 4204 2158 4258 vit.
2195 4202 2373 4272 Atquc
2394 4216 2461 4257 ex
2492 4202 2785 4258 subitanea
2810 4201 2901 4256 illa
2928 4201 3245 4270 hujusmodi
3279 4201 3524 4257 audaciae
3555 4203 3637 4255 ul-

2060 4297 2230 4359 tione,
2288 4294 2335 4350 is
2388 4293 2585 4350 exinde
2631 4307 2750 4349 mos
2800 4292 3057 4348 inductus
3090 4301 3194 4356 est.
3232 4301 3289 4347 ut
3335 4294 3651 4364 imperator-

2060 4401 2321 4443 coronam
2364 4394 2692 4458 accepturus
2733 4385 2907 4455 juret,
2938 4394 2992 4441 et
3024 4385 3346 4455 proﬁteatur
3395 4402 3454 4441 se
3494 4386 3651 4439 nihil

397 4481 554 4546 λέων,
595 4484 744 4535 Λέων
764 4482 1009 4551 ὀνόματι,
1032 4457 1090 4546 ὃς
1120 4484 1214 4538 καὶ
1248 4483 1355 4536 ἀπὸ
1379 4457 1661 4552 Χαζαρίας
1719 4457 1955 4549 γυναῖκα

2064 4479 2335 4536 mandatis
2371 4486 2426 4533 et
2459 4457 2952 4534 consuetudinibus
3010 4477 3250 4546 antiquis
3313 4477 3629 4545 huiusmodi

395 4570 656 4638 ἠγάγετο,
683 4570 895 4641 ἀϐούλῳ
935 4571 1109 4642 τόλμῃ
1170 4571 1516 4641 χρησάμενος
1540 4571 1598 4622 ἓν
1634 4570 1744 4623 τῶν
1781 4571 1952 4623 τοιούο

392 4680 503 4717 των
528 4662 818 4717 ἀνελάϐετο
842 4662 1177 4733 στεμμάτων
1200 4664 1537 4730 Δεσποτικῆς
1568 4664 1643 4733 μὴ
1673 4661 1952 4733 παρούσης

396 4753 629 4831 ἑορτῆς,κ
658 4754 752 4815 καὶ
782 4753 907 4824 δίχα
963 4754 1188 4825 γνώμης
1218 4752 1314 4807 τοῦ
1366 4753 1748 4826 πατριάρχουξ,
1802 4752 1960 4805 τοῦτο

2067 4568 2379 4632 adversum,
2441 4581 2829 4638 aggressurum
2886 4575 2981 4620 aut
3038 4567 3405 4637 cogitaturum
3460 4583 3621 4632 esse;

2063 4666 2225 4729 atque
2249 4657 2324 4712 ita
2355 4671 2384 4710 a
2418 4657 2727 4727 patriarcha
2755 4666 3069 4720 coronetur,
3096 4668 3151 4712 et
3180 4665 3401 4713 statutae
3424 4660 3631 4713 solem-

2069 4751 2228 4805 nitati
2252 4749 2610 4820 congruentia
2641 4756 2864 4819 peragat
2886 4757 2940 4804 et
2970 4748 3239 4829 absolvat.

396 4865 461 4899 πε
473 4847 771 4913 ριεϐάλετο.
797 4845 904 4899 Καὶ
929 4846 1132 4909 εὐθέως
1181 4845 1426 4916 ἄνθρακα
1456 4846 1547 4898 ἐπὶ
1572 4845 1666 4898 τοῦ
1702 4844 1954 4915 μετώπου
1990 4841 2257 4907 ἐκϐαλὼν,
2287 4841 2382 4897 καὶ
2400 4843 2520 4904 ταῖς
2552 4843 2617 4895 ἐκ
2644 4840 2839 4893 τούτου
2919 4838 3138 4902 ὀδύναις
3221 4841 3633 4908 κατατρυχόμε-

395 4942 877 5016 νος,κακινκάκως,
901 4941 1179 5015 ἀπέρρηξε
1198 4942 1260 4995 τὸ
1289 4941 1386 5012 ζῇν
1415 4940 1551 5011 (42),
1593 4940 1688 4993 καὶ
1747 4939 1853 5009 πρὸ
1896 4937 2089 5009 καιροῦ
2169 4939 2261 4990 τὸν
2325 4935 2557 4989 θάνατον
2614 4933 2988 4989 ἐπεσπάσατο.
3053 4935 3163 4988 Καὶ
3216 4934 3309 4985 τοῦ
3391 4930 3645 4985 τοιούτου.

1538 5095 1627 5149 AN
1635 5093 1832 5149 SELMi
1869 5092 2094 5149 BANDU
2104 5091 2192 5148 ΚΠ
2221 5089 2452 5147 NOTAE.

465 5238 578 5307 (59)
639 5236 777 5292 Vide
829 5236 1096 5294 Codinum
1154 5239 1221 5295 de
1274 5239 1427 5296 Clite.
1489 5238 1628 5293 aula:
1692 5238 1961 5293 Constan-

392 5309 569 5373 tinop.

464 5378 577 5445 (ιθ)
615 5376 704 5430 Sic
732 5376 785 5430 in
816 5392 918 5432 ms.
950 5376 1237 5446 Perperam
1288 5380 1343 5434 in
1382 5379 1566 5441 editis,
1605 5378 1674 5432 τὰ
1712 5378 1768 5430 δέ
1800 5375 1961 5429 λοιπὰ

393 5448 585 5518 ίμάτια
632 5446 819 5518 σαγία,
882 5455 988 5518 etc.
1046 5450 1275 5516 Σαγίον,
1317 5449 1455 5518 σάγη
1530 5459 1584 5505 et
1652 5448 1811 5515 σάγιν
1856 5461 1961 5500 vox

393 5516 609 5590 Latina,
639 5514 863 5590 Sagum.
892 5514 1027 5571 Vide
1055 5514 1316 5590 Dur-angii
1340 5514 1528 5575 Gloss.
1573 5514 1746 5590 Graec.

465 5586 580 5647 (il)
628 5586 903 5659 Coronam
948 5597 1127 5659 autem
1176 5584 1315 5642 hanc
1364 5588 1712 5659 imperatoris
1764 5584 1963 5659 lapillis

390 5662 640 5708 ornatam
674 5655 990 5727 depositam
1048 5656 1218 5711 fuisse
1262 5658 1314 5711 in
1355 5655 1469 5714 aede
1511 5657 1833 5727 Saphiana,
1860 5655 1950 5708 alii

391 5726 605 5787 mlunt,
637 5725 705 5777 ah
751 5723 1019 5787 Heraclio,
1071 5727 1161 5779 alii
1196 5742 1224 5779 a
1259 5727 1555 5791 Mauricio;
1592 5723 1686 5780 alii
1715 5725 1950 5793 denique

391 5796 464 5850 ab
492 5793 610 5863 ipso
637 5794 998 5852 Constantino
1026 5795 1237 5867 Magno,
1274 5805 1331 5852 ut
1364 5797 1450 5853 hic
1478 5798 1688 5854 videtur
1723 5797 1949 5853 innuero

2061 5238 2311 5305 scriptori
2330 5243 2535 5289 noster.

2132 5298 2244 5375 (4'2)
2288 5304 2379 5358 Sic
2406 5305 2583 5375 iuius.
2608 5304 2827 5375 Codice.
2852 5302 2954 5358 nisi
2980 5301 3257 5375 quodpro
3282 5298 3637 5375 κακινκάκως

2063 5371 2323 5431 scribitur
2352 5373 2528 5442 κακὴν
2559 5374 2747 5439 κάκος.
2794 5375 2861 5429 At
2898 5371 3633 5442 scribendumixaxtvatdzxto;

2063 5449 2326 5501 docemur
2360 5460 2424 5499 ex
2463 5439 2580 5497 Vita
2631 5445 2804 5499 sancti
2843 5440 3099 5507 Stephani
3140 5439 3383 5493 Junioris
3424 5439 3568 5493 edita
3600 5456 3631 5495 α

2060 5515 2376 5571 doctissimo
2434 5512 2497 5567 D.
2561 5513 2834 5568 Bernardo
2895 5513 2960 5564 de
3013 5508 3358 5563 Monll‘aucou
3416 5517 3627 5569 nostro.

2059 5602 2185 5656 pag.
2213 5584 2750 5656 515__:_xaxwzdxto;
2791 5578 3034 5656 παρευθὺ
3065 5577 3186 5656 τοῦ.
3207 5577 3305 5656 ζῇν
3333 5579 3634 5656 ἀπαλλαγεί

2057 5647 2110 5709 et
2134 5647 2261 5723 pag.
2295 5652 2431 5707 527:
2465 5653 2813 5723 κακινκάκως
2840 5648 3029 5723 τὸηζῇν
3054 5647 3363 5723 ἀπέρρηξεν
3395 5652 3473 5712 είς
3504 5647 3599 5703 de;
3627 5680 3635 5689 ,

2057 5717 2315 5792 λεύτητον
2346 5721 2813 5792 παραπεμφθείσα
2849 5717 3090 5792 κόλασιν.
3128 5717 3415 5792 Ριιιίιοιζαιη
3450 5729 3642 5792 autem.

2058 5796 2117 5850 in»
2160 5786 2334 5850 Editis
2383 5786 2831 5862 ιόςὶιυι“’,’κακὴν
2890 5787 3073 5853 κακῶς
3117 5788 3458 5858 ἀπερῤήζετο
3497 5786 3629 5849 ζεῖν,
