4050 6216
473 322 575 389 187

1491 307 1982 368 CONSTANTINl
2030 302 2696 365 PORPHYROGENITI

3609 295 3715 358 188

464 427 976 497 eacornmuoicatur
1012 434 1067 481 et
1097 423 1446 479 anathemate
1475 422 1811 488 damnatur;
1849 428 2038 492 utpote

2149 421 2241 472 καὶ
2270 420 2335 488 τῇ
2381 416 2670 485 Ῥωμαίων
2697 413 2839 484 ἀρχῇ
2874 413 2967 466 καὶ
2986 410 3164 481 ἑαυτῷ
3190 409 3611 482 προσετρίψατο,
3642 412 3725 475 ὡς

467 526 561 597 qui
620 524 714 578 Dei
756 526 811 575 et
852 514 1027 573 sancti
1063 513 1245 584 magni
1295 512 1647 585 imperatoris
1684 510 2030 566 Constantini

465 611 921 677 constitutionem
963 603 1251 663 violaverit
1300 612 1359 658 et
1414 603 1695 659 everterit.
1747 598 2034 666 Quomodo

466 707 613 762 enim
648 702 735 756 fas
773 713 896 753 esse
930 697 1128 767 possit,
1169 693 1513 750 Christianos
1538 708 1663 749 cum
1722 690 2035 746 inﬁdelibus

462 791 812 852 matrimonia
832 789 976 845 inire
1010 786 1421 854 afﬁnitatesque
1454 783 1807 846 contrahere,
1853 781 1906 835 id
1937 794 2034 835 ca-

462 899 606 941 none
657 880 1003 952 prohibente,
1038 884 1094 932 et
1147 876 1402 952 universa
1452 871 1701 929 Ecclesia
1747 869 2032 940 indignum

459 970 601 1026 illud
620 950 675 1025 et
702 985 730 1023 a
755 967 1073 1025 Christiano
1098 972 1244 1021 statu
1289 950 1528 1019 alienum
1543 976 1668 1018 esse
1688 958 2035 1014 arbitrantell

462 1064 574 1118 Aut
621 1062 749 1131 quis
798 1075 865 1114 ex
888 1057 1232 1126 conspicuis,
1282 1055 1572 1125 generosis
1597 1063 1655 1109 et
1694 1051 2073 1122 sapientibus-

446 1147 893 1221 ,impe‘ratorihus
941 1144 1208 1202 Romanis
1254 1158 1368 1198 rem
1398 1139 1718 1211 hujusmodi
1764 1136 2034 1194 admisit?

463 1230 623 1307 Quod
654 1241 700 1296 si
732 1247 1031 1307 reponant:
1078 1236 1195 1291 Cur
1233 1235 1494 1291 dominus
1538 1233 1830 1289 Romanus
1861 1232 2037 1301 impe.

462 1344 638 1398 rator,
670 1345 791 1387 cum
825 1328 1074 1396 Bulgaria
1102 1327 1370 1382 afﬁnitate
1396 1326 1625 1394 junctus
1651 1332 1755 1386 est,
1788 1332 2035 1392 neptem-

463 1438 571 1494 que
602 1422 886 1492 propriam
919 1420 1143 1477 domino
1167 1418 1329 1475 Petro
1361 1416 1598 1488 Bulgaro
1641 1413 1923 1471 elocavit?
1953 1413 2034 1468 ita

466 1515 910 1586 respondendum
941 1519 1026 1569 est
1052 1531 1065 1568 :
1110 1511 1253 1578 Quia
1277 1500 1535 1566 doritinus
1562 1507 1844 1562 Romanus
1864 1507 2038 1575 impe-

465 1613 618 1661 rator
650 1606 734 1659 vir
768 1604 1027 1660 indoctus
1057 1611 1113 1659 et
1145 1601 1447 1656 illiteratus
1482 1609 1622 1663 erat,
1655 1614 1832 1669 neque
1864 1598 1920 1652 in
1943 1612 2033 1653 re-

459 1695 553 1763 gia
604 1692 870 1748 educatus
930 1691 1129 1754 fuerat,
1172 1704 1349 1760 neque
1386 1704 1417 1743 a
1450 1689 1722 1760 principio
1771 1688 2035 1744 Romanis

2146 509 2216 561 τὰ
2244 507 2545 578 προγονικά
2579 505 3016 577 παραγγέλματα
3081 500 3394 573 ἀκυρώσας,
3436 503 3526 554 καὶ
3583 503 3722 573 παρ’

2140 601 2295 655 οὐδὲν
2320 601 2676 670 λογισάμενος
2696 616 2711 629 ·
2738 597 2880 667 πλὴν
2910 595 3032 655 οὐδὲ
3070 591 3354 665 ὀροόδοξος
3386 582 3725 663 Χριστιανὸς

2140 688 2207 763 ἦν
2234 695 2470 756 ἐκεῖνος,
2506 691 2623 746 ἀλλ’
2655 689 2929 761 αίρετικδς
2964 687 3061 743 καὶ
3085 685 3459 756 είκονομάχος.
3496 686 3588 739 Διὸ
3617 686 3722 755 χά-

2144 801 2228 854 ριν
2257 783 2366 837 τῶν
2399 780 2656 836 τοιούτων
2702 778 2868 836 αὐτοῦ
2894 779 3226 851 παρανόμων
3259 777 3626 846 ἀσεϐημάτων
3660 781 3724 831 ὲν

2140 878 2205 945 τῇ
2253 873 2349 929 τοῦ
2390 872 2527 927 Θεοῦ
2573 872 2869 942 Ἐκκλησία
2918 868 3187 939 διηνεκῶς
3240 867 3716 938 ἀποκηρύττεται,

2141 963 2234 1017 καὶ
2257 961 2734 1032 ἀναθεματίζεται.
2781 960 2859 1023 ὡς
2886 960 2978 1013 καὶ
3023 959 3123 1028 τῆς
3170 956 3265 1011 τοῦ
3290 957 3452 1022 Θεοῦ,
3478 957 3573 1013 καὶ
3613 956 3723 1026 τῆς

2141 1054 2238 1107 τοῦ
2271 1051 2428 1121 ἀγίου
2461 1052 2559 1106 καὶ
2594 1051 2832 1123 μεγάλου
2867 1049 3127 1120 βασιλέως
3147 1048 3561 1104 Κωνσταντίνου
3600 1048 3724 1102 δια-

2141 1144 2349 1210 τάξεως
2382 1143 2708 1214 παραϐάτης
2754 1144 2851 1197 καὶ
2883 1140 3246 1212 ἀνατροπεύς.
3304 1140 3431 1203 Πῶς
3459 1141 3566 1209 γάρ
3594 1142 3721 1193 ἐστι

2139 1232 2248 1288 τῶν
2279 1230 2666 1301 ἐνδεχομένων,
2705 1230 3065 1301 Χριστιανοὺς
3088 1227 3237 1297 μετὰ
3266 1226 3514 1284 ἀπίστεον
3538 1241 3719 1294 γαμι-

2141 1322 2246 1385 κὶις
2268 1321 2554 1382 κοινωνίας
2585 1324 2757 1374 ποιεῖν
2783 1320 2877 1373 καὶ
2927 1316 3440 1388 συμπενθεριάζειν,
3471 1315 3567 1368 τοῦ
3616 1332 3721 1368 κα·-

2140 1411 2290 1474 νόνος
2325 1410 2486 1465 τοῦτο
2522 1411 2846 1474 κωλύοντος.
2874 1411 2968 1463 καὶ
2995 1408 3095 1477 τῆς
3130 1404 3463 1476 Ἐκκλησίας
3494 1404 3720 1473 ἀπάσης

2140 1502 2418 1574 ἀλλότριον
2462 1502 2596 1558 αὐτὺ
2639 1501 2999 1572 λογιζομένης
3036 1498 3288 1569 (49).,καὶ
3322 1495 3430 1562 ἔξω
3448 1496 3546 1566 τῆς
3573 1498 3716 1565 Χρι-

2142 1595 2425 1664 στιανικῆς
2447 1592 2832 1656 καταστάσεως
2856 1608 2873 1656 ;
2905 1591 2938 1661 ἦ
2963 1591 3047 1654 τίς
3072 1590 3180 1645 τῶν
3208 1588 3478 1659 ἐκκρίτων
3499 1587 3593 1642 καὶ
3622 1586 3719 1639 εὐ-

2142 1684 2316 1751 γενῶν
2372 1683 2467 1738 καὶ
2497 1683 2675 1753 σοφῶν
2732 1680 2997 1751 βασιλέων
3029 1678 3315 1749 Ῥωμαίων
3345 1675 3668 1739 κατεδέξατο
3694 1690 3712 1740 ;

464 1785 678 1854 legibus
700 1791 754 1837 et
782 1783 1031 1838 moribus
1061 1783 1382 1847 obsecutus,
1432 1796 1609 1852 neque
1631 1796 1705 1835 ex
1726 1780 2038 1849 imperatu-

2141 1776 2204 1828 El
2225 1775 2281 1829 δὲ
2308 1773 2654 1839 ἀντείπωσιν,
2677 1772 2801 1836 Πῶς
2830 1772 2861 1825 ό
2890 1770 3077 1840 κύριος
3107 1769 3389 1839 Ῥωμανδς
3409 1771 3439 1822 ό
3458 1767 3718 1838 βασιλεὺς

462 1872 552 1927 rio
581 1878 636 1925 et
681 1869 855 1925 nobili
892 1884 1098 1941 genere
1138 1879 1333 1934 ortus;
1370 1869 1495 1925 ideo
1527 1868 1794 1923 audacius
1820 1875 1876 1927 et
1903 1867 2037 1923 libe-

464 1963 585 2017 rius
613 1961 780 2016 multa
822 1960 1120 2031 peragebat
1146 1977 1161 2013 :
1195 1966 1359 2028 atque
1390 1958 1444 2012 in
1466 1956 1572 2013 hac
1612 1973 1672 2012 re
1701 1972 1881 2028 neque
1907 1972 2038 2027 pro-

466 2053 677 2109 hibenti
703 2052 961 2107 Ecclesiae
987 2049 1294 2118 morigerus
1324 2049 1451 2112 luit,
1482 2063 1660 2118 neque
1682 2047 2030 2117 Magniﬁcu-

465 2141 695 2196 stantini
743 2140 969 2195 decreto
1016 2138 1455 2210 obtemperavit;
1507 2138 1603 2194 sed
1650 2153 1750 2209 pro
1780 2137 1956 2192 lubito
1984 2146 2041 2193 et

467 2230 738 2285 arbitratu
770 2243 896 2294 suo,
917 2228 1136 2284 honesti
1159 2229 1406 2299 ignarus,
1430 2228 1727 2284 honestum
1761 2234 1816 2282 et
1832 2227 2037 2282 bonum

470 2337 762 2390 respuens,
810 2333 1177 2392 paternasque
1211 2320 1537 2376 traditiones
1572 2318 1941 2390 vilipendcns,
1984 2319 2037 2375 id

468 2414 691 2483 aggredi
732 2428 901 2469 ausus
941 2421 1060 2469 est:
1114 2414 1219 2470 hoc
1268 2420 1482 2468 tantum
1531 2426 1666 2466 usus
1725 2411 2038 2473 rationabili

468 2505 692 2573 obtentu
718 2543 735 2570 ,
791 2505 898 2561 isto
944 2518 1141 2573 nempe
1170 2503 1331 2557 modo
1368 2502 1641 2573 ingentem
1691 2501 2036 2569 captivorum

468 2596 909 2650 Christianorum
945 2592 1350 2649 multitudinem
1384 2591 1644 2646 liberari:
1691 2587 2038 2646 Christianos

468 2684 601 2741 item
631 2698 756 2738 esse
786 2681 1051 2750 Bulgaros
1081 2687 1137 2734 et
1166 2678 1412 2748 ejusdem
1446 2678 1608 2733 lldei:
1638 2687 1898 2750 praeterea
1936 2692 2037 2733 ne-

469 2787 579 2840 que
624 2787 754 2827 vere
781 2770 1050 2841 principis
1101 2777 1155 2825 ct
1206 2770 1434 2840 legitimi
1483 2771 1835 2840 imperatoris
1871 2769 2035 2824 tiliam

467 2872 624 2925 esse;
654 2856 747 2913 scd
776 2856 920 2913 tertii
951 2852 1214 2928 postremi
1240 2868 1403 2927 atque
1433 2856 1688 2926 subjecti,
1712 2856 1805 2927 qui
1832 2857 2037 2911 nullam

472 2949 522 3002 iu
555 2950 716 3004 rebus
752 2948 966 3018 imperii
998 2956 1323 3019 potestatem
1355 2948 1608 3004 haberet.
1645 2947 1755 3005 Sed
1781 2949 1916 3004 nihil
1949 2964 2038 3004 re-

474 3037 684 3093 ferebat
747 3038 862 3094 sive
915 3040 1206 3105 remotiore
1248 3038 1364 3094 sive
1392 3040 1786 3110 propinquiore
1836 3055 2038 3111 cogna-

473 3220 745 3279 relerebat
785 3222 915 3277 item
947 3236 1218 3277 summam
1251 3222 1380 3277 hinc
1407 3221 1643 3293 publicis
1694 3222 1860 3279 rebus
1894 3222 2042 3279 utili-

473 3322 640 3369 tatem
696 3314 995 3381 obvenire;
1045 3322 1142 3369 aut
1173 3314 1422 3369 ultimum
1473 3329 1597 3371 esse
1648 3322 1891 3385 patrem,
1939 3329 2040 3370 nec

470 3405 767 3475 quidquam
813 3405 928 3461 fere
981 3406 1267 3476 potestatis
1302 3406 1540 3473 habere;
1600 3406 2041 3477 quandoquidem

473 3502 668 3549 contra
714 3495 1109 3554 ecclesiastica
1157 3493 1470 3551 traditionis
1507 3510 1773 3551 canonem
1809 3510 1875 3550 ac
1922 3510 2039 3549 ma-

470 3587 564 3655 gni
591 3585 878 3656 sanctique
899 3584 1253 3642 Constantini
1282 3586 1563 3643 decretum
1589 3586 1641 3641 id
1661 3588 1857 3658 agebat
1879 3605 1893 3643 :
1915 3603 2040 3643 nam

463 3674 686 3751 .mnltis.
736 3674 864 3730 dum
903 3685 1185 3746 superstes
1227 3685 1396 3742 esset,
1447 3677 1557 3749 67
1600 3676 1742 3733 idem
1783 3675 2041 3732 dominus

474 3765 761 3821 Romanus
811 3767 1163 3822 contumeliis
1205 3752 1467 3823 oneratus
1512 3775 1618 3835 est,
1649 3776 1705 3823 et
1753 3768 2042 3824 calumniae

471 3863 637 3926 atque
661 3855 786 3910 odio
824 3856 1096 3912 obnoxius
1128 3857 1251 3922 fuit,
1276 3872 1402 3912 cum
1447 3860 1589 3929 apud
1621 3868 1893 3924 senatum,
1927 3868 2040 3916 tum

474 3946 615 4017 apud
640 3946 810 4017 plebis
829 3947 1231 4004 multitudinem
1262 3956 1318 4003 et
1344 3947 1519 4019 ipsam
1539 3948 1866 4017 Ecclesiatn,
1893 3952 2041 4020 quod

476 4039 696 4093 tandem
734 4037 921 4092 odium
964 4037 1018 4092 in
1063 4047 1314 4108 apertum
1346 4039 1632 4109 prorupit;
1663 4040 1738 4094 ita
1766 4047 1825 4094 ut
1873 4040 2038 4095 etiam

474 4140 726 4185 mortuus
759 4128 1147 4199 vilipenzlatur,
1184 4129 1509 4184 traducatur
1537 4139 1591 4184 et
1620 4131 2037 4199 condemnetur,

471 4221 617 4290 quod
650 4235 759 4276 rem
794 4219 1108 4275 indecorant
1136 4235 1200 4276 ac
1233 4219 1431 4274 illustri
1465 4218 1836 4277 Romanorum
1867 4223 2041 4293 impe-

474 4314 558 4366 rio
594 4312 869 4382 indignam
907 4311 1309 4382 incmptaverit.
1352 4309 1593 4382 Singulae
1629 4327 1868 4384 namque
1911 4330 2042 4384 gen-

474 3131 623 3185 tione
649 3129 717 3183 ad
754 3103 1165 3203 imperatoriam
1193 3103 1421 3202 stirpem
1453 3103 1546 3187 illa
1584 3103 1868 3188 accederet
1890 3103 2039 3190 :vnec
2063 3103 2107 3161 c

2146 1865 2290 1935 μετά
2349 1863 2680 1934 Βουλγάρων
2739 1860 3245 1931 συνεπενθερίασεν,
3302 1860 3395 1936 καί
3445 1859 3544 1927 τὴν
3573 1854 3719 1911 ἰδίαν

2139 1956 2370 2027 ὲκγόνην
2390 1956 2622 2011 δέδωκεν
2641 1953 2715 2025 τῷ
2737 1954 2912 2025 κυρίῳ
2929 1953 3124 2023 Πέτρῳ
3139 1951 3216 2020 τῷ
3240 1950 3528 2020 Βουλγάρῳ
3552 1947 3668 2019 (59)
3697 1965 3716 2015 ;

2140 2048 2223 2103 δεῖ
2247 2045 2715 2118 ἀπολογήσασθαι,
2753 2046 2836 2098 ὅτι
2879 2043 2939 2099 '0
2967 2043 3154 2116 κύριος
3200 2042 3477 2111 Ῥωμανὸς
3500 2044 3530 2095 ὁ
3558 2042 3720 2111 βασις

2139 2140 2264 2203 λεύς
2287 2138 2502 2206 ἰδιώτης
2533 2139 2629 2193 καὶ
2649 2137 3010 2209 ἀγράμματος
3034 2134 3317 2205 ἄνθρωπος
3343 2129 3433 2204 ἧν.
3459 2133 3556 2187 καὶ
3578 2131 3713 2186 οὐτε

2140 2228 2248 2282 τῶν
2302 2228 2511 2283 ἀνωθεν
2554 2229 2612 2282 ὲν
2643 2226 2935 2300 βασιλείοις
2984 2223 3386 2296 τεθραμμένων
3433 2222 3555 2277 οὔτε
3602 2222 3718 2275 τῶν

2141 2319 2701 2390 παρηκολουθηκότων
2746 2317 2806 2385 ἐξ
2852 2317 3024 2387 ἀρχῆς
3072 2317 3183 2380 τοίς
3223 2315 3548 2383 Ῥωμαϊκοῖς
3596 2313 3716 2366 tot-

2143 2413 2319 2481 σμοῖς,
2357 2410 2482 2463 οὐτε
2526 2408 2632 2462 ἀπὸ
2658 2407 2848 2477 γένους
2888 2405 3158 2478 βασιλείου
3190 2406 3284 2460 καὶ
3308 2403 3584 2473 εὐγενοῦς,
3617 2406 3719 2456 καὶ

2139 2500 2226 2554 διὰ
2274 2499 2431 2553 τοῦτο
2478 2497 2871 2568 αὐθαδέστερον
2926 2499 3021 2551 καὶ
3054 2482 3608 2565 ὲξουσιαζστικώτερον
3641 2494 3717 2547 τὰ

2139 2592 2310 2646 πολλὰ
2338 2578 2761 2660 κατεπράττετο,
2795 2588 2891 2643 καὶ
2933 2590 2991 2641 ὲν
3022 2586 3198 2658 τούτῳ
3221 2585 3345 2640 οὐτε
3362 2588 3428 2656 τῇ
3462 2585 3711 2652 Ἐκκλη-

2144 2684 2238 2752 σία
2290 2679 2710 2752 ἀπαγορευούσῃ
2762 2680 3095 2750 ὑπήκουσεν,
3124 2676 3248 2741 οὐτε
3308 2679 3373 2747 τῇ
3401 2674 3586 2744 ἐντολῇ
3617 2674 3716 2728 καὶ

2139 2773 2368 2842 διαταγῇ
2399 2770 2495 2825 τοῦ
2518 2770 2754 2841 μεγάλου
2778 2767 3190 2825 Κωνσταντίνου
3214 2764 3712 2835 κατηκολούθησεν,

2139 2864 2254 2918 ἀλλ’
2304 2866 2367 2917 ὲκ
2397 2860 2622 2934 γνώμης
2653 2860 2920 2924 αὐθάδους
2974 2862 3068 2913 καὶ
3113 2856 3441 2912 αὐτοόούλου
3472 2860 3567 2910 καὶ
3603 2854 3714 2910 τῶν

2142 2956 2324 3010 καλῶν
2352 2953 2620 3024 ἀμαθοῦς,
2653 2954 2748 3009 καὶ
2773 2952 2848 3024 μὴ
2880 2950 3209 3023 βουλομένης
3234 2949 3462 3003 ἕπεσθαι
3490 2950 3568 3019 τῷ
3583 2949 3716 3021 πρέ-

2145 3063 2301 3101 ποντι
2343 3046 2439 3099 καὶ
2490 3045 2638 3115 καλῷ
2671 3044 2804 3114 μηδὲ
2833 3046 2953 3106 ταῖς
2980 3030 3515 3112 πατεροπαραδύτοις
3564 3052 3717 3094 στοιέ

2143 3139 2258 3209 χεῖν
2291 3137 2407 3206 (51)
2437 3135 2711 3201 διατάξεσι
2740 3135 2898 3189 τοῦτο
2935 3128 3156 3204 ποιῆσαι
3185 3135 3518 3205 τετόλμηκεν
3541 3152 3556 3166 ·
3580 3135 3717 3189 ταύ-

2140 3246 2240 3299 την
2269 3228 2436 3299 μόνην
2459 3227 2679 3297 εὐλογον
2699 3218 2945 3296 δηλονότι
2972 3226 3408 3298 προϐαλλόμενος
3438 3228 3715 3296 πρόφασιν

2140 3306 2397 3372 τοσοῦτον
2453 3317 2658 3389 πλῆθος
2717 3315 3076 3388 αἰχμαλώτων
3105 3317 3451 3387 Χριστιανῶν
3475 3316 3569 3371 διὰ
3612 3319 3717 3387 τῆς

2142 3406 2399 3478 τοιαύτης
2431 3407 2679 3477 πράξεως
2712 3406 3101 3479 ἀναρῤύεσθαι,
3141 3408 3318 3462 καὶτὸ
3348 3410 3717 3479 Χριστιανοὺς

2142 3492 2282 3551 εἶναι
2310 3498 2403 3552 καὶ
2428 3498 2555 3562 τούς
2578 3497 2921 3567 Βουλγὰρους
2952 3497 3288 3567 όμοπίστους
3317 3497 3717 3568 ήμῶν.Ἀλλως
3808 3500 3823 3523 ‘

2140 3605 2200 3642 τε
2231 3588 2324 3642 καὶ
2349 3589 2431 3641 ὅτι
2454 3587 2575 3641 οὐδὲ
2601 3588 3001 3660 αὐτοκράτορος
3029 3587 3124 3642 καὶ
3153 3587 3413 3658 ἑνθέσμου
3441 3585 3715 3656 βασιλέως

2142 3679 2387 3750 θυγάτηρ
2441 3681 2475 3751 ὴ
2504 3679 2820 3750 ὲκδιδομένη
2853 3677 3169 3750 ἐτύγχανεν,
3200 3676 3335 3731 ἀλλά
3368 3677 3576 3746 τρίτου,
3611 3677 3718 3730 καὶ

2140 3771 2370 3843 ἐσχάτου
2405 3771 2539 3841 (52),
2563 3772 2658 3825 καὶ
2681 3770 2762 3825 ἔτι
2785 3771 3123 3844 ὑποχειρίου,
3150 3770 3242 3825 καὶ
3267 3768 3535 3841 μηδεμίαν
3558 3767 3716 3835 ἐξου-

2143 3864 2263 3918 σίαν
2298 3865 2356 3918 ὲν
2386 3865 2499 3927 τοῖς
2527 3862 2629 3932 τῆς
2679 3863 2856 3935 ἀρχῆς
2890 3863 3208 3934 μετέχοντος
3236 3862 3528 3932 πράγμασι
3547 3876 3561 3892 ·
3614 3862 3713 3915 καὶ

2139 3954 2293 4008 οὐδὲν
2319 3953 2568 4027 διέφερεν
2626 3952 2688 4008 τδ
2717 3953 2960 4008 τοιοῦτον
2986 3953 3079 4008 τοῦ
3112 3954 3209 4008 καὶ
3247 3954 3415 4024 ἀλλην
3447 3953 3569 4006 τινὰ
3597 3952 3713 4005 τῶν

2142 4045 2435 4116 βασιλικῶν
2466 4046 2797 4114 συγγενίδων
2830 4046 2938 4099 τῶν
2964 4045 3300 4119 πορρωτέρω
3327 4062 3387 4100 τε
3421 4046 3515 4100 καὶ
3541 4046 3714 4113 ἑγγύς

2139 4137 2239 4206 τῆς
2267 4136 2543 4206 βασιλείας
2583 4137 2862 4206 εὐγενείας
2893 4137 3300 4208 τυγχανουσῶν,
3331 4138 3428 4191 καὶ
3469 4137 3559 4191 διά
3587 4155 3713 4191 τινα

2140 4228 2442 4297 κοινωφελῆ
2464 4228 2706 4281 δουλείαν
2736 4230 2832 4283 καὶ
2861 4229 2956 4283 τοῦ
2981 4230 3210 4300 ἐσχάτου
3242 4234 3339 4284 καὶ
3366 4231 3534 4301 μηδὲν
3580 4247 3713 4299 σχεο

2139 4317 2228 4373 δὸν
2285 4318 2689 4384 ὲξουσιάζοντος
2710 4340 2722 4353 ·
2770 4322 2890 4375 ἐπεὶ
2939 4321 3043 4387 ἔξω
3098 4321 3191 4375 τοῦ
3224 4324 3446 4385 κανόνος
3491 4322 3585 4376 καὶ
3613 4323 3716 4391 τῆς

474 4408 584 4465 tes,
638 4415 763 4455 cum
812 4400 1064 4457 diversos
1106 4415 1310 4466 mores,
1346 4401 1593 4459 diversas
1640 4402 1768 4458 item
1803 4405 1950 4476 leges
1985 4415 2038 4460 et

2142 4408 2601 4481 ὲκκλησιαστικῆς
2646 4411 3018 4483 παραδόσεως,
3076 4413 3172 4466 καὶ
3225 4413 3325 4484 τῆς
3348 4411 3441 4465 τοῦ
3474 4413 3715 4481 μεγάλου

473 4489 899 4553 constitutiones
945 4489 1202 4556 habeant,
1253 4505 1317 4546 ca
1361 4491 1598 4548 retinere
1650 4494 1871 4561 debent,
1918 4512 2038 4568 quae

2147 4500 2305 4569 ἀξίου
2345 4501 2610 4573 βασιλέως
2655 4502 3069 4557 Κωνσταντίνου
3123 4503 3387 4573 διαταγῆς
3412 4520 3473 4557 τε
3507 4503 3599 4557 καὶ
3628 4505 3718 4556 ὲν-

1605 4652 1904 4715 ΑΝεΕωιι
1934 4656 2265 4717 ΒΑΝουιιιι
2286 4660 2520 4718 NOTAE.

469 4815 667 4889 autem
693 4804 1041 4889 (Eoprquymi
1071 4808 1214 4889 Illius
1245 4808 1719 4889 Irenem_.l_lthenis
1748 4812 2036 4889 oriundam

474 4878 529 4930 in
563 4878 970 4930 matrimonium
985 4879 1176 4956 “duxit
1195 4897 1209 4946 ;
1242 4897 1362 4950 qua:
1391 4883 1610 4956 quidem
1639 4895 1758 4956 post
1789 4885 2038 4956 conjugis

471 4961 780 5026 excessum,
813 4961 937 4999 cum
981 4947 1092 5026 tilio
1136 4947 1497 5026 Constantino
1536 4947 1824 5026 impubcre
1856 4947 2033 5023 intp'e-

473 5018 612 5097 rgum
644 5031 739 5085 per
762 5029 939 5097 annos
963 5017 1147 5097 decem
1175 5017 1743 5097 administravitjqui
1774 5039 1886 5079 sua:
1906 5017 2036 5097 aeta-

474 5086 548 5140 tis
586 5083 785 5163 laetus.
837 5095 1063 5163 matrem
1105 5088 1460 5163 iu__ordinem
1510 5083 1717 5163 redegit
1772 5111 1787 5148 :
1846 5106 1901 5150 at
1940 5095 2033 5149 illa

470 5156 872 5236 comprehenso
908 5156 1038 5236 lilio,
1069 5158 1352 5236 oculisque
1385 5156 1814 5236 privatoﬂotam
1839 5179 2032 5236 rursus

472 5225 687 5295 imperii
745 5225 1125 5295 auctoritatem
1169 5227 1223 5281 in
1263 5225 1337 5284 'se
1378 5225 1702 5295 transtulit;
1750 5234 1967 5288 tandem
2001 5247 2031 5286 a

475 5293 783 5368 Nico-pltare
816 5293 1068 5368 Generaji
1099 5297 1513 5368 comprehensa,
1542 5293 1768 5368 imperio
1794 5312 1878 5357 est
1899 5317 2035 5357 exu-

476 5372 554 5442 ta,
580 5362 634 5420 ct
656 5364 981 5442 inittsulam
1016 5362 1457 5442 P_roten,1l_einde
1492 5362 1547 5423 in
1595 5362 1806 5425 Lesbon
1841 5373 2036 5442 depor-

479 5440 631 5506 tata._
643 5434 749 5506 ubi
769 5434 910 5490 haud
948 5438 1121 5506 multo
1146 5444 1268 5506 post
1289 5437 1400 5492 l'ato
1430 5437 1614 5493 functa
1645 5449 1748 5494 est.

547 5502 791 5575 (59).$ie
828 5502 1202 5575 emcndatnus.
1241 5505 1530 5575 Perperam
1579 5508 1633 5561 in
1677 5511 1842 5565 editis
1881 5521 1936 5565 et
1978 5512 2034 5565 in

478 5582 583 5651 rus.
610 5571 812 5651 legitur
838 5572 986 5645 αὐτῷ
1010 5589 1109 5645 pro
1130 5577 1262 5630 αὐτό
1280 5592 1294 5606 ·
1321 5571 1375 5632 εὶ
1404 5577 1565 5649 paulo
1596 5576 1737 5634 infra
1768 5580 2035 5651 ὲγκρίτων

474 5650 590 5708 pro
606 5638 891 5708 ξκῐιρίτων.

553 5688 666 5778 (50)
694 5688 897 5764 rem};
939 5712 1202 5786 Bnlgarite
1242 5731 1355 5784 res,
1393 5718 1680 5790 Symcouis
1709 5718 1873 5791 lilius,
1905 5737 2038 5794 pace

2144 4834 2268 4875 cttm
2309 4819 2576 4876 Romanis
2607 4820 2931 4891 composita,
2972 4819 3507 4891 Constantinopolim
3538 4824 3716 4886 venit,

2141 4898 2195 4962 et
2224 4906 2253 4943 a
2284 4890 2532 4962 Romano
2559 4890 3260 4962 Lecapenoperbonnriliee
3281 4899 3567 4959 exceptus,
3601 4892 3719 4945 Ma-

2139 4960 2292 5082 giam.
2309 4976 2374 5016 ex
2402 4958 2800 5032 Christophoro
2826 4958 3062 5016 Caesaris
3088 4958 3206 5014 tilio
3232 4958 3449 5030 neptem
3483 4976 3714 5017 uxorem

2181 5045 2269 5082 usi
2305 5069 2319 5082 .

2363 5097 2456 5154 Sic
2485 5099 2738 5156 emendo.
2773 5097 2833 5153 In
2861 5097 3026 5155 editis
3054 5105 3110 5153 et
3140 5097 3194 5153 in
3229 5112 3333 5154 ms.
3367 5097 3587 5172 legitur,
3617 5117 3717 5154 τυ-

2135 5170 2272 5238 χεῖν,

2212 5237 2325 5307 (59)
2366 5237 2458 5293 Sic
2480 5253 2531 5309 .a
2564 5238 2832 5309 principio
2863 5237 3085 5309 imperii
3115 5238 3277 5309 tertio
3311 5236 3433 5309 loco
3462 5237 3719 5309 Christo-

2140 5308 2349 5378 phorus
2391 5306 2816 5378 nominabatur;
2862 5313 2919 5360 at
2946 5306 3060 5378 ’u_bi
3100 5306 3555 5378 Christgphorus,
3587 5307 3717 5378 Sle:

2141 5374 2355 5445 phanns
2393 5385 2465 5446 et
2502 5377 2921 5446 Constantinus
2983 5374 3216 5446 Romani
3281 5374 3555 5446 Lecapeni
3613 5377 3716 5431 lilii

2141 5444 2427 5516 Augustali
2480 5445 2744 5515 dignitate
2787 5446 2973 5516 donati
3024 5444 3270 5516 fuerunt,
3318 5460 3387 5501 eo
3436 5444 3717 5516 processit

2142 5513 2377 5572 hominis
2401 5513 2762 5586 impudentia,
2790 5524 2850 5570 ut
2879 5514 3047 5569 ﬁlium
3070 5513 3536 5586 Christophor'um
3565 5514 3717 5586 Con-

2141 5587 2384 5641 stantino
2431 5584 2495 5639 in'
2528 5587 2884 5641 consessibus
2911 5591 2967 5640 et
2994 5584 3488 5640 acclamationibus
3522 5585 3712 5641 publi-

2141 5655 2224 5711 cis
2268 5655 2507 5724 praeponi
2548 5656 2801 5719 voluerit,
2844 5663 2904 5724 ut
2938 5662 3084 5724 patet
3116 5670 3181 5709 ex
3214 5653 3436 5723 Luithp.
3481 5653 3575 5709 lib.
3619 5667 3706 5721 tn,

2143 5741 2261 5795 cap.
2289 5725 2341 5780 9.
2368 5725 2513 5795 Scyl.
2545 5739 2663 5796 pag.
2703 5726 2827 5781 6‘26.
2859 5723 2994 5781 Nov.
3034 5723 3261 5779 Romani
3295 5724 3508 5781 Senior.
