4050 6216
349 330 448 392 2οἸ
1367 324 1873 386 CONSTANTINI
1905 325 2585 388 PORPHYROGENITl
3473 311 3583 375 208

419 437 521 496 1E5
553 447 757 502 autem,
779 451 843 491 ex
879 447 988 504 quo
1015 431 1302 487 confectus
1324 440 1463 497 erat,
1485 431 1729 494 abstulit,
1760 440 1914 484 tran-

2036 432 2218 487 Ἐλαϐε
2265 433 2324 487 δὲ
2367 432 2459 486 τὸν
2507 429 2706 501 χαλκὸν
2733 426 2898 481 αὐτοῦ
2934 428 3029 479 καὶ
3056 424 3380 494 διεπέρασεν
3413 424 3474 475 έν
3515 425 3585 494 τῇ

351 531 730 602 sportavitque
757 526 810 581 in
851 524 1086 595 Syriam,
1137 531 1192 578 et
1225 523 1455 577 cuilibet
1492 523 1686 578 venale
1717 536 1945 592 propoo.

348 623 482 676 suit.
516 620 658 674 Emit
685 633 813 672 vero
854 613 989 668 illud
1025 612 1289 670 Hebraeus
1317 613 1539 683 quidam
1592 612 1916 678 Emesenus,

350 714 443 784 qui
475 728 506 766 a
537 710 673 766 mari
699 707 1079 764 adveltendum
1121 705 1387 777 imposuit
1421 706 1646 762 camelis
1668 720 1916 776 nongen-

351 804 425 857 tis
455 809 508 854 et
533 799 824 868 octoginta.

419 891 630 944 Mortuo
675 889 842 960 igitur
885 888 1201 953 Utbmane,
1268 887 1510 943 Arabum
1559 887 1920 958 principatum

364 981 470 1050 '73
513 981 758 1050 suscepit
799 980 1043 1048 Mavias;
1081 996 1146 1036 ac
1183 981 1287 1036 sub
1330 981 1558 1051 imperio
1594 997 1696 1036 suo
1735 980 1923 1035 habuit

350 1079 600 1126 sanetam
631 1072 841 1136 urbem,
870 1070 1177 1126 Palmslinae
1205 1081 1406 1141 partes,
1438 1072 1786 1136 Damascum,
1813 1073 1924 1126 An-

352 1163 636 1229 tiochiam,
677 1171 730 1217 et
771 1177 959 1218 omnes
986 1163 1202 1234 Egypti
1245 1163 1434 1219 urbes.
1478 1164 1618 1218 Alim
1657 1177 1789 1219 vero
1830 1161 1924 1232 qui

351 1255 677 1310 Mabometis
708 1254 870 1309 tiliam
903 1255 1189 1310 Phatimeu
1217 1269 1442 1309 uxorem
1475 1255 1724 1317 duxerat,
1751 1253 1927 1332 tenuit

350 1345 667 1400 [Ethribum
694 1353 748 1401 et
774 1345 1031 1400 Arabiam
1057 1345 1320 1401 Demeam
1347 1347 1684 1400 universam.
1711 1343 1806 1399 His
1833 1344 1930 1398 ita-

353 1450 458 1506 que
501 1435 695 1490 diebus
742 1435 810 1490 de
851 1435 1023 1505 Syriae
1062 1436 1293 1504 imperio
1334 1443 1523 1488 mutuo
1557 1434 1929 1504 disceptantes

355 1527 494 1581 Alim
536 1537 590 1582 et
630 1525 852 1590 Mavias,
900 1526 956 1579 in
997 1534 1245 1596 apertum
1289 1525 1491 1579 bellum
1540 1531 1925 1594 proruperunt,

354 1629 620 1689 atroxque
671 1617 919 1687 praelium
973 1616 1041 1670 ad
1095 1617 1425 1684 Euphratem
1477 1624 1925 1682 conseruerunt;

353 1710 590 1764 durante
632 1707 913 1772 conﬂictu,
948 1721 1011 1760 ac
1042 1706 1232 1762 multis
1265 1706 1394 1762 hinc
1423 1706 1551 1762 inde
1579 1707 1924 1773 cadentibus,

353 1814 419 1854 ex
451 1807 686 1867 utraque
726 1799 1105 1867 Agarenorum
1151 1804 1307 1866 parte
1353 1797 1755 1852 conclamatum
1795 1805 1920 1854 est:

354 1888 534 1956 Quare
575 1895 820 1943 mutuam
864 1887 922 1941 in
966 1887 1168 1942 cedem
1211 1887 1459 1952 ruimus,
1500 1901 1783 1959 genusque
1827 1902 1929 1944 no-

355 1991 528 2038 strum
561 1995 629 2036 ex
660 1979 980 2035 hominibus
1011 1978 1261 2032 tollitur?
1293 1979 1492 2034 Verum
1509 1979 1618 2034 duo
1647 1993 1808 2035 senes
1836 1979 1931 2035 de-

353 2073 596 2143 ligantur
631 2085 698 2126 ex
740 2080 977 2139 utraque
1016 2078 1190 2138 parte,
1222 2079 1276 2123 et
1305 2067 1352 2124 is
1380 2068 1748 2138 principatum
1781 2069 1926 2125 obti-

353 2171 503 2228 neat,
527 2177 686 2233 quem
712 2161 818 2232 ipsi
839 2161 993 2216 alteri
1017 2160 1386 2230 praetulerint.»
1402 2159 1618 2216 Placuit
1637 2160 1930 2216 consilium

352 2257 494 2311 Alim
525 2264 582 2311 et
613 2254 804 2310 Mavlae
828 2295 846 2323 ,
894 2253 1289 2324 detractasque
1315 2252 1382 2308 de
1413 2253 1667 2310 manibus
1698 2254 1931 2310 annulos

354 2348 573 2404 duobus
603 2348 831 2403 senibus
855 2347 1163 2414 dederunt;
1193 2346 1340 2418 quod
1367 2345 1586 2417 quidem
1620 2346 1764 2416 apud
1789 2346 1931 2417 Aga-

355 2455 518 2496 reuos
547 2439 891 2510 principatus
923 2440 1138 2510 signum
1166 2447 1273 2502 est,
1303 2447 1742 2509 potestatemque
1773 2453 1930 2492 suam

356 2548 550 2590 senum
574 2534 810 2588 duorum
841 2532 1113 2587 voluntati
1138 2531 1562 2593 commiserunt,
1585 2538 1933 2585 sacramento

359 2625 514 2695 prius
542 2625 710 2690 edito,
749 2639 810 2680 se
848 2638 1235 2694 quemcunque
1269 2637 1431 2678 senes
1474 2621 1792 2693 deligerent,
1832 2638 1934 2694 pro

358 2715 582 2770 domino
615 2731 680 2770 ac
710 2714 956 2785 principe
1005 2714 1248 2769 omnium
1283 2711 1684 2768 Saracenorum
1715 2712 1936 2768 habitu-

358 2821 474 2863 ros.
525 2806 872 2877 Sonibusque
917 2806 1186 2862 ambobus
1237 2797 1291 2860 i'n
1341 2805 1580 2860 medium
1629 2815 1932 2861 castrorum

359 2896 688 2967 progressis,
719 2903 773 2951 et
802 2895 858 2950 in
889 2896 1067 2965 spatio
1098 2896 1240 2951 inter
1269 2894 1408 2951 duas
1431 2897 1578 2952 acies
1606 2895 1936 2966 interposito

361 2984 838 3051 consistentibus;
870 2986 962 3056 qui
1000 3001 1029 3040 a
1063 2985 1315 3056 partibus
1352 2986 1496 3040 Alim
1531 2985 1714 3042 stabat
1746 3001 1934 3052 senex,

2018 525 2207 596 Συρίᾳ,
2235 526 2328 579 καὶ
2359 525 2585 595 ἔστησεν
2611 523 2772 576 αὑτὸν
2801 523 2882 584 εἰς
2910 517 3118 588 ἀγορὰν
3142 517 3306 571 παντὶ
3337 514 3416 585 τῷ
3460 514 3586 586 βου-

2018 614 2228 685 λομένῳ
2246 629 2260 644 °
2292 615 2542 685 ὠνήσατο
2556 613 2612 666 δὲ
2648 612 2808 667 αὑτὸν
2845 601 3094 681 Ἐϐραῖος
3114 610 3143 662 ὁ
3159 607 3457 678 Ἐμεσηνὸς
3473 604 3593 676 (17)

2019 706 2400 776 έπιφορτώσας
2446 705 2614 758 αὑτὸν
2651 703 2758 757 ἀπὸ
2787 702 3065 772 θαλάσσης
3110 701 3389 770 καμήλους
3430 700 3591 752 ὲννα-

2020 797 2212 860 κοσίας
2241 797 2338 850 καὶ
2369 795 2702 866 ὀγδοήκοντα
2726 793 2862 865 (18).

2094 887 2526 958 Τελευτήσαντος
2545 881 2638 940 οὖν
2662 885 2757 939 τοῦ
2782 885 3026 955 Οὺθμάν,
3048 885 3160 950 (19)
3182 882 3452 946 διεδέξατο
3490 881 3594 950 τὴν

2020 981 2130 1034 τῶν
2163 979 2412 1051 Ἀράϐων
2465 979 2641 1050 ἀρχὴν
2695 981 2724 1032 ὁ
2751 977 2992 1039 Μαϐίας.
3039 975 3345 1046 Ἐκράτησε
3387 972 3445 1025 δὲ
3490 971 3595 1040 τῆς

2022 1072 2184 1142 ἀγίας
2212 1073 2418 1134 πόλεως
2447 1072 2543 1124 καὶ
2575 1069 2686 1123 τῶν
2715 1070 2812 1138 τῆς
2839 1065 3210 1135 Παλαιστίνης
3262 1062 3469 1134 μερῶν,
3490 1064 3594 1131 τήν

2023 1179 2084 1217 τε
2138 1161 2451 1232 Δαμασκὸν,
2488 1161 2584 1215 καὶ
2631 1159 2984 1229 Ἀντιόχειαν,
3012 1157 3108 1210 καὶ
3161 1155 3344 1216 πάσας
3373 1153 3471 1214 τὰς
3495 1151 3593 1221 τῆς

2025 1253 2302 1322 Αἰγύπτου
2340 1254 2543 1316 πόλεις.
2591 1253 2650 1306 Ὀ
2687 1253 2744 1306 δὲ
2788 1251 2983 1321 ’Λλὴμ,
3007 1249 3066 1313 ὃς
3098 1242 3167 1318 ἦν
3203 1245 3453 1318 γαμϐρὸς
3498 1244 3595 1297 τοῦ

2026 1349 2182 1403 Μουά
2189 1347 2287 1417 μεθ
2310 1347 2404 1400 ἐπὶ
2429 1346 2662 1418 Θυγατρὶ
2677 1348 2743 1415 τῇ
2762 1345 2928 1399 καλου
2937 1343 3073 1414 μένῃ
3092 1336 3597 1410 Φατιμὲ,ὲκράτησε

2028 1441 2130 1508 τῆς
2163 1424 2443 1510 Ᾱίθρίϐου,
2494 1439 2590 1493 καὶ
2624 1439 2805 1507 πάσης
2863 1437 2963 1507 τῆς
3000 1435 3272 1506 Τραχείας
3314 1430 3594 1503 Ἀραϐίας.

2040 1530 2131 1584 Ἐν
2153 1530 2384 1593 ταύταις
2411 1524 2504 1583 οὖν
2531 1531 2651 1592 ταῖς
2677 1528 2916 1598 ἡμέραις
2945 1523 3318 1596 διηγέρθησαν
3344 1522 3478 1591 πρὸς
3494 1512 3600 1573 πό·-

2028 1622 2194 1693 λεμον
2227 1623 2339 1689 (9.0)
2368 1623 2489 1676 κατ’
2513 1621 2760 1692 ἀλλήλων
2795 1620 2823 1673 ὃ
2851 1635 2912 1672 τε
2960 1617 3134 1686 ’Λλὴμ
3160 1615 3255 1668 καὶ
3303 1614 3332 1666 ό
3355 1610 3597 1673 Μαϐίας,

2031 1713 2304 1784 ἐρίζοντες
2333 1713 2463 1784 περὶ
2503 1713 2601 1782 τῆς
2628 1711 2823 1782 ἀρχῆς,
2852 1709 2937 1772 τίς
2961 1707 3140 1762 αὐτῶν
3184 1704 3464 1774 κυριεύσει
3493 1701 3602 1754 πά·-

2032 1820 2134 1874 σης
2159 1805 2379 1873 Συρίας.
2408 1801 2764 1872 Συνήχθησαν
2794 1798 2852 1852 δὲ
2877 1797 3028 1869 παρὰ
3059 1797 3154 1850 τὸν
3182 1794 3477 1866 Εὐφράτην
3505 1808 3604 1845 πο-

2027 1895 2222 1967 ταμὸν,
2267 1895 2363 1949 καὶ
2389 1893 2719 1948 συνάπτουσι
2758 1889 2996 1960 πόλεμον
3026 1888 3247 1961 ἰσχυρὸν
3286 1889 3404 1957 μετ’
3425 1885 3603 1956 ἀλλή-

2029 1985 2158 2040 λων.
2195 1982 2302 2039 Τοῦ
2344 1984 2402 2038 δὲ
2441 1984 2680 2053 πολέμου
2714 1979 3076 2053 κρατοῦντος,
3131 1977 3224 2032 καὶ
3281 1975 3492 2040 πολλῶν
3539 1975 3604 2039 ἐξ

2031 2075 2357 2148 ἀμφοτέρων
2383 2074 2714 2137 πιπτόντων,
2749 2070 2988 2142 ἔκραξαν
3011 2069 3080 2123 τά
3108 2067 3290 2138 πλήθη
3315 2067 3425 2120 τῶν
3439 2067 3605 2134 Ἅγα-

2032 2167 2211 2238 ρηνῶν
2238 2164 2566 2236 ἀμφοτέρων
2593 2163 2703 2218 τῶν
2725 2161 2820 2216 δύο
2851 2159 3034 2231 μερῶν
3057 2176 3071 2192 ·
3101 2159 3220 2212 Τίνι
3241 2159 3430 2229 τρόπῳ
3460 2156 3606 2224 σφάσ-

2033 2260 2197 2330 ζομεν
2215 2258 2310 2312 κα)⁵
2339 2254 2677 2327 σφαζόμεθα,
2710 2254 2804 2308 καὶ
2821 2251 3146 2321 ἀφανίζεται
3176 2250 3234 2304 τὸ
3265 2250 3422 2319 γένος
3443 2249 3604 2320 ἡμῶν

2032 2352 2097 2404 ὲκ
2125 2350 2227 2420 τῆς
2259 2348 2368 2402 τῶν
2409 2347 2712 2418 ἀνθρώπων
2744 2344 2927 2415 βιοτῆς
2950 2359 2966 2408 ;
2987 2342 3149 2395 Ἀλλά
3174 2340 3602 2414 χωρισθήτωσαν

2032 2441 2124 2496 δύο
2152 2441 2409 2511 γέροντες
2445 2439 2504 2506 ἐξ
2535 2436 2863 2508 ἀμφοτέρων
2913 2433 3022 2487 τῶν
3076 2433 3280 2504 μερῶν,
3311 2433 3406 2486 καὶ
3445 2431 3504 2484 ὃν
3535 2430 3605 2482 ἂν

2035 2534 2430 2605 προκρίνωσιν,
2468 2529 2640 2601 ἐχέτω
2667 2529 2766 2598 τὴν
2796 2527 2992 2597 ἀρχήν.
3035 2525 3092 2578 '0
3145 2524 3203 2578 δὲ
3235 2523 3408 2594 Ἀλὴμ
3455 2522 3550 2574 καὶ
3575 2523 3606 2576 ὀ

2034 2626 2255 2690 Μαϐίας
2287 2624 2602 2696 ἡρέσθησαν
2624 2621 2716 2674 ἐπὶ
2753 2619 2832 2690 τῷ
2859 2618 3002 2688 λόγῳ
3032 2616 3240 2671 αὐτῶν
3273 2617 3368 2671 καὶ
3406 2615 3610 2669 ἐκϐάλ-

2035 2716 2218 2779 λοντες
2243 2715 2309 2768 ἐκ
2339 2714 2444 2766 τῶν
2471 2711 2668 2783 χειρῶν
2698 2709 2824 2771 τοὺς
2861 2707 3072 2761 ἑαυτῶν
3100 2706 3420 2768 δακτυλίους
3443 2703 3608 2758 δεδώ-

2038 2823 2166 2860 κασι
2191 2807 2304 2869 τοῖς
2331 2804 2455 2858 δυσὶ
2483 2803 2732 2874 γέρουσι,
2761 2800 2898 2869 ὅπερ
2928 2798 3046 2852 ἐστὶ
3065 2800 3292 2869 σημεῖον
3313 2800 3412 2868 τῆς
3432 2797 3609 2869 ἀρχῆς

2035 2898 2147 2952 τῶν
2191 2895 2528 2967 Ἀγαρηνῶν,
2566 2893 2659 2946 καὶ
2691 2890 2966 2962 παρέσχον
3002 2891 3103 2961 τὴν
3151 2889 3398 2956 ἐξουσίαν
3427 2889 3611 2944 αὐτῶν

2039 2991 2122 3052 είς
2146 2988 2247 3058 τὴν
2271 2987 2494 3056 θέλησιν
2515 2984 2625 3038 τῶν
2653 2982 2747 3036 δύο
2777 2981 3071 3052 γερόντων,
3108 2980 3168 3034 τὸ
3201 2982 3432 3051 πρᾶγμα
3457 2979 3611 3051 ἐνορ-

350 3078 447 3130 ’νὴ
472 3077 596 3146 pius
624 3091 654 3129 a
684 3076 975 3132 Saracenis
999 3077 1305 3132 habebatur
1333 3092 1400 3132 ex
1431 3077 1652 3132 illorum
1683 3092 1934 3144 numero,

2040 3098 2133 3135 κον
2159 3082 2544 3150 ποιησάμενοι,
2569 3078 2664 3131 κα).
2689 3077 2848 3130 τοῦτο
2897 3073 3286 3144 στοιχίσαντες,
3323 3072 3410 3124 ἴνα
3437 3071 3496 3124 ὃν
3541 3070 3612 3125 ἂν

360 3179 503 3229 quos
546 3165 655 3236 ipsi
687 3166 862 3222 Cades
893 3167 1192 3238 appellant,
1222 3167 1327 3222 hoc
1359 3177 1464 3232 est,
1501 3167 1687 3223 lldeles
1719 3177 1774 3223 et
1804 3183 1934 3224 san-

363 3262 506 3310 ctos.
551 3255 739 3310 Mavite
779 3264 962 3311 autem
999 3272 1166 3313 senex
1205 3257 1392 3312 habitu
1431 3266 1641 3312 tantum
1678 3259 1934 3328 pietatem

362 3343 730 3415 praeferebat,
767 3355 975 3402 cautem
1028 3347 1255 3404 dolosus
1305 3356 1734 3418 contumaxque,
1779 3349 1936 3403 mali-

363 3432 552 3501 tiaque
592 3433 918 3488 mortalibus
963 3435 1220 3489 omnibus
1269 3435 1522 3504 superior
1565 3453 1578 3488 :
1628 3435 1725 3504 qui
1763 3433 1936 3489 Alemi

365 3537 551 3578 senem
586 3523 664 3578 ita
687 3525 1051 3594 compellavit
1085 3543 1098 3579 :
1133 3525 1238 3588 Tu,
1282 3527 1483 3595 inquit,
1525 3527 1676 3594 prior
1711 3533 1937 3582 senten-

365 3615 496 3669 tiam
516 3613 918 3686 dicito,utpote
944 3617 1204 3686 prudens,
1225 3617 1348 3687 pius
1372 3633 1435 3671 ac
1460 3633 1544 3672 me
1566 3618 1756 3674 multis
1780 3619 1939 3674 annis

359 3709 698 3775 provectior.
731 3707 1036 3778 Respondit
1063 3724 1231 3764 senex
1258 3709 1430 3764 Alemi
1466 3729 1480 3764 :
1521 3708 1592 3764 Ut
1618 3709 1760 3763 Alim
1793 3711 1941 3780 prin-

362 3798 545 3866 cipatu
564 3787 776 3867 dejeci,
805 3811 930 3851 cum
970 3797 1236 3852 annulum
1267 3811 1432 3851 manu
1461 3797 1582 3867 ejus
1606 3806 1936 3863 extractum,

362 3887 533 3959 digito
562 3903 683 3942 meo
711 3887 1090 3956 circumdedi;
1123 3888 1196 3942 ita
1228 3887 1391 3958 ejicio
1415 3888 1592 3945 Alemi
1623 3888 1886 3944 annulum
1908 3904 1940 3945 e

363 3980 704 4051 digito-meo,
733 3987 898 4048 atque
932 3993 1038 4034 una
1079 3978 1260 4050 ipsum
1289 3995 1320 4035 e
1351 3979 1687 4050 principatu.
1717 3979 1819 4050 Cui
1851 3996 1940 4037 re-

361 4073 519 4142 ponit
562 4087 730 4127 senex
768 4071 959 4127 Maviae
1003 4089 1017 4125 :
1061 4071 1134 4128 Ut
1177 4073 1410 4128 Maviam
1458 4074 1516 4130 in
1564 4075 1938 4147 principatum
1965 4121 1991 4143 ,

363 4163 666 4226 introduxi,
712 4179 836 4218 cum
875 4164 1140 4217 annulum
1172 4163 1296 4232 ejus
1327 4163 1500 4232 digito
1540 4181 1661 4220 meo
1695 4166 1938 4232 inserui;

363 4251 440 4304 ita
469 4250 736 4304 annulum
770 4247 960 4303 Mavis:
990 4250 1044 4304 in
1071 4249 1296 4320 digitum
1325 4248 1445 4316 ejus
1474 4251 1695 4305 induco.
1717 4253 1784 4308 Et
1811 4263 1941 4308 tunc

365 4340 434 4394 ab
477 4339 711 4394 invicem
763 4339 1162 4396 discesserunt.
1224 4340 1470 4395 Assumit
1519 4340 1686 4411 igitur
1734 4341 1940 4400 Mavias

2038 3171 2409 3243 προκρίνωσιν
2439 3171 2488 3223 οί
2529 3169 2808 3240 γέροντες,
2863 3167 3071 3229 ἐκεῖνος
3105 3164 3260 3217 ἔσται
3293 3162 3480 3233 κύριος
3513 3164 3612 3217 καὶ

2038 3263 2280 3336 ἀρχηγὸς
2309 3263 2528 3316 πάντων
2585 3260 2696 3314 τῶν
2726 3257 3081 3330 Σαρακηνῶν.
3122 3255 3232 3310 Καὶ
3265 3255 3613 3310 εἰσελθόντων

2037 3355 2146 3407 τῶν
2180 3352 2275 3406 δύο
2328 3353 2603 3424 γερόντων
2634 3347 2752 3404 ἀνά-
2789 3351 2953 3419 μέσον
2986 3348 3085 3416 τῆς
3130 3345 3486 3416 παρεμϐολῆς
3513 3345 3611 3399 τοῦ

2049 3441 2288 3510 πολέμου
2311 3440 2421 3493 τῶν
2449 3438 2543 3492 δύο
2573 3437 2778 3510 μερῶν,
2805 3437 2903 3491 καὶ
2946 3435 3252 3490 σταθέντων
3281 3436 3342 3488 ὲν
3363 3434 3442 3505 τῷ
3477 3451 3615 3504 μετ-

2039 3529 2244 3602 αιχμίῳ
2295 3528 2390 3582 τοῦ
2459 3527 2824 3600 στρατοπέδου
2872 3521 3309 3596 ἀντιπροσώπου,
3365 3525 3460 3577 τοῦ
3511 3525 3616 3595 μὲν

2052 3622 2223 3693 Ἀλὴμ
2275 3623 2304 3674 ὁ
2354 3621 2531 3690 γέρων
2563 3619 2778 3690 ὑπῆρχε
2812 3617 2954 3672 κατά
3000 3617 3062 3670 τδ
3127 3617 3234 3671 τῶν
3277 3615 3614 3685 Σαρακηνῶν

2041 3713 2192 3775 ἔθνος
2240 3711 2499 3782 εὐλαϐὴς,
2532 3711 2681 3774 οἴους
2745 3711 2944 3763 ἐκεῖνοι
2987 3708 3204 3776 λέγουσι
3251 3706 3418 3776 καδῆς
3471 3704 3618 3773 (21),

2039 3805 2287 3858 τουτέστι
2318 3803 2541 3866 πιστοὺς
2578 3803 2672 3856 καὶ
2708 3800 3082 3870 ὴγιασμένους
3105 3813 3117 3828 ·
3144 3798 3173 3850 6
3195 3797 3364 3890 δὲκτοῦ
3393 3795 3613 3849 Μαϐίου

2041 3897 2220 3968 γέρων
2248 3898 2306 3949 ὲν
2340 3896 2580 3966 σχήματι
2607 3895 2752 3965 μόνῳ
2784 3887 2853 3965 ἦν
2885 3891 3144 3960 εὐλαϐὴς,
3176 3889 3244 3944 τά
3265 3887 3326 3943 “δ⁹
3373 3889 3509 3944 ἄλλα
3533 3888 3617 3941 δο-

2041 3986 2098 4038 λε
2107 3987 2200 4055 ρὸς
2225 3985 2322 4039 καὶ
2350 3983 2620 4053 αὐθάδης,
2644 3983 2739 4038 καὶ
2760 3983 2999 4052 πονηρία
3016 3981 3227 4043 πάντας
3251 3978 3610 4048 ὑπερϐάλλων

2043 4075 2385 4146 ἀνθρώπους.
2443 4070 2581 4127 Eius
2615 4072 2673 4125 δὲ
2717 4073 2746 4124 ὁ
2770 4071 2866 4124 τοῦ
2895 4070 3112 4124 Μαϐίου
3133 4071 3315 4140 γέρων
3357 4069 3496 4140 πρδς
3521 4067 3617 4122 τὸν

2041 4164 2269 4235 γέροντα
2312 4161 2405 4216 τοῦ
2443 4161 2622 4230 Ἀλὴμ
2670 4159 2807 4230 (22),
2847 4161 2928 4213 ὅτι
2981 4159 3052 4213 Σὺ
3080 4159 3297 4226 πρῶτος
3326 4151 3447 4212 εἶπε
3476 4157 3616 4238 ὅπερ

2045 4254 2230 4325 βούλῃ,
2262 4251 2402 4306 ὥστε
2433 4253 2699 4323 φρόνιμος
2735 4251 2849 4321 (23)
2880 4251 2976 4304 καὶ
3005 4251 3262 4320 εὐλαϐὴς,
3293 4253 3389 4304 καὶ
3425 4249 3616 4320 μικρά

2042 4347 2154 4407 τοῖς
2181 4346 2334 4414 ὲμοῖς
2357 4342 2578 4414 χρόνοις
2607 4341 3109 4413 ὑπερϐαλλόμενος.
3135 4343 3247 4396 Καὶ
3285 4341 3562 4411 ἀπεκρίθη
3589 4342 3620 4393 ὁ

366 4429 538 4502 Syriae
573 4431 966 4502 principatum,
998 4431 1144 4504 quod
1178 4431 1398 4485 Aminei
1438 4446 1628 4487 omnes
1655 4431 1934 4502 jurassent

2042 4435 2219 4505 γέρων
2247 4432 2339 4487 τοῦ
2379 4433 2552 4505 Ἀλὴμ
2581 4431 2760 4499 τοῦτο,
2783 4433 2867 4486 ὅτι
2904 4431 3190 4496 Ἐξέϐαλον
3220 4432 3314 4485 τὸν
3353 4431 3528 4502 ’Λλὴμ
3550 4434 3617 4484 ὲκ

367 4535 561 4575 senum
593 4536 653 4576 se
682 4521 846 4577 dictis
873 4523 1239 4578 obsecuturos
1261 4536 1410 4577 esse.
1437 4522 1581 4577 Alim
1615 4525 1783 4592 igitur
1809 4542 1935 4582 cum

365 4613 484 4667 suis
505 4619 560 4666 et
588 4619 700 4666 tota
730 4614 1056 4683 cognatione
1083 4614 1138 4666 in
1164 4611 1404 4666 IEtbribi
1433 4622 1620 4683 partes
1646 4615 1937 4684 abscessit,

366 4703 553 4774 ibique
583 4704 726 4758 diem
758 4705 894 4759 obiit
923 4720 1263 4776 supremum.

366 4797 460 4855 λου
515 4813 639 4868 μου,
682 4795 1026 4852 συνεκϐαλὼν
1054 4798 1216 4853 αὐτὸν
1247 4799 1341 4852 καὶ
1388 4798 1488 4868 τῆς
1539 4797 1716 4868 ἀρχῆς
1748 4799 1936 4854 αὐτοῦ.
1981 4803 2089 4855 Καὶ
2123 4800 2503 4871 ἁνταπεκρίθη
2543 4801 2572 4853 ὁ
2608 4797 2703 4852 τοῦ
2741 4797 2952 4852 Μαϐίου
2983 4797 3183 4869 γέρων,
3241 4798 3316 4860 ὼς
3361 4797 3443 4850 ὅτι
3470 4797 3622 4867 είσή·
3646 4857 3660 4886 λ

2045 4526 2143 4596 τῆς
2166 4525 2364 4596 ἀρχῆς,
2389 4523 2462 4588 ὡς
2490 4523 2762 4594 ἐξήγαγον
2786 4523 2878 4578 τὸν
2906 4523 3194 4577 δακτύλιον
3237 4522 3401 4576 αὐτοῦ
3427 4523 3491 4576 ὲκ
3518 4523 3622 4592 τῆς

2046 4616 2228 4688 χειρὸς
2255 4615 2445 4680 αὐτοῦ,
2468 4619 2565 4669 κα)⁸
2595 4617 2892 4686 εἰσήγαγον
2941 4615 3022 4678 είς
3053 4615 3145 4668 τὸν
3173 4615 3304 4683 ἐμὸν
3331 4613 3620 4677 δάκτυλον,

2052 4709 2298 4786 ἐκϐάλλω
2322 4709 2417 4761 καὶ
2439 4709 2529 4761 τὸν
2552 4707 2837 4762 δακτύλιον
2860 4705 2953 4759 τοῦ
3002 4706 3176 4778 ’Δλὴμ
3205 4709 3269 4759 ὲκ
3297 4705 3392 4759 τοῦ
3413 4704 3621 4759 δακτύ-

1541 4891 1839 4946 ANSELMI
1871 4892 2199 4949 BANlllJRll
2221 4892 2451 4948 NOTIE.

440 4983 554 5058 (17)
595 4981 685 5038 Sic
713 4984 1135 5058 habetur_et_iam
1183 4987 1244 5058 in,
1265 5001 1365 5058 ms.
1401 4987 1470 5039 At
1518 4987 1694 5058 capite
1735 5003 1940 5058 praece~

368 5051 518 5125 deuti
543 5054 694 5125 hunc,
717 5057 894 5125 ipsum
935 5053 1180 5108 Judaeum
1232 5051 1778 5112 Edesseuutu'l‘uiss'e
1827 5059 1937 5122 ait;

369 5133 424 5178 et
452 5123 534 5178 sic
572 5123 788 5195 quidem
828 5125 1138 5195 legendum,
1173 5139 1295 5195 nam
1331 5127 1432 5178 ‘hic
1480 5125 1757 5195 Ἐδεσηνός
1806 5126 1942 5180 dici—

372 5203 463 5274 tur
512 5201 566 5247 et
613 5192 953 5264 TheOphani,
1006 5194 1080 5247 uti
1130 5192 1198 5246 ad
1244 5194 1524 5249 laudatum
1588 5192 1769 5250 locum
1823 5210 1941 5249 mo-

369 5277 616 5318 nutmus.

443 5332 553 5402 (18)
600 5333 692 5387 Sic
735 5331 1006 5403 scriptum
1043 5341 1164 5387 erat
1213 5332 1389 5400 prima
1442 5347 1604 5403 manu
1654 5332 1946 5403 iucodice

373 5399 886 5483 Reigidvetustiori,
922 5403 997 5457 uti
1028 5403 1095 5456 ad
1141 5399 1306 5472 caput
1334 5401 1667 5458 antecedens
1698 5401 1947 5472 pluribus

375 5482 711 5528 ιιιοηιιιωιιε.

447 5537 560 5607 (19)
624 5540 756 5616 ωε
803 5543 1192 5616 Theophanem
1237 5541 1305 5597 ad
1354 5556 1558 5596 annum
1609 5542 1678 5597 H
1729 5541 1946 5614 imperii

375 5602 718 5662 Constantis.
957 5602 973 5616 ’
1361 5635 1364 5638 ~

448 5673 563 5755 (20)
587 5675 682 5755 ρο
713 5677 814 5755 hoc
835 5681 1065 5755 dissidio
1092 5683 1236 5738 inter
1259 5681 1490 5748 Arabes,
1511 5683 1768 5738 nimirum
1799 5672 1964 5738 inter'

374 5745 517 5801 Alim
546 5754 600 5804 et
625 5747 858 5803 Maviam
885 5751 1125 5822 loquitur
1157 5755 1320 5812 etiam
1351 5745 1518 5825 supra
1555 5757 1792 5825 scriptor
1842 5767 1946 5809 no-

2047 4998 2162 5044 ster
2196 4991 2342 5045 circa
2377 4990 2593 5046 initium
2628 4990 2861 5061 hujusce
2894 4990 3114 5062 capitis,
3151 4990 3246 5045 ubi
3271 4988 3505 5058 vidique:
3528 4984 3620 5040 ad-

2048 5061 2380 5114 notavimus.

2121 5129 2233 5198 (2i)
2271 5130 2456 5199 Καδής
2487 5139 2542 5184 et
2582 5129 2748 5192 Καδίς
2777 5129 2917 5198 apud
2947 5128 3160 5199 Turcos
3208 5129 3380 5198 iudex
3409 5124 3625 5199 signiﬁf

2050 5193 2157 5260 cat,
2189 5193 2281 5267 qui
2316 5199 2382 5270 de
2411 5193 2598 5254 causis
2636 5193 2964 5270 litigantium
2999 5198 3184 5267 aliquo
3208 5193 3274 5251 in
3306 5193 3506 5270 oppido
3539 5193 3624 5248 vel

2051 5265 2214 5338 urbe,
2246 5268 2330 5321 vel
2362 5270 2642 5338 provincia
2678 5265 2980 5338 gdgnoscit,
3027 5265 3202 5338 ut‘est
3243 5265 3389 5338 apud
3435 5265 3625 5338 lieuno

2048 5336 2281 5390 clavium
2343 5338 2396 5391 in
2452 5337 2624 5392 Pand.
2677 5335 2842 5393 Ture.
2903 5352 3056 5392 num.
3109 5337 3200 5391 29.
3257 5335 3386 5393 Vide
3439 5335 3623 5389 Gloss.

2050 5404 2222 5459 Graec.
2261 5405 2544 5476 [)ucangii.

2120 5477 2232 5546 (22)
2271 5474 2363 5530 Sic
2409 5473 2477 5530 ei
2506 5491 2609 5530 ms.
2651 5475 2860 5531 codice.
2899 5475 2958 5530 In
2987 5475 3155 5533 editis
3193 5475 3307 5531 haec
3336 5473 3529 5531 mutila
3559 5485 3627 5528 ac

2048 5543 2349 5613 depravata
2379 5554 2528 5599 sunt.

2121 5611 2234 5684 (25)
2273 5613 2365 5685 Sic
2409 5615 2464 5668 in
2506 5630 2618 5685 ms.
2651 5612 2942 5685 l’erperam
2977 5615 3030 5670 in
3076 5614 3240 5685 editis
3277 5613 3500 5685 legitur,
3529 5611 3629 5685 _d)€

2051 5680 2173 5806 Eat:
2200 5680 2496 5754 φρόνιμος
2532 5684 2627 5741 sed
2651 5680 2921 5742 Meursius
2947 5683 3233 5756 legendum
3263 5680 3376 5750 ait',
3407 5680 3541 5738 ὡσεί
3563 5697 3627 5735 τι

2052 5770 2127 5806 φο
2157 5769 2334 5806 mnos.

2052 5769 2334 5824 φρονιμος.

3755 465 3808 485 ί.
