4050 6216
311 303 415 367 213
555 310 562 315 “
1381 306 1479 368 DE
1532 309 2162 374 ADM-INISTRANDO
2198 315 2544 376 IMPERIO.
3470 323 3574 386 914

311 418 560 482 Λέοντιος
589 417 646 472 δὲ
684 411 754 489 ἦν
797 417 875 488 τῷ
926 416 1044 471 τότε
1105 416 1281 488 χρόνῳ
1339 417 1585 492 ἐκϐαλὼν
1633 424 1724 474 τὸν
1764 425 1899 477 Ἰου-

2016 442 2323 482 successore
2369 429 2654 498 imperium
2699 432 2998 497 obtinente,
3040 440 3291 488 mortuus
3327 447 3404 489 est
3438 435 3571 488 Abi-

313 508 579 563 στινιανὸν
609 509 724 580 (38)
754 509 854 580 τῆς
923 507 1214 577 Ῥωμαίων
1274 509 1471 578 ἀρχῆς,
1529 511 1623 564 καὶ
1644 511 1896 581 ἐξερίσας

2016 514 2212 567 nelech
2256 514 2498 569 Arabum
2546 518 2822 590 princeps,
2869 530 2996 592 post
3039 537 3200 591 queui
3242 521 3385 576 ﬁlius
3418 521 3573 576 Valid

313 599 474 651 αὐτὸν
499 600 557 650 ἰν
580 597 833 669 Χερσῶνι
861 596 961 665 τῆς
1023 595 1304 666 βασιλείας
1355 597 1684 667 ἐκράτησεν.
1739 598 1896 667 Ἀψι-

2016 592 2295 676 mpera-vit
2326 622 2501 664 annos
2535 624 2752 664 novem.
3242 592 3247 597 l

321 695 492 764 μάρου
519 691 577 744 δὲ
626 689 722 743 τοῦ
780 688 1034 759 Τιϐερίου
1082 689 1174 740 τὸν
1219 688 1470 740 Λέοντιον
1513 687 1896 758 διαδεξαμένου
1933 694 2032 764 τῆς
2085 696 2359 766 βασιλείας
2409 699 2596 752 καὶτὰ
2627 700 2735 780 τίἱζν
2773 700 3060 772 Ῥωμαίων
3123 705 3376 775 σκῆπτρα
3438 723 3574 777 κρα-

324 789 605 856 τήσαντος,
652 781 914 851 τέθνηκεν
969 780 1262 851 Ἀὅιμέλεχ
1319 781 1609 851 (βωὸτῶν
1651 783 1900 854 Ἀράϐων
1939 789 2200 861 ἀρχηγὸς,
2243 794 2336 846 καὶ
2399 794 2704 866 ἐκράτησεν
2746 795 2944 850 Οὐαλιδ
2975 800 3001 852 ὁ
3067 800 3181 862 υίὸς
3240 800 3404 853 αὑτοῦ
3479 801 3574 873 ἔτη

328 876 476 931 ἒννέα
501 873 630 946 (40).

394 969 481 1038 Τῷ
510 969 556 1022 δ’
590 965 743 1037 αὐτῷ
797 966 910 1019 ἐτει
961 965 1126 1020 πάλιν
1153 966 1496 1036 ὑπέστρεψεν
1521 968 1901 1038 Ἰουστινιανὸς

320 1062 400 1121 εἰς
427 1061 526 1129 τὴν
562 1057 866 1128 βασιλείαν,
899 1058 992 1110 καὶ
1027 1056 1290 1127 ῥαθύμως
1321 1059 1416 1112 καὶ
1449 1061 1668 1130 ἀμελῶς
1695 1063 1901 1136 ταύτην

317 1148 712 1220 δωκυὸερνῶν,
761 1148 864 1218 τῆς
918 1149 1012 1216 ‘Aq
1029 1151 1187 1218 ρικῆς
1215 1148 1327 1220 (41)
1371 1151 1756 1223 ἐπεκράτησαν
1785 1155 1902 1208 ὁλο-

319 1241 527 1312 σχερῶς
556 1241 606 1294 σί
637 1239 946 1310 ’Δγαρηνοί.
979 1241 1112 1293 Τότε
1131 1241 1270 1294 ὀτοῦ
1296 1242 1508 1296 Μαὸίου
1531 1243 1754 1313 ἔγγονος
1785 1247 1898 1320 (42)

323 1333 457 1402 μετὰ
486 1331 769 1401 ὀλιγοποῦ
797 1348 940 1395 τινος
969 1331 1098 1384 λαοῦ
1130 1333 1241 1402 (45)
1265 1333 1588 1406 διεπέρασεν
1619 1337 1679 1390 ὲν
1709 1337 1897 1393 Ἱσπα-

321 1424 427 1496 νία,
483 1426 583 1478 καὶ
630 1423 959 1488 ὲπισυνάξας
1017 1423 1224 1488 πάντας
1284 1426 1409 1489 τοὺς
1447 1427 1512 1480 ὲκ
1558 1427 1654 1481 τοῦ
1706 1430 1898 1497 γένους

322 1515 484 1569 αὑτοῦ
537 1517 811 1587 ἐκράτησε
859 1516 958 1587 τῆς
995 1515 1276 1580 Ἱσπανίας
1301 1517 1465 1590 μέχρι
1497 1519 1603 1589 τῆς
1632 1521 1892 1592 σήμερον.

323 1608 484 1662 Ὅθεν
503 1610 552 1662 οἱ
587 1609 687 1675 τὴν
723 1607 996 1662 Ἱσπανίαν
1048 1606 1434 1671 κατοικοῦντες
1461 1608 1755 1680 Ἀγαρηνοὶ
1777 1612 1899 1665 Μα-

321 1697 508 1750 διᾶται
565 1696 1046 1767 κατονομάζονται.
1077 1695 1294 1750 Τούτων
1321 1697 1580 1766 ἀπόγονοι
1602 1699 1898 1770 τυγχάνου-

2072 977 2275 1034 Eodem
2304 982 2426 1050 ipso
2450 997 2593 1036 anno
2618 983 2670 1036 in
2701 983 2984 1052 imperium
3010 987 3292 1042 restitutus
3310 996 3388 1042 est
3410 987 3578 1041 Justi-

2003 1070 2202 1125 nianus
2248 1088 2262 1124 :
2310 1074 2454 1141 quod
2500 1088 2624 1127 cuin
2673 1075 3010 1144 negligenter
3056 1091 3119 1130 ac
3159 1079 3358 1146 supine
3406 1078 3578 1132 admi-

2002 1161 2284 1224 nistraret,
2313 1163 2548 1232 Agareni
2577 1165 2890 1220 universam
2917 1166 3158 1220 Africam
3192 1168 3576 1236 subjugaruut.

2002 1251 2156 1314 Tunc
2191 1252 2382 1308 ill-aviae
2418 1269 2589 1324 nepos
2627 1270 2751 1308 cum
2799 1256 3017 1327 exiguis
3053 1259 3234 1326 c0piis
3280 1259 3334 1313 in
3383 1259 3578 1328 Hispa-

2002 1337 2146 1391 niam
2179 1339 2415 1408 trajecit,
2459 1342 2819 1413 collectisque
2857 1346 3285 1415 consanguineis
3322 1348 3578 1400 omnibus

2004 1417 2316 1494 Hispaniam
2348 1428 2413 1482 ad
2449 1429 2589 1484 hanc
2624 1447 2798 1501 usque
2841 1432 2986 1488 diem
3024 1435 3334 1504 occupavit.
3377 1434 3575 1502 Quam-
3649 1459 3656 1464 -

2001 1515 2196 1570 obrcin
2226 1518 2462 1589 Agareni
2513 1521 2831 1591 Hispaniam
2867 1525 3172 1581 incolentes
3205 1525 3459 1586 Maviatze.
3487 1543 3582 1581 vo-

2004 1616 2244 1675 cantur;
2316 1611 2386 1664 ab
2457 1611 2541 1666 his
2601 1629 2731 1668 vero
2800 1618 3049 1684 prognati
3117 1627 3245 1671 sunt
3303 1618 3578 1686 Agareni,

2003 1697 2095 1765 qui
2138 1697 2355 1752 Cretam
2392 1699 2658 1756 incolunt.
2727 1702 2861 1758 Cum
2899 1705 3046 1760 enim
3101 1705 3331 1761 Michael
3380 1708 3582 1761 Balbus

323 1804 409 1840 σιν
439 1789 606 1858 οιτὴν
655 1789 884 1858 Κρήτην
939 1787 1219 1853 οἰκοῦντες
1266 1790 1599 1861 ’Δγαρηνοίο
1643 1792 1732 1845 ὅτε
1788 1791 1898 1863 γὰρ

2016 1789 2377 1844 Romanorum
2431 1790 2719 1861 imperium
2782 1802 3028 1860 teneret,
3087 1811 3149 1850 ac
3213 1798 3437 1850 Tliomae
3489 1814 3579 1853 re-

320 1878 540 1950 Μιχαὴλ
567 1879 594 1931 ὁ
628 1879 870 1948 Τραυλὸς
925 1879 1025 1950 τῆς
1070 1881 1180 1934 τῶν
1223 1880 1514 1952 Ῥωμαίων
1557 1882 1734 1954 ἀρχῆς
1793 1885 1894 1936 ἐπ-

320 1971 646 2041 εκράτησεν,
706 1970 803 2024 καλ¹
833 1973 866 2041 ἡ
897 1971 992 2024 τοῦ
1047 1971 1220 2042 Θωμᾶ
1244 1972 1511 2044 ἀνταρσία
1535 1974 1752 2042 ἐγένετο
1783 1973 1894 2046 (44)

323 2061 484 2130 μέχρι
550 2059 798 2130 τριετοῦς
853 2060 1047 2130 χρόνου
1109 2062 1532 2134 ὲπικρατήσασα
1565 2103 1580 2129 ,
1637 2063 1760 2124 τότε
1802 2063 1895 2134 ⁴τοῦ

321 2151 587 2221 βασιλέως
616 2151 1020 2222 ἀσχολουμένου
1039 2154 1132 2206 ἐπὶ
1162 2155 1276 2217 τοῖς
1315 2133 1690 2224 συμϐεϐηκόσι
1720 2133 1898 2225 πρᾶγ-

323 2262 480 2313 μασι,
535 2244 786 2315 εὑρόντες
845 2243 1054 2315 διορίαν
1075 2247 1125 2298 οἱ
1181 2245 1589 2317 τὴνξἹσπανίαν
1622 2247 1900 2308 οἰκοῦντες

331 2335 644 2406 Ἀγαρηνοὶ,
691 2335 875 2388 στόλον
937 2336 1122 2389 ἱκανὸν
1177 2336 1574 2408 ὲξαρτύσαντες
1605 2337 1699 2392 καὶ
1728 2336 1896 2408 ἀρξά-

322 2446 474 2500 μενοι
519 2427 630 2482 ἀπὸ
679 2427 789 2480 τῶν
839 2427 939 2497 τῆς
999 2418 1247 2491 Σικελίας
1309 2427 1512 2498 μερῶν,
1589 2429 1769 2492 πάσας
1801 2431 1900 2493 τὰς

324 2520 607 2584 Κυκλάδας
623 2520 821 2590 νήσους
847 2521 1174 2590 ἡρήμωσαν,
1209 2521 1302 2573 καὶ
1331 2520 1577 2584 ἐλθόντες
1599 2522 1656 2575 ὲν
1679 2521 1898 2594 Κρήτῃ,

323 2613 414 2667 καὶ
471 2611 682 2683 ταύτην
729 2611 987 2681 εὔκαιρον
1017 2612 1112 2665 καὶ
1152 2611 1445 2684 ἀνειμένην
1499 2614 1774 2683 εὑρόντες,
1800 2632 1902 2686 μη-

321 2705 466 2768 δενὸς
494 2703 892 2774 ἀνταιρομένου
926 2704 958 2775 ἢ
989 2703 1297 2774 μαχομένου
1327 2703 1535 2774 ταύτην
1573 2704 1900 2777 παρέλαϐον,

325 2799 415 2851 καὶ
443 2796 827 2868 διακρατοῦσιν
872 2795 980 2858 ἕως
1034 2796 1134 2866 τῆς
1188 2797 1450 2867 σήμερον.
1500 2796 1603 2850 Τὸν
1626 2797 1682 2850 δὲ
1704 2797 1904 2851 Οὐαλὶδ

324 2886 625 2956 διαδέχεται
653 2888 680 2939 ὁ
716 2885 1032 2955 Σουλεημᾶν
1094 2885 1230 2954 (45),
1280 2886 1376 2938 καὶ
1402 2888 1596 2956 κρατεῖ
1622 2885 1717 2955 έτη
1754 2885 1902 2958 τρία.

338 2977 457 3028 Ἐπὶ
517 2977 696 3047 τούτῳ
748 2977 1149 3046 ἐπεστράτευσε
1193 2976 1499 3045 Μασαλμας
1531 2979 1558 3029 ὁ
1599 2976 1905 3048 στρατηγὸς

327 3069 638 3138 Σουλεημᾶν
667 3068 805 3139 μετὰ
835 3067 1066 3137 στρατοῦ
1091 3068 1178 3119 διὰ
1207 3067 1397 3138 ξηρᾶς,
1441 3067 1692 3140 Ούμαρος
1721 3069 1777 3122 δὲ
1809 3069 1905 3133 ,διὰ

327 3161 645 3239 θαλάττης,
711 3163 807 3214 καὶ
830 3166 897 3231 τῇ
949 3161 1043 3213 τοῦ
1103 3159 1238 3212 Θεοῦ
1282 3160 1574 3232 συνεργεία
1633 3160 1906 3230 ἄπρακτοι
1931 3185 1979 3243 .C

331 3253 446 3322 μετ’
485 3254 757 3324 αἰσχύνης
807 3253 1179 3324 ὑπέστρεψαν.
1231 3254 1335 3306 Τὸν
1359 3253 1416 3306 δὲ
1441 3254 1759 3324 Σουλεημᾶν
1789 3253 1908 3307 δια-

327 3346 534 3417 δέχεται
566 3345 784 3417 Οῦμαρ,
817 3348 912 3400 καὶ
935 3349 1128 3417 κρατεῖ
1164 3345 1266 3414 τῆς
1295 3344 1406 3399 τῶν
1438 3345 1690 3416 ’Δράὁων
1723 3347 1906 3417 ἀρχῆς

327 3439 419 3508 ἐτη
475 3439 590 3495 δύο.
655 3440 758 3492 Τὸν
780 3439 835 3492 δὲ
859 3437 1054 3509 Ούμαρ
1097 3437 1406 3509 διαδέχεται
1441 3438 1604 3507 Ἀζὴδ
1634 3436 1771 3508 (46),
1816 3438 1911 3492 καὶ

330 3533 518 3599 κρατεῖ
539 3529 640 3599 τῆς
671 3530 846 3599 ἀρχῆς
899 3530 994 3586 ἐπὶ
1043 3530 1322 3591 ἐνιαυτοὺς
1367 3529 1658 3598 τέσσαρας.
1709 3529 1912 3583 Τοῦτον

332 3621 384 3673 δὲ
416 3622 725 3691 διαδέχεται
777 3622 956 3691 Ἰσὰμ,
1014 3624 1103 3674 καὶ
1132 3623 1326 3690 κρατεῖ
1347 3620 1446 3688 τῆς
1494 3621 1668 3690 ἀρχῆς
1699 3621 1790 3692 ἐτη
1825 3621 1908 3676 ιθ’.

334 3712 532 3766 Τούτου
603 3713 1031 3782 τελευτήσαντος
1083 3715 1276 3781 κρατεῖ
1357 3712 1460 3778 τῆς
1544 3711 1721 3782 ἀρχῆς
1793 3714 1914 3767 Μα-

339 3800 515 3871 ρουὰμ
549 3800 666 3871 (47)
691 3801 788 3869 ἔτη
817 3799 898 3866 ἓξ.
932 3801 1211 3871 Μαρουὰμ
1251 3799 1309 3853 δὲ
1337 3799 1756 3870 τελευτήσαντος
1787 3801 1911 3855 Ἀσ-

335 3891 489 3956 δελᾰς
544 3909 630 3958 τις
680 3892 790 3946 τῶν
839 3892 1084 3964 Ἀράϐων
1105 3893 1280 3964 ἀρχῆς
1309 3893 1499 3964 κύριος
1551 3893 1783 3962 γίνεται,
1817 3895 1912 3946 καί

2005 1877 2168 1932 bellio
2233 1878 2302 1932 ad
2371 1895 2546 1949 usque
2615 1882 2912 1936 triennium
2979 1894 3399 1953 perseveraret,
3465 1896 3579 1940 tum

2005 1970 2340 2038 imperatore
2412 1971 2748 2028 instantibus
2822 1976 3059 2043 negotiis
3121 1987 3374 2044 vacante,
3433 1977 3581 2048 Aga-

2009 2059 2122 2112 reni
2182 2058 2456 2130 Hispaniae
2510 2061 2703 2117 incolae
2752 2064 3102 2118 occasionem
3152 2067 3341 2130 nacti,
3401 2068 3582 2121 valida

2008 2152 2278 2205 instructa
2330 2152 2530 2219 classe,
2585 2167 2615 2207 a
2671 2153 2872 2210 Siciliae
2930 2156 3179 2225 partibus
3227 2157 3446 2214 initium
3498 2159 3579 2212 fa-

2005 2242 2234 2307 cientes,
2297 2243 2562 2314 Cycladas
2634 2260 2827 2301 omnes
2891 2247 3108 2303 insulas
3157 2255 3466 2311 vastarunt,
3528 2251 3582 2303 in

2006 2331 2225 2386 Cretam
2285 2333 2620 2401 appellentes
2663 2340 3030 2403 opportunam
3070 2343 3125 2389 et
3179 2334 3454 2404 prasidiis
3491 2350 3581 2388 va-

2008 2436 2168 2476 cuam
2208 2423 2575 2490 invenientes,
2603 2425 2822 2488 nemine
2852 2425 3156 2481 obsistente
3185 2427 3332 2480 illam
3361 2426 3584 2480 ditionis

2009 2527 2121 2568 suae
2161 2512 2438 2577 fecerunt,
2478 2524 2528 2569 et
2569 2515 2636 2569 ad
2680 2515 2782 2570 hoc
2821 2532 2995 2586 usque
3036 2525 3250 2588 tempus
3291 2525 3581 2586 occupant.

2008 2606 2164 2660 Valid
2193 2616 2374 2663 autem
2406 2608 2607 2678 excipit
2637 2609 2950 2672 Suleeman,
2981 2619 3035 2664 et
3063 2610 3302 2665 triennio
3332 2610 3582 2679 imperat.

2010 2699 2125 2755 Hoc
2164 2699 2415 2770 principe
2456 2699 2750 2756 Masalmas
2787 2701 2896 2755 dux
2944 2701 3251 2758 Suleemani
3297 2711 3585 2758 terrestres

2011 2793 2197 2861 copias
2219 2832 2232 2855 ,
2269 2790 2506 2847 Umarus
2536 2809 2664 2848 vero
2697 2793 2932 2848 classem
2964 2800 3157 2847 contra
3195 2795 3384 2848 urbem
3417 2792 3588 2846 duxe-

2013 2891 2161 2949 runt,
2206 2882 2424 2953 Deoque
2463 2884 2767 2954 opitulante
2813 2901 2872 2940 re
2919 2885 3121 2940 inlecta
3157 2901 3282 2939 cum
3321 2883 3588 2939 dedecore

2012 2976 2216 3032 reversi
2249 2984 2397 3032 sunt.
2440 2974 2828 3030 Suleemannm
2864 2976 3071 3046 excipit
3103 2975 3292 3040 Umar,
3323 2976 3417 3045 qui
3448 2976 3587 3029 Ara-

2014 3067 2142 3122 bum
2173 3067 2538 3137 principatum
2572 3066 2731 3119 annis
2761 3066 2976 3120 duobus
3003 3068 3199 3121 tenuit.
3227 3065 3431 3122 Umaro
3460 3081 3588 3121 suc-

2013 3157 2156 3213 cedit
2184 3157 2351 3220 Azed,
2382 3165 2439 3211 et
2471 3154 2833 3226 quadriennio
2862 3163 3055 3226 regnat
3087 3172 3102 3210 :
3137 3159 3263 3211 huic
3293 3155 3458 3220 lsam,
3493 3156 3586 3222 qui

2016 3250 2177 3302 annis
2213 3246 2587 3301 novemdccitu
2624 3244 2920 3313 imperium
2960 3252 3129 3300 tenet.
3176 3245 3287 3300 Hoc
3329 3245 3590 3300 defuncto

2015 3341 2256 3396 Maruam
2291 3341 2451 3395 annis
2479 3353 2575 3394 sex
2611 3338 2974 3408 principatum
3010 3339 3200 3408 gessit.
3237 3337 3449 3392 Mortuo
3481 3337 3591 3391 Ma-

2007 3448 2171 3488 .ruam
2206 3434 2494 3503 imperium
2537 3432 2777 3486 Arabum
2819 3432 3021 3502 excipit
3062 3430 3298 3501 Abdelas
3340 3430 3588 3500 quidam,

2014 3526 2107 3594 qui
2141 3525 2301 3579 annis
2335 3523 2525 3592 viginti
2565 3538 2677 3577 uno
2713 3523 2980 3592 regnavit.
3022 3520 3153 3578 Post
3185 3521 3344 3590 cujus
3378 3522 3590 3576 obitum

2019 3616 2260 3671 Arabum
2287 3616 2658 3686 principatum
2688 3617 2927 3686 capessit
2958 3614 3152 3679 Madis,
3182 3625 3236 3672 et
3267 3625 3459 3685 regnat
3491 3631 3594 3670 an-

2021 3724 2124 3764 nos
2164 3725 2380 3765 noveui.
2423 3709 2581 3764 Hunc
2613 3709 2831 3778 excepit
2865 3710 3072 3773 Aaron,
3106 3708 3198 3778 qui
3231 3707 3478 3764 Arabica:
3509 3709 3598 3762 di-

2022 3800 2188 3855 tionis
2219 3800 2506 3868 imperium
2541 3815 2715 3855 annos
2747 3800 2938 3870 viginti
2983 3808 3094 3855 tres
3127 3800 3437 3869 occupavit.
3481 3799 3596 3852 Hoc

2022 3900 2290 3960 tempore,
2319 3891 2572 3945 videlicet
2612 3891 2721 3960 76
2754 3890 3150 3960 imperantibus
3189 3889 3344 3945 lrene
3371 3880 3424 3945 et
3452 3889 3598 3944 Con-

1525 4025 1824 4080 ANSELMI
1855 4025 2184 4082 BANDURII
2225 4023 2459 4080 NOTAE.

409 4119 515 4189 (58)
563 4118 853 4189 Perperam
902 4119 1173 4176 Meursius
1229 4122 1672 4190 interpretatur;
1714 4121 1914 4190 quippe

342 4187 433 4256 pro
458 4187 762 4261 ἐκράτησεν
797 4191 915 4261 lego
930 4191 1172 4261 ἐκράτει,
1196 4201 1248 4246 ει
1281 4193 1363 4245 sic
1381 4187 1546 4243 verto
1572 4207 1584 4242 :
1608 4187 1775 4261 __Tunc
1810 4187 1913 4243 nit-

347 4270 443 4311 tem
475 4258 748 4322 Leontius,
783 4258 1367 4323 deiecto'Justininno,
1416 4269 1466 4314 et
1501 4261 1554 4312 in
1595 4258 1912 4314 Chersonem

344 4331 585 4397 relegata,
641 4332 922 4397 imperium
971 4330 1198 4383 tenebat.
1253 4329 1387 4382 Nam
1433 4330 1522 4382 illa
1574 4330 1814 4384 Arabum
1859 4330 1912 4384 in

343 4399 573 4451 Africam
597 4399 887 4468 impressio
917 4400 1117 4453 accidit
1143 4417 1232 4454 an.
1263 4401 1297 4454 5
1327 4398 1559 4452 Leontii.

411 4469 518 4537 (59)
535 4465 694 4523 Anno
716 4469 973 4522 nimirum
994 4471 1226 4538 septimo
1243 4469 1538 4538 Apsiinari,
1563 4465 1767 4522 Christi
1791 4468 1916 4535 704,

352 4543 430 4590 vel
460 4539 730 4608 sequenti.

383 4607 525 4728 ι(40)
581 4608 832 4662 Totidem
891 4609 1018 4662 huic
1079 4623 1255 4662 annos
1312 4607 1560 4663 attribuit
1623 4615 1677 4660 et
1739 4607 1917 4662 Theo-

400 4693 567 4728 ianes.

400 4693 567 4731 tones.

347 4692 795 4814 ω’ῗιῐῖῖεᾰυιιθιηί
830 4747 1161 4802 mentionem
1199 4747 1266 4801 de
1298 4747 1447 4802 hisce
1480 4747 1716 4800 Arabum
1753 4747 1919 4816 gestis

348 4819 400 4869 in
446 4817 653 4879 Africa,
698 4815 1012 4871 Justiniano
1053 4816 1408 4871 Rhinottneto
1457 4817 1701 4872 secundo
1749 4815 1918 4884 impc-

351 4896 520 4948 rante,
554 4885 684 4940 facit
715 4886 1097 4954 Thettpltaues.

331 5001 336 5004 .
415 4955 526 5023 (ιῖ)
561 4956 774 5025 Eadem
806 4955 977 5025 ternit-
1009 4956 1188 5024 capite
1220 4956 1547 5025 prazcedenti
1580 4956 1749 5010 rel‘ert
1778 4955 1918 5010 scri-

352 5035 467 5092 ptor
498 5037 703 5079 noster.
743 5024 850 5078 Sed
901 5024 1132 5088 fallitur,
1165 5024 1288 5078 nam
1332 5026 1381 5077 id
1424 5025 1619 5078 accidit
1663 5041 1772 5079 non
1818 5025 1922 5079 sub

347 5093 654 5148 Iustiniano
712 5093 1100 5160 Rhinotmeto,
1129 5096 1225 5150 sed
1271 5096 1374 5148 sub
1419 5095 1782 5149 Constantino
1815 5095 1922 5148 Co-

353 5178 630 5232 pronymo.
667 5162 802 5217 Vide
837 5159 1223 5232 Theophanem
1260 5167 1351 5232 qui
1385 5173 1553 5216 totam
1605 5179 1718 5218 rem
1753 5164 1924 5234 pluri-

354 5236 448 5285 bus
480 5235 708 5302 exponit
737 5249 882 5287 anno
911 5234 944 5288 9
977 5234 1224 5302 ejusdem
1252 5235 1621 5288 Constantini.

419 5302 528 5370 (45)
560 5301 660 5355 Sic
690 5319 790 5356 ms.
818 5301 1156 5370 codex.l£diti
1191 5319 1318 5356 vero
1353 5303 1721 5370 habent,p.2t.it
1744 5304 1921 5370 ὀλιγο-

353 5371 472 5422 στοῦ
514 5369 790 5442 στρατοῦ.
841 5369 947 5425 Sed
999 5372 1335 5440 praeferenda
1387 5391 1489 5427 ins.
1544 5369 1722 5435 let-tio,
1774 5369 1921 5433 nam,

356 5453 408 5510 ut
429 5443 625 5494 scribit
662 5442 1021 5510 Theophanes
1053 5443 1172 5497 loco
1226 5443 1385 5508 paulo
1433 5443 1688 5510 superius
1730 5442 1920 5506 citato,

356 5507 595 5563 Marnam
632 5528 660 5562 a
693 5507 1076 5580 Maurophoris
1115 5507 1322 5573 occiso,
1354 5511 1474 5580 ejus
1507 5507 1600 5565 lilii
1633 5526 1696 5565 ac
1729 5513 1920 5576 reliqui

356 5529 595 5563 maritam
632 5529 660 5562 ει
693 5529 881 5564 mauro
925 5529 1076 5565 noris
1115 5529 1322 5573 occnso,
1354 5529 1474 5580 ejus
1511 5529 1600 5565 Illll
1633 5529 1696 5565 ac
1729 5529 1920 5576 reuqui

356 5579 543 5633 attines
583 5529 991 5633 calamitatibus
1035 5581 1147 5636 illis
1175 5584 1539 5651 (superstites,
1570 5597 1645 5651 ex
1689 5581 1923 5650 Aigypto

358 5659 723 5722 nngravernnt
757 5650 812 5702 in
857 5650 1097 5703 Africam
1123 5668 1142 5715 ;
1172 5650 1297 5705 inde
1327 5667 1456 5705 vero
1486 5652 1538 5706 in
1567 5650 1918 5722 Hispaniain;

359 5733 512 5786 quam
551 5721 617 5774 ad
649 5721 754 5775 hoc
784 5735 957 5789 usque
989 5729 1203 5789 tempus
1237 5729 1548 5776 tenuerunt.

2093 4119 2206 4190 (44)
2246 4117 2320 4172 De
2342 4114 2694 4190 expeditione
2719 4112 2975 4190 Afrorum
2998 4110 3591 4190 _s‘eu_Aralninrcontra

2021 4181 2262 4251 Cretam,
2297 4196 2351 4241 et
2401 4181 2610 4240 insulas
2651 4183 2940 4254 Cycladas,
2996 4181 3261 4254 lllichaele
3294 4181 3460 4254 Balbo
3490 4185 3596 4254 im-

2024 4269 2266 4327 peraute,
2303 4272 2517 4327 necnon
2547 4255 2613 4308 de
2652 4252 2858 4327 Thonia
2899 4263 3115 4327 cootra_
3141 4252 3455 4327 Michaelem
3491 4253 3596 4327 ini-

2025 4321 2232 4394 berium
2259 4325 2796 4390 allectante,consule
2817 4321 3048 4394 Leonem
3077 4323 3508 4394 Grammaticum
3541 4325 3596 4376 in

2028 4391 2146 4452 Vita
2175 4395 2420 4466 ejusdem
2447 4395 2699 4466 Augusti,
2731 4393 3036 4466 Cedrisnuiu
3061 4395 3184 4446 item
3207 4407 3276 4466 ac
3301 4391 3594 4466 zonaraui.

2021 4461 2290 4522 Cazterum
2318 4466 2373 4520 in
2399 4461 2555 4519 hune
2574 4462 2836 4517 Thomam
2870 4462 3084 4516 iambos
3112 4461 3334 4528 scripsit
3357 4461 3598 4529 lgnatius

2026 4541 2524 4598 l)iaconus,auctor
2563 4533 2806 4588 Vitarnm
2839 4543 3157 4586 sanctorum
3187 4531 3387 4586 Tarisii
3416 4540 3469 4584 et
3501 4532 3598 4586 Μ-

2022 4607 2246 4676 cephori
2305 4605 2752 4676 P:ittfiarcliariim
2804 4599 2910 4654 CP.
2974 4612 3060 4676 ut“
3097 4602 3263 4676 tradit
3326 4601 3522 4676 Snidas
3579 4620 3592 4654 :

2036 4670 2314 4752 fljvdrrtog,
2361 4673 2606 4752 διόικονος
2657 4672 2750 4726 καὶ
2805 4670 3288 4752 σκευοφύλαξιτῆς
3339 4671 3599 4752 Μεγάλης

1988 4761 1999 4771 ·
2036 4741 2362 4814 Ἐκκλησίας
2395 4741 3057 4814 ηΚωνσταντινουπόλεως,
3086 4741 3472 4814 καιηγεγονιῖυς⁸
3493 4759 3599 4814 μη-

2023 4811 2347 4885 τροπολίτης
2393 4813 2676 4885 Νικαίαςη
2707 4813 3122 4885 γραμματικός·
3185 4811 3393 4885 ἔγραψε
3449 4811 3596 4885 βίους

2023 4879 2432 4954 ἰῖαρασίουίκαὶ
2463 4879 2778 4954 Νικηφόρου
2822 4879 2929 4954 τῷν
2969 4881 3140 4954 ἁγίων
3172 4879 3267 4934 καῖ
3307 4883 3596 4954 μακαρίων
3681 4902 3688 4910 ο

2026 4949 2410 5024 πατριαρχῷνν
2447 4949 2805 5024 ὲπιτύμὸἰους
2841 4949 3082 5024 ἐλέγους,
3117 4949 3426 5024 ἐπιστολὰς,
3470 4951 3598 5024 idp-

2025 5017 2152 5085 ὅους
2180 5017 2488 5090 εἰς’ὒωμᾶν
2517 5017 2948 5088 τὸνάντάρτην,
2966 5021 3112 5090 ἆπερ
3141 5017 3488 5088 ὀνομάζουσι,
3525 5017 3600 5073 Τὰ

2024 5094 2174 5146 κατὰ
2205 5091 2434 5159 Θωμᾶν,
2469 5093 2562 5144 καὶ
2592 5091 2728 5144 ἄλλα
2757 5090 2945 5143 πολλά.

2097 5163 2207 5234 (45)
2257 5158 2474 5234 Repetit
2516 5162 2600 5234 hic
2628 5160 2881 5234 scriptor
2922 5170 3113 5234 noster
3161 5174 3246 5220 ca,
3296 5158 3365 5212 de
3397 5159 3598 5234 quibus

2027 5229 2204 5303 capite
2237 5229 2561 5303 praei-edenti
2591 5233 2736 5284 circa
2779 5232 2938 5283 linem
2972 5232 3125 5300 egit;
3163 5240 3218 5282 et
3247 5229 3601 5297 prosequitur

2024 5302 2261 5358 Arabum
2291 5302 2597 5370 principum
2629 5306 2849 5355 seriem.

2054 5373 2210 5494 l1,486)
2252 5365 2349 5426 llic
2413 5365 2650 5425 Arabum
2711 5373 2969 5442 princeps
3015 5368 3216 5421 dicitur
3274 5365 3598 5434 Theophani

2077 5463 2127 5494 tu
2167 5481 2179 5494 ι
2599 5463 2602 5466 ’

2038 5443 2179 5503 Ἰζίδ.
2599 5463 2602 5466 ·
2848 5494 2859 5503 ,

2077 5463 2210 5580 (³(ι4δῆ)
2264 5509 2479 5567 Μοιιιιο
2550 5509 2687 5565 lsam
2738 5494 2896 5580 Valitl
2941 5509 3180 5560 Arabum
3219 5506 3470 5575 princeps
3500 5521 3609 5580 ιιιι-

2027 5578 2270 5637 literatur
2318 5598 2345 5634 a
2400 5581 2733 5649 Theophane
2758 5579 2895 5649 ,qui
2955 5593 3157 5630 annum
3206 5593 3372 5649 unum
3429 5578 3602 5649 eidem

2027 5654 2274 5706 ascribit.
2330 5650 2452 5704 Vide
2492 5647 2742 5704 eumdem
2775 5648 3161 5718 Theophanem
3211 5647 3277 5701 ad
3329 5664 3536 5702 annum
3570 5647 3602 5700 35

2027 5721 2370 5776 Constantini
2403 5719 2754 5788 COpronymi.
