4046 6208
290 356 387 423 221

1345 348 1444 411 DE
1475 348 2123 410 ADMINISTRANDO
2153 352 2500 414 IMPERIO.
2530 376 2533 377 '

3444 363 3552 425 2i!

291 462 414 534 ροψ.
433 460 699 531 χάροπος.
719 457 748 509 ὁ
767 454 1037 527 Χαροπόςο
1065 453 1366 523 Χαροποῖό
1386 456 1433 508 τ’
1453 455 1713 519 ἄνακτος
1730 454 1864 523 (81).

1973 466 2248 529 martyrus
2269 478 2282 511 :
2305 459 2551 530 Charops
2583 458 2876 531 Champis,
2894 460 2990 517 hic
3008 462 3311 535 Charopus,
3336 471 3504 525 veluti
3529 487 3546 526 :

290 552 548 623 Τροιζὴν,
577 549 896 619 Ῥροιζῆνος,
925 549 952 599 ὁ
985 546 1303 615 Τροίζηνος,
1337 546 1461 611 υἱὸς
1510 543 1868 614 Τροιζήνοιο.

291 643 477 712 Ἴϐηρ,
516 640 759 709 Ἴϐηρος,
786 640 813 691 ὁ
840 636 1055 704 Ἴϐηρος
1081 654 1094 666 ·
1143 635 1239 704 ἀφ’
1273 630 1334 691 οὗ
1357 635 1510 705 παρὰ
1536 636 1873 707 Κουαδράτῳ

287 733 347 785 ὲν
392 726 724 797 Ῥωμαϊκῆς
780 725 1058 792 Χιλιάδος
1090 724 1131 779 ε’
1158 725 1305 780 εστιν
1372 726 1725 795 ἰιῗήροισιν,
1778 726 1872 780 οὔ·

288 842 400 887 τως
435 839 449 851 ·

291 939 503 994 Καίτοι
522 935 735 1003 Λίγυσί
766 933 817 988 θ’
845 931 969 1002 ἅμα
992 931 1092 985 καὶ
1123 930 1409 1001 Ϊιόήροισι
1432 930 1861 999 πολεμέοντες.

294 1050 374 1105 Τὸ
426 1048 557 1105 αὐτὸ
616 1046 710 1100 καὶ
762 1043 984 1115 Ἅϐρων
1034 1043 1092 1096 δην
1142 1040 1501 1113 παρωνύμως
1550 1040 1706 1111 φησι.
1758 1041 1872 1096 Καὶ

297 1142 457 1205 αὐτὸς
481 1139 700 1207 Ἴϐηρος
750 1134 1149 1206 τραγοπώτων
1179 1134 1237 1186 ιν
1274 1130 1617 1197 Μαλθακοῖς
1652 1130 1870 1202 εἴρηται

294 1232 578 1303 Κρατίνου.
615 1232 886 1297 Λέγονται
915 1230 963 1281 οἱ
988 1227 1208 1298 Ἴϐηρες
1237 1225 1574 1293 ὀδροποτεῖν,
1602 1225 1677 1287 ὡς
1700 1223 1868 1296 Ἀθή·

289 1340 432 1386 ναιος
470 1324 529 1375 ὲν
558 1318 1091 1391 Δειπνοσοφιστῶν
1144 1316 1319 1389 β’(82)
1358 1316 1522 1369 οὖτωο
1569 1317 1870 1385 Φιλαρχος

278 1415 393 1483 μὲν
418 1415 490 1468 ἐν
523 1414 597 1483 τῇ
635 1414 682 1475 ζ’
736 1413 836 1470 καὶ
893 1411 1058 1476 τοὺς.
1099 1409 1336 1478 Ἰϐηράς
1388 1422 1582 1476 φησιν
1608 1408 1871 1474 ὐδροπο-

284 1505 409 1559 τεῖν
462 1505 717 1572 πάντας,
745 1505 940 1558 καίτοι
972 1499 1473 1563 πλουσιωτάτους
1497 1497 1745 1551 πάντων
1769 1498 1873 1551 ἀν-

282 1596 534 1662 θρώπων
575 1594 1011 1665 τυγχάνοντας.
1059 1590 1391 1653 Κέκτηνται
1441 1588 1554 1658 γὰρ
1610 1587 1874 1656 ἄργυρον

283 1686 415 1738 καὶι
444 1686 684 1754 χρυσὸν
733 1682 1047 1737 πλεῖστον.
1112 1679 1474 1734 Μονοσιτεῖν
1525 1696 1589 1733 τε
1649 1677 1873 1745 αὐτοὺς

1976 551 2307 620 Charopique
2332 552 2488 621 regis.
2511 552 2740 609 Troezen
2764 554 3069 619 Trmzenis,
3100 557 3191 612 hic
3222 559 3544 627 Trmzenus,

1974 650 2033 694 ut
2058 641 2297 696 Τπεωηὶ
2329 643 2517 711 ﬁlius;
2551 643 2810 698 similiter
2834 660 3055 715 quoque
3078 645 3197 702 lber
3227 648 3416 717 lberis,
3460 655 3548 709 hic

1972 730 2161 786 Iberus
2185 750 2199 785 :
2227 732 2369 787 unde
2393 733 2534 802 apud
2555 732 2895 797 Quadratum
2924 735 3065 790 libro
3086 738 3278 806 quinto
3297 738 3549 797 Romanae

1973 823 2236 879 Chiliadis
2265 825 2483 880 dativus
2521 823 2689 879 Iberis
2724 827 2873 880 hisce
2905 829 3088 884 verbis
3123 845 3137 882 :

2042 937 2176 993 Cum
2203 935 2674 1007 Liguribus'simul
2694 948 2743 992 et
2776 937 2946 994 Iberis
2979 939 3369 1010 belligerantes.

1972 1047 2115 1104 Idem
2151 1048 2301 1103 Abro
2332 1048 2385 1103 in
2417 1048 2846 1107 denominativis
2878 1052 3067 1107 tradit.
3103 1053 3169 1107 Et
3196 1056 3339 1124 apud
3371 1056 3555 1112 Crati-

1971 1157 2101 1197 num
2138 1140 2193 1194 in
2224 1139 2514 1198 Malthacis
2547 1142 2735 1198 Iberus
2775 1144 2983 1197 hircino
3019 1144 3184 1198 barba
3214 1148 3549 1216 appellatur.

1973 1231 2245 1285 Dicuntur
2273 1231 2456 1288 lberes
2494 1248 2693 1304 aquam
2728 1242 2922 1303 potare
2955 1234 3101 1304 apud
3139 1236 3459 1292 Athenaeum
3493 1240 3555 1293 li-

1968 1323 2069 1380 bro
2100 1323 2345 1379 secundo
2376 1324 2931 1396 Dipnosophistarum
2962 1325 3119 1383 hisce
3149 1329 3371 1384 verbis:
3402 1330 3554 1383 Phil-

1970 1416 2163 1470 arclius
2207 1418 2345 1471 libro
2389 1419 2609 1485 septimo
2651 1417 2751 1480 ait,
2788 1416 2970 1471 Iberos
3012 1434 3190 1472 omnes
3229 1436 3419 1489 aquam
3458 1438 3548 1488 po-

1971 1515 2118 1570 tare,
2151 1509 2367 1560 etiamsi
2389 1508 2642 1561 ditissimi
2669 1508 2941 1562 hominum
2963 1510 3069 1563 sint
3097 1526 3115 1566 :
3141 1513 3346 1580 argenti
3366 1514 3554 1582 quippe

1971 1603 2020 1648 et
2041 1596 2161 1647 auri
2184 1598 2469 1664 plurimum
2493 1597 2799 1665 possident;
2823 1601 2981 1652 semel
3007 1617 3123 1654 vero
3150 1603 3205 1655 in
3232 1604 3317 1656 die
3344 1612 3551 1658 tantum

1975 1686 2148 1738 cibum
2181 1703 2268 1740 eos
2302 1702 2505 1740 sumere
2541 1687 2884 1756 parsimonia
2913 1705 3100 1754 causa,
3140 1693 3235 1755 ait,
3269 1710 3331 1746 ac
3363 1697 3550 1748 vestitu

282 1778 377 1833 dei
398 1777 562 1845 λέγει
585 1776 684 1830 διὰ
709 1774 1121 1846 μικρολογίαν,
1143 1771 1406 1842 ἐσθῆτάς
1434 1788 1500 1828 τε
1526 1770 1735 1842 φορεῖν
1763 1786 1868 1825 πο-

1974 1779 2053 1831 uti
2084 1778 2536 1848 splendidissimo.

283 1865 757 1932 λυτελεστάτας.

864 1958 1117 2014 ΚΕΦᾹΛ.
1149 1958 1276 2010 ΚΔ¹.

804 2050 946 2118 Περὶ
1007 2047 1348 2114 Ἱσπανίας.

358 2141 531 2193 Πόθεν
582 2142 797 2211 εἴρηται
862 2141 1149 2206 Ἱσπανίας
1179 2141 1317 2194 Ἀπὸ
1384 2139 1638 2193 Ἱσπάνου
1670 2140 1872 2207 γίγαν-

284 2249 378 2295 τος
401 2232 515 2304 (85)
535 2231 679 2286 οὕτω
741 2233 1103 2303 καλουμένου.
1172 2230 1438 2286 Ἱσπανίαι
1467 2229 1563 2284 δύο
1591 2230 1692 2300 τῆς
1740 2230 1879 2284 Ἰτα-

284 2324 407 2387 lla;
460 2324 718 2394 ἐπαρχίαι
770 2323 921 2395 (84)*
956 2325 988 2395 ή
1023 2322 1125 2393 μὲν
1186 2322 1419 2392 μεγάλη,
1472 2325 1505 2391 ἡ
1558 2322 1616 2375 δὲ
1680 2322 1869 2392 μικρά.

281 2409 501 2484 Ταύτης
528 2414 774 2485 ἐμνήσθη
803 2412 993 2486 Χάραξ
1018 2417 1077 2467 ἐν
1103 2411 1135 2466 ι’
1157 2412 1599 2483 Χρονιθῶνβὶὄγ
1630 2411 1731 2468 Ἐν
1762 2413 1871 2469 Ἰσ-

283 2503 472 2569 πανίᾳ
500 2500 573 2570 τῇ
592 2500 775 2570 μικρᾷ
811 2501 887 2571 τῇ
929 2501 1046 2566 ἔξω
1079 2501 1471 2557 Λουσιτανῶν
1499 2500 1688 2555 πάλιν
1716 2501 1867 2555 ἀπο-

280 2592 556 2648 στάντων
589 2593 863 2663 ἐπέμερθη
911 2593 1029 2648 ὑπὸ
1078 2592 1384 2663 Ῥωμαίων
1411 2593 1750 2661 στρατηγὸς
1774 2592 1867 2645 ἐπ’

280 2682 505 2748 αὐτοὺς
566 2684 837 2748 Κύτντος,
881 2685 914 2735 ό
942 2683 1128 2749 αὐτὸς
1176 2683 1329 2752 ὁμοῦ
1383 2682 1520 2751 περὶ
1580 2680 1700 2736 τῶν
1753 2683 1866 2737 δύο

282 2773 532 2839 Κύιντος
568 2776 600 2826 ὁ
628 2772 746 2826 τῶν
808 2770 1112 2841 Ῥωμαίων
1145 2772 1530 2842 πολέμαρχος
1561 2773 1631 2827 ἐν
1676 2774 1867 2842 ἀμερο-

280 2863 478 2931 τέραις
533 2864 666 2929 ταῖς
743 2865 1103 2930 ’1σπανίαις.
1181 2862 1566 2932 Ἠσσώμενος
1625 2862 1694 2916 δὲ
1746 2863 1868 2917 ὑπὸ

284 2954 573 3021 Οὐριάθου
608 2954 719 3025 (86)
758 2956 1035 3021 σπονδὰς
1088 2952 1239 3022 πρὸς
1282 2955 1471 3008 αὐτὸν
1512 2953 1865 3023 ἐποιήσατο.

281 3046 499 3116 Ταύτην
571 3047 872 3118 κεκλῆσθαι
964 3064 1129 3116 φησιν
1180 3046 1421 3118 Ἰϐηρίαν
1483 3049 1544 3100 ἐν
1617 3046 1863 3118 Ἐλληνι-

2462 1954 2571 2025 78
2607 1952 2838 2008 CAPUT
2876 1952 3071 2007 XXIV.

2564 2046 2643 2100 De
2676 2045 2967 2117 Hispania.

2047 2129 2200 2187 Unde
2235 2133 2437 2187 dicitur
2480 2134 2783 2203 Hispania?
2830 2137 2916 2191 Ab
2959 2133 3207 2206 Hispano
3252 2135 3418 2203 hujus
3461 2154 3557 2190 no-

1977 2220 2141 2274 minis
2198 2222 2435 2291 gigante.
2486 2222 2766 2294 Hispania:
2843 2227 2965 2280 dum
3009 2211 3174 2280 Italia:
3216 2228 3554 2296 provincia;

1976 2325 2089 2365 una
2116 2312 2334 2381 quidem
2372 2329 2589 2385 magna,
2626 2316 2730 2369 alia
2761 2331 2891 2371 vero
2922 2304 3112 2388 parva.
3149 2318 3324 2389 Hujus
3365 2323 3555 2373 memi-

1974 2402 2054 2454 nit
2079 2401 2294 2457 Charax
2328 2402 2426 2458 lib.
2458 2421 2491 2459 ι
2542 2404 2925 2461 Chronicorum
2954 2424 2971 2461 :
3006 2408 3072 2462 In
3106 2408 3424 2479 Hispaniam
3458 2414 3556 2464 mi-

1972 2508 2152 2545 norem
2180 2496 2519 2560 exleriorem,
2553 2496 2828 2553 Lusitanis
2856 2516 3071 2554 rursum
3100 2502 3487 2570 deﬁcientibus,
3521 2520 3557 2557 α

1970 2580 2223 2636 Romanis
2252 2586 2515 2641 exercitus
2553 2587 2665 2639 dua:
2707 2590 2900 2644 missus
2930 2600 3012 2643 est
3046 2590 3300 2657 Quintus,
3347 2594 3438 2662 qui
3478 2595 3557 2646 si-

1974 2672 2085 2725 mul
2113 2674 2168 2726 in
2198 2674 2407 2730 duabus
2448 2675 2727 2748 Hispaniis
2766 2679 2893 2735 belli
2922 2683 3300 2752 prafeeturam
3333 2694 3554 2754 gereret.

1973 2760 2029 2815 Is
2053 2772 2229 2819 autem
2255 2782 2288 2819 α
2315 2766 2557 2821 Viriatho
2584 2780 2887 2839 superatus,
2922 2772 3093 2842 fwdus
3125 2791 3244 2827 cum
3284 2775 3380 2829 illo
3410 2776 3551 2830 iniit.

1973 2853 2127 2911 lianc
2156 2860 2344 2913 vocari
2376 2860 2455 2913 ait
2484 2858 2716 2916 lberiam
2746 2862 2914 2933 [idem
2947 2865 3191 2938 Charax]
3224 2866 3364 2921 libro
3395 2867 3556 2922 tertio

1971 2948 2562 3007 rerumHellenicarum
2592 2955 2707 3009 sive
2722 2954 3029 3011 Graecarum
3056 2976 3069 3014 :
3097 2958 3409 3027 Hispaniam
3437 2975 3555 3014 vero

1973 3040 2146 3097 στα»τὶ
2185 3044 2412 3111 primum
2459 3043 2690 3099 Iberiam
2727 3050 3124 3117 nuncupabant,
3161 3066 3279 3103 cum
3322 3050 3555 3105 nondum

280 3136 396 3189 κῶν
441 3143 489 3205 γ’
538 3134 651 3208 (87)
695 3153 711 3170 ο
782 3136 903 3205 Τὴν
949 3135 1018 3190 δὲ
1076 3137 1399 3191 Ἱσπανίαν
1435 3138 1741 3206 Ἕλληνες
1797 3138 1868 3192 τὰ

1976 3137 2137 3190 totius
2167 3141 2333 3206 gentis
2363 3154 2550 3191 nomen
2580 3137 2951 3203 edidicissent;
2985 3141 3077 3195 sed
3110 3158 3143 3195 a
3178 3151 3353 3195 tractu
3380 3143 3553 3211 regio-

278 3225 484 3293 πρῶτα
526 3228 775 3295 Ἰϐηρίαν
816 3226 1134 3293 ἐκάλουν,
1168 3226 1335 3281 οὔπω
1382 3226 1737 3296 ξύμπαντος
1760 3225 1868 3281 τοῦ

281 3316 502 3383 ἔθνους
527 3317 642 3386 τὴν
664 3321 1078 3388 προσηγορίαν
1093 3319 1527 3389 μεμαθηκότεςο
1570 3319 1709 3374 ἀλλ’
1748 3318 1868 3374 ἀπὸ

276 3406 499 3475 μέρους
547 3408 661 3477 τῆς
720 3408 834 3477 τῆς
872 3408 905 3461 ὅ
933 3408 1065 3462 ἐστι
1084 3410 1236 3477 πρὸς
1270 3410 1543 3479 ποταμὸν
1574 3409 1855 3479 Ἰϐηρίαν,

1976 3229 2057 3282 nis
2094 3227 2247 3282 Ibero
2288 3229 2499 3297 ﬂumini
2537 3229 2835 3300 adjacente,
2874 3240 3040 3285 totam
3082 3244 3275 3287 terram
3321 3233 3556 3287 lberiam

1978 3330 2374 3382 nuncuparunt.
2414 3319 2693 3376 Postremo
2735 3331 2911 3377 autem
2952 3324 3108 3377 aiunt
3140 3324 3295 3377 illam
3327 3324 3554 3377 Paniam

1968 3412 2291 3481 appellatam
2325 3430 2452 3468 esse.

280 3505 377 3560 καὶ
442 3503 546 3557 ἀπ’
596 3503 835 3558 ἐκείνου
882 3504 1268 3574 ὀνομάζονται
1326 3505 1443 3575 τὴν
1468 3504 1673 3562 πᾶσαν
1703 3505 1857 3561 οὕτω
1897 3508 2233 3573 καλοῦντες
2268 3509 2402 3580 (88).
2450 3510 2837 3582 Ὕστερονδέ
2865 3528 3059 3584 φασιν
3115 3514 3311 3583 αὐτὴν
3373 3525 3557 3581 μετα-

278 3595 615 3665 κεκλῆσθαι
652 3595 762 3666 (89)
796 3597 1021 3651 Πανίαν.

1450 3714 1754 3771 ANSELMI
1794 3713 2127 3772 BANDURII
2161 3711 2394 3768 NOTE.

348 3824 789 3899 (8I)__Xaporpo'id
842 3826 891 3878 τ’
920 3826 1172 3893 ἄνακτος,
1219 3834 1349 3883 sunt
1402 3826 1710 3898 fragmenta
1738 3844 1862 3884 ver-

280 3894 442 3954 suum
480 3894 724 3948 Homeri.

353 3965 463 4037 (82)
490 3963 671 4018 Locus
702 3964 791 4037 hic
820 3962 1093 4037 Philarchi
1125 3964 1268 4037 apud
1294 4034 1303 4037 _
1327 3964 1682 4037 Athenaeum;
1701 3967 1864 4037 paulo

277 4033 532 4091 diversus
577 4042 682 4088 est.
737 4033 827 4088 Sic
882 4033 957 4088 ibi
998 4034 1137 4088 ille:
1177 4034 1318 4102 Φησὶ
1368 4033 1425 4085 δὲ
1475 4034 1603 4096 τοὺς
1639 4033 1869 4103 Ἴϐηρας

279 4107 490 4167 πάντας
517 4104 853 4171 ὑδροποτεῖν,
878 4103 1059 4157 καίτοι
1092 4102 1530 4166 πλουσιωτάτους
1561 4102 1867 4171 ἀνθρώπων

274 4178 458 4237 ὄνταςο
479 4176 779 4245 μονοσιτεῖν
800 4191 858 4226 τε
880 4174 1080 4245 αὐτοὺς
1100 4173 1186 4245 ᾁεὶ
1213 4172 1359 4245 λέγει
1381 4173 1482 4245 Sidi
1494 4172 1868 4245 μικρολογζαν,

274 4242 514 4314 ὲσθῆταξ
563 4243 620 4296 δὲ
673 4246 860 4314 φορεῖν
912 4242 1402 4314 πολυτελεστάτας.
1444 4242 1645 4298 Eadem
1696 4243 1867 4298 refert

276 4261 514 4314 εσυητας
563 4261 620 4296 οε
673 4261 860 4367 (pagani
912 4261 1278 4296 ποΑυτεΛεστα

276 4314 599 4369 Eustathius
639 4315 708 4367 ad
780 4321 1032 4383 eriegeta:
1064 4328 1117 4366 v.
1149 4312 1278 4367 282.

354 4383 465 4454 (85)
506 4383 788 4454 Hispania.
820 4381 962 4454 qua:
983 4383 1219 4453 primum
1247 4383 1388 4454 dicta
1415 4382 1536 4454 luit
1560 4381 1770 4446 Iberia,”
1804 4390 1861 4454 ut

276 4451 708 4533 g‘prazcedenti
735 4451 917 4533 capite
952 4451 1142 4533 liquet,
1168 4460 1221 4507 et
1266 4452 1463 4507 deinde
1493 4451 1758 4533 llesperia
1792 4453 1861 4505 ab
1896 4478 1936 4533 ι)

278 4522 527 4591 Hespero
555 4522 711 4577 stella
735 4522 1096 4585 lucidissima,
1130 4536 1250 4593 quae
1277 4523 1586 4593 vespertino
1615 4532 1861 4591 tempore

278 4596 336 4647 in
366 4592 662 4648 Occidente
704 4600 949 4662 apparet,
989 4592 1161 4662 solem
1206 4592 1585 4662 subsequens;
1613 4602 1861 4662 postmo:

277 4666 414 4717 dum
446 4660 895 4731 nuncupata‘est
947 4661 1186 4730 Hispalia
1245 4662 1313 4714 ab
1369 4660 1595 4731 Hispali,
1618 4660 1760 4717 urbe
1794 4660 1860 4714 ad

282 4733 483 4787 fretum
516 4730 852 4786 Atlanticum
903 4732 1030 4793 sita,
1080 4746 1245 4800 quam
1275 4730 1436 4785 hodie
1491 4732 1733 4785 Siviliam
1768 4747 1864 4783 vo-

280 4811 447 4867 cant;
503 4817 723 4870 unaque
744 4802 980 4872 denique
1035 4800 1216 4855 littera
1269 4801 1553 4855 immutata
1600 4801 1862 4870 Hispania

281 4871 550 4924 appellata
581 4872 703 4924 fuit.

281 4872 550 4925 appellata
581 4872 703 4925 fuit.

317 4887 550 4941 ppeuata
581 4887 703 4925 tun.

355 4942 467 5011 (84)
500 4941 683 4995 Divisa
724 4940 827 4996 fuit
855 4940 985 4995 olim
1017 4955 1046 4994 a
1075 4939 1339 4994 Romanis
1383 4941 1638 4995 universa
1674 4938 1866 5007 Hispa-

282 5013 375 5065 nia
414 5012 466 5063 in
501 5012 811 5065 citeriorem
837 5020 892 5065 et
929 5012 1271 5074 ulteriorem,
1304 5012 1381 5066 uti
1434 5011 1501 5065 ad
1532 5017 1694 5079 caput
1728 5023 1868 5077 prae-

279 5081 483 5136 cedens
513 5081 918 5134 adnotavimus.

354 5149 468 5220 (85)
487 5151 742 5220 Χρονικᾴ
764 5150 1025 5220 Characis
1048 5148 1367 5219 Pergameni
1389 5150 1590 5220 passim
1617 5149 1865 5220 citantur

282 5235 313 5274 ι
345 5217 647 5287 Stephano.
692 5219 817 5273 Vide
848 5217 1098 5275 Vossium
1130 5217 1199 5275 de
1234 5221 1373 5275 Hist.
1392 5217 1583 5274 'Grarc.
1634 5219 1732 5274 lib.
1783 5233 1862 5272 Ill.

354 5290 467 5360 (86)
502 5288 788 5344 Viriathus
822 5293 913 5359 qui
954 5304 1020 5343 cx
1065 5301 1325 5345 venatore
1362 5291 1523 5353 latro,
1559 5303 1625 5343 ex
1658 5289 1869 5341 latrone

282 5359 466 5414 subito
495 5359 604 5413 dux
641 5368 805 5427 atque
856 5362 1174 5427 imperator,
1212 5362 1516 5413 Romanum
1562 5361 1867 5413 exercitum

283 5445 392 5483 non
424 5430 591 5500 semel
621 5429 968 5500 proﬂigavit:
1005 5433 1240 5499 primum
1272 5429 1529 5485 Vetilium
1572 5437 1863 5500 praetorem

285 5500 424 5554 fusis
474 5499 595 5566 ejus
627 5498 808 5568 copiis
841 5498 1064 5568 captum
1113 5500 1440 5564 trucidavit;
1483 5500 1537 5551 in
1577 5498 1736 5568 cujus
1791 5498 1868 5549 lo-

284 5582 408 5622 cum
464 5584 589 5623 cum
620 5571 834 5640 missus
866 5567 1012 5640 sese}
1039 5567 1100 5640 C.
1138 5568 1358 5640 Liclius,
1397 5569 1615 5640 egregie
1644 5567 1766 5640 cum
1804 5579 1869 5619 co

284 5639 567 5707 pugnavit.
615 5638 819 5693 Deinde
852 5639 920 5705 Q.
975 5637 1177 5694 Fabius
1215 5637 1482 5695 Maximus
1537 5637 1869 5707 Aﬂmilianus

287 5706 583 5774 proconsul
607 5709 855 5769 restituta
883 5709 1099 5776 militari
1127 5708 1415 5777 disciplina
1440 5711 1692 5763 eumdem
1722 5706 1870 5761 devi-

289 5779 379 5833 cit.
440 5777 579 5833 Tum
624 5777 685 5845 Q.
722 5777 922 5833 Fabius
970 5778 1235 5834 Maximus
1286 5779 1620 5834 Scrvilianus
1655 5778 1867 5839 consul,

1967 3828 2199 3882 alterius
2241 3827 2429 3889 frater,
2470 3824 2663 3897 lusum
2715 3827 3078 3897 fugatumque
3125 3828 3181 3882 in
3215 3826 3553 3882 Lusitaniam

1968 3844 2199 3882 alterius
2241 3844 2429 3889 rrater,
2476 3844 2663 3881 rusum
2720 3844 3078 3946 iugatamque
3125 3844 3181 3882 tn
3218 3844 3553 3882 Lusitaniam

1968 3896 2235 3965 compulit
2277 3909 2421 3965 anno
2470 3894 2537 3947 U.
2588 3895 2652 3947 C.
2704 3894 2762 3948 6|
2817 3933 2835 3965 ,ν
2880 3898 3154 3965 Sequente
3182 3911 3313 3950 vero
3356 3911 3481 3950 cum
3526 3913 3556 3950 ,ι

1969 3964 2221 4016 Viriatho
2255 3963 2664 4032 circumventus
2686 3964 2924 4032 opprimi
2953 3963 3163 4032 posset,
3192 3965 3553 4032 pacem'prar-

1970 4031 2181 4099 optanti
2205 4029 2377 4100 aequis
2400 4030 2808 4100 conditionibus
2831 4029 2998 4100 dedit.
3027 4030 3093 4083 Et
3122 4029 3316 4100 dc;hac
3338 4029 3555 4099 quidem

1972 4096 2211 4164 Viriathi
2258 4096 2451 4153 contra
2486 4098 2550 4164 ρ.
2588 4096 2815 4152 Fabium
2846 4098 3141 4153 Maximum
3190 4096 3557 4154 Servilianum

1973 4159 2324 4240 expeditione
2352 4159 2567 4223 videtur
2593 4169 2686 4240 hic
2715 4169 2859 4237 loqui
2895 4170 3105 4225 Charax
3133 4187 3147 4240 :
3177 4183 3301 4223 nam
3332 4168 3399 4235 ρ.
3433 4167 3560 4223 Ser-

1971 4238 2137 4295 vilius
2167 4240 2347 4309 CthlO
2398 4254 2542 4293 anno
2577 4238 2702 4301 614,
2736 4240 2983 4309 neglecto
3041 4239 3269 4303 foedere,
3332 4251 3555 4307 repente

1974 4310 2281 4367 Viriathum
2313 4311 2566 4368 adortus.
2598 4311 2874 4379 corruptis
2919 4310 3040 4379 ejus
3081 4311 3296 4379 legatis,
3337 4309 3465 4363 dolo
3496 4311 3557 4363 il-

1973 4382 2082 4436 lum
2147 4380 2406 4442 sustulit,
2460 4380 2666 4449 majore
2735 4380 2916 4448 populi
2978 4379 3208 4435 Romani
3242 4380 3554 4449 ‘dedccore,

1969 4467 2135 4520 quam
2172 4466 2362 4520 operae
2414 4448 2610 4519 pretio.
2660 4448 2786 4503 Vide
2821 4449 3037 4504 Livium
3085 4453 3153 4505 de
3202 4450 3343 4505 bello
3374 4448 3551 4503 Viria-

1967 4518 2135 4584 tliico,
2168 4518 2471 4583 Florum,}\
2486 4520 2767 4588 ppianum,
2805 4531 2912 4574 etc.

2038 4593 2151 4660 (87)
2195 4588 2287 4643 Sic
2314 4592 2366 4660 in
2398 4587 2497 4660 nis.
2520 4592 2731 4660 codice.
2765 4589 3055 4660 Perperam
3087 4589 3140 4642 in
3170 4589 3361 4645 editis:
3397 4587 3554 4660 Ταύέ

1964 4657 2065 4731 την
2119 4657 2622 4731 κεκλῆσθαινφησινᾲ
2661 4657 2922 4731 Ἰϐηρίαν.
2950 4660 3039 4731 Ἐν
3056 4659 3100 4712 δ’
3129 4659 3458 4731 Ἑλληνικῶν
3482 4658 3554 4726 γ’.

1968 4729 2080 4785 lloc
2107 4740 2284 4783 autem
2310 4730 2561 4798 intelligit
2593 4729 2661 4784 de
2700 4729 2890 4798 eodem
2940 4730 3207 4794 Charace,
3228 4732 3348 4798 qui,
3385 4730 3558 4783 Suida

1967 4809 2129 4857 teste.
2165 4798 2411 4853 condidit
2442 4796 2797 4852 historiarum
2825 4796 3137 4853 Grmcarum
3174 4796 3344 4855 libros
3367 4816 3462 4863 XL,
3500 4801 3556 4852 in

1967 4885 2203 4938 quorum
2237 4867 2484 4922 secundo
2519 4868 3023 4938 AuguinUCmsaris
3059 4871 3382 4923 memoriam
3413 4869 3558 4922 cele-

1971 4935 2124 5005 lirat;
2176 4939 2229 4992 in
2276 4938 2520 4993 secundo
2566 4935 2693 4991 item
2746 4935 2999 4999 Neronis,
3047 4948 3103 4992 et
3143 4950 3553 4992 successorum.

1965 5008 2236 5064 Czetcrum
2285 5008 2550 5061 Characis
2606 5007 2808 5060 librum
2867 5007 3173 5062 secundum
3222 5004 3555 5073 Ἑλληνικῶν

1966 5080 2097 5132 citat
2137 5078 2447 5145 Stephanus
2501 5076 2798 5146 Byzantius
2836 5076 2890 5130 in
2972 5077 3305 5146 Ἀδράστεια.
3340 5086 3395 5130 et
3426 5073 3556 5146 Ταί-

1968 5144 2315 5219 ναροςλὲιιιιε
2341 5148 2499 5201 facile
2522 5144 2836 5219 crederem,
2871 5155 2926 5219 et
2955 5162 3022 5202 ex
3062 5144 3301 5219 eo_quod
3331 5146 3385 5198 in
3428 5144 3553 5219 Ste-

1970 5214 2133 5286 phani
2158 5219 2393 5287 epitome
2421 5219 2487 5271 dc
2521 5216 2787 5287 Hispania
2814 5216 3069 5280 habetur,
3119 5214 3556 5287 Porphyrogeni—

1971 5300 2083 5341 tum
2112 5286 2213 5342 hoc
2246 5289 2517 5356 integrum
2564 5295 2729 5355 caput
2763 5286 2831 5342 de
2870 5287 3132 5355 Hispania
3167 5286 3553 5356 (assumpsisse,

1971 5354 2435 5428 quemadmodum
2470 5366 2522 5412 et
2552 5354 2869 5428 przeccdeus
2890 5354 3080 5428 caput,
3109 5372 3175 5428 ex
3205 5355 3380 5428 Opere
3414 5354 3555 5428 inte-

1969 5423 2067 5497 g‘m
2121 5427 2419 5497 Stephani;
2473 5439 2523 5482 et
2554 5423 2739 5480 ‘miror
2782 5441 2882 5481 cur
2926 5423 3206 5481 B‘erkclius
3255 5427 3370 5476 haec
3427 5423 3552 5476 item

1972 5498 2250 5566 Stephano
2275 5514 2381 5553 non
2422 5497 2743 5552 reddiderit.

2043 5562 2153 5637 (88)
2185 5568 2275 5637 Sic
2301 5584 2365 5622 cx
2394 5583 2497 5622 ms.
2521 5568 2731 5622 codice.
2761 5564 2936 5620 Locus
2961 5563 3183 5637 mutilus
3210 5564 3267 5637 in
3294 5562 3476 5637 editis.

2044 5632 2155 5705 (89)
2183 5636 2274 5692 Sic
2300 5638 2695 5697 emendamus;
2731 5637 2934 5705 quippe
2965 5633 3020 5705 in
3063 5648 3193 5705 nise.
3237 5632 3549 5702 Purpliyro-

1973 5703 2144 5775 geniti
2187 5723 2251 5760 ac
2302 5707 2564 5776 Stephani
2612 5714 2872 5770 carruptc
2921 5703 3121 5776 legitur
3155 5704 3409 5776 llavwvia
3454 5717 3552 5776 pro

1974 5771 2140 5833 limi:
2207 5771 2501 5831 t‘nstlicncs
2545 5775 2690 5831 cnim
2734 5776 2829 5829 lib.
2879 5771 2990 5827 xui
3035 5772 3361 5831 lbericorum
3407 5771 3551 5841 apud
