4046 6208
493 346 599 409 927

1525 338 2025 431 CONSTANTINI
2060 335 2350 396 PORPHY
2358 333 2613 396 ROGEN
2621 334 2730 394 ITl

3646 330 3757 392 228

498 460 656 532 Syria
687 472 827 522 esse,
863 456 917 510 id
944 462 1049 516 est,
1086 452 1141 505 in
1179 450 1421 505 Arabum
1454 450 1798 520 principatu;
1830 464 2063 519 quorum

2194 446 2363 517 Ξυρίᾳ,
2388 446 2556 513 ἧγουν
2579 446 2635 497 ὲν
2655 448 2719 514 τῇ
2738 443 2844 494 τῶν
2862 442 2917 493 Ἀ
2928 438 3109 511 ράϐων
3133 437 3299 508 ἀρχῇ.
3324 432 3423 491 Ὧν
3439 441 3466 492 ὁ
3482 440 3581 509 μὲν
3612 442 3765 511 πρῶ-

493 554 714 623 quidem
749 548 965 618 primus
1001 542 1205 599 residet
1235 543 1293 598 in
1322 542 1561 613 Bagdad,
1591 550 1786 611 estque
1815 558 1879 596 ex
1918 539 2070 593 Mna-

496 643 666 698 metlii
689 640 801 691 sive
825 634 1160 689 Muchumeti
1192 633 1489 704 progenie;
1524 632 1802 689 secundus
1830 632 1986 687 sedet
2016 630 2071 684 in

491 731 685 789 Africa
704 736 758 782 et
804 732 890 782 est
931 740 1000 780 ex
1025 724 1303 800 prosapia
1342 725 1482 780 Alim
1526 732 1583 780 et
1626 725 1904 780 Pliatemae
1947 723 2073 777 lilia:

494 819 768 876 Muameth
810 817 926 872 sive
966 816 1301 879 Maeliumet,
1343 816 1456 885 80
1487 815 1630 870 unde
1666 815 1834 869 etiam
1875 813 2076 868 Pliate-

495 915 644 967 mitte
673 918 975 973 vacantur;
1006 909 1205 963 tertius
1233 922 1363 962 vero
1396 908 1451 960 in
1482 906 1741 974 Hispania
1773 907 1931 961 sedes
1974 906 2076 958 ha-

493 1005 605 1067 bet,
645 1013 699 1058 et
734 1017 765 1056 a
807 1001 978 1055 Μανία
1014 1000 1287 1069 originem
1328 998 1499 1053 ducit.
1554 997 1666 1053 Nec
1712 998 2077 1068 ignorandum

496 1102 602 1159 est,
635 1107 664 1145 a
705 1091 974 1161 principio
1015 1103 1141 1144 cum
1178 1087 1439 1144 Saraceni
1476 1099 1648 1161 totum
1690 1089 1863 1161 Syriae
1906 1090 2082 1159 impe-

499 1186 647 1239 rium
691 1184 1034 1247 obtinerent,
1091 1181 1534 1236 Amermumnem
1576 1181 1629 1235 in
1681 1180 1895 1251 Bagdad
1942 1195 2085 1235 rese-

501 1276 671 1330 disse.
726 1272 1033 1342 lmperabat
1085 1285 1218 1324 vero
1260 1270 1462 1326 Persite
1517 1272 1810 1334 universae,
1862 1272 2082 1336 Africae,

500 1366 741 1436 Egypto
769 1372 824 1419 et
856 1363 1074 1417 Arabiae
1113 1359 1323 1429 Felici;
1365 1372 1418 1417 et
1487 1363 1792 1417 amcradias
1833 1376 2084 1431 magnas,

504 1458 622 1511 sive
658 1465 925 1526 praeturas
957 1452 1145 1507 babnit
1177 1453 1340 1506 basee
1387 1470 1400 1505 :
1454 1453 1626 1521 prima
1662 1452 1937 1507 ameradia
1970 1462 2088 1505 erat

502 1546 701 1602 Persia
729 1545 847 1600 sive
873 1543 1230 1610 Cliomssan;
1268 1542 1511 1596 secunda
1548 1551 1666 1596 erat
1724 1541 1946 1607 Africa;
1978 1549 2090 1596 ter-

504 1638 604 1702 tia,
633 1635 948 1707 Egyptus;
997 1642 1216 1704 quarta,
1262 1633 1580 1699 Philistiim,
1631 1633 1748 1687 sive
1786 1631 2087 1698 Rliamble;

503 1727 724 1797 quinta,
771 1725 1108 1788 Damascus;
1162 1730 1338 1787 sexta,
1376 1720 1636 1791 Chemps,
1679 1723 1796 1775 sive
1830 1720 2086 1784 Einessa;

2173 551 2265 598 τος
2299 534 2596 597 καθέζεται
2632 534 2690 585 ὲν
2718 531 2796 600 τῷ
2828 528 3041 598 Βαγδάδ
3066 527 3166 597 (ι)-
3191 527 3307 579 έστι
3330 526 3387 579 δὲ
3412 530 3475 580 ὲκ
3504 528 3602 599 τῆς
3648 528 3745 581 τοῦ

2173 625 2437 695 Μουάμεθ
2518 624 2738 692 γενεᾶς,
2790 623 2911 691 ἦτοι
2961 618 3057 671 τοῦ
3120 616 3485 687 Μουχοὺμετ’
3540 621 3569 671 ὁ
3620 618 3677 671 δὲ
3714 619 3759 688 β’

2175 718 2466 780 καθέζεται
2489 717 2549 768 ἐν
2578 714 2838 785 Ἀφρικῇ,
2901 711 2995 764 καὶ
3050 708 3198 763 ἐστιν
3220 711 3285 763 ὲκ
3310 711 3410 780 τῆς
3435 712 3528 765 τοὺ
3589 711 3766 783 Ἀλλὴμ

2175 810 2392 875 γενεᾶς,
2418 808 2512 861 καὶ
2531 806 2762 875 Φατιμὲ,
2786 805 2885 874 τῆς
2916 794 3191 871 Θυγατρὸς
3205 802 3496 873 Μουάμεθ,
3530 806 3649 875 ἦτοι
3670 804 3763 856 τοῦ

2177 898 2507 969 Μουχοὺμετ
2531 916 2545 930 ο
2582 896 2640 961 ἐξ
2673 890 2733 950 οὑ
2760 897 2853 947 καὶ
2908 895 3224 963 Φατημῖται
3286 893 3667 963 ὀνομάζονται.
3708 893 3766 946 ’0

2177 991 2234 1044 δὲ
2278 991 2463 1062 τρίτος
2514 988 2804 1052 καθέζεται
2834 988 2892 1040 ὲν
2928 985 3203 1057 Ίσπανίᾳ·
3257 985 3373 1038 ἐστι
3425 985 3482 1038 δὲ
3516 984 3624 1039 ἀπὸ
3670 985 3768 1054 τῆς

2179 1083 2374 1152 γενεᾶς
2412 1078 2507 1135 τοῦ
2550 1080 2788 1136 λῖαόίου.
2857 1076 3060 1131 ’ἰστέον
3091 1076 3174 1129 ὅτι
3218 1077 3276 1130 ὲν
3307 1075 3386 1146 τῷ
3417 1078 3538 1130 κατ’
3590 1077 3768 1147 ἀρχὰς

2181 1172 2329 1243 ἐντῷ
2354 1172 2643 1243 κυριεῦσαι
2674 1172 2798 1235 τοὺς
2844 1170 3198 1240 Σαρακηνοὺς
3225 1168 3407 1238 πάσης
3424 1168 3523 1239 τῆς
3566 1168 3769 1238 Συρίας

2183 1264 2453 1335 ὲκαθέσὺη
2475 1262 2878 1334 άμερμουμνὴς
2920 1262 3001 1324 είς
3025 1259 3103 1330 τῷ
3130 1260 3364 1328 Βαγδάδ.
3399 1259 3683 1323 Ἐδέσποξε
3710 1259 3768 1312 δὲ

2186 1356 2369 1425 πάσης
2418 1354 2517 1423 τῆς
2573 1352 2841 1424 Περσίας,
2896 1351 2992 1404 καὶ
3034 1351 3137 1421 τῆς
3199 1350 3490 1421 Ἀφρικῆς,
3548 1351 3766 1419 καὶτῆς

2186 1446 2486 1515 Αἰγύπτου,
2551 1445 2646 1498 καὶ
2674 1444 2771 1513 τῆς
2805 1442 3137 1513 Εὐδαίμονος
3175 1440 3460 1512 Ἀραϐίας.
3488 1442 3598 1494 Καὶ
3621 1437 3769 1511 εἶχεν

2189 1537 2502 1609 ἀμηραδίας
2557 1535 2821 1605 μεγάλας,
2904 1532 3024 1603 ἦτοι
3083 1531 3466 1603 στρατηγίδας,
3529 1531 3768 1596 ταὺταςο

2190 1630 2421 1699 πρώτην
2480 1626 2795 1698 ὰμηραδίαν
2815 1626 2916 1696 τὴν
2937 1624 3199 1696 Περσίαν,
3231 1625 3397 1695 ἢγουν
3437 1625 3497 1678 τὸ
3542 1625 3771 1694 Χωροσ-

2195 1719 2330 1771 σάν·
2390 1718 2650 1787 δευτέραν
2712 1714 3026 1786 ἀμηραδίαν
3076 1714 3177 1785 τὴν
3219 1714 3530 1785 Ἀφρικὴν,
3582 1712 3773 1784 τρίτην

503 1818 761 1888 septima,
807 1816 1048 1885 Chalep;
1094 1821 1309 1877 octava,
1361 1811 1688 1877 Antiochia;
1734 1826 1903 1872 nona,
1940 1808 2088 1864 Cha-

2194 1808 2503 1880 άμηραδίαν
2554 1808 2655 1877 τὴν
2697 1808 2972 1876 Αἴγυπτον
3003 1807 3104 1877 (5),
3158 1805 3430 1877 τετάρτην
3460 1804 3775 1876 άμηραδίαν

504 1925 639 1975 ran;
673 1906 912 1971 decima,
942 1905 1099 1959 Emet
1125 1921 1140 1968 ;
1169 1902 1482 1965 undecima,
1515 1902 1710 1967 Esibe;
1744 1903 2087 1966 duodecima,

505 2000 714 2065 Musel;
764 1996 1142 2053 decimatertia
1201 1993 1505 2059 ameradia,
1530 1993 1722 2047 Ticrit.
1754 1992 1937 2047 Africa
1962 2009 2091 2048 vero

505 2092 576 2147 ab
606 2088 1019 2146 Amermumnis
1053 2084 1426 2156 Bagdadensis
1460 2092 1733 2156 potestate
1758 2084 1971 2150 avulsa,
2004 2085 2090 2139 sui

501 2180 648 2249 juris
677 2180 845 2243 facta,
877 2185 934 2232 et
964 2176 1244 2246 proprium
1278 2174 1379 2230 sibi
1426 2190 1668 2230 amcram
1696 2175 2087 2240 conslituente,

509 2272 688 2341 prima
737 2268 1034 2335 ameradia,
1066 2266 1528 2337 quemadmodum
1565 2266 1795 2333 solebat,
1830 2265 1931 2320 fuit
1958 2264 2093 2320 Per-

506 2361 626 2426 sia;
665 2359 929 2425 secunda,
972 2358 1283 2430 Egyptus,
1330 2368 1387 2413 et
1436 2358 1665 2428 reliquae
1705 2358 1988 2427 deinceps,
2033 2364 2094 2411 ut

506 2465 674 2520 supra
713 2450 920 2505 dictum
953 2458 1058 2505 est.
1108 2450 1294 2521 Nuper
1335 2465 1464 2505 vero
1508 2465 1634 2503 cum
1676 2450 2096 2505 Amermumnes

508 2542 886 2612 Bagdadensis
932 2544 1145 2598 viribus
1196 2543 1373 2611 impar
1418 2551 1586 2597 esset.
1631 2554 1847 2597 ameras
1892 2541 2095 2597 Persia:

508 2635 627 2690 sive
669 2635 955 2691 Chorasan
999 2635 1085 2688 sui
1126 2633 1270 2702 juris
1316 2639 1369 2686 et
1434 2633 1721 2700 potestatis
1768 2632 1945 2688 factus
1988 2644 2094 2699 est,

510 2739 745 2795 seseque
778 2724 1228 2779 Amermumncm
1264 2722 1580 2791 appellavit,
1617 2731 1837 2793 gestans
1865 2724 2092 2778 Alcora~

509 2831 640 2869 num
675 2831 707 2870 c
740 2816 885 2871 collo
932 2829 1030 2884 per
1074 2814 1309 2870 tabellas
1360 2816 1538 2869 instar
1587 2816 1804 2885 torquis
1850 2818 2097 2885 penden-

442 2918 447 2921 '
508 2911 662 2958 tem:
694 2905 871 2974 deque
904 2919 1104 2974 genere
1135 2904 1276 2958 Alim
1313 2904 1613 2960 oriundum
1647 2921 1708 2962 se
1743 2907 1902 2961 dicit.
1934 2909 2095 2962 Arne-

510 2990 621 3050 ras
650 3008 831 3051 autem
882 2996 1097 3051 Arabiae
1148 2994 1346 3051 Felicis
1400 2996 1506 3051 sub
1560 3005 1837 3067 potestate
1898 3013 2097 3054 amerae

510 3083 734 3155 Ευριί
761 3100 978 3157 semper
1005 3085 1130 3141 fuit.
1163 3084 1366 3140 Verum
1405 3086 1495 3141 hic
1522 3102 1743 3158 quoque
1774 3103 1889 3143 sua:
1916 3088 2086 3144 ditio-

2191 1903 2290 1974 τὴν
2314 1901 2626 1972 Φιλιστιὴμ,
2650 1901 2770 1971 ἢτοι
2803 1900 2862 1953 τὸ
2894 1899 3150 1970 ⁸Ράμ6λε’
3174 1898 3433 1969 πέμπτην
3459 1897 3777 1967 ἀμηραδίαν

2192 1994 2288 2062 τὴν
2326 1985 2639 2063 Δαμασκὸν,
2671 1991 2839 2064 ἕκτην
2901 1991 3216 2062 ἀμηραδίαν
3246 1989 3307 2043 τὸ
3340 1988 3526 2060 Χὲμψ,
3559 1989 3683 2059 ἦτοι
3716 1986 3779 2041 τὸ

2198 2084 2445 2153 Ἔμεσσα
2481 2099 2494 2114 ο
2541 2080 2779 2153 ἑϐδόμην
2828 2080 3143 2152 ἁμηραδίαν
3184 2079 3245 2133 τὸ
3297 2079 3523 2141 Χάλεπ,
3579 2077 3777 2149 ὀγδόην

2193 2172 2507 2244 ἁμηραδίαν
2550 2173 2649 2241 τὴν
2704 2171 3042 2243 Ἀντιόχειαν
3070 2210 3084 2236 ,
3151 2170 3382 2240 ὲννάτην
3464 2168 3778 2240 ἀμηραδίαν

2193 2266 2254 2319 τὸ
2284 2266 2494 2338 Χαρὰν,
2554 2264 2791 2330 δεκάτην
2836 2263 3180 2335 ἁμηραδίαν,
3226 2263 3420 2333 Ἔμετ,
3484 2262 3777 2330 ἑνδεκάτην

2194 2358 2508 2429 ἀμηραδίαν
2556 2358 2658 2428 τὴν
2717 2358 2932 2429 Ἐσιῦὴ,
2994 2357 3306 2426 δωδεκάτην
3370 2356 3679 2426 ἀμηραδίαν
3715 2356 3778 2407 τὸ

2196 2433 2437 2515 Matios),
2483 2451 2842 2523 τρισδεκάτην
2902 2449 3217 2522 ἁμηραδίαν
3249 2448 3310 2503 τὸ
3333 2447 3544 2519 Τικρίτ.
3576 2448 3690 2517 Τῆς
3716 2446 3777 2501 δὲ

2206 2545 2477 2616 Ἀφρικῆς
2523 2542 2939 2611 άποσπαθείσης
3002 2541 3111 2595 ἀπὸ
3152 2540 3253 2612 τῆς
3278 2539 3374 2593 τοῦ
3413 2537 3781 2609 ἀμερμουμνῆ
3818 2578 3821 2579 ν

2196 2637 2255 2688 ὲν
2286 2635 2365 2706 τῷ
2391 2634 2603 2704 Βαγδὰδ
2662 2631 2931 2698 ἐξουσίας,
2986 2634 3081 2686 καὶ
3141 2632 3619 2703 ίδιοκρατησάσης,
3688 2630 3780 2681 καὶ

2197 2727 2424 2796 ἀμηρᾶν
2477 2725 2611 2779 ἴδιον
2655 2723 3106 2793 ἀναγορευσάσης
3167 2721 3277 2792 (6),
3331 2720 3549 2789 γέγονε,
3595 2715 3777 2780 καθὼς

2198 2819 2293 2872 καὶ
2319 2816 2699 2888 προὺπῆρχεν,
2726 2814 2918 2883 πρώτη
2946 2812 3272 2884 άμηραδίαή
3289 2810 3523 2881 Περαία,
3553 2807 3777 2876 δευτέρα

2194 2911 2228 2978 ἡ
2253 2908 2554 2976 Αἴγυπτος,
2612 2906 2711 2960 καὶ
2770 2904 3008 2974 καθεξῆς
3036 2905 3092 2957 αί
3115 2902 3320 2967 λοιπαὶ,
3386 2898 3567 2962 καθὼς
3592 2896 3777 2967 προεί-

2200 3011 2384 3064 ρηται.
2416 2993 2649 3063 Ἀρτίως
2677 2992 2735 3046 δὲ
2758 2992 2923 3046 πάλιν
2952 2991 3049 3044 τοῦ
3072 2989 3439 3061 ἀμερμουμνῆ
3471 2988 3567 3041 τοῦ
3621 2988 3678 3039 ὲν
3704 2984 3780 3055 τῷ

2200 3083 2414 3152 Βαγδὰδ
2460 3083 2906 3154 ἀδυνατήσαντος
2977 3083 3203 3151 γέγονεν
3254 3079 3562 3151 ίδιόρυθμος
3607 3080 3637 3130 ὁ
3683 3078 3781 3147 τῆς

512 3174 602 3229 nis
635 3173 885 3239 elIectns,
928 3176 1380 3231 Amermumnem
1422 3191 1546 3233 sese
1584 3188 1899 3248 nuncupat,
1930 3190 2091 3250 atque

2200 3178 2437 3250 Περσίας
2464 3179 2708 3249 ἀμηρᾶς,
2736 3178 2902 3247 ῆγουν
2935 3175 2996 3228 τὸ
3022 3173 3297 3245 Χορασάν’
3324 3171 3421 3226 καὶ
3445 3168 3782 3224 άπεκάλεσεν

511 3262 581 3318 ad
614 3263 757 3319 Alim
792 3264 1057 3335 originem
1093 3264 1283 3321 refert.

2216 3270 2405 3326 ἑαυτὸν
2453 3265 2873 3341 ἀμερμουμνῆν,
2911 3264 3093 3337 φορῶν
3132 3264 3310 3318 καὶτὸ
3356 3262 3562 3334 κουρὰν
3590 3260 3667 3331 (7)
3697 3258 3786 3313 διὰ

513 3361 835 3416 πινακιδίων
880 3362 961 3425 είς
1007 3361 1100 3415 τὸν
1151 3360 1427 3432 τράχηλον
1484 3360 1650 3417 αὑτοῦ
1706 3363 1863 3435 δίκην
1911 3366 2202 3434 μανιακίου
2236 3367 2336 3437 (8).
2382 3365 2547 3435 Λέγει
2613 3366 2670 3418 δὲ
2722 3363 2889 3417 αὑτὸν
2939 3357 3081 3417 εἶναι
3128 3359 3238 3415 ἀπὸ
3289 3362 3387 3430 τῆς
3446 3358 3639 3428 γενεᾶς
3690 3356 3785 3412 τοῦ

526 3452 720 3521 Ἀλήμ·
790 3450 849 3505 ὀ
907 3451 965 3504 δδ
1050 3452 1275 3521 ἀμηρᾶς
1327 3452 1426 3521 τῆς
1486 3453 1822 3523 Εὐδαίμονος
1876 3455 2136 3525 Ἀραΰίας
2212 3457 2458 3528 ὑπῆρχεν
2516 3457 2605 3511 ἀεὶ
2642 3453 2740 3509 καὶ
2794 3456 3030 3508 πάντοτε
3085 3452 3190 3508 ὑπὸ
3238 3450 3339 3522 τὴν
3390 3450 3637 3515 ἐξουσίαν
3690 3446 3786 3505 τοῦ

513 3547 709 3617 ἀμηρᾶ
753 3545 1050 3614 Δίγὺπτου.
1096 3547 1292 3615 Γέγονε
1319 3547 1493 3602 δὲκαὶ
1523 3538 1687 3613 αὑτὶς
1736 3550 2067 3622 ίδιόρυθμος,
2130 3554 2224 3605 καὶ
2278 3550 2617 3606 ἁπεκάλεσεν
2676 3552 2772 3603 καὶ
2858 3547 3021 3611 αὑτὸς
3089 3534 3282 3601 ἑαυτὸν
3332 3547 3732 3618 ἁμερμουμνήν
3769 3565 3789 3585 ο

516 3640 666 3710 λέγει
692 3642 750 3695 δὲ
770 3643 867 3699 καὶ
916 3642 1081 3706 αὐτὸς
1140 3642 1333 3697 ἑαυτδν
1380 3639 1521 3698 εῖναι
1550 3644 1615 3699 ἐκ
1657 3645 1759 3716 τῆς
1794 3646 1888 3701 τοῦ
1922 3646 2097 3719 Ἀλὴμ
2134 3648 2349 3717 γενεᾶς.

1088 3755 1319 3812 CAPUT
1356 3757 1546 3815 XXVI.

761 3845 1083 3917 Genealogia
1123 3849 1395 3919 conspicui
1436 3851 1571 3922 regis
1605 3856 1864 3923 (lagonis.

591 3998 887 4056 Sciendum
912 4007 1016 4065 est,
1045 4001 1213 4058 Italiae
1241 4018 1447 4074 regem,
1475 4019 1730 4077 magnum
1756 4006 2103 4072 Lotharium.

519 4092 808 4160 conspicui
836 4093 981 4164 regis
1015 4092 1261 4163 llugonis
1292 4108 1453 4149 avum
1484 4110 1514 4149 a
1540 4096 1739 4152 Carolo
1766 4115 1963 4169 magno
1993 4104 2105 4157 ori-

2776 3761 3030 3818 ΚΕΦΑΛ.
3059 3760 3205 3829 scr.

2224 3858 2295 3914 Ἦ
2340 3855 2697 3927 γενεαλογία
2756 3852 2861 3909 τοῦ
2914 3853 3309 3994 περῐῶλέπτου
3371 3854 3560 3924 eum
3593 3856 3791 3925 Οὕγω-

2892 3942 3002 3990 ⁴νος
3106 3963 3119 3976 .

2892 3942 3002 3990 νος
3021 3942 3119 3990 (3).

2283 4018 2482 4074 ’ἰστέον
2523 4018 2655 4072 ὅτιὸ
2687 4017 2788 4089 ῥὴξ
2832 4016 3067 4079 Ἰταλίας
3107 4016 3135 4069 ὁ
3202 4013 3380 4085 μέγας
3424 4015 3727 4086 Δωθάριος,
3761 4017 3791 4067 ὁ

2204 4112 2428 4175 πάππος
2466 4109 2561 4164 τοῦ
2617 4109 2986 4180 περιδλέπτου
3035 4107 3202 4179 ρηγὸς
3249 4108 3650 4179 οὑγωνος,ἀπὸ
3678 4110 3784 4178 τῆς

518 4180 703 4251 ginem
728 4181 951 4247 ducere,
976 4183 1066 4250 qui
1095 4196 1125 4234 a
1158 4182 1351 4235 bellica
1385 4182 1709 4240 fortitudine
1738 4195 1903 4257 atque
1933 4192 2091 4258 gestis

2199 4202 2396 4269 γενεᾶς
2453 4200 2695 4269 μεγάλου
2725 4198 3009 4268 Καροὺλυυ
3046 4201 3338 4270 κατήγετο,
3370 4201 3499 4268 περὶ
3528 4192 3588 4253 οὑ
3616 4198 3789 4260 mli);

520 4273 812 4329 admodum
839 4275 1169 4330 celebratur.
1213 4272 1313 4328 Hic
1343 4276 1528 4345 itaque
1551 4276 1782 4333 Carolus
1811 4295 1952 4335 unus
1981 4296 2091 4334 om«

2199 4289 2423 4351 ἔπαινος
2444 4287 2698 4357 ἐγκώμιά
2717 4304 2775 4340 τε
2793 4289 2885 4341 καὶ
2902 4287 3236 4359 διηγήματα,
3270 4291 3363 4344 καὶ
3383 4292 3510 4361 περὶ
3524 4290 3790 4359 πολέμους

521 4365 685 4419 nibus
711 4365 893 4432 regnis
925 4365 1254 4435 imperabat.
1288 4364 1558 4434 Regnavit
1590 4374 1775 4423 autem
1811 4368 1865 4423 in
1902 4384 2091 4440 magna

2205 4379 2523 4451 ἀνδραγαθή
2533 4396 2696 4451 ματα.
2716 4372 2899 4443 Ὀὗτος
2927 4376 3021 4435 οὑν
3052 4381 3335 4453 Κάρουλος
3346 4377 3414 4452 ἦν
3435 4382 3791 4450 μονοκράτωρ

520 4453 790 4523 Francia;
823 4456 1052 4526 ipsoque
1082 4463 1367 4525 regnante,
1398 4469 1561 4511 nemo
1591 4457 1734 4514 alius
1765 4473 1889 4514 sese
1915 4473 2091 4529 regem

2206 4470 2542 4525 πάντωντῶν
2563 4470 2883 4543 ρηγάτωνξμ
2895 4470 2952 4543 0)
2963 4472 3333 4528 ,Ἐϐασίλευσε
3347 4473 3404 4527 δὲ
3422 4474 3502 4537 είς
3515 4473 3617 4543 τὴν
3631 4472 3795 4541 μεγά-

520 4548 799 4617 appellare
822 4563 991 4603 ausus
1017 4559 1134 4614 est;
1163 4548 1258 4603 sed
1289 4547 1471 4604 [tedas
1493 4563 1619 4603 cum
1641 4564 1710 4605 eo
1731 4565 1923 4607 omnes
1947 4552 2091 4623 pepi-

2206 4562 2310 4633 λην
2334 4562 2638 4632 Φραγγίοιν.
2670 4564 2763 4616 Ἐν
2792 4562 2851 4616 δὲ
2876 4565 2997 4627 ταῖς
3037 4564 3274 4634 ἡμέραις
3297 4562 3461 4617 αὑτοῦ
3493 4564 3668 4626 οὐδεὶς
3686 4562 3796 4616 τῶν

522 4646 734 4706 gerant.
766 4639 1071 4725 llleautem
1105 4639 1294 4694 multis
1326 4640 1547 4710 opibus,
1584 4640 1903 4712 ingentique
1936 4658 2091 4713 pecu-

2210 4654 2519 4708 ὑπολοίπων
2576 4654 2762 4725 ρηγῶν
2815 4646 3085 4725 ἐτόλμησε
3115 4655 3261 4724 ῥῆγα
3313 4654 3510 4709 ἑαυτὸν
3541 4654 3794 4719 καλέσαι,

522 4727 739 4783 niarum
773 4729 825 4786 vi
868 4729 923 4786 in
976 4729 1325 4786 Palaestinam
1363 4732 1732 4797 transmissis,
1769 4736 2091 4792 monasteria

2211 4743 2350 4809 ἀλλὰ
2397 4745 2600 4809 πάντες
2622 4744 2870 4816 ὑπῆρχον
2892 4743 3216 4799 ὑπόσπονδοι
3244 4744 3408 4799 αὑτοῦ
3438 4759 3453 4774 ⁸
3493 4745 3641 4808 ὅστις
3664 4744 3800 4813 χρή-

1709 4870 2013 4930 ANSELMI
2041 4876 2367 4937 BANDURII
2394 4882 2623 4940 ΝΟΤΕ.

596 4990 672 5055 ιι)
713 4987 806 5045 Sic
832 5005 897 5046 ex
931 5006 1033 5047 ms.
1072 4988 1291 5046 codice.
1334 4990 1393 5044 ln
1424 4991 1588 5047 editis
1614 4991 1771 5047 locus
1814 4992 1903 5047 hic
1942 4994 2107 5049 mnti-

523 5058 612 5131 lus
675 5075 738 5114 ac
800 5060 1169 5126 depravatns,
1251 5070 1309 5114 ut
1386 5063 1592 5131 optime
1646 5063 2109 5120 animadverterat

524 5129 816 5184 Meursius.
855 5131 987 5195 Qua:
1017 5144 1149 5183 vero
1178 5130 1269 5184 hic
1310 5129 1498 5184 narrat
1530 5132 1772 5199 scriptor
1820 5142 2008 5186 noster
2044 5134 2109 5187 de

523 5200 798 5255 divisione
839 5200 1255 5269 Saracenorum
1288 5200 1529 5267 imperii,
1584 5200 1826 5253 conferri
1878 5212 2110 5269 possunt

525 5284 651 5321 cum
685 5270 925 5339 iiquna:
965 5272 1018 5322 in
1051 5267 1293 5322 diversis
1332 5269 1467 5323 locis
1500 5284 1614 5324 suae
1641 5267 2110 5339 Chronographia:

528 5309 1145 5409 srribitj‘licoplianes.

490 5473 497 5481 ι
527 5406 809 5528 in(£’>)|.tS_ic
842 5406 1048 5463 cx'nts.
1075 5407 1328 5476 expletur
1351 5406 1634 5473 lacunula,
1672 5422 1794 5476 qua:
1827 5418 2110 5478 comparet

618 5493 662 5528 es
690 5494 703 5528 ι
737 5493 802 5528 IS.

552 5490 584 5528 l'l
618 5478 802 5533 editis.

602 5546 677 5615 (ο)
719 5547 809 5603 Sic
843 5545 1204 5617 emendamus
1238 5559 1362 5600 cum
1408 5543 1673 5617 Meursio.
1723 5545 2014 5617 Perperam
2053 5550 2107 5604 in

532 5618 805 5686 ms._etin
840 5616 1002 5671 editis
1044 5619 1263 5686 legitur,
1288 5616 1733 5684 ἀναγορεύσασα.

603 5683 683 5762 (7.)
721 5684 933 5762 ιςυράν.
969 5683 1292 5762 Κουράνιον,
1345 5683 1433 5762 οε
1458 5685 1660 5762 Κοράνι,
1697 5686 1897 5749 Curnn,
1936 5686 2112 5762 licun-

532 5749 709 5807 cla'vio
742 5751 795 5803 in
814 5749 1109 5810 'Onomast'.
1147 5755 1370 5811 llist.ad
1396 5749 1556 5810 Ture.
1580 5757 1897 5809 Alcomnum
1926 5758 2115 5811 Malm-

2218 5010 2576 5057 metanorum.
2615 5001 2749 5057 Vide
2773 5001 3035 5071 Ducangii
3065 5001 3248 5059 Gloss.
3281 5001 3455 5057 Graec.

2289 5071 2364 5139 (8)
2405 5072 2733 5131 Μανιάκιον,
2788 5068 3099 5141 Μανιάκης,
3155 5084 3208 5141 et
3253 5072 3517 5135 Μανιάκι,
3568 5068 3795 5141 Terque:

2218 5138 2442 5195 Manile.
2486 5141 2610 5195 Vide
2671 5140 2930 5210 Ducangii
2963 5139 3144 5210 Gloss.
3180 5140 3355 5195 Graec.

2293 5212 2369 5280 (9)
2416 5210 2508 5266 Sic
2537 5226 2608 5280 cat
2642 5225 2744 5263 ms.
2792 5209 2998 5280 codice.
3045 5209 3161 5280 Ugo
3192 5211 3293 5265 iste
3324 5211 3393 5265 ab
3434 5209 3583 5264 Italis
3628 5223 3795 5280 vorag

2219 5278 2331 5341 tus,
2370 5280 2545 5348 eiecto
2582 5278 2893 5349 Rodulpho,
2926 5278 3346 5349 ltaliraz'regnnin
3394 5280 3658 5343 obtinuit,
3696 5279 3792 5332 sed

2218 5347 2465 5403 Francia:
2495 5365 2613 5413 rex,
2665 5356 2721 5401 ut
2764 5347 2928 5420 paulo
2970 5347 3110 5420 infra
3144 5364 3171 5402 a
3202 5348 3672 5420 Porphyrogenito
3705 5362 3802 5420 ap-

2218 5420 2473 5487 pellatur,
2508 5418 2780 5486 nnsqnam
2812 5418 2933 5485 fuit,
2980 5418 3075 5474 sed
3116 5418 3544 5475 comesJautum
3574 5418 3803 5479 Provin-

2217 5490 2316 5542 ciae
2343 5490 2459 5543 sive
2490 5488 2851 5543 Arelatensis.

2292 5557 2404 5642 (lt!)
2457 5557 2724 5626 Ῥηγάτον
2773 5556 2980 5642 Graecis
3019 5556 3444 5642 recentioribus,
3485 5562 3801 5642 regnaverit

2223 5626 2503 5748 ξρυκάτον,
2569 5627 2958 5698 πριγκιπάτον,
3022 5638 3129 5685 etc.
3198 5627 3321 5683 Vide
3374 5626 3559 5685 Gloss.
3620 5626 3795 5682 Grec.

2275 5711 2515 5748 ucanmt.

2275 5711 2515 5765 ucangu.
